3968 6314
501 314 600 366 ιϐὅ

1166 305 1221 357 s.
1273 268 1517 356 niam
1563 301 1778 359 nsum
1819 298 2132 353 ARCIIIEP.
2178 297 2479 353 uocum.
2522 293 2799 350 omum
2841 291 3016 350 mus
3057 291 3093 343 l.

3622 292 3720 344 464

497 426 720 490 “coque
747 435 871 474 caro
903 428 1078 470 nostra
1105 424 1224 483 post
1270 415 1716 468 resurrectionem
1761 412 1901 465 nulla
1940 421 2060 480 eget
2090 413 2132 469 Λ
2161 424 2279 478 qua:
2307 419 2430 464 sunt
2457 409 2579 462 tria.
2613 407 2785 462 Unum
2815 407 2989 469 enim,
3018 415 3073 459 et
3095 406 3231 467 duo,
3272 417 3326 460 et
3364 408 3460 461 tria
3481 448 3494 470 ,
3525 423 3618 460 sex
3653 407 3724 458 fa.

498 511 789 568 refectione
813 507 1076 569 ciborum,
1098 505 1222 572 quia
1246 504 1386 557 nulla
1411 503 1459 556 ei
1486 502 1718 572 suppetit
1739 516 1768 554 a
1797 500 1957 562 fame,
1979 497 2060 551 vel

495 600 843 661 lassitudine,
891 596 973 650 vel
1017 596 1117 648 alia
1166 593 1401 663 qualibet
1446 593 1760 646 infirmitate
1811 589 2057 646 defectio.

492 688 635 743 Caro
662 695 839 741 autem
874 684 1000 740 Ade
1037 693 1159 738 ante
1205 690 1481 754 peccatum
1513 683 1583 736 ita
1618 689 1702 735 est
1747 677 2062 734 immortalis

498 785 697 840 creata,
729 784 788 829 ut
815 773 1149 830 adminiculis
1188 772 1370 841 adjuta
1421 770 1726 841 temporalis
1765 768 2056 831 alimoniae,

505 867 691 922 mortis
719 879 938 935 exspers
972 878 1034 919 ac
1063 862 1262 918 doloris
1301 862 1576 924 existeret,
1603 861 1772 915 donec
1811 874 2062 930 corpora-

417 964 420 968 ·
501 956 642 1012 libus
665 953 1011 1010 incrementis
1034 952 1100 1006 ad
1129 951 1271 1006 illam
1298 965 1466 1020 usque
1503 950 1794 1019 perductus
1819 957 2026 1005 aetatem
2043 989 2059 1014 ,

495 1061 616 1118 quae
637 1043 910 1101 Conditori
939 1041 1192 1112 placeret,
1231 1049 1357 1100 tum,
1395 1048 1578 1094 creata
1604 1041 1855 1112 progenie
1894 1040 2062 1095 multa

501 1135 823 1207 huiusmodi,
848 1135 958 1202 jam
983 1132 1196 1201 iubente
1219 1130 1334 1201 ipso
1360 1138 1601 1185 sumeret
1626 1131 1792 1185 etiam
1825 1132 1892 1186 de
1917 1131 2058 1201 ligno

502 1226 642 1290 vitm,
670 1240 736 1279 cx
756 1237 870 1292 quo,
893 1218 1124 1290 perfecte
1159 1218 1480 1274 immortalis
1515 1216 1766 1284 ell‘ectus,
1795 1227 2063 1274 sustenta-

500 1315 616 1376 cula
645 1314 746 1368 cibi
782 1308 1242 1380 corporalisnulla
1265 1308 1579 1379 requireret.
1612 1307 1704 1363 Sic
1729 1323 1858 1380 ergo
1882 1316 1936 1363 et
1964 1309 2064 1362 imo

503 1383 811 1460 riter-talislet
840 1396 1259 1468 incorruptibilis
1280 1405 1365 1452 est
1383 1397 1598 1453 condita
1620 1412 1748 1452 caro
1767 1399 2062 1468 primorum

504 1495 796 1555 hominum,
824 1499 883 1544 ut
923 1489 1166 1543 eamdem
1197 1501 1351 1541 suam
1397 1487 1854 1542 immertalitatem
1901 1495 2064 1556 atque

421 1601 428 1608 ·
503 1578 1076 1648 incorruptibilitatem,
1119 1592 1214 1646 per
1256 1576 1655 1632 observantiam
1691 1577 2062 1632 mandatorum

505 1672 594 1731 Dei
619 1668 965 1725 custodirent.
999 1668 1053 1722 In
1081 1669 1274 1737 quibus
1297 1667 1563 1723 mandatis
1590 1676 1788 1724 eratut
1817 1668 1885 1722 de
1907 1666 2066 1738 lignis

2162 497 2343 562 ciunt,
2389 497 2548 567 quale
2589 497 2644 551 in
2678 495 2995 551 monadibus
3023 497 3258 550 numeris
3288 512 3552 566 nusquam
3585 511 3726 566 pra:-

2162 597 2408 658 terquam
2438 587 2526 643 hic
2558 588 2836 643 invenies:
2869 587 2964 643 sed
2988 603 3162 657 neque
3187 588 3237 642 in
3271 588 3560 644 decadibus
3589 603 3729 658 pra-

2165 686 2248 732 ter
2269 677 2580 732 vicesimum
2597 666 2916 733 etaetavum
2939 691 3237 733 uulnerum.
3265 676 3369 732 Sex
3391 693 3522 748 ergo
3542 678 3731 733 diebus

2162 769 2386 838 perfecit
2413 769 2552 824 Deus
2578 783 2790 824 omnem
2818 777 3065 824 ornatum
3091 766 3212 821 cmli
3235 766 3289 822 et
3314 775 3495 831 terra,
3524 775 3586 820 ut
3603 766 3730 834 quia

2162 859 2342 913 omnia
2369 858 2424 913 in
2453 872 2726 924 mensura,
2753 861 2810 914 et
2832 872 3077 922 numero,
3102 867 3156 911 et
3176 857 3410 925 pondere
3429 856 3730 917 constituit,

2164 948 2282 1017 ipso
2323 949 2486 1004 etiam
2529 961 2769 1011 numero,
2819 947 2873 1001 in
2918 961 3027 1016 quo
3066 955 3398 1016 operaretur,
3440 961 3537 1002 sua
3565 961 3730 1016 opera

2162 1040 2380 1094 doceret
2403 1053 2522 1096 esse
2547 1038 2799 1108 perfecta.

2477 1158 2483 1161 -
2770 1129 2998 1186 CAPUT
3037 1129 3128 1184 IX.

2476 1219 2632 1275 Orbis
2663 1221 3038 1275 consummatio
3067 1220 3151 1274 die
3187 1221 3416 1290 septimo.

2234 1311 2612 1382 Complevitque
2641 1296 2778 1364 Deus
2804 1308 2888 1364 die
2907 1306 3122 1380 septimo
3151 1325 3278 1380 opus
3309 1326 3463 1364 suum
3492 1309 3632 1380 quod
3661 1310 3735 1378 fe.

2163 1412 2320 1455 errat.
2350 1402 2406 1456 In
2429 1401 2532 1455 alia
2555 1401 2904 1456 translatione
2929 1400 3124 1455 dicitur
3151 1418 3164 1453 :
3197 1399 3334 1465 Quia
3357 1402 3733 1455 consummavit

2164 1490 2303 1545 Deus
2327 1492 2381 1544 in
2404 1491 2489 1545 die
2513 1499 2656 1545 serto
2684 1506 2839 1559 opera
2865 1506 2961 1543 sua
2983 1505 3100 1559 qua
3126 1489 3279 1558 fecit;
3301 1491 3444 1559 quod
3463 1489 3596 1544 nihil
3617 1505 3735 1544 om—

2165 1580 2293 1635 nino
2321 1579 2631 1650 quaestionis
2661 1578 2835 1645 alert,
2877 1578 3004 1649 quia
3040 1579 3324 1635 manifesta
3371 1580 3736 1650 descriptione

2166 1687 2285 1741 qua:
2323 1672 2377 1727 in
2407 1685 2471 1727 eo
2509 1679 2636 1728 sunt
2669 1670 2809 1726 facta
2837 1670 3199 1737 declarantur.
3232 1670 3343 1725 Sed
3373 1670 3570 1725 merito
3587 1684 3738 1740 qua:-

502 1759 733 1829 paradisi
763 1758 1034 1813 concessis
1060 1765 1402 1812 vescerentur
1433 1765 1488 1810 et
1523 1765 1586 1811 ut
1613 1756 1882 1813 interdicti
1908 1771 1970 1811 se
1997 1757 2067 1811 ab
2096 1749 2141 1808 Β
2171 1761 2307 1815 ritur
2333 1760 2599 1831 quomodo
2628 1761 2809 1818 nostra
2834 1759 3008 1815 editio
3037 1773 3156 1828 quae
3180 1760 3247 1814 de
3285 1757 3566 1815 ﬂebraiae
3586 1759 3734 1814 veri—

431 1846 439 1853 ’
501 1865 596 1904 esu
625 1857 1002 1917 temperarent,
1029 1861 1120 1914 per
1141 1847 1332 1902 horum
1365 1845 1602 1901 edulium
1631 1847 1814 1904 indita:
1841 1846 1943 1900 sibi
1972 1846 2070 1903 im-

503 1937 843 1996 mortalitatis
871 1937 1005 1991 dona
1039 1945 1356 2000 servarent,
1405 1951 1472 1992 ne
1512 1937 1652 1996 illius
1688 1945 1835 1991 tactu
1863 1937 2068 1991 ruinam

505 2030 691 2085 mortis
715 2027 1031 2082 invenirent.
1067 2026 1156 2080 Sic
1180 2041 1308 2079 vero
1332 2024 1757 2095 incorruptibilis
1777 2033 1831 2084 ct
1856 2016 2071 2081 immor-

509 2119 628 2174 talis
657 2120 709 2175 in
742 2117 845 2172 line
875 2116 981 2170 erit
1007 2130 1138 2171 caro
1173 2123 1354 2170 nostra
1387 2115 1453 2168 ad
1483 2114 1887 2176 similitudinem
1911 2129 2074 2184 ange-

507 2213 618 2268 licae
645 2210 1006 2273 suidimitatis,
1042 2210 1177 2264 utin
1201 2209 1392 2264 eodem
1427 2216 1568 2266 statu
1601 2216 1949 2279 permaneat,
1975 2223 2065 2262 ne-

506 2317 611 2369 que
639 2301 773 2356 cibis
800 2298 1167 2368 corporalibus
1191 2307 1370 2369 egeat,
1411 2299 1607 2370 quippe
1638 2297 1693 2352 in
1715 2298 1823 2353 vita
1849 2295 2074 2368 spiritali

510 2390 636 2445 nulli
665 2399 822 2446 erunt
839 2389 929 2459 qui
959 2403 1115 2456 egere
1139 2388 1367 2456 possint.
1402 2387 1536 2442 Nam
1567 2388 1708 2456 quod
1743 2385 1915 2467 angeli
1951 2379 2072 2441 cum

512 2479 832 2550 patriarchis
885 2479 1232 2533 manducasse
1284 2476 1561 2546 leguntur,
1617 2491 1723 2532 non
1774 2477 2075 2547 indigentiae

512 2569 843 2634 ausu-sed
887 2568 1228 2636 benignitatis
1268 2565 1526 2636 agebant,
1572 2571 1633 2620 ut
1668 2565 1918 2622 videlicet
1962 2567 2076 2621 inec

510 2663 716 2735 agendo
753 2660 967 2718 dulcius
998 2659 1302 2714 hominibus
1344 2657 1537 2728 quibus
1583 2659 1913 2728 apparebant
1953 2673 2076 2713 con-

510 2763 779 2827 gruerent.
809 2754 1064 2808 Dominus
1084 2768 1294 2823 quoque
1318 2761 1436 2822 post
1460 2751 1906 2807 resurrectionem
1930 2768 2078 2814 man-

509 2845 720 2902 ducavit
746 2858 866 2899 cum
898 2842 1208 2912 discipulis.
1250 2858 1347 2896 nec
1392 2840 1696 2897 refectionis
1735 2841 2073 2904 necessitate,

514 2930 606 2987 sed
633 2940 690 2986 ut
720 2944 900 2983 veram
931 2938 1050 2998 post
1081 2939 1306 2983 mortem
1351 2929 1615 2998 recepisse
1659 2943 1876 2983 carnem
1921 2945 2076 2983 mon-

514 3028 729 3075 straret.

2169 1851 2296 1907 tatis
2321 1851 2470 1907 lente
2490 1850 2781 1914 descendit,
2809 1849 3159 1920 complevisse
3185 1848 3432 1907 Deum'in
3462 1849 3547 1904 die
3571 1849 3737 1918 septi-

2169 1959 2257 1998 mo
2283 1941 2427 1999 dicat
2450 1956 2586 2012 opus
2612 1955 2768 1997 situm
2789 1941 2931 2011 quod
2950 1939 3174 2015 fecerat,
3201 1940 3254 1995 in
3275 1954 3384 2010 quo
3415 1938 3494 1993 nil
3526 1953 3729 1993 novum

2170 2047 2384 2105 creasse
2409 2039 2882 2096 commemoratur,
2911 2031 3017 2086 nisi
3042 2030 3180 2105 forte
3211 2031 3385 2101 ipsum
3409 2029 3550 2085 diem
3573 2029 3741 2098 septi-

2171 2101 2315 2181 mum
2345 2131 2460 2176 tum
2501 2137 2624 2177 eum
2668 2095 2875 2177 fecisse
2905 2128 3066 2192 atque
3099 2095 3153 2176 id
3191 2095 3308 2189 ili—us
3348 2119 3555 2175 factura
3601 2095 3742 2188 opus

2173 2226 2328 2267 suum
2357 2210 2708 2282 complcvisse
2739 2212 3060 2276 dixerimus,
3088 2211 3232 2282 quod
3258 2225 3326 2265 eo
3355 2209 3496 2266 facto
3525 2223 3744 2263 menso-

2177 2318 2289 2356 ram
2319 2316 2710 2371 numerumque
2749 2296 3203 2359 consummaverit
3233 2299 3461 2364 dierum,
3507 2312 3744 2368 quorum

2174 2391 2400 2457 circuitu
2442 2393 2628 2469 omnia
2665 2390 2860 2446 dehinc
2885 2389 3078 2446 sucula
3106 2390 3174 2444 ad
3214 2389 3376 2443 linem
3413 2402 3582 2457 usque
3609 2401 3745 2456 pro-

2175 2489 2474 2537 currerent.
2522 2481 2654 2536 Nam
2693 2481 2748 2535 in
2792 2481 3122 2538 mulatione
3163 2488 3482 2548 temporum,
3511 2486 3748 2533 octavus

2179 2574 2315 2627 idem
2343 2571 2431 2641 qui
2453 2581 2508 2626 et
2530 2572 2736 2640 primus
2756 2581 3094 2642 computatur
3112 2570 3246 2626 dies.
3269 2569 3551 2640 Compleu't
3575 2569 3748 2639 igitur

2176 2664 2261 2718 die
2286 2665 2498 2733 septimo
2530 2663 2668 2718 Deus
2701 2679 2829 2732 opus
2852 2679 3004 2718 suum
3032 2662 3170 2734 quod
3207 2662 3430 2732 ferent,
3461 2661 3586 2731 quia
3619 2661 3744 2715 dic-

2179 2770 2298 2808 rum
2324 2770 2458 2824 quos
2493 2753 2695 2808 fecerat
2724 2768 2988 2808 summam
3018 2753 3071 2810 iu
3097 2767 3165 2808 eo
3195 2751 3530 2815 terminavit,
3559 2750 3751 2804 addito

2179 2845 2292 2913 ipso
2322 2843 2573 2913 septimo,
2601 2857 2760 2912 quem
2794 2842 3078 2898 sabbatum
3102 2842 3208 2897 diei
3238 2841 3407 2896 voluit
3433 2849 3486 2895 et
3511 2854 3649 2904 esse,
3673 2853 3752 2894 eo

2177 2933 2318 3002 quod
2349 2948 2471 2986 eam
2503 2932 2728 3002 mystica
2765 2946 2877 3002 pra:
2908 2931 3119 2987 (niteris
3142 2931 3517 2987 benedictione
3538 2938 3590 2983 et
3617 2945 3750 2984 san-

2185 3023 2513 3077 ctiﬁcatione
2566 3022 2821 3086 donaret,
2887 3021 3272 3090 It,sequentia
3322 3019 3534 3074 docent.
3592 3018 3753 3076 Unde

585 3110 652 3166 Et
697 3109 895 3180 factum
931 3118 1004 3163 est
1041 3111 1133 3171 ita,
1180 3110 1230 3162 id
1269 3117 1381 3171 est,
1424 3118 1480 3161 ut
1515 3108 1878 3164 dominaretur
1919 3109 2078 3179 homo
2105 3089 2149 3150 Ο
2183 3115 2347 3170 etiam
2391 3114 2508 3169 dies
2547 3112 2736 3182 juncti
2777 3120 2834 3167 et
2865 3101 3343 3168 consummationis
3371 3110 3547 3164 muli
3571 3151 3587 3175 ,
3617 3111 3751 3179 quia

518 3201 725 3258 cunctis
753 3214 870 3270 qua
905 3199 956 3252 in
993 3210 1129 3253 terra
1158 3199 1238 3253 vel
1269 3200 1423 3268 aquis
1452 3206 1633 3253 creata
1657 3207 1806 3259 sunt,
1846 3207 1902 3252 ct
1924 3206 1982 3251 ut
2004 3195 2080 3250 fa-

483 3291 770 3348 cultatem
806 3298 1231 3360 potestatemque
1273 3290 1462 3344 edendi
1506 3289 1571 3344 de
1613 3287 1873 3344 fructibus
1922 3297 2082 3344 terra

519 3395 641 3435 eum
692 3377 994 3435 volatilibus
1031 3377 1150 3433 caeli
1213 3387 1262 3431 et
1307 3377 1668 3433 animantibus
1710 3386 1866 3434 terra!
1903 3377 2079 3448 perci-

521 3478 689 3538 peret.

601 3557 833 3628 l’iditque
859 3559 992 3613 Deus
1014 3570 1196 3614 cuncta
1215 3576 1329 3630 qua:
1348 3561 1488 3628 fecit,
1510 3572 1554 3614 et
1579 3571 1725 3615 erant
1750 3560 1903 3616 ualde
1922 3561 2078 3615 bona.

521 3650 655 3718 Quia
679 3652 741 3706 de
765 3650 983 3720 singulis
1007 3652 1098 3706 Dei
1119 3653 1369 3721 operibus
1385 3652 1656 3722 sigillatim
1683 3651 1858 3706 fuerat
1881 3652 2080 3706 dictum

513 3741 663 3811 quod
689 3742 890 3796 videret
915 3756 974 3796 ea
998 3758 1117 3798 esse
1147 3743 1304 3807 bona,
1329 3751 1474 3798 recte
1503 3743 1554 3797 in
1579 3743 1937 3804 conclusione.
1967 3757 2084 3811 per-

524 3831 676 3884 fectis
717 3832 991 3896 omnibus,
1023 3833 1252 3898 positum
1295 3841 1376 3887 est
1409 3846 1530 3886 cum
1572 3833 1933 3887 additamento
1961 3832 2082 3901 quia

524 3918 650 3969 cidit
679 3927 864 3973 cuncta
893 3935 1009 3987 qua:
1027 3919 1170 3987 fecit,
1197 3933 1242 3974 et
1277 3929 1424 3974 erant
1447 3921 1593 3974 valde
1623 3921 1777 3975 bona.
1808 3920 1912 3975 Sed
1942 3937 2082 3990 qum-

526 4003 663 4056 titur
691 4005 912 4069 merito,
949 4016 1118 4074 quare
1147 4009 1212 4061 de
1250 4009 1464 4063 homins
1495 4007 1634 4063 facto
1662 4024 1765 4063 non
1803 4009 1871 4062 sit
1903 4009 2085 4080 adjun-

524 4103 670 4146 ctum
688 4091 990 4164 singillatim
1011 4091 1105 4149 :Et
1124 4093 1254 4151 vidit
1275 4094 1416 4152 Deus
1429 4099 1568 4166 quod
1587 4107 1729 4152 esset
1759 4101 1974 4159 bonum.
1993 4099 2084 4155 sed

527 4181 693 4250 ipsius
727 4182 896 4252 magis
931 4181 1138 4238 factura
1176 4185 1316 4243 inter
1338 4197 1528 4242 cetera
1564 4187 1938 4244 universaliter
1974 4188 2087 4244 luu—

527 4271 696 4326 danda
728 4277 1028 4328 reservetur
1051 4289 1064 4338 ;
1090 4289 1162 4329 an
1189 4276 1278 4344 qui
1308 4278 1620 4345 pra-sciebat
1647 4279 1782 4334 Deus
1817 4279 2085 4349 hominem

525 4368 898 4427 maturum,
926 4378 1030 4417 nec
1060 4361 1112 4416 in
1151 4379 1261 4418 sua:
1298 4365 1543 4435 imaginis
1585 4366 1905 4435 perfectione
1935 4383 2083 4423 man.

530 4463 737 4514 surum,
765 4465 869 4506 non
902 4453 1229 4523 singulatim,
1252 4457 1345 4511 sed
1378 4472 1499 4511 cum
1525 4459 1735 4512 cantet-is
1760 4474 1882 4512 cum
1907 4460 2085 4514 dicere
2115 4433 2163 4490 υ

530 4535 699 4590 voluit
737 4538 951 4603 bonum,
996 4540 1137 4594 velut
1166 4543 1434 4615 tintimans
1479 4546 1606 4614 quid
1644 4555 1788 4601 esset
1826 4545 2081 4602 futurum.

531 4626 700 4683 Homo
727 4627 887 4696 igitur
926 4637 1048 4681 ante
1074 4639 1377 4697 peccatum,
1400 4641 1457 4688 et
1486 4636 1537 4688 in
1567 4650 1664 4690 suo
1691 4638 1873 4709 utique
1893 4635 2086 4709 genere

532 4713 698 4768 bonus
719 4724 852 4779 erat,
883 4716 974 4773 sed
998 4714 1272 4787 Scriptura
1301 4717 1642 4789 praztermisit
1670 4725 1769 4780 hoc
1800 4727 1996 4791 dicere,
2030 4739 2089 4784 ut

535 4807 706 4873 potius
744 4806 870 4860 illud
900 4805 1130 4874 (liberet,
1175 4812 1315 4878 Quod
1346 4810 1580 4867 futurunt
1620 4813 1816 4884 aliquid
1845 4833 2089 4886 prmnun—

536 4891 707 4949 liarct.
742 4896 877 4949 Deus
910 4899 1049 4975 enirn
1072 4900 1382 4957 naturarum
1411 4903 1644 4971 optimus
1672 4905 1932 4966 conditor,
1963 4920 2087 4975 pec-

536 4984 770 5063 cantium
794 4999 921 5036 vero
939 4982 1268 5052 juslissimus
1302 4993 1578 5046 ordinatur
1620 5003 1724 5057 est,
1764 5003 1822 5047 ut
1857 4995 2016 5048 etiam
2045 4997 2087 5049 si

537 5086 639 5138 qua
671 5066 969 5140 singulalim
1011 5072 1142 5128 fiunt
1171 5078 1528 5146 dcliuqucndo
1556 5081 1844 5146 deformia,
1879 5099 2090 5152 semper

540 5171 714 5211 tamen
742 5177 860 5214 cum
892 5164 966 5214 eis
995 5164 1311 5218 universitas
1330 5167 1549 5233 pulchra
1577 5170 1666 5224 sit.

613 5247 674 5300 Et
697 5251 888 5316 factum
911 5263 982 5303 cst
1013 5268 1211 5317 erupere
1226 5265 1279 5305 et
1306 5271 1453 5308 mane
1472 5258 1581 5310 dies
1609 5270 1799 5312 sextus.
1824 5259 1972 5328 (Car.
2005 5262 2087 5329 ll.)

545 5336 710 5403 Igitur
748 5339 955 5406 perfecti
1000 5353 1118 5394 sum
1164 5343 1275 5395 caeli
1316 5355 1360 5395 et
1408 5355 1544 5396 terra
1577 5358 1622 5399 et
1663 5350 1828 5404 omnis
1877 5361 2089 5404 ornatus

543 5441 736 5477 eorum.
772 5427 1048 5482 Senarium
1082 5446 1361 5485 numerum
1391 5442 1599 5486 constat
1636 5449 1753 5490 esse
1771 5436 2090 5504 perfectum,

544 5516 665 5581 quia
696 5517 897 5582 primus
933 5520 1040 5571 suis
1070 5520 1307 5587 partibus
1333 5521 1609 5591 impletur,
1647 5533 1796 5576 sexta
1828 5522 2091 5590 videlicet,

547 5603 685 5671 quod
721 5615 802 5660 est
846 5624 1027 5672 unum,
1073 5621 1123 5664 et
1147 5596 1314 5666 tertia
1345 5625 1463 5682 quae
1492 5611 1757 5678 suntduo,
1800 5624 1852 5668 et
1875 5615 2090 5672 dimidia

2181 3212 2301 3274 post
2337 3204 2620 3274 septimam
2639 3203 2849 3267 sabbati
2885 3209 3111 3259 ventura
3148 3208 3252 3265 est,
3290 3189 3476 3255 octava
3508 3201 3560 3254 in
3598 3200 3753 3254 Scri-

2180 3294 2354 3365 pturis
2378 3301 2746 3362 nuncupatur,
2780 3291 3025 3346 videlicet
3044 3293 3198 3360 quasi
3234 3300 3440 3359 septem
3480 3289 3577 3344 soli
3605 3304 3752 3359 pre-

2180 3383 2460 3438 cesserint.
2491 3381 2698 3436 Dictum
2720 3389 2802 3436 est
2827 3381 2967 3434 enim
3002 3381 3054 3433 in
3079 3380 3235 3434 titulo
3259 3380 3447 3448 psalmi
3469 3397 3482 3432 :
3504 3378 3567 3431 la
3588 3376 3771 3446 ﬁm‘

2183 3471 2239 3523 in
2260 3469 2464 3539 hymnis
2486 3484 2578 3539 pro
2604 3477 2785 3522 edace
2813 3467 3042 3533 psalmus
3068 3467 3257 3521 David.
3280 3466 3431 3534 Quod
3458 3467 3524 3521 de
3557 3468 3642 3521 die
3660 3466 3753 3536 ju-

2182 3536 2313 3614 dicii'
2343 3536 2598 3630 scriptuin
2629 3567 2770 3613 totus
2791 3559 3079 3626 sequentis
3117 3558 3306 3628 psalmi
3346 3566 3525 3614 textus
3565 3558 3752 3622 docet,

2184 3647 2235 3700 in
2268 3661 2375 3715 quo
2413 3645 2546 3699 iram
2573 3645 2783 3701 venturi
2806 3645 3001 3715 indicis
3041 3646 3234 3700 timens
3261 3644 3531 3714 Propheta
3560 3645 3752 3700 escla-
3785 3661 3792 3667 ·

2183 3747 2292 3789 mat
2313 3753 2324 3787 :
2344 3735 2578 3799 Domine,
2605 3750 2668 3787 ne
2691 3735 2749 3788 iis“
2770 3735 2852 3788 ire
2876 3744 2967 3788 tuo
2988 3751 3178 3804 arguas
3207 3750 3308 3798 me,
3327 3742 3432 3788 etc.
3451 3732 3624 3801 (Ρωι.
3648 3733 3751 3802 vt).

2186 3825 2288 3879 Sed
2317 3833 2372 3879 et
2406 3823 2520 3878 dies
2553 3823 2842 3878 Dominieas
2871 3824 3312 3889 resurrectionis,
3355 3839 3478 3878 cum
3506 3833 3628 3893 post
3670 3834 3755 3878 tot

2184 3916 2387 3970 dierum
2428 3914 2591 3969 millia
2626 3907 2852 3972 ventura
2880 3922 3055 3978 esset,
3089 3921 3277 3968 octava
3325 3921 3504 3968 tamen
3541 3920 3598 3968 et
3633 3912 3754 3981 ipsa

2187 4004 2326 4059 dicta
2369 4011 2451 4059 est
2502 4003 2554 4058 in
2597 4002 2752 4057 titulo
2791 4002 3013 4058 alterius
3053 4001 3280 4073 psalmi,
3319 4001 3444 4070 quia
3490 4001 3751 4057 nimirum

2186 4096 2468 4165 septimam
2495 4094 2838 4166 sequebatur,
2866 4103 2926 4149 ut
2949 4093 3258 4162 septimana:
3280 4092 3555 4161 sequentis
3573 4092 3752 4167 prima

2185 4187 2469 4250 existeret,
2510 4185 2564 4240 id
2599 4192 2712 4248 est,
2757 4183 2945 4239 eadem
2989 4183 3133 4252 ipsa,
3176 4182 3228 4235 in
3265 4197 3370 4251 qua
3401 4181 3454 4236 in
3484 4181 3754 4250 principio

2186 4276 2320 4332 dixit
2351 4276 2488 4330 Deus
2516 4272 2677 4337 :Fiat
2701 4273 2812 4336 lus,
2839 4283 2887 4327 et
2913 4272 3052 4340 facta
3085 4281 3158 4325 est
3190 4271 3300 4325 lux.
3332 4270 3500 4338 Quem
3532 4270 3752 4340 quidem

2187 4367 2446 4435 psalmum
2465 4367 2531 4420 de
2557 4364 2945 4421 resurrectione
2970 4361 3243 4416 Dominica
3273 4363 3530 4434 scriptum
3554 4363 3749 4431 probat

2192 4459 2302 4526 ipse
2331 4457 2420 4523 qui
2474 4455 2528 4509 in
2573 4470 2640 4509 eo
2675 4454 2931 4523 loquitur,
2978 4453 3159 4506 dicens
3188 4471 3198 4503 :
3233 4452 3454 4520 Propter
3485 4453 3750 4509 miseriam

2191 4549 2398 4614 inopum
2423 4555 2469 4598 et
2503 4546 2746 4614 gemitum
2779 4559 3094 4613 pauperum,
3134 4560 3272 4596 nunc
3306 4558 3581 4611 exsurgant
3625 4543 3779 4594 dicit'

2196 4637 2442 4691 Dominus
2458 4635 2626 4707 (Psal.
2645 4635 2740 4706 st).
2766 4636 2949 4691 Potest
2970 4644 3146 4690 autem
3171 4644 3312 4688 recte
3330 4634 3497 4709 accipi
3515 4633 3750 4702 comple-

2191 4728 2329 4779 vissc
2369 4723 2532 4778 Deum
2577 4725 2664 4778 die
2688 4726 2929 4801 septimo
2966 4739 3100 4792 opus
3138 4739 3292 4777 suum
3333 4724 3475 4790 quod
3522 4721 3750 4780 fecerat.

2190 4816 2352 4868 etiam
2399 4815 2447 4867 in
2478 4803 2555 4868 "eo
2581 4801 2720 4882 quod
2765 4815 2936 4883 ipsum
2973 4815 3113 4868 diem
3149 4814 3422 4887 benedixit
3454 4823 3508 4867 et
3543 4814 3749 4867 salicti-

2193 4905 2386 4979 ficavlt.
2431 4902 2610 4973 Neque
2652 4905 2794 4958 enim
2823 4904 3038 4969 nullum
3075 4918 3208 4971 opus
3237 4911 3320 4960 est
3362 4901 3660 4957 bettediaio
3701 4913 3751 4954 et

2193 4984 2576 5058 sanctificatio,
2615 5007 2787 5062 neque
2832 4992 3082 5046 Salomon
3119 4991 3192 5044 nil
3223 4990 3400 5060 operis
3438 4988 3626 5046 fecisse
3672 4990 3753 5042 di-

2193 5085 2392 5153 centius
2433 5065 2545 5146 est,
2579 5097 2698 5136 cum
2741 5081 2993 5150 templum
3035 5079 3174 5150 quod
3215 5079 3417 5136 fecerat
3450 5077 3749 5140 deJicavit;

2194 5175 2299 5229 imo
2331 5173 2586 5230 eximium
2615 5171 2708 5225 Dei
2731 5180 3002 5245 opus'est,
3039 5185 3158 5225 cum
3191 5184 3251 5222 ea
3282 5184 3401 5237 qua:
3430 5167 3557 5223 fecit
3587 5167 3755 5220 benc-

2194 5261 2421 5316 dictione
2452 5269 2507 5315 et
2535 5257 2952 5320 3;:nctificatione
2973 5267 3173 5312 aeterna
3202 5255 3482 5326 glorificat.
3511 5255 3753 5321 Denique

2196 5350 2260 5404 de
2296 5350 2397 5406 hoc
2429 5365 2592 5417 opere
2634 5350 2773 5417 quod
2800 5348 2852 5402 in
2881 5355 3082 5402 aeterno
3110 5347 3196 5400 die
3224 5345 3431 5399 sabbati
3465 5343 3593 5400 facit
3619 5344 3756 5396 dicit

2197 5436 2309 5503 ipse
2335 5435 2388 5488 in
2411 5435 2663 5504 parabole
2684 5435 2913 5491 fidelium
2936 5447 3211 5488 servorum
3241 5451 3253 5484 :
3281 5434 3441 5486 Amen
3467 5432 3582 5484 dico
3605 5430 3754 5481 vobis

2194 5527 2332 5595 quod
2377 5528 2648 5596 prwcinget
2703 5545 2777 5591 se,
2831 5538 2877 5582 et
2931 5529 3083 5595 faciet
3145 5525 3263 5581 illos
3319 5525 3655 5585 discumbere,
3704 5534 3756 5575 et

2199 5617 2453 5673 transiens
2492 5616 2802 5671 minim-nuit
2842 5617 2944 5676 illis
2991 5613 3139 5686 (Luc.
3169 5617 3286 5687 sit).
3312 5615 3411 5681 Qui
3442 5614 3584 5669 enim
3611 5629 3756 5682 pr.»-
