3968 6342
335 278 434 334 ωδ

1345 273 1688 332 causam.
1717 263 1796 333 ‘IN
1832 277 2144 332 GENESIM.
2191 311 2255 319 --
2297 279 2419 333 LIB.
2461 279 2499 333 ι.

3452 289 3552 341 466

327 391 492 460 cingit
507 382 596 453 se,
629 367 1070 458 qui-discubitum
1098 399 1386 459 praeparat,
1420 391 1511 458 qui
1543 389 1756 450 transit,
1789 389 1877 455 qui
1911 392 1953 446 Α
1984 387 2037 439 lu
2088 405 2189 456 qua
2213 392 2399 445 etiam
2457 392 2562 457 die,
2616 395 2766 462 quasi
2814 395 3019 464 antiqui
3065 397 3307 452 recolens
3352 401 3548 467 operis,

323 481 614 541 ministrat,
662 479 845 546 utique
872 488 1145 546 operatur.
1197 478 1302 533 Sed
1347 477 1430 532 his
1485 487 1663 531 tamen
1712 476 1886 529 verbis

321 570 574 624 oninibus
601 568 673 621 nil
698 567 841 621 aliud
864 568 1140 622 intimatur
1166 583 1326 636 quam
1357 567 1496 635 quod
1522 575 1737 621 sanctos
1758 580 1884 618 suos

326 660 585 713 Dominus
617 660 668 713 in
697 668 952 713 aeternum
981 659 1247 714 benedicit
1270 667 1324 713 et
1349 657 1668 721 sanctificat,
1699 655 1747 708 id
1779 665 1879 718 est,

321 751 528 804 visione
565 767 674 806 sua:
707 753 886 822 gloria
925 761 1045 820 post
1089 766 1248 820 opera
1292 750 1447 814 bona,
1486 764 1604 820 quae
1646 748 1881 810 donavit,

321 851 650 895 remunerat.
1391 862 1399 868 ·
1772 885 1784 893 .
1851 847 1854 849 λ

397 929 463 981 Et
512 931 772 1000 requisivit
827 931 910 984 die
957 932 1169 998 septimo
1202 930 1266 982 ab
1320 931 1557 983 universo
1591 945 1740 998 apere
1785 947 1880 987 suo

318 1022 461 1088 quod
499 1030 754 1089 patrarat.
797 1020 910 1075 Non
950 1023 1100 1090 quasi
1159 1022 1329 1074 lassus
1371 1035 1437 1099 es
1478 1021 1642 1073 nimio
1700 1021 1880 1072 labore

323 1111 465 1163 Deus
520 1111 689 1163 instar
737 1113 979 1166 humana:
1027 1110 1333 1179 fragilitatis
1380 1109 1643 1179 completa
1697 1111 1877 1162 mundi

319 1201 522 1254 fabrum
555 1202 840 1270 requievit,
871 1201 963 1255 sed
988 1201 1315 1269 requievisse
1339 1200 1412 1254 ab
1437 1200 1686 1253 universo
1719 1214 1880 1266 opere

317 1306 414 1346 Suo
444 1291 668 1354 dicitur,
707 1293 830 1358 quia
863 1307 1051 1344 novam
1089 1296 1392 1344 creaturam
1433 1290 1570 1342 ultra
1603 1290 1879 1343 instituere

316 1381 550 1449 aliquam
585 1382 834 1436 cessavit.
877 1379 1025 1433 Solet
1050 1395 1278 1447 namque
1311 1380 1584 1449 Scriptura
1617 1393 1757 1448 saepe
1787 1396 1881 1434 no-

318 1472 463 1523 mine
491 1470 690 1537 requiei
724 1469 1075 1523 cessationem
1105 1469 1282 1538 operis
1309 1470 1420 1524 sive
1449 1469 1713 1543 sermonis
1741 1469 1878 1523 indi-

316 1573 464 1612 cans.
506 1559 658 1612 Sicut
695 1560 744 1610 in
776 1559 1090 1629 Apocalypsi
1121 1559 1187 1612 de
1208 1559 1412 1612 sanctis
1437 1558 1773 1612 animalibus.
1813 1557 1878 1610 Et

313 1649 560 1716 requiem,
591 1648 782 1715 inquit,
817 1664 915 1700 non
950 1647 1200 1700 habebant
1227 1648 1312 1700 die
1341 1663 1403 1698 ac
1442 1655 1585 1698 nocte
1611 1646 1833 1698 dicentia
1859 1658 1875 1694 .°

1988 488 2170 544 aperto
2194 495 2439 535 sermone
2461 481 2754 536 declaravit
2783 483 3129 539 salvationem
3151 501 3206 540 se
3225 487 3336 554 jam
3363 489 3546 542 mundi
3628 499 3631 502 ‘

1987 565 2290 633 perfecisse.
2326 568 2453 622 Cum
2484 572 2617 625 enim
2650 574 2925 641 accepisset
2954 584 3176 638 acetum,
3217 576 3347 628 dixit
3377 574 3550 634 :Con-

1983 666 2297 710 summatum
2339 669 2432 711 est.
2471 660 2536 712 Et
2570 661 2818 714 inclinafo
2857 663 3023 730 capite
3058 665 3272 716 tradidit
3294 665 3548 733 sspiritum

1971 744 2198 812 (Matth.
2231 747 2420 816 xxvii).
2455 747 2567 802 Sed
2587 759 2642 802 et
2667 750 3153 806 hacc‘sauctiilcatio
3173 761 3225 805 et
3250 752 3550 818 benedictio

1983 837 2192 902 septimi
2225 837 2352 898 diei,
2393 845 2448 892 et
2490 839 2698 907 requies
2738 842 2788 893 in
2837 839 2922 894 illa
2969 841 3055 894 die
3084 849 3209 910 post
3241 856 3402 910 opera
3452 859 3546 896 sua

1984 924 2132 976 valde
2164 926 2331 988 bona,
2366 926 2694 995 designavit,
2723 929 2862 995 quod
2892 943 2988 983 nos
3021 930 3214 1000 singuli
3243 937 3363 998 post
3386 945 3546 999 opera

1983 1015 2140 1078 bona,
2185 1032 2303 1085 qua:
2331 1034 2384 1082 in
2425 1019 2576 1072 nobis
2613 1019 2725 1088 ipse
2749 1030 2998 1088 operatur
3036 1030 3090 1076 et
3134 1021 3264 1074 velle
3301 1030 3353 1076 et
3386 1021 3546 1091 perii-
3603 1067 3608 1071 .

1982 1124 2136 1170 cere,
2174 1111 2241 1162 ad
2280 1110 2516 1178 requiem
2552 1112 2824 1165 tendimus
2871 1111 2992 1164 vitm
3025 1111 3287 1175 caelestis,
3339 1112 3392 1165 in
3441 1126 3544 1179 qua

1980 1205 2175 1250 aeterna
2200 1199 2323 1266 ejus
2357 1200 2781 1254 sanctiﬁcatione
2807 1209 2862 1254 et
2893 1201 3259 1255 benedictione
3297 1199 3569 1270 perfrua-'

1983 1302 2120 1339 mur.
2159 1283 2358 1358 (Creg.)
2405 1288 2552 1342 Unde
2589 1291 2722 1342 bene
2758 1289 2896 1343 idem
2933 1289 3044 1344 dies
3072 1291 3329 1359 septimus
3358 1305 3544 1359 vespe-

1982 1392 2094 1428 ram
2123 1376 2372 1431 habuisse
2390 1393 2496 1432 non
2521 1377 2792 1444 scribitur,
2817 1381 2938 1448 quia
2963 1381 3213 1434 nimirum
3235 1393 3543 1452 perpetuam

1981 1477 2217 1523 nostram
2241 1470 2292 1522 in
2332 1469 2421 1523 illo
2455 1471 2691 1539 requiem
2722 1471 2980 1540 designat.
3017 1473 3252 1541 Denique
3282 1475 3332 1526 in
3363 1485 3538 1543 septe-

1979 1556 2129 1610 nario
2153 1569 2375 1611 nnmero
2401 1572 2606 1612 summa
2627 1557 2971 1627 perfectionis
3001 1559 3278 1628 accipitur.
3307 1561 3374 1616 Ut
3396 1555 3537 1615 enim

1982 1646 2227 1700 humanae
2265 1647 2487 1702 rationis
2524 1662 2718 1702 causas
2758 1649 2822 1702 de
2857 1650 3157 1717 septenario
3199 1666 3420 1705 numero
3459 1662 3540 1705 ta-

310 1740 562 1804 Sanctus,
613 1738 854 1802 Sanctus,
897 1739 1119 1793 Sanctus
1161 1739 1410 1816 Dominus
1461 1738 1600 1791 Deus
1649 1738 1879 1806 omnipo-
1910 1727 1956 1784 Β
1983 1752 2219 1801 ceamus,
2273 1751 2391 1806 quae
2440 1746 2687 1792 asserunt
2731 1739 2870 1806 quod
2912 1739 3118 1816 idcirco
3142 1739 3408 1809 perfectus
3454 1742 3541 1804 sit,

301 1841 421 1882 rens
449 1829 631 1899 (Apoc.
665 1829 774 1898 iv);
806 1842 905 1897 pro
945 1843 1030 1893 eo,
1073 1838 1132 1882 ut
1161 1814 1404 1883 diceret:
1436 1828 1553 1882 Non
1594 1826 1879 1882 cessabant

309 1918 425 1973 btec
469 1933 682 1987 semper
708 1921 1017 1973 decantare.
1052 1919 1182 1972 Nam
1213 1920 1443 1973 maxima
1480 1928 1534 1972 et
1563 1920 1718 1972 unica
1752 1934 1875 1972 san-

307 2010 415 2062 ctis
448 2016 536 2062 est
575 2009 789 2077 requies
827 2009 877 2061 in
908 2009 1064 2073 cmlo,
1103 2010 1308 2063 laudem
1351 2021 1572 2063 summa:
1599 2009 1867 2069 Trinitati,

303 2114 428 2167 quae
479 2100 620 2154 Deus
656 2107 769 2159 est,
822 2099 1086 2154 indefessa
1126 2114 1257 2154 voce
1285 2100 1480 2153 dicere.
1513 2088 1688 2153 Potest
1747 2115 1872 2152 vero

301 2189 465 2243 altius
488 2189 707 2258 intelligi
738 2190 1066 2258 requievisse.
1079 2189 1241 2242 Deum
1265 2190 1329 2242 ab
1350 2189 1596 2244 omnibus
1621 2189 1873 2257 operibus

300 2281 447 2338 suis.
483 2295 588 2332 non
623 2294 745 2332 eum
782 2294 916 2348 opus
957 2279 1207 2334 habuisse
1244 2279 1347 2333 illis
1376 2267 1625 2348 operibus
1652 2281 1782 2339 suis.
1817 2280 1869 2333 in

299 2370 499 2438 quibus
529 2371 921 2438 requiesceret,
963 2371 1157 2440 quippe
1182 2368 1333 2436 cujus
1373 2371 1582 2438 requies
1612 2371 1663 2424 in
1696 2371 1872 2439 seipso

298 2461 422 2510 sine
447 2460 596 2512 initio
627 2474 692 2513 ac
717 2461 947 2513 termino
975 2474 1186 2528 semper
1210 2469 1292 2514 est
1316 2474 1463 2521 vera,
1497 2459 1588 2514 sed
1624 2460 1734 2524 sola
1769 2461 1864 2513 bo-

302 2549 492 2601 nitatis
511 2563 626 2602 suae
649 2564 808 2603 causa
824 2548 1013 2604 fecisse
1025 2564 1185 2617 opera
1210 2565 1330 2618 qum
1357 2550 1407 2602 in
1435 2551 1548 2617 ipso
1572 2552 1871 2618 requiesce-

306 2647 448 2690 rent.
485 2638 638 2703 Quod
665 2655 696 2692 e
725 2641 994 2694 contrario
1019 2640 1229 2694 facilius
1255 2640 1587 2710 intelligitur,
1619 2656 1737 2694 eum
1768 2656 1876 2695 me-

304 2728 621 2782 minerimus
666 2729 952 2783 humanam
995 2729 1340 2800 indigentiam
1374 2746 1469 2799 pro
1507 2732 1606 2785 hoc
1642 2732 1873 2787 maxime

304 2817 582 2871 laboribus
617 2819 943 2886 quotidianis
982 2818 1258 2882 insistere,
1295 2827 1352 2872 ut
1395 2820 1447 2872 in
1487 2820 1736 2888 operibus
1763 2823 1873 2875 suis

295 2908 546 2975 requiem
583 2908 864 2976 percipere
915 2909 1116 2975 possit,
1165 2909 1372 2962 dicente
1415 2909 1463 2962 ei
1505 2903 1729 2962 Domino
1761 2927 1772 2960 :
1805 2908 1870 2962 In

297 3004 494 3054 sudare
517 3000 683 3055 vultus
707 3004 783 3055 tui
807 3004 1021 3056 vesceris
1045 3020 1175 3073 pane
1199 3002 1346 3074 (Gen.
1377 3005 1481 3074 in).
1505 3005 1646 3059 Deus
1669 3015 1866 3069 autem,

294 3091 394 3162 qui
441 3102 564 3147 ante
609 3093 937 3148 creationem
986 3094 1167 3148 mundi
1213 3095 1540 3164 teternaliter
1587 3097 1638 3150 in
1690 3097 1865 3166 seipso

298 3183 593 3254 perfectam
659 3166 1399 3256 balteusﬂqﬁjiyipse
1462 3186 1622 3241 etiam
1685 3197 1868 3241 creato

299 3276 523 3338 mundo,
565 3289 668 3327 non
706 3274 758 3326 in
787 3257 1036 3341 operibus
1063 3279 1183 3343 qua:
1210 3273 1366 3340 fecit,
1403 3276 1496 3330 sed
1522 3276 1588 3330 ab
1622 3276 1868 3330 omnibus

296 3364 554 3432 operibus
580 3377 698 3431 quae
737 3361 863 3416 fecit
903 3352 1192 3434 requievit,
1225 3371 1405 3433 utpote
1434 3365 1504 3418 nil
1542 3365 1743 3419 habens
1776 3381 1868 3420 ne-

296 3454 566 3508 cessitatis
606 3454 658 3506 in
678 3439 946 3508 creaturis
978 3455 1314 3524 requiescere
1353 3457 1466 3510 suis
1488 3497 1501 3520 ,
1534 3457 1662 3525 quin
1690 3458 1870 3525 potius

297 3540 567 3598 creaturis
595 3544 1003 3599 rationabilibus
1033 3545 1144 3613 ipse
1175 3546 1412 3615 requiem
1434 3538 1716 3616 praestans,
1748 3564 1866 3603 cum

297 3635 356 3687 in
397 3635 573 3703 seipso
616 3635 853 3704 perfecte
895 3652 1108 3706 semper
1149 3639 1467 3706 requiescat,
1515 3652 1684 3709 eoque
1727 3641 1870 3695 bono

301 3723 494 3779 beatus
527 3725 619 3790 sit,
647 3726 788 3794 quod
813 3727 923 3795 ipse
951 3729 1051 3782 sibi
1080 3737 1179 3783 est.

372 3812 440 3869 Et
474 3814 731 3868 benedixit
749 3816 850 3870 diei
873 3807 1107 3886 septimo,
1143 3829 1190 3873 et
1219 3819 1562 3888 sanctiﬁcavit
1583 3819 1749 3875 illum.
1779 3820 1870 3876 Illa

297 3904 551 3959 videlicet
591 3905 961 3962 benedictione
1002 3916 1056 3962 et
1099 3909 1522 3964 sanctificatione
1570 3925 1729 3979 quam
1770 3926 1868 3981 po—

295 3993 428 4062 pulo
445 4009 543 4048 suo
570 3996 622 4048 in
654 3996 769 4066 lege
792 3997 1005 4066 plenius
1036 3999 1249 4052 intimat
1272 3999 1453 4054 dicens
1481 4018 1493 4052 :
1523 3998 1780 4054 Memento
1815 4009 1868 4052 ut

295 4088 438 4138 diem
475 4086 676 4140 sabbati
721 4088 1030 4156 sancti/ires.
1091 4088 1194 4143 Sex
1240 4091 1417 4144 diebus
1461 4091 1782 4160 operaberis,
1825 4103 1872 4146 et

295 4177 462 4243 [acies
494 4177 668 4229 omnia
689 4193 853 4245 .Opera
883 4187 992 4230 tua.
1021 4176 1247 4248 Septimo
1271 4183 1442 4233 autem
1475 4180 1744 4233 sabbatum
1770 4180 1872 4233 Do-

299 4265 428 4317 rnini
467 4264 564 4317 Dei
596 4266 672 4317 tui
711 4277 808 4328 est,
849 4283 950 4320 non
983 4267 1144 4335 facies
1181 4284 1330 4321 omne
1370 4285 1495 4336 opus
1524 4268 1719 4338 (Exod.
1757 4271 1868 4341 xx).

1980 1829 2103 1896 quia
2133 1843 2194 1882 ex
2226 1829 2399 1896 primo
2437 1829 2526 1897 qui
2565 1828 2726 1883 dividi
2762 1838 2955 1898 potest,
2993 1840 3046 1884 et
3073 1831 3245 1900 primo
3269 1833 3354 1901 qui
3384 1833 3544 1886 dividi

1979 1933 2083 1969 non
2121 1926 2316 1986 potest,
2376 1919 2572 1972 existat
2601 1934 2614 1971 :
2646 1905 2945 1986 certissime
2975 1922 3172 1976 scimus
3206 1924 3344 1989 quod
3371 1931 3544 1991 septe-

1974 2007 2184 2060 narium
2234 2016 2513 2062 numerum
2559 2009 2835 2079 Scriptura
2884 2026 3036 2066 sacra
3073 2027 3170 2079 pro
3219 2012 3542 2080 perfectione

1969 2111 2176 2164 ponere
2198 2099 2499 2151 consuevit.
2535 2097 2683 2158 Unde
2715 2109 2763 2154 et
2791 2101 3015 2168 septimo
3038 2102 3120 2153 die
3145 2103 3423 2156 Dominum
3454 2118 3537 2157 re-

1969 2185 2241 2253 quievisse
2277 2187 2344 2240 ab
2383 2193 2633 2279 operipus
2670 2190 2879 2242 asserit.
2926 2189 3058 2243 llinc
3088 2201 3170 2244 est
3209 2193 3367 2244 etiam
3403 2175 3546 2268 qN

1975 2274 2231 2342 septimus
2283 2275 2396 2329 dies
2445 2277 2498 2330 in
2533 2273 2791 2346 requiem
2841 2279 3175 2343 hominibus,
3230 2281 3282 2333 id
3333 2290 3444 2342 est,
3489 2273 3588 2334 in.~~

1975 2365 2199 2419 sabbato
2236 2366 2392 2421 datus
2429 2376 2530 2421 est.
2567 2367 2699 2421 llinc
2723 2377 2803 2422 est
2826 2369 2963 2437 quod
2991 2369 3237 2438 jubilazus
3262 2387 3451 2431 annus,
3484 2371 3537 2425 in

1975 2473 2082 2527 quo
2100 2457 2334 2526 plenaria
2359 2458 2511 2527 quies
2533 2459 2871 2526 exprimitur,
2897 2467 3099 2529 septem
3127 2460 3546 2515 hebdomadibus

1943 2557 2407 2611 -consummatur,
2441 2549 2530 2617 qui
2574 2551 2798 2602 monadc
2824 2549 3000 2602 addita
3031 2557 3226 2603 nostrae
3264 2550 3545 2604 adunatio-

1975 2641 2057 2694 nis
2086 2639 2352 2709 impletur.
2388 2639 2522 2694 Hinc
2551 2648 2634 2692 est
2669 2641 2810 2693 enim
2836 2640 2976 2708 quod
3017 2639 3346 2709 perfectione
3383 2641 3544 2708 septi-

1974 2728 2162 2786 formis
2227 2729 2413 2801 gratiae
2482 2729 2732 2798 implendi
2792 2729 3070 2784 duodecim
3127 2740 3251 2784 sunt
3311 2730 3536 2800 apostoli

1977 2819 2155 2874 electi.
2186 2819 2226 2874 A
2263 2821 2566 2890 septenario
2594 2821 2786 2890 quippe
2807 2836 3030 2874 numero
3059 2823 3110 2875 in
3155 2822 3540 2876 duodenaritnn

1976 2910 2230 2980 surgitur.
2262 2908 2392 2963 Nam
2432 2911 2768 2978 septenarius
2796 2911 2906 2964 suis
2934 2911 2984 2964 in
3011 2926 3068 2964 se
3090 2912 3330 2980 partibus
3363 2913 3541 2967 multi-

1975 3000 2218 3070 plicatus,
2261 3001 2327 3054 ad
2357 3001 2742 3055 duodenarium
2774 3002 2959 3054 tendit.
2991 3001 3114 3056 Sive
3143 3004 3283 3056 enim
3314 3014 3544 3072 quatuor

1972 3105 2070 3159 per
2115 3091 2234 3154 tria,
2286 3090 2397 3143 sive
2447 3090 2548 3143 tria
2594 3105 2686 3158 per
2734 3099 2965 3158 quatuor
3006 3091 3289 3153 ducantur,
3339 3103 3545 3161 septem

1970 3182 2022 3234 in
2075 3179 2352 3233 duodecim
2402 3188 2635 3232 vertunt.
2699 3179 2847 3232 Unde
2903 3179 3072 3232 sancti
3131 3181 3391 3249 apostoli.
3450 3182 3538 3248 qui

1971 3270 2284 3324 Trinitatem
2345 3272 2396 3324 in
2450 3279 2679 3338 quatuor
2737 3271 2916 3323 mundi
2955 3271 3200 3338 partibus
3247 3270 3541 3341 prmdieare

1930 3386 1933 3388 >
1969 3361 2317 3416 mittebantur
2347 3361 2623 3414 duodecim
2659 3368 2784 3412 sunt
2814 3359 2998 3423 electi,
3024 3368 3083 3414 ut
3111 3360 3272 3414 etiam
3313 3376 3538 3415 numero

1946 3441 2346 3520 perfectionem
2377 3449 2720 3504 ostenderent
2747 3489 2761 3513 ,
2807 3457 2966 3518 qnam
2997 3449 3105 3504 vita
3142 3459 3216 3514 et_
3237 3464 3366 3505 voce
3405 3466 3542 3520 pra:-

1926 3561 1938 3570 -
1970 3541 2229 3595 dicarent.

2040 3629 2110 3684 Et
2145 3630 2420 3694 benedixit,
2464 3630 2668 3698 inquit,
2712 3631 2815 3683 diei
2847 3631 3080 3711 septimo,
3118 3639 3164 3684 et
3201 3631 3542 3698 sancti/irati:

1970 3718 2137 3787 illum,
2169 3723 2292 3790 quia
2320 3723 2375 3775 in
2402 3723 2511 3791 ipso
2539 3732 2820 3776 cessauerat
2843 3722 2905 3775 ab
2937 3724 3078 3776 omni
3109 3740 3258 3793 opere
3279 3740 3372 3777 suo
3399 3725 3538 3791 quod

1970 3812 2178 3875 creavit,
2209 3811 2260 3886 id
2286 3819 2386 3874 est,
2419 3813 2681 3881 completo
2703 3812 2883 3867 mundi
2908 3821 3119 3879 ornatu,
3142 3822 3447 3868 cessaverat
3470 3813 3537 3867 ab

1972 3901 2312 3956 instituendis
2356 3901 2493 3957 ultra
2551 3902 2703 3957 novis
2760 3918 2938 3958 rerum
2985 3904 3291 3973 generibus.
3353 3903 3535 3971 Neque

1928 3986 1936 3993 ’
1970 3994 2110 4046 enim
2158 3991 2282 4045 huic
2310 3991 2587 4046 sententiae
2617 3980 2945 4047 contrarium
2969 4032 2989 4070 ,λ
3033 3992 3189 4046 debet
3224 3991 3351 4046 illud
3390 3993 3534 4045 testi-

1972 4081 2130 4145 mari,
2159 4081 2300 4148 quod
2327 4079 2458 4134 dicit
2482 4081 2598 4148 ipse
2619 4094 2640 4133 ξ
2665 4073 3004 4133 Ραιενήιειω
3039 4095 3198 4150 usque
3227 4079 3381 4133 modo
3408 4096 3534 4148 ope-

1973 4180 2140 4228 ratur,
2195 4179 2242 4224 et
2279 4186 2369 4240 ego
2398 4186 2584 4240 operor
2599 4168 2782 4240 (han.
2810 4172 2897 4238 v);
2933 4171 3260 4240 respondens
3288 4169 3534 4225 videliCrt

1965 4262 2051 4314 eis
2085 4261 2175 4328 qui
2202 4269 2426 4331 propter
2467 4261 2705 4328 requiem
2737 4260 2870 4324 Dei,
2915 4259 3206 4329 Scriptura:
3246 4258 3401 4327 hujus
3441 4275 3535 4312 au-

301 4355 368 4407 I'Jt
395 4354 553 4424 paulo
573 4364 691 4423 post
720 4374 733 4408 :
769 4355 874 4409 Sex
893 4359 1026 4409 enim
1055 4357 1232 4411 diebus
1256 4358 1374 4425 fecit
1397 4357 1650 4412 Dominus
1683 4359 1862 4412 caelum
1898 4348 2221 4450 D.wl‘it8te
2258 4350 2552 4419 antiquitus
2587 4350 3034 4450 commendatam,
3073 4349 3351 4404 sabbatum
3376 4350 3443 4403 ab
3468 4365 3533 4404 eo

297 4454 349 4495 et
380 4455 604 4508 terram,
633 4453 680 4498 et
715 4461 888 4509 mare,
919 4455 966 4500 et
991 4448 1184 4505 omnia,
1221 4464 1336 4516 (ματ
1361 4451 1414 4501 in
1442 4449 1514 4501 eis
1548 4458 1686 4511 sunt,
1718 4458 1763 4502 et
1789 4467 1864 4503 re-

297 4536 493 4602 quievit
539 4537 592 4588 in
635 4536 719 4590 die
759 4523 1012 4606 septimo,
1058 4538 1252 4590 idcirco
1302 4539 1556 4591 benedixit
1614 4539 1864 4592 Dominus

1968 4456 2071 4495 nou
2095 4440 2400 4492 conservari
2423 4439 2803 4507 querebantur.
2835 4438 3155 4493 Cessaverat
3183 4440 3326 4494 enim
3369 4440 3524 4508 septi-

1969 4545 2054 4582 mo
2083 4529 2170 4582 die
2204 4527 2558 4603 a’condcndis
2585 4528 2867 4597 generibus
2901 4537 3192 4593 creaturcc,
3231 4529 3356 4597 quia
3387 4528 3526 4582 ultra

300 4626 438 4678 diem
466 4626 758 4694 septimum,
789 4636 836 4680 et
853 4626 1191 4694 sanctiﬁcavit
1212 4644 1326 4680 eum
1353 4627 1561 4696 (Ibid.).
1588 4628 1716 4693 Quze
1746 4644 1865 4697 pro-

1972 4619 2072 4686 iam
2109 4634 2213 4672 non
2242 4617 2481 4675 condidit
2507 4618 2686 4687 aliqua
2723 4633 2914 4687 genera
2951 4634 3107 4673 nova.
3154 4619 3411 4689 Deinceps
3437 4634 3532 4673 διες

302 4713 448 4767 [ceto
469 4714 766 4766 benedictio
780 4721 833 4768 et
853 4714 1203 4769 sanctificatio
1224 4715 1326 4768 diei
1358 4716 1568 4784 septimi
1598 4717 1649 4768 in
1682 4727 1862 4786 typum

300 4806 525 4876 majoris
566 4805 950 4860 benedictionis
994 4821 1059 4861 ac
1101 4803 1541 4864 sanctificationis
1580 4806 1718 4861 facta
1759 4816 1860 4862 est.

301 4895 437 4950 Nam
476 4896 620 4951 sicut
643 4911 738 4964 per
765 4897 1001 4959 crebras,
1020 4897 1136 4951 imo
1169 4893 1530 4964 quotidianae,
1563 4897 1616 4950 in
1656 4897 1771 4966 lege
1793 4899 1866 4951 vi-

300 4985 499 5038 ctimas
528 4985 745 5054 sanguis
781 4985 1067 5040 Dominicis:
1103 4986 1397 5054 passionis,
1434 4985 1524 5054 qui
1555 4984 1718 5038 semel
1752 4995 1869 5039 erat

299 5091 400 5144 pro
430 5075 604 5130 salute
637 5075 818 5127 mundi
847 5073 1217 5138 effundendus,
1247 5074 1580 5143 signabatur,
1604 5075 1677 5126 ita
1704 5075 1866 5128 etiam

301 5179 399 5232 per
421 5164 660 5232 requiem
684 5161 788 5215 diei
813 5163 1046 5230 septimi,
1071 5178 1187 5231 qurc
1210 5170 1328 5231 post
1353 5161 1514 5231 opera
1536 5177 1628 5216 sex
1659 5163 1865 5217 dierum

302 5267 520 5321 semper
558 5252 828 5306 celebrari
869 5252 1097 5314 solebat,
1153 5252 1590 5322 przeﬁgnrabatnr
1641 5267 1866 5322 magnus

304 5343 392 5398 ille
417 5344 535 5398 dies
559 5343 802 5407 sabbati,
834 5344 1025 5414 ini-quo
1053 5343 1308 5398 Dominus
1338 5343 1500 5398 semel
1528 5344 1579 5396 in
1622 5343 1866 5412 sepulcro

298 5441 417 5501 erat
447 5435 814 5499 requietums,
855 5433 1133 5500 completis
1165 5446 1228 5485 ac
1253 5431 1504 5500 perfectis
1529 5432 1582 5484 in
1609 5431 1694 5484 die
1710 5440 1866 5494 sexto

300 5522 554 5577 omnibus
606 5522 858 5590 operibus
917 5521 1058 5586 suis,
1117 5520 1310 5589 quibus
1383 5521 1637 5573 mundum
1705 5534 1864 5587 quem

301 5614 358 5671 in
391 5612 479 5668 die
505 5619 660 5666 sexto
693 5608 1012 5680 perfecerat,
1055 5609 1164 5679 jam
1208 5609 1471 5680 perditum
1505 5608 1862 5662 restaurahat.

1968 4719 2074 4761 tem
2100 4723 2268 4777 usque
2294 4723 2434 4762 nunc
2459 4716 2714 4778 operatur
2743 4709 3054 4762 eorumdem
3087 4725 3340 4778 generum
3367 4709 3532 4764 admi-

1911 4797 1926 4812 ‘
1967 4798 2355 4861 nistrationem,
2405 4812 2522 4866 quae
2567 4807 2690 4852 tunc
2721 4798 2958 4852 instituta
2996 4807 3139 4860 sunt,
3185 4813 3288 4851 non
3329 4808 3386 4851 ut
3417 4799 3531 4866 ipso

1967 4887 2156 4941 saltem
2182 4888 2269 4942 die
2295 4890 2522 4956 septimo
2547 4891 2779 4958 potentia
2805 4888 2976 4954 eiusa
3005 4889 3124 4942 caeli
3149 4898 3202 4942 et
3229 4900 3382 4942 terrtc
3417 4905 3527 4942 om-

1970 4979 2222 5046 piumque
2275 4992 2454 5031 rerum
2487 5019 2500 5041 ,
2543 4993 2678 5046 quas
2707 4977 3039 5032 'condiderat
3066 5017 3082 5042 ,
3138 4978 3523 5047 gubernatione

1968 5075 2228 5134 cessant,
2258 5068 2493 5137 alioquin
2519 5069 2773 5122 continuo
2795 5069 3177 5124 dilaberentur.

2591 5177 2815 5232 CAPUT
2856 5178 2918 5230 Χ.

2130 5248 2418 5318 Allegorica
2456 5249 2707 5318 expositio
2744 5253 2808 5300 de
2841 5263 2931 5300 sea:
2955 5248 3156 5300 dierum
3195 5264 3361 5316 opere.

2041 5339 2155 5394 Huc
2189 5355 2358 5408 usque
2399 5340 2464 5394 de
2505 5339 2794 5409 primordio
2839 5338 3021 5391 mundi
3069 5338 3337 5391 nascentis
3369 5335 3520 5403 juxta

1972 5445 2183 5486 sensum
2221 5430 2412 5484 littera:
2432 5430 2630 5483 dixisse
2665 5424 3186 5505 sufficiat.‘(lsidor.)
3217 5425 3519 5479 Secunduu‘

1973 5519 2278 5590 allegoriam
2311 5529 2484 5571 autem
2512 5519 2584 5570 ita
2619 5524 2791 5587 potest
2812 5514 2980 5582 accipi
3017 5514 3158 5583 quod
3185 5515 3238 5566 in
3262 5514 3514 5583 principio
3591 5509 3597 5516 ’

1977 5609 2115 5665 Deus
2157 5607 2280 5662 fecit
2330 5606 2521 5662 cmlum
2564 5615 2614 5660 et
2657 5615 2872 5661 terram.
2912 5599 3234 5674 Principium
3274 5604 3514 5658 Christus
