3968 6330
244 352 499 415 έῡθμ

1258 350 1611 409 COMMENT.
1649 351 1717 407 1N
1758 351 2075 409 CENESIM.
2108 381 2186 394 —
2224 352 2346 407 LIB.
2386 352 2425 409 Ι.

3370 356 3474 413 470
3491 365 3501 377 ⁸

243 471 547 543 quentium.
571 460 701 525 Post
720 470 834 524 haec
861 468 1038 539 itaque
1065 470 1284 522 istorum
1314 471 1465 537 quasi
1489 485 1582 523 sex
1604 469 1808 524 dierum
1836 470 1891 531 Α
1912 467 2044 524 Nam
2071 471 2211 525 sicut
2239 473 2291 525 in
2317 471 2405 525 llla
2444 480 2595 527 sexta
2625 475 2710 528 die
2750 475 2953 543 primus
2983 476 3141 531 homo
3191 475 3357 530 Adam
3408 478 3471 532 de

240 578 415 632 opera
437 563 598 627 bena,
622 561 772 615 valde
796 568 976 631 sperat
1005 562 1164 615 homo
1191 561 1423 630 quietem
1469 562 1663 616 mentis
1686 576 1811 615 oon-

243 654 469 709 stitutus
514 653 568 705 in
609 651 870 721 spirituali
899 652 1166 722 paradiso,
1189 664 1295 721 quo
1342 650 1671 721 signiﬁcatur
1701 652 1811 704 vita

246 743 432 806 beata,
468 742 559 796 ubi
607 757 731 797 sons
780 750 862 797 est
915 742 1207 810 sapientiae.
1238 742 1438 797 divisus
1494 743 1547 797 in
1584 752 1814 813 quatuor

249 838 441 900 partes
464 830 739 897 virtutum,
766 832 855 886 ubi
870 830 1010 886 edati
1029 830 1144 901 (sic)
1164 831 1286 900 tigni
1307 832 1429 886 vita:
1450 833 1696 902 gratiam,
1724 833 1812 886 ubi

253 928 419 983 utiles
482 929 785 997 disciplinas
829 942 1037 981 morum
1094 928 1243 995 quasi
1294 924 1497 981 fructus
1550 927 1811 996 lignorum

250 1026 462 1086 carpat.
515 1018 609 1071 Est
653 1032 882 1085 namque
911 1016 1185 1085 paradisus
1211 1016 1318 1069 vita
1343 1016 1638 1071 beatorum.
1676 1015 1815 1081 Qua-

246 1114 381 1161 tuor
406 1105 639 1169 flumina,
669 1114 898 1176 quatuor
942 1107 1184 1160 virtutes.
1236 1100 1400 1175 Ligna
1436 1104 1583 1173 ejus,
1629 1121 1815 1161 omnes

246 1196 415 1249 utiles
460 1194 749 1263 disciplime
776 1196 1036 1266 lignorum
1080 1194 1305 1258 tractus,
1345 1208 1521 1250 mores
1571 1196 1814 1265 piorum,

250 1286 457 1357 lignum
486 1288 626 1349 vitaz,
660 1288 773 1357 ipsa
820 1288 1079 1341 bonorum
1109 1288 1345 1340 omnium
1371 1296 1539 1341 mater
1559 1287 1813 1357 sapientia

248 1388 358 1444 est,
384 1379 450 1434 de
478 1394 583 1447 qua
611 1379 864 1447 scriptum
898 1388 980 1430 est
1002 1376 1288 1431 Salomone
1316 1378 1525 1432 dicente
1549 1390 1565 1430 :
1598 1377 1816 1447 Lignum

247 1472 375 1523 vitm
416 1480 491 1524 est
519 1471 600 1524 his
642 1470 730 1539 qui
785 1468 1170 1539 apprehendtmt
1197 1482 1346 1533 eam;
1374 1478 1422 1523 et
1464 1468 1556 1538 qui
1600 1470 1818 1523 tenuerit

242 1578 393 1625 ram,
422 1561 597 1615 beatus
624 1570 699 1614 est
729 1557 907 1624 (Prov.
932 1559 1037 1629 tn).
1071 1554 1295 1630 Lignnm
1344 1559 1577 1613 scicntia:
1612 1556 1737 1612 boni
1766 1566 1821 1612 et

252 1651 406 1715 mali,
436 1651 790 1721 transgressio
831 1658 915 1705 est
943 1649 1178 1704 mandati
1219 1649 1602 1717 experimento.
1631 1648 1819 1703 llactc-

248 1758 363 1799 uus
384 1758 476 1799 sex
500 1745 704 1799 dierum
728 1757 915 1814 opera,
941 1744 1171 1813 qualiter
1198 1744 1250 1797 iu
1270 1743 1504 1797 Ecclesia
1532 1741 1818 1809 spirituali-

1911 560 2041 617 limo
2068 571 2223 617 terra:
2261 563 2327 617 ad
2353 563 2636 635 imaginem
2671 566 2759 618 Dei
2800 564 3058 619 formatus
3084 574 3185 630 est,
3217 567 3295 637 sic
3338 576 3393 622 et
3420 568 3471 621 in

1912 652 2014 705 ista
2047 651 2226 706 saeculi
2278 661 2435 707 :ntate
2478 664 2627 708 sexta
2707 655 2969 709 secundus
3003 655 3171 709 Adam
3194 695 3207 721 ,
3259 657 3325 711 id'
3354 666 3519 721 est,,.

1911 739 2154 796 Christus
2178 742 2233 795 in
2260 745 2422 799 carne
2448 744 2513 798 de
2543 745 2707 799 Maria
2734 744 2939 815 virgine
2964 755 3121 801 natus
3163 755 3269 813 est,
3291 746 3379 801 ille
3421 749 3473 801 in

1913 832 2091 885 anima
2122 832 2355 896 vivente,
2383 833 2470 887 hic
2498 834 2551 887 in
2580 834 2767 903 spiritu
2800 836 3119 892 viviﬁcante.
3166 836 3225 889 Et
3254 837 3389 889 sicut
3420 837 3471 889 in

1912 921 2001 975 illa
2037 920 2123 975 die
2150 921 2208 974 ﬁt
2230 922 2407 975 anima
2430 923 2572 987 viva,
2609 938 2686 978 sic
2714 929 2765 981 in
2816 926 2921 983 isto
2948 926 3141 980 sarculo
3183 926 3346 980 vitam
3388 926 3477 980 de—

1914 1008 2117 1067 siderat
2142 1021 2429 1078 aeternam;
2460 1021 2516 1067 et
2554 1013 2695 1069 sicut
2725 1014 2777 1068 in
2820 1014 2908 1070 illa
2943 1025 3093 1071 sexta
3138 1016 3226 1071 die
3261 1032 3477 1086 serpen-

1916 1105 2045 1157 tium
2073 1114 2127 1158 et
2172 1104 2403 1160 ferarum
2442 1120 2639 1173 genera
2686 1114 2835 1161 terra
2880 1109 3148 1176 produxit,
3174 1108 3247 1162 ita
3290 1109 3344 1162 in
3380 1109 3480 1163 hac

1914 1204 2064 1251 sexta
2088 1204 2245 1249 tetate
2268 1196 2467 1261 steculi,
2492 1204 2676 1267 gentes
2704 1197 2865 1251 vitam
2896 1206 3199 1266 appetentes
3223 1207 3478 1254 aeternam

1915 1285 2151 1339 Ecclesia
2196 1286 2486 1354 generavit.
2519 1285 2696 1357 (Aug.)
2737 1286 2905 1353 Quem
2934 1288 3096 1341 etiam
3145 1303 3360 1343 sensum
3386 1303 3481 1342 vas

1911 1388 2188 1434 ostensum
2219 1380 2377 1433 Petro
2408 1378 2931 1451 manifestavit(Act.
2984 1380 3070 1453 x);
3121 1388 3176 1435 et
3226 1382 3483 1449 quemad-

1919 1472 2130 1525 modum
2161 1472 2213 1524 in
2243 1470 2329 1523 illa
2355 1471 2440 1524 die
2468 1478 2683 1524 creatur
2711 1470 2977 1524 masculus
3008 1478 3062 1524 et
3084 1469 3297 1533 femina,
3322 1470 3399 1522 sic
3430 1470 3481 1522 in

1917 1561 2018 1615 ista
2056 1543 2233 1615 szeculi
2272 1568 2429 1614 aetate
2458 1557 2836 1613 manifestatur
2863 1557 3110 1612 Christus
3138 1568 3193 1612 et
3218 1558 3479 1612 Ecclesia.

1917 1651 1985 1704 Et
2003 1652 2158 1706 sicuti
2191 1651 2518 1721 prteponitur
2551 1650 2710 1704 homo
2740 1650 2791 1703 in
2814 1650 2899 1705 die
2931 1650 3019 1703 illa
3052 1651 3353 1720 pecoribus,
3372 1666 3483 1703 ser-

1919 1743 2168 1811 pentibus
2217 1751 2271 1796 et
2306 1742 2426 1797 coeli
2478 1742 2816 1806 volatilibus,
2877 1742 2948 1795 ita
2996 1744 3238 1797 Christus
3282 1744 3334 1797 in
3385 1743 3485 1796 hac

254 1842 345 1888 ter
365 1829 739 1903 intelligantur
759 1833 1017 1904 explicata
1064 1842 1207 1895 sunt,
1237 1833 1425 1887 deinde
1458 1830 1582 1901 quid
1611 1832 1659 1884 in
1687 1834 1815 1900 ﬁgn-
1846 1823 1889 1881 Β
1919 1840 2074 1885 relate
2121 1832 2387 1901 gentibus,
2425 1832 2629 1901 populis
2661 1840 2715 1886 et
2765 1831 3089 1895 nationibus,
3123 1840 3179 1885 ut
3207 1835 3273 1887 ab
3301 1849 3365 1887 eo
3397 1848 3483 1888 re-

246 1938 374 1977 tain
405 1923 583 1977 surculi
610 1923 928 1991 signiﬁcent,
958 1920 1341 1990 sul'jicientlum
1373 1932 1471 1977 est.
1502 1920 1606 1976 Sex
1634 1923 1817 1975 diebus

252 2013 649 2068 (mnsnmmavit
677 2014 815 2067 Dens
855 2014 1033 2065 omnia
1062 2026 1222 2081 opera
1251 2028 1345 2066 sua
1371 2028 1385 2064 :
1414 2021 1469 2066 et.
1496 2012 1546 2065 in
1592 2012 1815 2079 septimo

254 2103 542 2173 requievit.
579 2102 683 2159 Sex
710 2096 955 2158 :etati‘ius
988 2105 1277 2157 humanum
1313 2118 1479 2173 genus
1508 2103 1559 2156 in
1588 2104 1687 2158 hoc
1721 2114 1819 2156 sm-

247 2194 382 2250 culo
407 2186 506 2265 perL
524 2196 890 2250 successiones
910 2202 1209 2264 temporum
1227 2193 1320 2248 Dei
1341 2207 1501 2263 opera
1527 2194 1815 2248 insinuant.

245 2287 497 2353 Quarum
529 2285 697 2354 prima
726 2294 810 2339 est
841 2285 915 2339 ab
929 2284 1096 2338 Adam
1124 2300 1293 2353 usque
1332 2284 1399 2337 ad
1433 2282 1564 2344 Noe,
1592 2284 1819 2337 sectmda

253 2393 293 2432 a
322 2376 430 2435 Noe
457 2389 626 2445 usque
646 2376 712 2429 ad
737 2374 1026 2437 Abraham,
1057 2376 1213 2429 tertia
1240 2376 1306 2429 ab
1350 2375 1614 2428 Abraham
1654 2388 1821 2442 usque

250 2470 335 2523 ad
353 2467 537 2529 David,
561 2476 750 2537 quarta
782 2482 810 2520 a
842 2460 1007 2520 David
1029 2478 1195 2535 usque
1214 2466 1277 2519 ad
1302 2466 1819 2535 transmigrationem

248 2552 599 2630 Babylonia,
646 2558 832 2627 quinta
872 2557 1062 2611 deinde
1109 2570 1277 2625 usque
1326 2556 1391 2609 ad
1431 2555 1681 2609 humilem
1730 2555 1823 2608 3ιῖ-

249 2657 480 2703 Ventum
507 2646 716 2703 Domini
748 2649 913 2724 no_stri
944 2645 1066 2701 Jesu
1095 2646 1314 2710 Christi,
1347 2656 1495 2700 sexta
1522 2662 1641 2715 qua:
1684 2661 1821 2724 utine

244 2742 457 2812 agitur,
490 2752 765 2809 usquequo
796 2718 1021 2795 mundus
1072 2739 1317 2804 ﬁniatur,
1374 2740 1540 2793 donec
1572 2718 1822 2792 Excelsus

250 2832 446 2885 Veniat
475 2832 539 2885 ad
562 2828 843 2899 judicium,
875 2832 1095 2899 septima
1144 2842 1270 2883 vero
1323 2827 1630 2897 intelligitur
1655 2828 1708 2881 in
1736 2841 1824 2881 re-

248 2924 391 2993 'quie
417 2932 743 2988 sanctorum,
775 2932 894 2991 quae
936 2921 1140 2976 scilicet
1168 2916 1279 2975 non
1308 2921 1469 2974 habet
1513 2933 1820 2989 vesperam,
1846 2905 1855 2913 “

250 3013 388 3081 quia
411 3026 525 3066 eam
544 3011 655 3080 jam
675 3012 933 3066 terminus
950 3012 1125 3065 nullus
1150 3011 1377 3065 claudet.
1397 3009 1684 3080 Pergamus
1698 3024 1823 3078 ergo

258 3106 497 3161 breviter
518 3123 616 3176 per
648 3107 745 3161 has
770 3121 955 3161 omnes
986 3106 1165 3159 mundi
1194 3112 1400 3164 :etates,
1426 3113 1480 3158 et
1507 3104 1822 3173 replicantes

257 3196 505 3252 ordinem
543 3206 861 3267 temporum,
889 3211 1071 3252 eorum
1105 3198 1326 3268 mystice
1352 3185 1676 3251 diﬁ'erentias
1714 3196 1820 3252 dis-

260 3287 589 3359 tinguamus.
633 3288 815 3344 Primo
854 3303 1087 3359 namque
1133 3290 1326 3344 saeculo
1364 3288 1538 3343 factus
1576 3298 1657 3344 est
1702 3298 1820 3343 tan-

258 3394 425 3447 quam
454 3378 541 3432 lux
570 3380 728 3434 homo
757 3380 809 3432 in
840 3377 1111 3449 paradiso,
1140 3380 1191 3434 in
1233 3389 1521 3449 qua-aetate
1548 3380 1682 3435 ﬁlios
1727 3379 1818 3434 Dei

260 3468 321 3521 in
350 3468 484 3521 lucis
504 3469 718 3521 nomine
742 3462 924 3524 divisit
955 3468 1093 3524 Deus
1128 3486 1157 3524 a
1200 3469 1321 3525 ﬁliis
1368 3469 1640 3524 hominum
1668 3469 1819 3539 quasi

259 3574 295 3611 a
328 3560 582 3624 tenebris,
626 3559 788 3628 fitque
828 3558 981 3627 hujus
1012 3560 1115 3615 diei
1148 3575 1365 3631 vespera
1393 3560 1663 3616 diluvium.
1720 3560 1821 3615 Se-

256 3650 492 3705 cundutu
520 3649 768 3704 saeculum
790 3646 993 3704 factum
1020 3658 1103 3705 est
1138 3652 1288 3719 quasi
1318 3650 1711 3703 ﬁrmamentum
1736 3649 1821 3703 in-

262 3747 352 3793 ter
380 3753 571 3807 aquam
603 3749 657 3793 et
686 3753 899 3809 aquam,
933 3754 1055 3795 arca
1104 3740 1285 3809 utique
1319 3738 1405 3793 illa
1455 3752 1573 3809 qua:
1621 3738 1821 3793 natavit

261 3828 407 3881 inter
430 3827 662 3895 pluviam
692 3832 747 3883 et
775 3831 974 3892 maria;
1013 3827 1170 3897 hujus
1200 3844 1419 3898 vespera
1456 3828 1555 3883 fuit
1579 3828 1821 3885 confusio

261 3913 589 3985 linguarum.
610 3916 847 3971 Tertium
876 3918 1126 3972 stecnlum
1152 3917 1349 3973 factum
1378 3928 1479 3983 est,
1505 3921 1715 3987 quando
1739 3935 1823 3975 se-

258 4006 469 4075 paravit
492 4007 741 4075 populum
776 4021 929 4060 suum
962 4022 992 4060 a
1018 4008 1261 4076 gentibus
1288 4020 1383 4077 per
1402 4006 1691 4071 Abraham,
1715 4007 1822 4061 dis-

256 4108 489 4148 cernens
510 4110 629 4149 cum
659 4096 809 4163 quasi
857 4096 1061 4149 aridam
1110 4095 1176 4149 ab
1221 4096 1410 4165 aquis,
1463 4105 1518 4149 ut
1558 4095 1823 4165 proferret

256 4197 479 4252 germen
507 4185 792 4238 herbarum
818 4193 979 4254 atque
1006 4184 1287 4255 lignorum,
1324 4186 1373 4239 id
1403 4195 1500 4249 est,
1536 4195 1746 4241 sanctos
1768 4194 1821 4240 et

256 4274 494 4327 fructum
541 4285 843 4329 sanCtarum
909 4273 1335 4344 Scripturarum,
1390 4277 1545 4344 hujus
1600 4291 1819 4345 vespera

258 4366 665 4433 t'nitpeccatum
718 4373 772 4420 et
814 4365 1015 4419 malitia
1053 4366 1266 4434 pessimi
1324 4368 1462 4435 regis
1482 4364 1633 4420 Saul.
1696 4363 1819 4420 lude

254 4464 510 4521 quartum
534 4455 782 4509 saeculum
813 4456 975 4524 cmpit
1004 4470 1033 4508 a
1070 4455 1233 4509 David
1257 4496 1270 4519 ,
1310 4450 1519 4524 qdando
1541 4457 1819 4511 constituit

258 4543 404 4598 Deus
427 4544 710 4597 luminaria
739 4543 789 4597 in
822 4543 1154 4599 ﬁrmamento
1180 4545 1320 4608 cmli,
1352 4546 1401 4598 id
1442 4554 1547 4611 est,
1574 4544 1820 4627 splendo-

256 4648 373 4687 rem
406 4634 551 4703 regni
582 4642 831 4702 tanquam
871 4634 1235 4688 excellentiam
1268 4635 1394 4689 solis
1420 4674 1434 4697 ,
1485 4644 1542 4689 (ξι
1591 4635 1642 4689 in
1685 4636 1821 4689 luna:

252 4724 439 4791 specie
466 4724 936 4794 obtemperantem,
956 4734 1206 4792 tanquam
1232 4723 1586 4796 Synagogam,
1619 4730 1673 4781 ct
1693 4711 1820 4781 stel-

253 4812 341 4865 las
362 4812 628 4881 principes
668 4811 781 4879 ejus
812 4832 823 4865 :
865 4812 1014 4881 cujus
1061 4816 1231 4868 mtatis
1262 4815 1317 4867 lit
1352 4830 1571 4883 vespera
1606 4815 1657 4867 in
1693 4830 1817 4883 pec-

250 4902 395 4954 catis
426 4918 630 4971 regum,
669 4904 860 4971 quibus
913 4919 1043 4972 gens
1096 4906 1180 4957 illa
1225 4908 1421 4959 meruit
1477 4906 1734 4994 captivari
1766 4908 1816 4960 in

251 4990 621 5059 Babyloniam.
651 4994 815 5048 Porro
838 4996 1024 5063 quinto
1055 4984 1351 5060 szeculo,id
1376 5008 1459 5073 est
1484 4982 1542 5051 iii
1573 5001 1821 5052 transmi-

250 5082 501 5151 gratione
524 5082 845 5157 Babyloniae,
876 5085 1011 5140 facta
1061 5095 1184 5141 sunt
1226 5089 1706 5157 quasi‘animalia,
1768 5092 1818 5145 in

249 5172 433 5239 aquis,
459 5183 513 5227 et
541 5170 773 5227 volatilia
798 5176 942 5240 cmli,
970 5178 1095 5245 quia
1122 5186 1244 5232 tunc
1271 5178 1436 5233 Judaei
1468 5179 1608 5235 inter
1633 5189 1819 5250 gentes

253 5272 511 5332 tanquam
563 5266 616 5319 in
670 5268 803 5320 mari
832 5268 1012 5322 vivere
1061 5280 1369 5337 coeperunt;
1405 5286 1503 5325 nec
1552 5273 1819 5325 habebant

250 5354 501 5407 stabilem
552 5356 723 5410 locum
756 5366 1006 5427 tanquam
1040 5360 1274 5413 volantes
1312 5375 1458 5414 aves.
1511 5358 1676 5429 lltq'us
1718 5363 1821 5417 diei

250 5445 410 5514 quasi
432 5460 655 5515 vespera
678 5456 759 5502 est
785 5448 1151 5519 multiplicatio
1176 5459 1515 5520 peccatorum
1552 5453 1603 5505 in
1633 5454 1825 5521 pepulo

249 5535 581 5600 Iudaeorum,
613 5538 825 5606 quando
864 5539 943 5593 sic
984 5541 1233 5595 excaecati
1273 5550 1418 5607 sunt,
1444 5542 1683 5595 utetiam
1726 5543 1824 5597 Do-

252 5629 460 5683 minum
493 5630 674 5684 .lesnm
703 5646 807 5685 non
836 5642 1057 5701 possent
1073 5647 1411 5702 cognoscere.
1448 5630 1561 5686 Jam
1609 5642 1817 5687 sextum

253 5720 507 5776 sarculum
538 5721 593 5775 lit
626 5722 676 5775 in
710 5724 933 5778 advrntn
968 5725 1173 5779 Domini
1226 5724 1389 5778 nostri
1433 5722 1555 5777 :lesu
1592 5724 1815 5777 Christi.

1918 1930 2109 1989 gantur
2133 1922 2212 1974 vel
2232 1922 2431 1975 carnali
2456 1921 2899 1991 concupiscentia:
2913 1922 3074 1975 dediti
3089 1922 3244 1977 sicuti
3264 1936 3478 1991 pecora,

1916 2012 1999 2065 vel
2024 2021 2236 2066 terrena
2254 2011 2567 2066 curiositate
2593 2012 2861 2065 obscurati
2892 2013 3039 2080 quasi
3068 2022 3364 2081 serpentes,
3397 2016 3478 2068 vel

1918 2104 2040 2157 elati
2071 2102 2316 2172 superbia
2346 2102 2498 2171 quasi
2526 2116 2671 2156 aves.
2704 2102 2770 2155 Et
2807 2102 2945 2156 sicut
2994 2103 3045 2155 in
3087 2102 3176 2156 illo
3201 2104 3287 2157 die
3313 2104 3501 2171 pasci:

1916 2202 2007 2247 tur
2034 2170 2191 2246 hoino
2215 2200 2269 2245 et
2291 2192 2558 2255 animalia,
2594 2206 2713 2261 qua)
2741 2207 2860 2246 cum
2894 2191 2982 2245 illo
3029 2201 3152 2247 sunt
3200 2194 3380 2247 herbis
3405 2209 3486 2248 se-

1917 2283 2222 2347 minalibus,
2254 2291 2309 2337 et
2335 2283 2493 2353 lignis
2531 2282 2838 2349 l'rnctiferis,
2867 2291 2921 2337 et
2951 2284 3131 2339 h8l‘t.iS
3160 2285 3485 2350 virentibus,

1914 2381 1995 2435 sic
2024 2382 2126 2435 ista
2170 2389 2327 2437 aetate
2374 2382 2662 2451 spiritualis
2688 2384 2867 2447 homo,
2897 2385 2987 2453 qui
3039 2385 3210 2439 honos
3244 2386 3486 2440 minister

1914 2482 2002 2527 est
2030 2471 2155 2528 Jesu
2182 2472 2401 2537 Christi,
2430 2489 2552 2529 cum
2576 2474 2691 2543 ipso
2711 2472 2904 2544 p0pulo
2936 2474 3281 2544 spirituali‘ter
3310 2475 3483 2545 pasci-

1913 2573 2010 2617 tur
2032 2576 2335 2617 sanctarum
2357 2561 2759 2633 Scripturarum
2789 2564 3073 2624 alimentis.
3096 2574 3150 2618 ct
3175 2565 3287 2635 lege
3312 2564 3484 2618 divina

1919 2653 1984 2707 ad
2014 2653 2419 2723 concipiendam
2459 2652 2836 2709 fecunditatem
2870 2654 3133 2707 rationum
3171 2661 3329 2721 atque
3377 2668 3483 2707 scr-

1917 2757 2136 2798 monum
2165 2784 2179 2808 ,
2230 2753 2485 2814 tanquam
2525 2744 2708 2799 nerhis
2752 2744 3095 2798 scminalihus
3122 2784 3137 2807 ,
3183 2744 3376 2812 partim
3422 2742 3484 2794 al

1922 2835 2203 2889 utilitatem
2244 2849 2454 2890 morum
2488 2834 2852 2888 conversionis
2894 2834 3138 2888 humana:
3168 2874 3182 2898 ,
3237 2841 3483 2902 tanquam

1920 2924 2077 2996 lignis
2107 2924 2411 2987 fructiferis,
2446 2926 2639 2993 partim
2690 2926 2755 2978 ad
2802 2924 3033 2994 vigorem
3093 2923 3233 2987 ﬁdei,
3265 2924 3375 2991 spei
3436 2934 3480 2976 et

1914 3017 2201 3072 charitatis
2224 3016 2276 3071 hi
2305 3018 2469 3070 vitatu
2496 3025 2771 3078 aztcrnam,
2791 3025 3045 3083 tanquam
3061 3014 3241 3068 herbis
3267 3014 3481 3067 virenti-

1924 3106 2022 3162 bus
2048 3147 2062 3171 ,
2111 3122 2230 3175 qua:
2283 3106 2425 3161 nnlln
2468 3116 2599 3161 testu
2632 3104 3031 3160 tribulationum
3063 3112 3348 3165 arescunt,
3393 3106 3484 3157 sed

1920 3197 2001 3251 sic
2029 3196 2394 3264 spirituatibus
2418 3196 2573 3259 cibis,
2600 3196 2677 3249 sic
2702 3196 2819 3248 istis
2847 3193 3116 3248 alimentis
3138 3194 3396 3263 pascitur,
3432 3204 3486 3245 nt

1911 3287 2082 3341 multa
2102 3286 2384 3357 intelligat
2408 3285 2646 3341 carnalis
2675 3294 2873 3348 autem,
2910 3284 2960 3338 id
2995 3293 3108 3347 est,
3151 3284 3401 3353 parvulus
3436 3288 3485 3336 in

1909 3375 2151 3441 Christo,
2178 3384 2431 3446 tanquam
2466 3392 2630 3445 pecus
2652 3375 2779 3440 Dei,
2830 3384 2887 3429 ut
2924 3376 3087 3429 multa
3132 3376 3315 3430 credat
3370 3392 3486 3444 qua:

1920 3467 2216 3535 intelligere
2238 3468 2461 3522 necdum
2492 3471 2697 3536 potest;
2730 3476 2907 3521 tamen
2938 3468 3155 3522 eosdem
3185 3468 3332 3523 cibos
3372 3483 3487 3549 om:

1919 3574 2016 3613 nes
2043 3560 2259 3613 habent.
2281 3557 2447 3627 Hujus
2470 3567 2649 3612 autem
2670 3560 2845 3613 anatis
2868 3558 3019 3626 quasi
3043 3572 3262 3627 vespera
3286 3558 3485 3611 utinam

1914 3662 2017 3702 nos
2044 3663 2151 3702 non
2195 3647 2451 3702 inveniat.
2483 3647 2572 3700 Illa
2602 3657 2684 3701 est
2711 3647 2850 3702 enim
2887 3648 2951 3701 de
2984 3663 3087 3716 qua
3120 3647 3376 3702 Dominus
3406 3648 3485 3701 di-

1914 3739 2030 3793 cit:
2070 3736 2264 3800 Putas,
2325 3739 2531 3791 veniens
2583 3736 2754 3790 Filius
2800 3738 3021 3791 hominis
3068 3738 3283 3791 inveniet
3332 3737 3485 3805 ﬁdem

1919 3836 2073 3896 super
2098 3836 2291 3879 terram
2318 3824 2466 3896 (Luc.
2494 3824 2685 3894 xvm)?
2731 3824 2856 3880 Post
2899 3826 3055 3879 istam
3090 3840 3369 3894 vesperam
3399 3824 3487 3877 ﬁet

1920 3933 2096 3983 mane,
2122 3933 2245 3973 cum
2290 3917 2400 3987 ipse
2428 3917 2685 3972 Dominus
2713 3918 2763 3971 in
2791 3918 3053 3973 charitatc
3082 3928 3338 3972 venturus
3380 3926 3479 3971 est.

1920 4009 2071 4063 Tunc
2097 4006 2433 4077 requiescent
2467 4022 2588 4061 cum
2615 4007 2827 4063 Christo
2857 4008 2925 4061 ab
2964 4008 3210 4062 omnibus
3238 4006 3487 4076 operibus

1921 4098 2069 4159 suis,
2129 4097 2181 4151 hi
2233 4096 2430 4165 quibus
2473 4097 2671 4164 dictum
2718 4105 2835 4151 est:
2878 4096 3056 4150 Ertote
3094 4095 3304 4163 perlecti
3352 4095 3484 4147 sicut

1922 4188 2083 4241 Pater
2110 4193 2290 4251 vester,
2317 4186 2483 4257 quiin
2529 4186 2667 4240 cali:
2686 4196 2758 4239 est
2802 4184 3013 4256 (Matth.
3052 4184 3121 4255 v).
3153 4183 3304 4238 Tales
3343 4185 3484 4238 enim

1919 4278 2124 4333 faciunt
2148 4292 2306 4347 opera
2330 4278 2469 4332 bona
2498 4277 2669 4331 valde.
2692 4276 2820 4331 Post
2846 4276 3138 4330 talia’cnim
3176 4289 3336 4344 npcra
3368 4290 3485 4343 spe-

1916 4371 2085 4425 randa
2111 4378 2195 4423 est
2224 4370 2435 4438 requies
2474 4369 2530 4423 in
2575 4369 2661 4422 die
2688 4369 2913 4437 septimo
2942 4370 3029 4436 qui
3062 4382 3337 4434 vesperam
3372 4382 3476 4420 non

1844 4459 2099 4551 Dhabet.
2154 4457 2407 4526 Sequitur
2458 4457 2583 4511 hinc
2629 4457 2996 4526 recapitulatio
3052 4456 3313 4510 universa:
3362 4470 3484 4527 con—

1922 4548 2046 4602 dita:
2068 4556 2345 4601 creatum.

2519 4633 2742 4690 CAPUT
2777 4636 2865 4689 ΧΙ.

1995 4724 2375 4796 Recapitulatio
2407 4726 2561 4778 totius
2586 4726 2883 4796 creationis,
2905 4735 2951 4779 et
2981 4726 3043 4778 de
3062 4726 3175 4795 (jus
3199 4728 3410 4795 mimico

2562 4794 2838 4848 intellectu.

1994 4907 2117 4961 Istae
2142 4915 2261 4959 sunt
2287 4906 2641 4975 generationes
2672 4904 2781 4957 caeli
2806 4914 2851 4957 et
2890 4914 3041 4956 terra:
3060 4906 3268 4974 quando
3297 4915 3481 4957 creata:

1921 5010 2059 5052 sunt.
2108 4996 2217 5051 llac
2260 4995 2602 5051 conclusione
2653 4993 2927 5063 Scriptura
2978 5002 3161 5048 sancta
3196 4994 3363 5062 tangit
3388 5010 3481 5046 eos

1922 5090 2012 5158 qui
2044 5088 2297 5142 mundum
2328 5086 2442 5140 sine
2477 5084 2626 5138 initio
2655 5098 2867 5152 semper
2901 5082 3065 5138 fuisse
3088 5082 3372 5146 amrmant,
3400 5084 3477 5137 vel

1922 5182 2009 5249 qui
2049 5179 2245 5233 factum
2275 5194 2304 5231 a
2338 5179 2444 5231 Deo
2471 5177 2693 5245 quidem
2713 5179 2923 5246 putant,
2954 5188 3137 5229 verum
3164 5190 3229 5229 ex
3257 5175 3476 5228 materia

1922 5291 2079 5343 quam
2104 5290 2209 5329 non
2234 5271 2594 5335 feceritDeus,
2618 5271 2709 5325 sed
2734 5285 2851 5339 quce
2875 5277 3137 5324 eoa-terna
3160 5270 3261 5339 ipsi
3283 5268 3480 5336 absque

1928 5366 2077 5420 initio
2106 5364 2277 5419 fuerit
2298 5362 2563 5418 Creatori.
2605 5361 2743 5415 Dicit
2770 5360 2910 5413 enim
2947 5360 3317 5428 generationes
3358 5357 3475 5412 cali

1925 5466 1979 5510 et
2003 5463 2186 5518 terrae,
2217 5454 2389 5523 ipsum
2416 5451 2655 5506 ordinem
2706 5449 2897 5504 divinae
2944 5448 3289 5502 institutionis
3310 5487 3324 5509 ,
3374 5461 3479 5515 quo

1924 5554 2145 5599 ornatus
2167 5558 2352 5599 eorum
2383 5556 2479 5610 per
2502 5554 2663 5610 Opera
2688 5556 2778 5596 scx
2806 5541 3010 5595 dierum
3042 5539 3107 5593 ad
3143 5539 3285 5592 illam
3313 5543 3480 5606 usque

1914 5632 2324 5703 perfectionem,
2350 5646 2469 5701 qua:
2498 5632 2741 5700 superius
2766 5638 2846 5684 est
2881 5630 3172 5701 designata,
3217 5629 3478 5697 pervenit,

1916 5725 2064 5791 juxta
2118 5722 2259 5792 quod
2287 5722 2339 5776 in
2367 5720 2625 5790 Decalogo
2677 5720 2803 5789 legis
2848 5736 2953 5774 sua:
2984 5719 3113 5773 dixit
3152 5718 3262 5787 ipse
3294 5719 3469 5771 condi-
