3968 6320
293 349 402 407 4·ῐὸ

1290 346 1633 405 COMMENT.
1676 347 1742 402 nv
1779 305 2093 403 cauusm.
2133 377 2201 388 .-
2238 346 2366 402 LIB.
2406 347 2443 401 1.

3404 357 3501 412 ιῖι

290 474 556 530 aquarum
595 459 703 513 Deo
735 456 943 525 iubente
981 457 1114 513 facta
1158 467 1256 514 est.
1291 459 1456 529 Hujus
1484 471 1660 516 autem
1689 461 1851 516 fontis
1876 460 1926 520 A
1950 475 2256 530 parvorum,
2278 477 2414 517 unus
2453 460 2570 517 fons
2604 462 2775 518 dictus
2801 475 2916 531 est,
2947 480 3045 537 per
3077 481 3272 526 temnes
3299 454 3501 542 disper-

293 549 678 617 qualiscunque
706 557 817 600 erat
848 547 1083 616 irrigatio
1115 557 1233 618 post
1264 550 1510 606 vestitam
1557 551 1736 605 herbis
1779 566 1841 606 ac

293 640 454 709 lignis
491 647 690 692 terram
734 637 1059 706 supervenit.
1107 637 1258 705 Quod
1305 638 1435 707 ipsis
1483 640 1643 692 etiam
1693 638 1841 693 Scri-

291 738 463 798 ριειηε
489 726 701 796 syllabis
725 726 977 796 probatur
1000 767 1015 792 ,
1063 740 1181 796 qua:
1218 736 1494 797 postquam
1522 729 1685 783 verbo
1706 743 1841 798 prte-

293 817 441 870 teriti
484 818 737 885 temporis
771 817 988 886 perfecti
1033 816 1163 872 dicit
1198 819 1322 888 quia
1352 821 1538 873 creavit
1586 820 1838 876 Dominus

289 905 433 959 Deus
457 905 634 959 caelum
662 916 708 960 et
734 917 922 960 terram
949 947 963 970 ,
1005 915 1052 960 et
1091 923 1236 962 omne
1265 908 1538 979 virgultum
1590 912 1703 980 agri
1730 901 1846 966 om?

288 1011 504 1064 nemque
528 995 734 1048 herbam
777 995 1016 1064 regionis,
1045 995 1315 1063 Subiunxit
1344 1013 1465 1053 mox
1505 1000 1667 1054 verbo
1706 1008 1839 1055 tem-

286 1087 437 1152 poris
485 1085 737 1162 praeteriti
771 1085 1047 1155 plusquam
1079 1075 1335 1157 pei'i‘ecti:
1368 1088 1488 1143 Non
1519 1090 1652 1144 enim
1694 1091 1836 1162 plue-

286 1187 370 1226 rat
404 1175 651 1227 Dominus
681 1174 817 1228 Deus
863 1188 1015 1244 super
1060 1185 1285 1242 terram,
1314 1187 1361 1231 et
1404 1178 1557 1234 homo
1596 1197 1697 1234 non
1723 1190 1835 1234 erat

279 1264 376 1331 qui
403 1273 699 1332 operaretur
734 1274 943 1318 terram.
975 1263 1269 1320 Ostendcns
1302 1267 1441 1335 quod
1466 1280 1587 1322 ante
1607 1269 1835 1323 creatio-

281 1368 406 1406 nem
428 1353 768 1422 virgultorum
787 1360 840 1407 et
866 1353 1165 1419 herbarum,
1189 1355 1418 1423 pluviam
1448 1355 1587 1411 Deus
1607 1372 1710 1411 non
1738 1359 1833 1412 mi-

279 1451 444 1495 serat.
468 1441 604 1506 Quid
633 1456 757 1496 vero
785 1450 966 1508 postea
995 1442 1191 1497 factum
1217 1444 1289 1497 sit
1305 1444 1484 1499 statim
1507 1447 1669 1501 verbo
1692 1461 1829 1514 pra:-

223 1520 226 1521 ⁷
278 1533 422 1585 teriti
454 1531 705 1599 temporis
749 1529 1042 1600 imperfecti
1086 1532 1398 1596 subnexuit,
1423 1532 1604 1588 dicens
1648 1534 1830 1598 :Quia

277 1621 398 1688 fons
421 1619 722 1674 ascendebat
743 1636 768 1673 ι
793 1630 929 1674 terra
945 1621 1170 1691 irrigans
1195 1612 1483 1693 universam
1509 1623 1828 1691 superﬁciem
1852 1683 1862 1697 ,

275 1717 462 1772 terra;
502 1708 552 1782 in
595 1708 704 1776 ipsa
750 1708 1100 1764 declinatione
1145 1711 1290 1764 verbi
1327 1711 1676 1781 signiﬁcans,
1724 1729 1825 1766 non
1857 1727 1863 1762 ·,

1942 550 2120 604 siones
2157 563 2284 604 suas
2314 553 2603 606 ascendens
2628 553 2694 606 de
2741 561 2904 618 terra,
2931 564 2986 609 et
3030 557 3259 629 irrigans
3285 574 3496 616 omnem

1941 638 2129 693 faciem
2160 647 2340 703 terra),
2371 641 2481 694 sive
2508 642 2668 696 etiam
2697 642 2857 713 (quod
2896 653 2975 698 est
3017 647 3344 720 credibilius)
3372 652 3494 719 quia

1942 745 2045 784 non
2070 731 2181 784 ait:
2214 729 2362 784 Unus
2412 731 2527 785 fons
2567 733 2888 787 ascendebat
2918 736 2981 788 de
3019 743 3159 790 terra
3184 779 3198 800 .
3239 740 3330 793 sed
3380 743 3491 793 ait:

1939 815 2084 872 Fons
2111 829 2282 871 autem
2310 819 2633 885 ascendebat,
2683 836 2780 890 pro
2828 838 3050 877 numero
3079 824 3271 894 plurali
3312 831 3490 896 posuit

1937 905 2278 975 singularem,
2313 916 2372 961 ut
2420 909 2497 962 sic
2533 908 2891 979 intelligamus
2944 910 3117 968 fontes
3161 915 3353 970 multos
3399 932 3495 984 per

1937 996 2241 1050 universam
2271 1005 2468 1050 terram
2520 996 2635 1052 loca
2668 999 2748 1051 vel
2800 1001 3042 1074 regiones
3087 1003 3329 1072 proprias
3379 1005 3496 1058 irri-

1902 1085 1906 1088 ’
1935 1091 2139 1151 gantes,
2164 1083 2303 1138 sicut
2331 1085 2528 1138 dicitur
2561 1084 2714 1140 miles
2739 1126 2754 1161 ,
2807 1095 2863 1141 et
2893 1089 3042 1142 multi
3087 1089 3490 1162 intelliguntur;

1934 1174 2073 1249 sicut
2111 1162 2252 1255 dicta
2297 1184 2379 1229 cst
2419 1175 2622 1230 locusta
2669 1185 2723 1231 et
2761 1192 2898 1255 rana.
2940 1178 2992 1231 in
3048 1180 3251 1249 plagis"
3297 1184 3491 1251 quibus

1933 1249 2174 1333 Egyptti
2213 1264 2449 1333 percussi
2469 1302 2474 1306 .
2495 1272 2636 1330 sunt,
2662 1279 2780 1318 eum
2811 1249 2954 1321 esset
2990 1249 3389 1326 innumerabilis
3416 1272 3492 1326 lo-

1930 1360 2202 1407 custarum
2250 1367 2501 1407 numerus
2537 1360 2590 1406 et
2624 1368 2910 1419 ranarum,
2960 1355 3071 1425 jam
3133 1357 3332 1413 diutius
3377 1375 3483 1415 non

1932 1439 2251 1496 laboremus.
2308 1439 2442 1494 Cum
2475 1455 2600 1510 ergo
2639 1442 2838 1496 dictum
2871 1452 3014 1497 esset
3059 1461 3274 1518 creasse
3320 1447 3485 1504 Deum

1930 1531 2121 1586 herbas
2146 1537 2199 1586 et
2230 1529 2477 1601 virgulta,
2513 1531 2738 1587 necdum
2775 1531 2958 1609 pluvia
2988 1534 3362 1600 descendente.
3391 1553 3483 1593 ne-

1928 1639 2033 1694 que
2059 1624 2274 1690 homine
2313 1625 2574 1678 existente
2608 1621 2694 1693 qui
2734 1633 2986 1694 operatur
3033 1633 3229 1680 terram
3249 1667 3262 1693 ,
3293 1641 3482 1684 conse-

1929 1719 2154 1780 quenter
2178 1711 2413 1768 hominis
2430 1703 2633 1765 creatin
2661 1711 3000 1777 subinfertur,
3028 1728 3089 1767 ac
3110 1714 3304 1768 dicitur
3328 1735 3340 1770 :

275 1796 382 1850 hoc
411 1796 594 1860 semel,
611 1797 706 1851 sed
749 1797 939 1866 saepius
963 1811 1082 1852 esse
1132 1807 1358 1867 gestum,
1404 1799 1527 1853 dum
1564 1815 1668 1854 non
1717 1801 1822 1863 ait,
1852 1787 1899 1846 Β
1996 1798 2264 1854 Formavit
2305 1801 2467 1870 igitur
2511 1797 2762 1854 Dominus
2803 1801 2941 1855 Deus
2976 1801 3234 1856 hominem
3261 1804 3323 1857 de
3360 1804 3486 1860 limo

274 1887 535 1949 ascendit,
564 1886 658 1941 sed
695 1887 994 1946 ascendebat
1019 1903 1033 1940 :
1067 1888 1189 1943 dum
1212 1904 1339 1959 ergo
1365 1889 1669 1945 ascendisse
1689 1891 1823 1944 dici-

275 1985 367 2029 tur
395 1975 512 2030 fons
541 1990 571 2030 e
601 1984 764 2033 terra.
792 1977 883 2046 qui
909 1977 1208 2033 universam
1247 1976 1361 2046 ejus
1389 1979 1720 2050 superficiem
1750 1981 1824 2034 ri-

271 2074 446 2135 garet,
485 2065 673 2121 merito
717 2081 820 2136 quo
849 2067 1033 2122 ordine
1081 2069 1382 2124 ascenderit
1413 2070 1690 2140 quaeritur.
1724 2069 1824 2125 Ne-

270 2172 382 2226 que
403 2157 596 2226 aliquid
625 2158 798 2212 obstat
842 2158 983 2212 credi
1013 2156 1152 2227 quod
1183 2159 1253 2213 ita
1299 2174 1395 2231 per
1421 2161 1563 2216 vices
1597 2163 1662 2216 ad
1710 2163 1824 2216 irri-

272 2245 500 2316 gandam
533 2260 647 2300 eam
670 2247 970 2301 ascenderit
1004 2262 1066 2303 ac
1104 2247 1340 2314 redierit,
1365 2250 1629 2317 quomodo
1657 2265 1824 2319 usque

269 2333 434 2389 hodie
462 2334 598 2388 solet
623 2333 770 2387 Nilus
807 2335 870 2388 ad
902 2331 1169 2406 irriganda
1207 2335 1421 2407 .lEgypti
1444 2337 1597 2407 plana
1623 2351 1824 2392 annua-

271 2425 373 2477 tim
402 2423 705 2487 ascendere,
728 2425 989 2490 quomodo
1008 2424 1261 2495 irrigabat
1281 2421 1560 2494 aliquando
1576 2425 1824 2480 Jordanis

270 2524 472 2570 terram
499 2514 847 2584 Pentapolim,
875 2513 940 2569 de
969 2530 1070 2584 qua
1101 2511 1376 2585 Scriptura
1406 2517 1517 2569 ait:
1549 2517 1672 2584 quia
1706 2516 1822 2568 uni-

267 2621 418 2657 versa
452 2603 764 2672 irrigabatur
789 2603 921 2656 sicut
946 2603 1218 2672 paradisus
1243 2603 1455 2656 Domini
1485 2602 1635 2676 (Gen.
1664 2603 1818 2675 xm);

263 2705 318 2748 et
358 2696 486 2747 sicut
518 2693 794 2763 ﬁgyptus,
819 2702 1090 2764 antequam
1131 2695 1439 2751 subverteret
1477 2696 1615 2750 Deus
1657 2694 1823 2752 Sodo-

257 2802 408 2837 mam
439 2795 486 2838 et
512 2782 882 2848 Comorrltam;
909 2783 1168 2852 quomodo
1203 2784 1360 2856 (teste
1383 2785 1678 2853 Augustino
1700 2801 1818 2842 san-

259 2877 377 2946 cto)
410 2877 474 2930 de
518 2877 866 2946 quorumdam
898 2875 1117 2931 fontium
1146 2877 1278 2932 mira
1305 2877 1668 2933 vicissitudine
1701 2893 1822 2947 per-

265 2968 501 3029 hibetur,
525 2975 673 3022 certo
699 2971 960 3021 annorum
995 2965 1271 3021 intervallo
1308 2968 1383 3021 sic
1414 2983 1507 3022 eos
1539 2967 1832 3032 inuudare,_

263 3063 331 3108 ut
352 3064 510 3108 tatam
538 3053 681 3107 illam
702 3055 971 3122 regionem
996 3055 1183 3124 rigent,
1207 3070 1326 3109 cum
1356 3055 1459 3109 alio
1487 3063 1724 3125 tempore
1749 3071 1816 3110 ex

261 3145 390 3198 altis
457 3144 626 3213 puteis
681 3113 791 3196 ad"
823 3113 1108 3216 potandum
1171 3113 1518 3198 sufﬁcientem
1579 3113 1886 3213 praebentC

256 3250 478 3304 aquam.
502 3233 608 3288 Cur
643 3233 700 3286 lit
727 3248 853 3302 ergo
888 3233 1192 3288 incredibile
1221 3233 1300 3304 (ut
1330 3234 1467 3288 idem
1498 3233 1648 3303 dicit)
1679 3234 1722 3288 si
1752 3249 1819 3289 ex

262 3341 374 3378 uno
420 3325 590 3394 abyssi
619 3325 812 3394 capite,
848 3324 1050 3380 alterna
1075 3326 1368 3379 mutatione
1421 3324 1616 3380 fluente
1658 3335 1819 3395 atque

263 3415 521 3469 reﬂuente
542 3455 556 3478 ,
604 3423 725 3467 tunc
751 3415 996 3468 universa
1021 3422 1172 3468 terra
1193 3415 1368 3484 riga-ta
1411 3422 1513 3469 est.
1554 3414 1703 3480 Quod
1750 3415 1816 3478 si,

261 3505 457 3572 inquit,
487 3504 650 3572 ipsius
672 3503 846 3571 abyssi
871 3504 1285 3570 magnitudinem
1318 3517 1380 3556 ea
1414 3511 1563 3571 parte
1597 3512 1816 3572 excepta

259 3593 407 3661 quod
453 3607 599 3646 mare
644 3593 857 3656 dicitur,
908 3601 960 3645 et
993 3592 1217 3646 evidenti
1270 3593 1634 3662 amplitudine,
1661 3600 1818 3661 atque

260 3681 464 3733 amaris
496 3680 739 3734 fluctibus
767 3689 936 3734 terras
957 3679 1138 3744 ambit,
1161 3681 1213 3733 in
1241 3696 1302 3735 ea
1329 3682 1439 3735 sola
1474 3691 1627 3750 parte
1656 3686 1815 3751 quam

260 3768 553 3839 reconditis
610 3767 817 3822 sinibus
852 3777 1014 3821 terra
1071 3770 1325 3833 continet,
1364 3772 1501 3825 unde
1534 3786 1590 3826 se
1629 3787 1815 3826 omnes

259 3855 440 3910 fontes
484 3856 708 3912 diversis
759 3857 1017 3910 tractibus
1058 3858 1312 3926 venisque
1355 3861 1708 3922 distribuunt,
1764 3870 1817 3914 et

260 3942 378 3996 suis
410 3941 605 4009 quique
660 3939 792 3994 locis
835 3949 1116 4007 ermupunt
1142 3978 1157 4003 ,
1224 3941 1419 3996 fontem
1469 3944 1636 3998 voluit
1675 3944 1817 3998 Scri-

260 4045 418 4101 ptura
454 4031 734 4100 appellare,
771 4045 891 4104 non,
915 4030 1111 4094 fontes,
1141 4039 1353 4100 propter
1383 4038 1584 4086 natura:
1637 4034 1814 4087 unita-

262 4135 632 4191 tem,eumque
653 4137 747 4191 per
775 4123 1189 4176 innumerabiles
1220 4123 1333 4177 vias
1356 4133 1629 4178 antrorum
1659 4135 1816 4193 atque

262 4215 520 4268 rimarum
547 4212 918 4266 ascendentem
969 4211 1034 4267 de
1068 4220 1224 4273 terra,
1253 4221 1307 4265 et
1341 4213 1539 4282 ubique
1563 4213 1815 4280 dispersis

260 4304 416 4372 quasi
453 4302 724 4364 crinibus,
772 4301 1080 4370 irrigantem
1126 4315 1337 4356 omnem
1391 4302 1580 4356 faciem
1627 4311 1809 4363 terrm,

187 4387 194 4392 ⁷
262 4409 365 4447 uec
407 4393 653 4446 continua
685 4391 860 4460 specie
897 4400 1146 4456 tanquam
1183 4391 1343 4444 maris
1376 4399 1466 4443 aut
1495 4391 1688 4460 stagni,
1722 4392 1814 4445 sed

262 4486 404 4538 sicut
433 4483 672 4535 videmus
700 4481 790 4550 ire
809 4495 972 4550 aquas
1001 4496 1097 4549 per
1118 4480 1294 4534 alveos
1328 4479 1600 4534 ﬂuminum
1629 4480 1819 4535 ﬂexus-

263 4588 372 4642 que
411 4573 664 4634 rivorum,
686 4579 740 4633 et
777 4585 960 4625 eorum
1009 4585 1229 4625 excessu
1260 4571 1431 4624 vicina
1469 4569 1818 4639 perfundere,

265 4664 388 4732 quis
423 4677 524 4715 non
557 4660 782 4729 accipiat
820 4661 919 4713 nisi
949 4660 1039 4728 qui
1092 4660 1423 4713 contentioso
1452 4649 1640 4728 spiritu
1676 4659 1819 4714 labo-

266 4753 387 4808 rat?
414 4752 640 4806 Possunt
661 4739 818 4805 etiam
836 4750 913 4803 ita
939 4751 1077 4804 dicta
1104 4750 1342 4819 intelligi,
1363 4751 1536 4804 omnis
1564 4761 1718 4805 terra:
1746 4751 1822 4804 fa-

267 4844 381 4897 cies
415 4842 661 4910 irrigatav,
716 4840 1156 4907 quemadmodum
1194 4839 1388 4891 dicitur
1437 4840 1611 4894 omnis
1659 4841 1823 4893 vestis

268 4929 410 4985 facie
431 4930 686 4994 colorata,
719 4930 928 4982 etiamsi
961 4943 1063 4981 non
1097 4927 1443 4980 continuatim
1464 4967 1478 4992 ,
1517 4937 1606 4981 sed
1637 4944 1820 4982 macu-

269 5021 421 5073 latim
451 5019 561 5081 lists,
596 5018 889 5087 praesertim
924 5013 1048 5085 quia
1086 5025 1208 5070 tunc
1256 5017 1308 5069 in
1358 5017 1600 5094 novitate
1651 5026 1817 5071 terra-

271 5126 411 5171 rum.
436 5119 488 5164 et
518 5111 559 5163 si
588 5125 691 5162 non
719 5109 917 5171 omnia,
939 5107 1087 5176 plura
1118 5116 1290 5160 tamen
1326 5107 1484 5175 plana
1517 5107 1678 5162 fuisse
1701 5123 1820 5163 cre-

270 5196 434 5251 dibile
456 5206 559 5259 est,
584 5211 687 5265 qua
707 5195 873 5248 latius
891 5204 1115 5262 possent
1136 5195 1463 5263 erumpentia
1495 5194 1687 5249 fluenta
1711 5195 1820 5250 dis-

269 5285 420 5355 pergi
467 5295 624 5353 atque
671 5284 918 5338 distendi.
969 5283 1300 5352 Quapropter
1345 5287 1409 5337 de
1460 5284 1612 5337 istius
1663 5283 1825 5339 fontis

271 5374 634 5444 magnitudine
672 5383 727 5426 et
769 5372 1102 5425 multitudine
1125 5411 1139 5433 ,
1168 5372 1255 5439 qui
1287 5371 1397 5423 sive
1443 5386 1601 5423 unam
1640 5371 1825 5425 habuit

269 5465 487 5518 aliunde
514 5463 878 5530 eruptionem.
937 5461 1047 5515 sive
1079 5470 1293 5530 prOpter
1320 5461 1547 5528 aliquam
1600 5461 1650 5514 in
1683 5469 1823 5516 terra

267 5557 496 5610 ocnultis
523 5553 716 5607 ﬁnibus
747 5554 1000 5607 unitatem
1021 5593 1034 5615 ,
1082 5554 1220 5605 unde
1249 5568 1434 5605 omnes
1471 5567 1622 5620 aqum
1666 5568 1824 5621 super

269 5659 473 5702 terram
519 5654 732 5702 scatent
783 5645 1016 5700 omnium
1056 5645 1272 5697 fontium
1314 5659 1619 5711 magnorum
1665 5653 1823 5711 atque

1842 4443 1894 4502 Ι)

1925 1897 2097 1952 teme,
2124 1898 2172 1942 et
2190 1888 2460 1958 inspiravit
2499 1887 2552 1940 in
2579 1884 2764 1956 faciem
2799 1889 2912 1957 ejus
2937 1889 3255 1958 spiraculum
3277 1891 3410 1954 vitae,
3436 1901 3484 1946 et

1923 1977 2090 2046 (actus
2119 1983 2192 2032 est
2235 1978 2384 2031 homo
2413 1977 2467 2030 in
2490 1977 2719 2030 animam
2749 1978 3013 2032 viventem.
3054 1977 3149 2033 Hic
3183 1980 3364 2049 itaque
3411 1981 3486 2036 la-

1922 2072 2030 2127 tius
2051 2071 2283 2126 hominis
2311 2071 2519 2127 factura
2566 2071 2903 2135 describitur,
2934 2072 3022 2140 qui
3055 2072 3108 2126 in
3138 2071 3225 2127 die
3269 2071 3482 2140 quidem

1922 2170 2075 2216 sexto
2122 2160 2296 2222 factus
2342 2169 2441 2224 est,
2473 2161 2566 2216 sed
2595 2160 2667 2215 ibi
2693 2148 2930 2216 breviter
2956 2157 3048 2216 est
3065 2169 3483 2216 commemorata

1917 2252 2141 2316 creatio,
2170 2267 2288 2322 quze
2320 2251 2410 2307 hic
2459 2250 2668 2322 plenius
2715 2250 3017 2328 exponitur.
3051 2249 3186 2318 Quia
3233 2249 3482 2305 videlicet

1921 2342 1973 2397 in
1997 2340 2236 2411 corporis
2280 2349 2335 2397 et
2373 2341 2565 2395 animai
2601 2333 2955 2396 substantiam
2989 2337 3163 2397 factus
3192 2339 3281 2403 sit,
3308 2355 3339 2394 e
3363 2339 3481 2408 qui-

1920 2431 2019 2485 bus
2043 2430 2108 2485 de
2136 2430 2263 2484 limo
2289 2443 2483 2498 corpus
2503 2426 2809 2492 formatum,
2842 2429 3015 2482 anima
3045 2442 3173 2483 vero
3211 2429 3276 2482 de
3310 2422 3482 2504 nihilo

1920 2519 1988 2574 sit
2010 2519 2116 2573 Deo
2142 2518 2436 2589 inSpirante
2466 2529 2680 2582 creata;
2707 2516 2800 2572 sed
2827 2525 2880 2570 et
2910 2516 3106 2571 femina
3148 2516 3212 2570 de
3256 2515 3369 2584 ejus
3395 2514 3475 2569 la-

1919 2617 2034 2662 tere
2058 2608 2129 2662 sit
2158 2605 2471 2663 dormientis
2495 2605 2731 2662 condila.
2756 2605 2813 2661 In
2845 2619 2951 2675 qua
2975 2605 3223 2660 videlicet
3260 2613 3478 2659 senten-

1921 2699 1992 2753 tia
2017 2697 2233 2751 vitanda
2260 2705 2343 2752 est
2383 2689 2669 2767 paupertas
2697 2695 2885 2751 sensus
2924 2694 3188 2758 earnalis,
3235 2709 3304 2749 ne
3335 2693 3474 2749 forte

1917 2788 2354 2855 putemus‘Deum
2404 2785 2488 2840 vel
2537 2784 2785 2839 manibus
2808 2783 3080 2859 corporeis
3108 2784 3173 2837 de
3212 2781 3337 2838 limo
3369 2782 3473 2837 for-

1917 2889 2091 2928 masse
2119 2889 2312 2944 corpus
2336 2872 2567 2927 hominis
2610 2910 2625 2937 ,
2678 2863 2762 2926 vel
2789 2869 3032 2925 faucibus
3058 2870 3278 2924 labiisve
3309 2869 3473 2939 inspi-

1916 2977 2064 3017 rasse
2088 2964 2140 3016 in
2164 2961 2354 3017 faciem
2386 2959 2621 3024 formati,
2647 2969 2705 3013 ut
2728 2963 2907 3016 vivere
2933 2970 3130 3026 posset,
3161 2965 3214 3009 et
3241 2958 3475 3026 spiracu-

1916 3052 2025 3106 lum
2053 3052 2172 3107 vitae
2202 3053 2421 3106 habere.
2449 3045 2582 3104 Nam
2611 3059 2666 3104 et
2698 3049 2953 3119 propheta
2985 3047 3104 3102 cum
3137 3046 3246 3100 ait:
3285 3045 3474 3099 Manus

1916 3153 2022 3203 tua
2060 3142 2288 3213 fecerunt
2329 3156 2426 3203 me,
2458 3150 2504 3194 et
2534 3139 2920 3209 plasmaverunt
2951 3151 3028 3189 me
3051 3125 3192 3206 '(Job;
3225 3133 3309 3206 x);
3364 3142 3473 3187 tro-

1917 3233 2037 3302 pica
2067 3233 2170 3286 hoc
2196 3228 2460 3286 locutione
2489 3229 2658 3300 magis
2677 3242 2835 3297 quam
2860 3217 3165 3296 propria,id
3197 3234 3299 3287 est,
3321 3224 3474 3294 juxta

1917 3321 2352 3376 consuetudinem
2382 3335 2486 3388 qua
2525 3315 2971 3372 solent'homines
2995 3314 3230 3383 operari,
3267 3314 3476 3368 locutus

1917 3420 2017 3466 est.
2043 3411 2274 3480 Spiritus
2295 3400 2436 3464 enim
2473 3415 2556 3464 e‘st
2581 3407 2720 3462 Deus
2744 3447 2758 3470 ,
2801 3406 2900 3461 nec
2937 3399 3160 3474 simplex
3200 3401 3316 3471 ejus
3351 3403 3476 3456 sub-

1917 3503 2113 3558 stantia
2159 3487 2496 3556 lineamentis
2541 3485 2902 3552 mentbrorum
2959 3491 3314 3562 corporalium
3355 3505 3477 3545 esse

1917 3590 2238 3660 composita,
2290 3588 2392 3643 nisi
2451 3588 2518 3642 ab
2562 3585 2843 3641 ineruditis
2898 3582 3153 3638 creditur.
3202 3580 3474 3635 Forn'tavit

1916 3680 2078 3750 igitur
2105 3681 2168 3732 de
2207 3666 2335 3732 limo
2366 3678 2506 3730 Deus
2534 3666 2830 3735 hominem.
2857 3689 3014 3743 quem
3058 3665 3220 3726 verbo
3274 3674 3370 3726 suo
3411 3671 3476 3724 de

1917 3768 2043 3822 limo
2074 3767 2184 3822 lieri
2215 3755 2395 3835 jussit.

1988 3858 2262 3928 lnspiravit
2292 3859 2346 3910 in
2377 3843 2560 3926 faciem
2587 3853 2701 3927 ejus
2723 3845 3040 3924 spiraculum
3069 3853 3203 3915 vitm,
3233 3860 3281 3904 et
3304 3849 3472 3917 factus

1916 3965 1989 4016 est
2022 3955 2170 4007 homo
2200 3954 2253 4005 in
2301 3951 2531 4004 animam
2560 3950 2828 4012 viventem,
2860 3945 2982 4001 eum
3025 3946 3072 4000 ei
3124 3942 3474 3999 substantiam

1917 4043 2108 4096 anima:
2135 4057 2197 4094 ac
2226 4041 2467 4109 spiritus,
2497 4039 2550 4092 in
2581 4053 2684 4107 qua
2727 4036 2951 4100 viveret,
2982 4025 3206 4116 creavit.
3239 4032 3371 4086 Nam
3401 4033 3474 4084 ita
3553 4103 3555 4105 ι

1916 4145 2059 4187 recte
2100 4131 2413 4199 intelligitur
2445 4129 2676 4199 spirasse
2703 4128 2868 4182 Deum
2908 4129 2960 4181 in
2993 4125 3178 4181 faciem
3227 4116 3474 4188 hominis,

1915 4221 2234 4291 spiraculum
2270 4219 2318 4274 ei
2346 4234 2452 4288 quo
2488 4217 2689 4272 viveret
2719 4231 2950 4276 creasse,
2983 4216 3118 4270 sicut
3141 4230 3298 4284 supra
3323 4213 3475 4267 intel-

1917 4313 2110 4365 lectum
2138 4317 2221 4365 est
2251 4327 2265 4362 :
2321 4303 2533 4361 Vocavit
2557 4302 2697 4359 Deus
2724 4305 2887 4358 lucem
2916 4303 3091 4358 diem:
3120 4319 3215 4377 pro
3240 4319 3302 4357 co
3327 4303 3474 4371 posi-

1922 4411 2052 4464 tum,
2070 4399 2208 4469 quod
2233 4405 2314 4452 est
2334 4394 2511 4451 vocari
2545 4396 2611 4449 ab
2639 4391 2941 4448 hominibus
2966 4375 3272 4446 fecithene
3298 4398 3474 4443 autem

1920 4492 1972 4544 in
2009 4488 2195 4544 faciem
2229 4484 2518 4555 inspirasse
2545 4485 2739 4538 dicitur
2765 4483 2904 4537 Deus
2924 4481 3146 4544 homini,
3173 4488 3232 4533 ut
3253 4478 3402 4531 fieret
3425 4479 3475 4531 iu

1917 4579 2152 4634 animam
2188 4574 2472 4637 viventem,
2494 4573 2615 4641 quia
2651 4571 2899 4646 nimirum
2922 4582 3110 4623 sensus
3145 4579 3330 4621 omnes
3361 4582 3477 4620 cor-

1919 4669 2083 4738 poris,
2111 4683 2208 4736 per
2237 4680 2368 4735 quos
2395 4663 2587 4717 insitus
2636 4662 2683 4715 ei
2713 4659 2933 4730 spiritus
2961 4673 3023 4713 ea
3048 4672 3166 4727 qum
3196 4655 3329 4745 foris
3355 4665 3473 4709 sunt

1919 4757 2325 4824 contemplatur,
2361 4754 2530 4822 magis
2554 4753 2604 4804 in
2639 4751 2772 4804 facie
2811 4751 3006 4818 vigent,
3038 4749 3182 4801 visus
3210 4747 3476 4810 vid'clicct,

1922 4849 2155 4907 auditus,
2181 4843 2427 4906 olfactus,
2457 4850 2642 4912 gustus
2670 4849 2723 4894 et
2750 4849 2941 4892 tactus.
2963 4836 3161 4905 Utpote
3201 4836 3324 4903 quia
3355 4850 3478 4902 pars

1921 4935 2128 4990 cerebri
2173 4932 2426 4990 anterior,
2471 4930 2608 4982 unde
2637 4944 2827 4983 sensus
2853 4939 3036 4980 omnes
3063 4923 3474 4986 distribuuntur,

1923 5021 1989 5073 ad
2028 5020 2262 5072 frontem
2301 5015 2555 5071 collocata
2592 5025 2691 5068 est.
2723 5013 2853 5066 Nam
2875 5007 3222 5080 'et‘tangendi
3267 5003 3475 5072 sensus,

1923 5108 2012 5177 qui
2069 5123 2162 5175 per
2211 5098 2383 5177 totum
2422 5104 2614 5171 carpas
2669 5099 2974 5168 ell‘unditur,
3035 5099 3198 5153 etiam
3252 5099 3364 5165 ipse
3413 5099 3479 5150 ab

1922 5175 2106 5252 eadem
2167 5175 2437 5248 anteriore
2485 5201 2635 5260 parte
2683 5189 2891 5245 cerebri
2938 5188 3234 5242 ostenditur
3283 5186 3478 5241 habere

1928 5289 2069 5340 viam
2095 5300 2272 5346 suam,
2297 5297 2415 5351 qua:
2450 5291 2742 5336 retrorsum
2771 5294 2867 5348 per
2897 5279 3149 5333 verticem
3181 5286 3340 5345 atque
3365 5291 3482 5329 cer-

1927 5377 2129 5436 vicem,
2158 5373 2222 5425 ad
2251 5369 2532 5424 medullam
2575 5369 2740 5436 spinae
2767 5366 3062 5420 deducitur.
3103 5363 3360 5434 Congluit
3387 5377 3480 5415 au-

1929 5474 2034 5518 tem
2081 5445 2204 5517 huic
2255 5461 2568 5522 sententiae,
2618 5457 2758 5526 quod
2815 5455 3178 5525 supradictum
3223 5464 3350 5509 est:
3400 5455 3476 5506 Ad

1927 5541 2206 5620 imaginem
2243 5550 2338 5602 Dei
2381 5553 2565 5602 crearit
2595 5546 2774 5609 illum,
2805 5549 3090 5598 masculum
3141 5555 3186 5597 et
3237 5545 3477 5612 feminam

1929 5642 2114 5694 crearit
2147 5656 2252 5692 eos.
2307 5637 2454 5704 Quod
2501 5637 2641 5691 enim
2679 5636 2878 5690 dictum
2927 5645 3038 5702 est,
3085 5637 3160 5688 At!
3209 5635 3479 5702 inmginem
