3968 6392
485 308 586 374 s73

1156 301 1214 369 Β.
1257 302 1507 367 RABANI
1547 305 1759 364 MAURI
1796 294 2109 362 ARClllEl’.
2151 298 2456 361 MOGUNT.
2496 291 2780 359 098le
2818 294 2993 357 PARS
3031 301 3070 357 l.

3597 304 3703 361 ‘76

485 430 580 482 Dei
610 420 794 483 creavit
824 425 991 488 illum,
1024 441 1127 479 non
1159 426 1261 479 nisi
1296 425 1349 478 in
1376 424 1586 485 anima;
1614 421 1754 489 quod
1786 419 2047 483 additum,
2075 419 2123 478 Α
2152 424 2404 486 tanquam
2428 418 2493 470 de
2522 416 2648 471 limo
2689 425 2864 471 teme.
2899 417 2965 471 Et
2992 418 3258 488 inspiravit
3288 419 3341 472 in
3364 418 3553 488 {aciem
3589 421 3703 488 ejus

481 532 771 571 masculum
809 526 855 569 et
884 516 1128 584 feminam
1155 556 1169 580 ,
1217 530 1322 568 non
1355 513 1453 565 nisi
1487 502 1792 578 incorpore
1822 507 2042 573 factum,

487 616 633 661 recte
666 604 999 673 intelligitur.
1033 604 1144 657 Non
1175 604 1315 657 enim
1360 600 1609 654 audiendi
1648 608 1771 652 sunt
1811 598 1900 667 qui
1949 613 2046 665 pu-

482 706 600 749 tant
636 696 870 749 animam
918 704 1122 764 partem
1178 693 1267 747 Dei
1318 706 1436 745 esse
1486 707 1499 743 :
1549 690 1672 758 quia
1721 690 1765 744 si
1819 687 2047 742 hominis

486 789 663 840 anima
710 803 833 857 pars
873 787 966 840 Dei
994 794 1153 848 esset,
1188 799 1285 838 nec
1324 799 1353 836 a
1400 784 1598 852 seipsa,
1631 797 1729 836 nec
1760 782 1827 835 ab
1868 780 2048 849 aliquo

488 876 681 945 decipi,
701 892 797 931 nec
814 877 879 929 ad
910 874 1105 942 aliquid
1134 872 1713 936 nlaleliciendunysive
1738 870 2046 940 patiendum

487 965 594 1017 ulla
618 954 933 1020 necessitate
955 962 1219 1030 compelli,
1246 976 1346 1016 nec
1371 962 1424 1015 in
1470 957 1661 1016 melius
1687 960 1769 1013 vel
1810 959 2049 1013 deterius

488 1056 685 1108 mutari
713 1053 927 1108 omnino
965 1052 1241 1121 potuisset.
1274 1052 1453 1105 Flatus
1480 1061 1658 1105 autem
1706 1050 1793 1105 ille
1822 1042 1913 1104 Dei
1955 1050 2047 1119 qui

486 1141 754 1195 hominem
795 1142 1049 1194 animaxit
1076 1140 1247 1195 factus
1273 1151 1353 1195 Bst
1397 1140 1464 1194 ab
1490 1141 1628 1210 ipso,
1661 1148 1768 1195 non
1792 1139 1859 1193 de
1884 1140 2001 1208 ipso
2030 1155 2043 1193 ε

483 1234 611 1301 quia
640 1246 735 1285 nec
758 1231 987 1285 hominis
1010 1229 1191 1294 ﬂatus,
1214 1230 1445 1284 hominis
1469 1244 1593 1300 pars
1623 1237 1705 1283 est
1722 1268 1736 1293 ,
1761 1243 1861 1282 nec
1887 1228 2049 1283 homo

488 1336 607 1375 eum
630 1320 757 1374 facit
781 1321 845 1375 de
869 1321 1063 1389 seipse,
1092 1321 1185 1374 sed
1217 1335 1281 1375 ex
1314 1334 1470 1374 aereo
1497 1319 1736 1392 anhelitu
1758 1328 1970 1388 sumpto
1993 1328 2048 1384 et

489 1409 673 1464 elfuso.
722 1410 861 1464 Deus
888 1425 1016 1464 vero
1042 1411 1212 1479 potuit
1248 1419 1300 1464 et
1329 1410 1394 1464 de
1425 1398 1620 1473 nihilo,
1658 1418 1712 1463 et
1740 1409 1918 1463 vivum
1961 1418 2051 1464 ra-

481 1496 919 1565 tionabilemque,
944 1498 1084 1566 quod
1113 1500 1223 1552 non‘
1238 1506 1412 1567 potest
1434 1498 1594 1551 homo
1613 1518 1625 1551 :
1646 1498 1890 1566 quamvis
1910 1512 2049 1552 non-

489 1583 615 1638 nulli
642 1585 950 1640 existiment
972 1602 1077 1640 non
1123 1595 1248 1640 tunc
1277 1586 1573 1640 animatum
1613 1587 1846 1655 primum
1875 1585 2051 1640 homi-

488 1672 630 1737 nem,
663 1674 875 1741 quando
898 1675 1038 1729 Deus
1073 1675 1125 1729 in
1152 1673 1267 1743 ejus
1297 1673 1485 1729 faciem
1526 1671 1773 1739 suiﬂavit,
1801 1683 1857 1729 et
1877 1675 2048 1730 factus

2146 507 2481 577 spiraculum
2510 508 2663 573 vine,
2715 508 2895 576 utique
2948 509 3265 564 inlusionem
3315 511 3492 570 sancti,
3531 510 3704 580 Spiri—

2149 604 2266 659 tus,
2305 597 2394 666 qui
2423 606 2673 666 Operatus
2719 605 2802 652 est
2844 598 3112 652 heminem
3139 600 3407 656 Christum
3459 620 3471 655 :
3513 602 3581 655 Et
3621 603 3704 671 fa-

2146 698 2259 741 ctus
2304 697 2379 741 est
2419 687 2572 743 homo
2598 688 2653 741 in
2689 682 2919 742 animam
2948 691 3193 743 viventem
3225 707 3245 745 :
3274 692 3477 747 scilicet
3516 703 3574 746 ut
3611 693 3704 763 qui

2145 777 2417 851 perfectus
2438 787 2555 833 erat
2580 779 2744 844 Deus,
2771 780 3040 851 perfectus
3064 782 3371 837 crederetur
3394 793 3450 839 et
3476 785 3661 839 homo.

2739 907 2963 965 csrur
3001 892 3109 963 xu;

2147 986 2225 1052 De
2252 997 2594 1071 plantation
2608 1000 2861 1071 paradisi
2892 1009 2950 1071 et
2994 1010 3216 1069 quatuor
3252 998 3529 1071 ﬂuminum
3578 1002 3709 1057 diri-

2216 1068 2379 1130 sione,
2505 1076 2607 1137 quo
2624 1068 2787 1121 homo
2817 1069 2984 1122 cultor
3006 1068 3053 1121 et
3098 1068 3269 1124 custos
3310 1088 3341 1123 a
3368 1068 3479 1125 Deo
3512 1071 3710 1126 consti-

2218 1145 2357 1189 tutus
2389 1149 2424 1189 e‘
2469 1172 2484 1187 .

2222 1211 2554 1279 Plantarerat
2598 1235 2770 1279 autem
2812 1225 3065 1279 Dominus
3116 1220 3252 1279 Deus
3292 1228 3595 1295 paradisum
3624 1243 3710 1282 tto-

2147 1314 2357 1384 luptatis
2377 1331 2409 1367 a
2428 1314 2703 1384 principio,
2734 1316 2788 1369 in
2828 1332 2925 1385 quo
2954 1316 3123 1383 posuit
3144 1316 3402 1369 hominem
3427 1335 3579 1387 quem
3605 1318 3712 1387 {or—

2146 1416 2395 1461 munerati.
2425 1406 2507 1460 Ab
2534 1406 2624 1461 illo
2654 1408 2835 1476 utique
2859 1408 3122 1477 principio
3143 1398 3415 1477 plantasse
3442 1409 3584 1464 Deus
3623 1426 3714 1479 ρ·-

2148 1494 2381 1548 radisum
2430 1494 2729 1549 credendus
2774 1502 2892 1561 est,
2938 1509 3007 1550 ex
3055 1511 3160 1564 quo
3229 1496 3457 1566 irrigans
3514 1504 3712 1550 terram

2145 1592 2387 1648 Omnem,
2419 1584 2641 1639 remotis
2674 1589 2795 1653 qua:
2826 1594 2945 1639 eam
2971 1593 3368 1654 'cooperuerunt
3392 1586 3566 1654 aquis,
3593 1586 3715 1639 her-

2150 1674 2249 1728 bas
2275 1681 2329 1729 et
2367 1672 2509 1742 ligna
2545 1670 2825 1728 fructifera
2854 1675 3153 1742 producere
3175 1674 3371 1743 jussit;
3422 1674 3477 1728 in
3504 1685 3612 1743 quo
3636 1682 3716 1728 ta-

478 1771 569 1817 ‘est
610 1763 770 1817 homo
799 1763 853 1817 in
883 1764 1113 1832 animam
1157 1766 1442 1829 viventem,
1487 1765 1579 1819 sed
1623 1772 1749 1819 tunc
1778 1765 2048 1833 accepisse
2076 1757 2121 1815 Β
2144 1777 2270 1818 men
2295 1762 2565 1821 hominem
2610 1763 2698 1818 die
2740 1772 2914 1829 sexto,
2943 1777 3049 1833 quo
3072 1772 3127 1818 et
3172 1765 3341 1833 ipsum
3371 1763 3713 1829 formaverat,

483 1850 749 1920 Spiritum
798 1861 1087 1908 sanctum.
1112 1852 1392 1919 Quodlibet
1440 1863 1618 1908 autem
1663 1855 1854 1909 hbrum
1874 1855 2051 1909 credi-

488 1942 649 1997 bilius
676 1938 1007 2007 ostendatur,
1046 1945 1279 1998 animam
1327 1955 1502 1999 tamen
1538 1960 1643 1999 non
1686 1961 1805 2003 esse
1842 1957 2050 2015 partem

489 2031 603 2096 Dei,
636 2047 734 2087 nec
762 2034 826 2088 de
850 2033 1145 2091 substantia
1181 2042 1235 2088 et
1272 2044 1463 2089 natura
1492 2034 1608 2103 ejus
1652 2046 1890 2093 creatam
1938 2038 2053 2092 sive

479 2122 772 2195 prolatam,
804 2124 895 2177 sed
923 2140 985 2190 ex
1012 2124 1176 2178 nihilo
1198 2124 1415 2190 factam,
1442 2125 1687 2180 dulitare
1704 2126 1789 2181 fas
1816 2142 1918 2181 non
1948 2134 2049 2183 ρει.

482 2212 733 2282 (Isidem)
764 2212 985 2283 Mystice
1014 2222 1193 2268 autem
1223 2215 1300 2269 sic
1344 2215 1652 2286 intelligitur
1675 2226 1694 2269 ἐ
1738 2216 1861 2270 Ista:
1896 2233 2053 2288 gene-

444 2362 446 2365 τ
489 2306 714 2358 rationes
747 2306 857 2359 cali
895 2315 941 2359 et
967 2314 1119 2359 terra:
1145 2306 1352 2376 quando
1378 2316 1563 2361 creata!
1585 2317 1724 2373 sunt,
1753 2309 1808 2362 in
1832 2307 1916 2362 die
1950 2316 2053 2383 q‘uo

490 2395 608 2464 fecit
637 2395 889 2449 Dominus
917 2396 1098 2449 malum
1118 2408 1165 2449 et
1186 2405 1396 2461 terram,
1424 2406 1479 2452 et
1512 2408 1731 2453 caetera.
1757 2398 1925 2470 Hujus
1950 2401 2052 2455 diei

476 2486 711 2540 ‘nomine
743 2487 1031 2540 secundum
1062 2487 1392 2555 prophetiam
1434 2503 1592 2543 omne
1637 2497 1851 2560 tempus
1896 2491 2053 2560 hujus

490 2575 613 2629 vita:
636 2575 985 2645 signiﬁcatur,
1015 2576 1067 2629 in
1117 2591 1221 2644 quo
1249 2576 1442 2631 cmlum
1468 2585 1522 2632 et
1551 2586 1693 2633 terra
1741 2579 1881 2635 facta
1904 2592 2051 2647 sunt,

482 2664 545 2718 ’id
583 2671 682 2729 est,
715 2663 767 2717 in
792 2679 897 2733 quo
923 2673 1184 2719 creatura:
1206 2665 1441 2721 visibiles
1487 2659 1856 2736 disponuntur,
1886 2670 2053 2725 admi-

490 2752 787 2806 nistrantur
819 2761 981 2821 atque
1021 2754 1276 2808 existunt.
1324 2753 1430 2809 Sed
1470 2756 1596 2825 quid
1625 2757 1729 2811 sibi
1755 2757 1884 2821 vult,
1914 2760 2053 2827 quod

484 2856 635 2894 nunc
672 2841 947 2897 nominato
984 2843 1120 2897 etelo
1156 2832 1209 2896 et
1235 2851 1399 2907 terra,
1427 2845 1618 2914 adjecit
1640 2847 1915 2917 virgultum
1941 2850 2054 2919 agri

489 2941 537 2983 et
583 2929 792 2983 herbam
840 2932 1082 3001 regionis,
1113 2942 1167 2987 et
1217 2935 1381 2989 tacuit
1433 2945 1625 2991 caetera
1667 2950 1783 3005 qua:
1829 2944 1953 2992 sunt
1994 2940 2052 2993 in

481 3019 630 3075 coelo
659 3028 713 3074 et
755 3021 808 3074 in
839 3029 1004 3084 terra,
1050 3023 1131 3077 vel
1181 3023 1341 3077 etiam
1372 3024 1423 3078 in
1469 3026 1626 3091 mari,
1675 3027 1776 3082 nisi
1807 3029 1932 3097 quia
1957 3044 2055 3098 per

490 3108 779 3179 virgultum
827 3110 941 3180 agri
988 3110 1308 3166 invisibilem
1373 3122 1675 3170 creaturam
1722 3117 2054 3174 demonstrat

495 3200 737 3269 intelligi,
767 3200 902 3254 sicut
946 3211 1029 3255 est
1073 3202 1290 3256 anima?
1342 3204 1721 3272 Dieta‘autem,
1768 3209 2055 3279 virgultum

495 3300 713 3360 propter
755 3290 990 3360 vigorem
1037 3293 1178 3354 vitm,
1226 3293 1391 3349 herba
1442 3304 1661 3365 prepter
1699 3300 1939 3355 eamdem
1970 3302 2054 3355 via»

496 3390 602 3434 tam
655 3397 924 3449 nunquam
972 3385 1650 3447 marcescentem.\l)einde
1696 3388 1842 3442 addit
1890 3408 1902 3443 :
1954 3390 2058 3444 An—

495 3481 699 3537 tequam
737 3480 863 3523 esset
912 3487 1063 3541 super
1102 3482 1289 3524 terram
1334 3488 1351 3525 :
1409 3464 1719 3545 intelligitur
1768 3487 2053 3548 antequam

496 3561 673 3612 anima
717 3569 983 3628 peccaret.
1036 3561 1285 3615 Terrenis
1336 3565 1476 3617 enim
1525 3565 1901 3633 cupiditatibus
1943 3584 2057 3622 sor-

488 3642 715 3712 didata,
771 3658 1025 3716 tanquam
1070 3664 1233 3718 super
1283 3661 1479 3705 terram
1543 3662 1706 3717 nata,
1763 3656 1843 3709 vel
1899 3671 2058 3726 super

499 3746 695 3789 terram
742 3749 918 3801 esset,
975 3748 1120 3791 recte
1176 3740 1385 3793 dicitur.
1440 3739 1588 3796 Unde
1634 3744 1871 3813 adjecit:
1903 3745 2054 3800 Non—

496 3828 618 3877 dum
670 3830 805 3879 enim
859 3828 1058 3895 pluerat
1101 3828 1352 3905 Dominus
1410 3849 1573 3901 super
1603 3843 1796 3887 terram
1840 3849 1859 3886 .'
1904 3838 2055 3905 quasi

496 3922 680 3982 aperte
711 3915 909 3968 diceret
937 3934 947 3968 :
989 3917 1283 3985 Antequam
1310 3903 1555 3986 peccaret
1582 3922 1789 3987 anima,
1821 3903 2056 3980 non—dum

486 4002 726 4057 ‘nuliihns
775 4002 1168 4071 Scripturarum
1223 4007 1453 4075 pluviam
1503 4009 1757 4064 doctrina:
1801 4013 2055 4069 Dominus

498 4094 562 4145 ad
605 4094 831 4146 animam
884 4095 1205 4165 irrigandam
1252 4109 1618 4164 concesserat;
1671 4104 1905 4157 nondum
1933 4120 2055 4173 pro-

488 4190 615 4247 pter
632 4182 918 4245 hominem,
936 4183 1024 4249 qui
1052 4191 1132 4236 est
1150 4192 1313 4245 terra,
1332 4186 1584 4241 Dominus
1611 4197 1792 4241 noster
1815 4192 2051 4246 nubilum

499 4273 675 4326 carnis
708 4282 899 4326 nostrae
923 4284 1304 4342 assumpscrat,
1328 4293 1421 4344 per
1445 4280 1583 4345 quod
1621 4282 1845 4335 imbrem
1882 4287 2053 4340 saneti

490 4362 765 4431 Evangelii
796 4360 1153 4429 largissimum
1178 4363 1385 4417 infudit.
1406 4366 1555 4430 Quod
1588 4383 1714 4422 vero
1740 4370 2049 4439 subjunxit:

498 4451 565 4503 [εἰ
592 4451 743 4501 Ιιοηιο
768 4466 867 4501 non
888 4460 996 4503 erat
1024 4450 1113 4520 qui
1141 4464 1439 4520 operaretur
1461 4465 1655 4509 terram
1682 4470 1700 4507 :
1726 4460 1851 4526 quia
1878 4461 2052 4515 nullus

496 4539 656 4592 homo
679 4544 927 4605 operatus
956 4547 1039 4591 est
1084 4541 1134 4592 in
1166 4540 1384 4609 virgine,
1434 4544 1573 4597 unde
1602 4553 1758 4599 natus
1792 4555 1874 4601 est
1898 4548 2053 4603 Chri-

499 4635 634 4677 stus.
680 4625 794 4689 lpse
848 4634 925 4676 est
980 4626 1119 4677 enim
1169 4628 1300 4693 lapis
1352 4630 1415 4682 de
1446 4640 1625 4685 monte
1649 4634 1892 4688 abscisus
1938 4616 2054 4692 sine

488 4714 765 4775 ‘-manil:us,
802 4713 851 4764 id
898 4721 998 4774 est,
1047 4714 1244 4783 absque
1278 4719 1418 4771 coitu
1458 4728 1509 4771 et
1552 4721 1787 4776 immane
1828 4726 2049 4791 semine,

498 4802 564 4855 de
593 4802 831 4869 virginali
878 4810 1051 4864 utero,
1079 4805 1229 4870 quasi
1263 4806 1325 4858 de
1364 4818 1541 4861 monte
1579 4811 1821 4865 human-.e
1852 4822 2053 4870 natura:

499 4901 552 4944 ct
588 4892 877 4955 substantia
904 4895 1082 4945 carnis
1110 4893 1365 4949 abscisus.
1411 4896 1513 4951 Sed
1556 4900 1669 4966 fons
1695 4906 1999 4957 ascendebat
2028 4922 2054 4959 e

501 4991 657 5043 terra,
691 4982 911 5048 irrigans
960 4985 1249 5036 uniuersam
1299 4989 1618 5056 superﬁciem
1668 5002 1837 5046 terra'.
1889 4995 2054 5050 Terra

500 5078 672 5123 mater
718 5071 865 5139 virgo
899 5072 1101 5124 Domini
1155 5073 1317 5127 Maria
1341 5078 1634 5131 rectissime
1677 5083 1955 5149 accipitur,
1991 5085 2056 5138 de

489 5170 603 5227 ‘qua
636 5158 889 5227 scriptum
924 5169 1005 5211 est
1034 5179 1043 5210 :
1078 5162 1355 5228 Aperiatur
1384 5175 1522 5217 terra
1571 5175 1619 5219 et
1662 5171 1907 5235 germinet
1937 5160 2055 5223 Sal-

502 5257 724 5298 valerem
758 5246 888 5299 (Ιςα.
921 5246 1062 5316 xcv).
1110 5249 1278 5314 Quam
1310 5259 1508 5306 terram
1552 5238 1795 5326 irrigavit
1826 5258 2056 5327 Spiritus

500 5344 738 5393 sanctus,
778 5334 866 5400 qui
910 5332 1071 5387 fontis
1105 5346 1159 5389 et
1210 5354 1358 5405 aqua:
1408 5346 1622 5397 nomine
1667 5347 1718 5399 in
1770 5348 2055 5417 Evangelio

506 5425 850 5490 significatur.
890 5423 1153 5477 Formarit
1197 5429 1352 5496 igitur
1380 5433 1515 5487 Deus
1543 5438 1795 5491 hominem
1827 5443 1890 5493 de
1932 5443 2054 5496 limo

507 5528 675 5573 λικε,
704 5513 751 5562 id
775 5521 874 5573 cst,
900 5513 1067 5577 [actus
1090 5528 1164 5567 est
1194 5514 1449 5581 Christus,
1472 5521 1619 5589 juxta
1650 5528 1791 5593 quod
1822 5529 2052 5598 aitApo-

506 5601 691 5662 stolus,
723 5620 777 5655 ω
817 5605 1003 5657 srminc
1034 5605 1197 5658 David
1228 5612 1503 5661 secundum
1531 5629 1734 5667 carnem
1766 5617 1945 5686 (liam.
1988 5623 2049 5690 ι),

2147 1852 2346 1921 posuit.
2379 1850 2561 1921 Neque
2606 1853 2872 1929 ullatenus
2922 1853 3267 1907 dubitandum
3298 1864 3381 1907 est
3409 1856 3713 1924 paradisum

2154 1940 2210 1995 in
2259 1955 2367 2010 quo
2421 1941 2634 2010 positus
2677 1950 2761 1996 est
2807 1942 2966 1996 homo
3010 1942 3232 2012 primus,
3262 1951 3316 1996 et
3360 1944 3405 1997 si
3461 1943 3717 1997 Ecclesiae

2148 2030 2449 2100 praesentis,
2480 2030 2563 2084 vel
2585 2029 2784 2084 futurae
2824 2028 3010 2100 patriae
3055 2038 3235 2100 typum
3272 2039 3436 2096 tenet,
3480 2034 3551 2085 ad
3596 2049 3718 2101 pro»

2146 2111 2432 2189 prietatem
2454 2120 2647 2174 litterze
2684 2118 3263 2195 intelligenduinesse,
3297 2122 3473 2177 locum
3514 2124 3719 2178 scilicet

2151 2209 2613 2275 ammnissimum,
2669 2208 2958 2265 fructuosis
3014 2212 3324 2266 nemoribus
3388 2202 3717 2282 opacatum,

2145 2300 2503 2370 'eumdemque
2544 2315 2831 2371 magnum,
2867 2310 2922 2355 et
2968 2315 3161 2371 magno
3207 2300 3359 2356 fonte
3406 2304 3716 2359 fecundum.

2150 2386 2256 2443 Pro
2283 2402 2347 2442 eo
2394 2397 2573 2444 autem
2605 2389 2746 2457 quod
2772 2398 2954 2444 nostra
2980 2389 3167 2455 editio,
3210 2405 3329 2459 quae
3356 2391 3421 2445 de
3449 2391 3716 2447 Hebraica

2150 2480 2379 2534 veritate
2408 2480 2659 2534 translata
2690 2489 2795 2546 est,
2826 2481 2986 2536 habet
3022 2498 3053 2555 ᾳ
3101 2483 3371 2553 principio,
3399 2483 3453 2537 in
3494 2484 3720 2554 antiqua

2148 2558 2499 2623 translatione
2512 2570 2741 2638 positum
2756 2576 2860 2633 est,
2875 2570 2943 2623 ad
2964 2571 3230 2623 orientem.
3249 2570 3324 2624 Ex
3347 2586 3453 2640 quo
3476 2573 3719 2629 nonnulli

2149 2656 2334 2711 volunt
2359 2656 2578 2728 intelligi
2599 2657 2741 2727 quod
2761 2659 2818 2712 in
2836 2658 3079 2713 orientali
3102 2667 3254 2727 parte
3280 2659 3423 2714 orbis
3450 2670 3719 2716 terrarum

2150 2746 2221 2800 sit
2249 2746 2396 2801 locus
2425 2746 2690 2815 paradisi,
2722 2748 2967 2817 quamvis
3009 2746 3318 2816 longissimo
3366 2750 3721 2819 interjacento

2153 2836 2346 2904 Spatio,
2389 2836 2470 2890 vel
2507 2835 2728 2901 Oceani,
2768 2838 2847 2889 vel
2900 2846 3196 2904 terrarum,
3226 2854 3257 2892 a
3284 2840 3493 2894 cunctis
3539 2842 3720 2909 regio-

2147 2924 2327 2988 nibus,
2359 2940 2493 2993 quas
2526 2940 2665 2980 nunc
2692 2926 2984 2980 humanum
3016 2943 3182 2997 genus
3209 2928 3394 2982 incolit
3427 2938 3716 2983 secretum.

2155 3013 2306 3069 Unde
2332 3028 2429 3069 nec
2468 3030 2621 3083 aqua:
2650 3016 2853 3081 diluvii,
2895 3032 3012 3086 qua:
3057 3026 3219 3071 totam
3246 3019 3413 3073 nostri
3453 3020 3598 3074 orbis
3625 3035 3723 3074 su-

2080 3083 2123 3143 C
2156 3102 2427 3172 perﬁciem
2470 3103 2727 3158 altissime
2747 3083 3157 3174 cooperuerunt,
3187 3107 3253 3160 ad
3279 3122 3399 3160 eum
3430 3109 3721 3176 pervenire

2156 3200 2460 3262 potuerunt.
2493 3192 2687 3249 Verum
2718 3195 2830 3249 sive
2857 3195 2950 3261 ibi,
2989 3212 3080 3249 seu
3118 3197 3240 3250 alibi
3267 3198 3358 3261 sit,
3393 3198 3534 3253 Deus
3557 3213 3720 3253 nove-

2153 3286 2248 3351 rit,
2271 3302 2368 3341 nos
2392 3295 2570 3341 tamen
2590 3287 2765 3342 locum
2810 3287 3161 3353 bunu'fuisse,
3192 3299 3245 3343 et
3271 3305 3388 3344 esse
3420 3301 3717 3357 terrenum,

2155 3376 2400 3432 dubitare
2428 3394 2533 3432 non
2554 3378 2696 3433 licet.
2731 3379 2967 3449 Denique
2989 3382 3334 3448 sequentibus
3359 3382 3539 3436 verbis
3569 3383 3721 3436 Scrio

2155 3473 2310 3537 plura
2338 3467 2545 3537 plenius
2569 3468 2802 3537 qualiter
2827 3484 2953 3523 eum
3002 3472 3139 3524 Deus
3162 3471 3509 3540 plantaverit,
3544 3486 3719 3540 expo~

2151 3556 2238 3611 nit
2264 3558 2449 3613 dicens
2477 3572 2490 3610 :

2224 3646 2583 3719 Produxitque
2614 3650 2863 3704 Dominus
2888 3650 3028 3705 Deus
3058 3655 3121 3705 de
3141 3653 3296 3707 humo
3334 3670 3481 3707 omne
3516 3653 3717 3722 lignum

2153 3740 2425 3811 pulchrum
2448 3742 2579 3806 visu,
2612 3752 2659 3795 et
2687 3742 2756 3794 ad
2787 3744 3085 3795 vescendum
3112 3761 3297 3808 suave;
3333 3744 3527 3812 lignum
3556 3745 3717 3813 etiam

2155 3833 2272 3885 vitte
2319 3834 2371 3884 in
2403 3822 2572 3885 medio
2611 3834 2862 3901 paradisi,
2895 3834 3189 3905 lignumque
3236 3836 3461 3889 scientia!
3502 3837 3619 3888 boui
3660 3848 3715 3888 et

2154 3918 2298 3972 mali.
2326 3918 2434 3973 Hoc
2459 3932 2523 3973 eo
2550 3920 2633 3974 die
2655 3920 2859 3975 factum
2904 3923 3235 3992 intelligitur,
3264 3939 3368 3993 quo
3408 3935 3461 3978 et
3511 3926 3714 3993 reliqua

2148 4011 2294 4082 ligna
2331 4010 2603 4067 fructifera
2633 4020 2774 4066 terra
2811 4013 2918 4066 Deo
2939 4012 3159 4080 jubente
3188 4014 3457 4082 produxit.
3495 4013 3600 4069 Sed
3624 4015 3715 4070 hic

2156 4102 2275 4157 ideo
2314 4105 2618 4158 necessario
2648 4106 2926 4175 repetitur,
2952 4115 3009 4160 ut
3057 4108 3230 4175 qualis
3256 4109 3326 4162 sit
3360 4107 3514 4163 locus
3560 4125 3717 4178 para-

2152 4195 2253 4249 disi
2292 4210 2449 4249 nosse
2476 4210 2777 4265 possemus,
2830 4198 3059 4251 maxime
3106 4199 3227 4267 quia
3285 4198 3351 4251 de
3391 4198 3539 4269 ligno
3567 4200 3710 4263 vitae,

2152 4284 2399 4354 lignoque
2438 4285 2674 4339 scientiae
2718 4286 2841 4339 boni
2886 4292 2940 4338 et
2977 4287 3098 4339 mali
3150 4296 3263 4341 erat
3293 4288 3593 4356 specialiter
3630 4304 3686 4342 re

2151 4370 2450 4427 ferendum.
2508 4375 2565 4427 ln
2621 4388 2845 4442 quorum
2905 4390 3010 4427 uno
3064 4376 3262 4429 homini
3323 4378 3529 4445 signum
3589 4379 3711 4432 obe-

2153 4461 2367 4515 dientiae
2408 4477 2566 4529 quam
2596 4464 2706 4518 Deo
2732 4463 2979 4528 debebat,
3010 4465 3063 4517 in
3112 4466 3279 4519 altero
3317 4477 3708 4521 sacramentum

2148 4550 2275 4603 vitm
2291 4560 2517 4613 aeternae,
2538 4566 2695 4618 quam
2716 4566 2811 4620 per
2830 4552 2997 4619 ipsam
3019 4554 3368 4608 obedientiam
3392 4566 3706 4617 mereretur,

2152 4642 2347 4695 inerat.
2391 4639 2457 4694 Et
2507 4643 2719 4711 quidem
2764 4634 2964 4713 lignum
2996 4644 3112 4697 vita:
3160 4644 3281 4698 inde
3327 4645 3548 4710 dictum,
3582 4648 3701 4714 quia

2154 4731 2293 4785 hanc
2315 4732 2587 4797 virtutem,
2610 4743 2669 4786 ut
2691 4734 2939 4797 diximus,
2956 4735 3205 4788 divinitus
3223 4738 3505 4803 acceperit,
3535 4747 3591 4789 ut
3616 4739 3703 4805 qui

2146 4837 2218 4877 ex
2248 4838 2313 4877 eo
2344 4824 2705 4887 manducaret,
2739 4839 2929 4891 corpus
2969 4822 3081 4889 ejus
3133 4824 3308 4878 stabili
3355 4828 3583 4880 sanitate
3625 4828 3705 4880 ﬁr-

2160 4921 2420 4974 maretur,
2454 4927 2624 4979 neque
2653 4912 2754 4965 ulla
2804 4928 3033 4982 unquam
3088 4908 3400 4969 infirmitate
3427 4917 3508 4969 vel
3551 4926 3704 4971 suate

2157 4998 2209 5052 in
2253 5000 2490 5054 deter-ius
2536 5009 2846 5063 mutaretur,
2878 5010 2973 5053 aut
3002 5003 3050 5053 in
3080 5016 3329 5055 occasum
3354 5007 3515 5056 etiam
3559 5006 3704 5059 labe—

2147 5099 2321 5143 retur.
2350 5088 2451 5144 Sed
2479 5091 2577 5145 hec
2608 5093 2677 5144 ita
2707 5091 3052 5159 corporaliter
3087 5091 3283 5145 factum
3309 5102 3410 5155 est,
3443 5103 3499 5146 ut
3524 5109 3700 5147 sacra-

2110 5196 2113 5201 ·
2155 5180 2318 5232 menti
2353 5190 2559 5247 quoque
2588 5188 2725 5233 esset
2755 5180 2919 5249 ﬁgura
2964 5182 3273 5249 spiritualis,
3316 5183 3368 5236 id
3394 5192 3497 5248 est,
3528 5186 3617 5238 Dei
3650 5196 3703 5239 et

2158 5265 2366 5319 Domini
2399 5268 2562 5320 nostri
2597 5266 2962 5330 Jesu-Christi,
2987 5269 3051 5321 de
3091 5283 3194 5336 quo
3224 5270 3274 5323 in
3298 5269 3459 5324 laude
3488 5274 3702 5341 sapien-

2155 5354 2245 5406 tia)
2273 5355 2467 5409 dictum
2498 5364 2621 5409 est:
2667 5354 2883 5423 Lignum
2924 5358 3035 5410 vita:
3079 5368 3153 5411 est
3182 5360 3260 5411 his
3300 5361 3388 5428 qui
3426 5363 3706 5429 apprehen—

2154 5445 2321 5497 derint
2344 5464 2474 5499 eam.
2516 5447 2579 5500 Et
2600 5448 2652 5499 in
2682 5448 2993 5518 Apocalypsi
3025 5452 3190 5504 sancti
3234 5450 3452 5505 Joannis
3482 5453 3655 5521 inquit
3688 5472 3702 5508 :

2158 5530 2262 5595 Qui
2288 5536 2479 5598 vicerit,
2509 5534 2639 5586 dabo
2682 5535 2728 5587 ei
2767 5535 2913 5588 edere
2954 5538 3015 5590 de
3043 5539 3180 5607 ligno
3218 5542 3331 5593 vitte
3357 5539 3496 5607 quod
3536 5550 3609 5593 est
3650 5540 3707 5596 in

2156 5625 2400 5690 paradiso
2426 5622 2516 5675 Dei
2537 5622 2633 5675 mei
2661 5623 2838 5691 (Apoc.
2878 5625 2956 5691 ιι).
2983 5627 3129 5692 Quod
3155 5637 3234 5681 cst
3274 5636 3457 5698 aperte
3482 5630 3663 5686 dicere
3688 5649 3701 5683 :
