  <div class='ocr_page' id='page_1' title='image "/cluster/home/n/w/nwhite01/storage/ocr_20150623/107/uva.x000827064/244.png"; bbox 0 0 3968 6366; ppageno 0'>
   <div class='ocr_carea' id='block_1_1' title="bbox 188 358 289 412">
    <p class='ocr_par' dir='ltr' id='par_1_1' title="bbox 188 358 289 412">
     <span class='ocr_line' id='line_1_1' title="bbox 188 358 289 412; baseline 0.01 -2"><span class='ocrx_word' id='word_1_1' title='bbox 188 358 289 412; x_wconf 55' lang='lat'><strong>377</strong></span> 
     </span>
    </p>
   </div>
   <div class='ocr_carea' id='block_1_2' title="bbox 185 570 1742 649">
    <p class='ocr_par' dir='ltr' id='par_1_2' title="bbox 185 570 1742 649">
     <span class='ocr_line' id='line_1_2' title="bbox 185 570 1742 649; baseline 0.005 -31"><span class='ocrx_word' id='word_1_2' title='bbox 185 570 362 625; x_wconf 80' lang='lat' dir='ltr'><strong>victus</strong></span> <span class='ocrx_word' id='word_1_3' title='bbox 382 580 461 625; x_wconf 87' lang='lat' dir='ltr'><strong>est</strong></span> <span class='ocrx_word' id='word_1_4' title='bbox 488 571 677 633; x_wconf 71' lang='lat' dir='ltr'><strong>Adam,</strong></span> <span class='ocrx_word' id='word_1_5' title='bbox 698 573 831 649; x_wconf 81' lang='lat' dir='ltr'><strong>dabo</strong></span> <span class='ocrx_word' id='word_1_6' title='bbox 856 573 992 641; x_wconf 89' lang='lat' dir='ltr'><strong>quod</strong></span> <span class='ocrx_word' id='word_1_7' title='bbox 1018 574 1240 627; x_wconf 71' lang='lat' dir='ltr'><strong>daturus</strong></span> <span class='ocrx_word' id='word_1_8' title='bbox 1261 589 1431 632; x_wconf 87' lang='lat' dir='ltr'><strong>eram,</strong></span> <span class='ocrx_word' id='word_1_9' title='bbox 1459 573 1500 627; x_wconf 90' lang='lat' dir='ltr'><strong>si</strong></span> <span class='ocrx_word' id='word_1_10' title='bbox 1533 572 1742 636; x_wconf 88' lang='lat' dir='ltr'><strong>vicerit,</strong></span> 
     </span>
    </p>
   </div>
   <div class='ocr_carea' id='block_1_3' title="bbox 188 660 1743 734">
    <p class='ocr_par' dir='ltr' id='par_1_3' title="bbox 188 660 1743 734">
     <span class='ocr_line' id='line_1_3' title="bbox 188 660 1743 734; baseline 0.001 -21"><span class='ocrx_word' id='word_1_11' title='bbox 188 661 339 723; x_wconf 73' lang='lat' dir='ltr'><strong>Athe,</strong></span> <span class='ocrx_word' id='word_1_12' title='bbox 364 669 422 714; x_wconf 73' lang='lat' dir='ltr'><strong>ut</strong></span> <span class='ocrx_word' id='word_1_13' title='bbox 449 662 695 729; x_wconf 67' lang='lat' dir='ltr'><strong>prmsenti</strong></span> <span class='ocrx_word' id='word_1_14' title='bbox 728 660 927 716; x_wconf 76' lang='lat' dir='ltr'><strong>visione</strong></span> <span class='ocrx_word' id='word_1_15' title='bbox 964 664 1130 734; x_wconf 78' lang='lat' dir='ltr'><strong>gloria</strong></span> <span class='ocrx_word' id='word_1_16' title='bbox 1157 663 1355 718; x_wconf 80' lang='lat' dir='ltr'><strong>Christi</strong></span> <span class='ocrx_word' id='word_1_17' title='bbox 1399 665 1454 717; x_wconf 92' lang='lat' dir='ltr'><strong>in</strong></span> <span class='ocrx_word' id='word_1_18' title='bbox 1482 671 1743 717; x_wconf 68' lang='lat' dir='ltr'><strong>aeternum</strong></span> 
     </span>
    </p>
   </div>
   <div class='ocr_carea' id='block_1_4' title="bbox 184 751 1745 822">
    <p class='ocr_par' dir='ltr' id='par_1_4' title="bbox 184 751 1745 822">
     <span class='ocr_line' id='line_1_4' title="bbox 184 751 1745 822; baseline 0.003 -19"><span class='ocrx_word' id='word_1_19' title='bbox 184 752 483 815; x_wconf 85' lang='lat' dir='ltr'><strong>reticiatur,</strong></span> <span class='ocrx_word' id='word_1_20' title='bbox 515 751 738 819; x_wconf 79' lang='lat' dir='ltr'><strong>ideoque</strong></span> <span class='ocrx_word' id='word_1_21' title='bbox 768 753 909 806; x_wconf 91' lang='lat' dir='ltr'><strong>nullo</strong></span> <span class='ocrx_word' id='word_1_22' title='bbox 953 754 1123 822; x_wconf 90' lang='lat' dir='ltr'><strong>possit</strong></span> <span class='ocrx_word' id='word_1_23' title='bbox 1161 755 1374 808; x_wconf 84' lang='lat' dir='ltr'><strong>incursu</strong></span> <span class='ocrx_word' id='word_1_24' title='bbox 1420 753 1609 807; x_wconf 90' lang='lat' dir='ltr'><strong>mortis</strong></span> <span class='ocrx_word' id='word_1_25' title='bbox 1656 762 1745 807; x_wconf 80' lang='lat' dir='ltr'><strong>at-</strong></span> 
     </span>
    </p>
   </div>
   <div class='ocr_carea' id='block_1_5' title="bbox 187 838 1745 909">
    <p class='ocr_par' dir='ltr' id='par_1_5' title="bbox 187 838 1745 909">
     <span class='ocr_line' id='line_1_5' title="bbox 187 838 1745 909; baseline 0.001 -16"><span class='ocrx_word' id='word_1_26' title='bbox 187 838 342 905; x_wconf 74' lang='lat' dir='ltr'><strong>tingi.</strong></span> <span class='ocrx_word' id='word_1_27' title='bbox 386 840 485 905; x_wconf 91' lang='lat' dir='ltr'><strong>Qui</strong></span> <span class='ocrx_word' id='word_1_28' title='bbox 517 839 761 909; x_wconf 77' lang='lat' dir='ltr'><strong>videlicet</strong></span> <span class='ocrx_word' id='word_1_29' title='bbox 789 842 1043 896; x_wconf 81' lang='lat' dir='ltr'><strong>Dominus</strong></span> <span class='ocrx_word' id='word_1_30' title='bbox 1074 841 1337 907; x_wconf 75' lang='lat' dir='ltr'><strong>ChriStus,</strong></span> <span class='ocrx_word' id='word_1_31' title='bbox 1377 842 1549 896; x_wconf 88' lang='lat' dir='ltr'><strong>virtus</strong></span> <span class='ocrx_word' id='word_1_32' title='bbox 1576 849 1629 895; x_wconf 88' lang='lat' dir='ltr'><strong>et</strong></span> <span class='ocrx_word' id='word_1_33' title='bbox 1657 848 1745 895; x_wconf 74' lang='lat' dir='ltr'><strong>Sa-</strong></span> 
     </span>
    </p>
   </div>
   <div class='ocr_carea' id='block_1_6' title="bbox 182 926 1741 1003">
    <p class='ocr_par' dir='ltr' id='par_1_6' title="bbox 182 926 1741 1003">
     <span class='ocr_line' id='line_1_6' title="bbox 182 926 1741 1003; baseline 0.002 -21"><span class='ocrx_word' id='word_1_34' title='bbox 182 930 386 998; x_wconf 84' lang='lat' dir='ltr'><strong>pientia</strong></span> <span class='ocrx_word' id='word_1_35' title='bbox 430 931 523 987; x_wconf 91' lang='lat' dir='ltr'><strong>Dei</strong></span> <span class='ocrx_word' id='word_1_36' title='bbox 568 930 761 996; x_wconf 78' lang='lat' dir='ltr'><strong>Patris,</strong></span> <span class='ocrx_word' id='word_1_37' title='bbox 806 933 856 985; x_wconf 88' lang='lat' dir='ltr'><strong>in</strong></span> <span class='ocrx_word' id='word_1_38' title='bbox 886 931 1129 1002; x_wconf 73' lang='lat' dir='ltr'><strong>paradiso</strong></span> <span class='ocrx_word' id='word_1_39' title='bbox 1168 943 1250 987; x_wconf 89' lang='lat' dir='ltr'><strong>est</strong></span> <span class='ocrx_word' id='word_1_40' title='bbox 1292 934 1438 1003; x_wconf 85' lang='lat' dir='ltr'><strong>regni</strong></span> <span class='ocrx_word' id='word_1_41' title='bbox 1483 926 1741 997; x_wconf 66' lang='lat' dir='ltr'><strong>cdélestis,</strong></span> 
     </span>
    </p>
   </div>
   <div class='ocr_carea' id='block_1_7' title="bbox 183 1021 1741 1095">
    <p class='ocr_par' dir='ltr' id='par_1_7' title="bbox 183 1021 1741 1095">
     <span class='ocr_line' id='line_1_7' title="bbox 183 1021 1741 1095; baseline 0.003 -27"><span class='ocrx_word' id='word_1_42' title='bbox 183 1033 347 1086; x_wconf 88' lang='lat' dir='ltr'><strong>quem</strong></span> <span class='ocrx_word' id='word_1_43' title='bbox 394 1035 513 1075; x_wconf 92' lang='lat' dir='ltr'><strong>cum</strong></span> <span class='ocrx_word' id='word_1_44' title='bbox 563 1023 775 1095; x_wconf 70' lang='lat' dir='ltr'><strong>cmtcris</strong></span> <span class='ocrx_word' id='word_1_45' title='bbox 822 1022 1022 1076; x_wconf 84' lang='lat' dir='ltr'><strong>sanctis</strong></span> <span class='ocrx_word' id='word_1_46' title='bbox 1060 1023 1218 1077; x_wconf 89' lang='lat' dir='ltr'><strong>etiam</strong></span> <span class='ocrx_word' id='word_1_47' title='bbox 1261 1021 1533 1077; x_wconf 85' lang='lat' dir='ltr'><strong>confitenti</strong></span> <span class='ocrx_word' id='word_1_48' title='bbox 1575 1037 1633 1076; x_wconf 90' lang='lat' dir='ltr'><strong>se</strong></span> <span class='ocrx_word' id='word_1_49' title='bbox 1688 1021 1741 1075; x_wconf 91' lang='lat' dir='ltr'><strong>in</strong></span> 
     </span>
    </p>
   </div>
   <div class='ocr_carea' id='block_1_8' title="bbox 182 1106 1745 1181">
    <p class='ocr_par' dir='ltr' id='par_1_8' title="bbox 182 1106 1745 1181">
     <span class='ocr_line' id='line_1_8' title="bbox 182 1106 1745 1181; baseline 0.002 -19"><span class='ocrx_word' id='word_1_50' title='bbox 182 1122 347 1163; x_wconf 84' lang='lat' dir='ltr'><strong>cruce</strong></span> <span class='ocrx_word' id='word_1_51' title='bbox 377 1108 570 1163; x_wconf 82' lang='lat' dir='ltr'><strong>latroni</strong></span> <span class='ocrx_word' id='word_1_52' title='bbox 616 1106 927 1180; x_wconf 88' lang='lat' dir='ltr'><strong>promittere</strong></span> <span class='ocrx_word' id='word_1_53' title='bbox 974 1111 1223 1181; x_wconf 75' lang='lat' dir='ltr'><strong>dignatus</strong></span> <span class='ocrx_word' id='word_1_54' title='bbox 1251 1119 1351 1167; x_wconf 89' lang='lat' dir='ltr'><strong>est.</strong></span> <span class='ocrx_word' id='word_1_55' title='bbox 1383 1107 1639 1181; x_wconf 80' lang='lat' dir='ltr'><strong>Sequitur</strong></span> <span class='ocrx_word' id='word_1_56' title='bbox 1688 1119 1745 1165; x_wconf 91' lang='lat' dir='ltr'><strong>ut</strong></span> 
     </span>
    </p>
   </div>
   <div class='ocr_carea' id='block_1_9' title="bbox 182 1197 1746 1272">
    <p class='ocr_par' dir='ltr' id='par_1_9' title="bbox 182 1197 1746 1272">
     <span class='ocr_line' id='line_1_9' title="bbox 182 1197 1746 1272; baseline 0.003 -22"><span class='ocrx_word' id='word_1_57' title='bbox 182 1197 462 1254; x_wconf 81' lang='lat' dir='ltr'><strong>videamus</strong></span> <span class='ocrx_word' id='word_1_58' title='bbox 492 1201 557 1255; x_wconf 86' lang='lat' dir='ltr'><strong>de</strong></span> <span class='ocrx_word' id='word_1_59' title='bbox 597 1200 739 1272; x_wconf 78' lang='lat' dir='ltr'><strong>ligno</strong></span> <span class='ocrx_word' id='word_1_60' title='bbox 778 1197 1016 1256; x_wconf 64' lang='lat' dir='ltr'><strong>scientiae</strong></span> <span class='ocrx_word' id='word_1_61' title='bbox 1072 1202 1413 1271; x_wconf 78' lang='lat' dir='ltr'><strong>dignosceudi</strong></span> <span class='ocrx_word' id='word_1_62' title='bbox 1455 1201 1651 1254; x_wconf 84' lang='lat' dir='ltr'><strong>bonum</strong></span> <span class='ocrx_word' id='word_1_63' title='bbox 1692 1212 1746 1254; x_wconf 87' lang='lat' dir='ltr'><strong>et</strong></span> 
     </span>
    </p>
   </div>
   <div class='ocr_carea' id='block_1_10' title="bbox 181 1284 1743 1361">
    <p class='ocr_par' dir='ltr' id='par_1_10' title="bbox 181 1284 1743 1361">
     <span class='ocr_line' id='line_1_10' title="bbox 181 1284 1743 1361; baseline 0 -20"><span class='ocrx_word' id='word_1_64' title='bbox 181 1287 405 1342; x_wconf 80' lang='lat' dir='ltr'><strong>malum.</strong></span> <span class='ocrx_word' id='word_1_65' title='bbox 434 1286 658 1344; x_wconf 81' lang='lat' dir='ltr'><strong>Pr’orsus</strong></span> <span class='ocrx_word' id='word_1_66' title='bbox 695 1294 750 1344; x_wconf 91' lang='lat' dir='ltr'><strong>et</strong></span> <span class='ocrx_word' id='word_1_67' title='bbox 778 1288 877 1344; x_wconf 75' lang='lat' dir='ltr'><strong>huc</strong></span> <span class='ocrx_word' id='word_1_68' title='bbox 924 1287 1123 1361; x_wconf 85' lang='lat' dir='ltr'><strong>lignum</strong></span> <span class='ocrx_word' id='word_1_69' title='bbox 1154 1299 1269 1345; x_wconf 88' lang='lat' dir='ltr'><strong>erat</strong></span> <span class='ocrx_word' id='word_1_70' title='bbox 1294 1288 1501 1343; x_wconf 87' lang='lat' dir='ltr'><strong>visibile</strong></span> <span class='ocrx_word' id='word_1_71' title='bbox 1538 1284 1593 1342; x_wconf 75' lang='lat' dir='ltr'><strong>e&#39;t</strong></span> <span class='ocrx_word' id='word_1_72' title='bbox 1616 1301 1743 1343; x_wconf 85' lang='lat' dir='ltr'><strong>&#39;cor-</strong></span> 
     </span>
    </p>
   </div>
   <div class='ocr_carea' id='block_1_11' title="bbox 179 1366 1743 1449">
    <p class='ocr_par' dir='ltr' id='par_1_11' title="bbox 179 1366 1743 1449">
     <span class='ocr_line' id='line_1_11' title="bbox 179 1366 1743 1449; baseline -0.001 -16"><span class='ocrx_word' id='word_1_73' title='bbox 179 1378 364 1447; x_wconf 75' lang='lat' dir='ltr'><strong>porale</strong></span> <span class='ocrx_word' id='word_1_74' title='bbox 384 1379 522 1434; x_wconf 86' lang='lat' dir='ltr'><strong>sicut</strong></span> <span class='ocrx_word' id='word_1_75' title='bbox 542 1380 760 1434; x_wconf 88' lang='lat' dir='ltr'><strong>arbores</strong></span> <span class='ocrx_word' id='word_1_76' title='bbox 782 1368 1006 1434; x_wconf 55' lang='lat' dir='ltr'><strong>caetera:</strong></span> <span class='ocrx_word' id='word_1_77' title='bbox 1030 1366 1180 1446; x_wconf 82' lang='lat' dir='ltr'><strong>Quod</strong></span> <span class='ocrx_word' id='word_1_78' title='bbox 1209 1395 1334 1449; x_wconf 77' lang='lat' dir='ltr'><strong>ergo</strong></span> <span class='ocrx_word' id='word_1_79' title='bbox 1353 1380 1551 1449; x_wconf 82' lang='lat' dir='ltr'><strong>lignum</strong></span> <span class='ocrx_word' id='word_1_80' title='bbox 1578 1386 1743 1444; x_wconf 84' lang='lat' dir='ltr'><strong>esset,</strong></span> 
     </span>
    </p>
   </div>
   <div class='ocr_carea' id='block_1_12' title="bbox 181 1464 1743 1544">
    <p class='ocr_par' dir='ltr' id='par_1_12' title="bbox 181 1464 1743 1544">
     <span class='ocr_line' id='line_1_12' title="bbox 181 1464 1743 1544; baseline -0.002 -18"><span class='ocrx_word' id='word_1_81' title='bbox 181 1482 290 1525; x_wconf 88' lang='lat' dir='ltr'><strong>non</strong></span> <span class='ocrx_word' id='word_1_82' title='bbox 326 1479 411 1526; x_wconf 89' lang='lat' dir='ltr'><strong>est</strong></span> <span class='ocrx_word' id='word_1_83' title='bbox 432 1464 929 1544; x_wconf 84' lang='lat' dir='ltr'><strong>dubitandum,sed</strong></span> <span class='ocrx_word' id='word_1_84' title='bbox 957 1487 1054 1526; x_wconf 91' lang='lat' dir='ltr'><strong>cur</strong></span> <span class='ocrx_word' id='word_1_85' title='bbox 1080 1472 1181 1527; x_wconf 89' lang='lat' dir='ltr'><strong>hoc</strong></span> <span class='ocrx_word' id='word_1_86' title='bbox 1224 1486 1415 1526; x_wconf 89' lang='lat' dir='ltr'><strong>nomen</strong></span> <span class='ocrx_word' id='word_1_87' title='bbox 1454 1470 1743 1540; x_wconf 85' lang='lat' dir='ltr'><strong>acceperit,</strong></span> 
     </span>
    </p>
   </div>
   <div class='ocr_carea' id='block_1_13' title="bbox 179 1545 1743 1630">
    <p class='ocr_par' dir='ltr' id='par_1_13' title="bbox 179 1545 1743 1630">
     <span class='ocr_line' id='line_1_13' title="bbox 179 1545 1743 1630; baseline -0.003 -14"><span class='ocrx_word' id='word_1_88' title='bbox 179 1560 583 1629; x_wconf 64' lang='lat' dir='ltr'><strong>reqninendum‘.</strong></span> <span class='ocrx_word' id='word_1_89' title='bbox 636 1558 761 1615; x_wconf 79' lang='lat' dir='ltr'><strong>Mihi</strong></span> <span class='ocrx_word' id='word_1_90' title='bbox 796 1545 973 1615; x_wconf 81' lang='lat' dir='ltr'><strong>autem</strong></span> <span class='ocrx_word' id='word_1_91' title='bbox 1004 1560 1165 1615; x_wconf 77' lang='lat' dir='ltr'><strong>etiam</strong></span> <span class='ocrx_word' id='word_1_92' title='bbox 1196 1566 1345 1630; x_wconf 69' lang='lat' dir='ltr'><strong>teque</strong></span> <span class='ocrx_word' id='word_1_93' title='bbox 1384 1552 1743 1614; x_wconf 80' lang='lat' dir='ltr'><strong>consideranti</strong></span> 
     </span>
    </p>
   </div>
   <div class='ocr_carea' id='block_1_14' title="bbox 179 1636 1743 1720">
    <p class='ocr_par' dir='ltr' id='par_1_14' title="bbox 179 1636 1743 1720">
     <span class='ocr_line' id='line_1_14' title="bbox 179 1636 1743 1720; baseline 0.001 -17"><span class='ocrx_word' id='word_1_94' title='bbox 179 1645 285 1703; x_wconf 84' lang='lat' dir='ltr'><strong>dici</strong></span> <span class='ocrx_word' id='word_1_95' title='bbox 330 1663 437 1704; x_wconf 86' lang='lat' dir='ltr'><strong>non</strong></span> <span class='ocrx_word' id='word_1_96' title='bbox 463 1656 638 1718; x_wconf 79' lang='lat' dir='ltr'><strong>potest</strong></span> <span class='ocrx_word' id='word_1_97' title='bbox 659 1657 920 1719; x_wconf 91' lang='lat' dir='ltr'><strong>quantum</strong></span> <span class='ocrx_word' id='word_1_98' title='bbox 947 1650 1154 1720; x_wconf 84' lang='lat' dir='ltr'><strong>placeat</strong></span> <span class='ocrx_word' id='word_1_99' title='bbox 1183 1636 1272 1703; x_wconf 76' lang='lat' dir='ltr'><strong>illa</strong></span> <span class='ocrx_word' id='word_1_100' title='bbox 1296 1650 1561 1705; x_wconf 81' lang='lat' dir='ltr'><strong>sententia</strong></span> <span class='ocrx_word' id='word_1_101' title='bbox 1578 1690 1593 1715; x_wconf 86' lang='lat'><strong>,</strong></span> <span class='ocrx_word' id='word_1_102' title='bbox 1636 1666 1743 1705; x_wconf 80' lang='lat' dir='ltr'><strong>non</strong></span> 
     </span>
    </p>
   </div>
   <div class='ocr_carea' id='block_1_15' title="bbox 178 1736 1742 1809">
    <p class='ocr_par' dir='ltr' id='par_1_15' title="bbox 178 1736 1742 1809">
     <span class='ocr_line' id='line_1_15' title="bbox 178 1736 1742 1809; baseline 0.003 -19"><span class='ocrx_word' id='word_1_103' title='bbox 178 1736 347 1792; x_wconf 77' lang='lat' dir='ltr'><strong>fuisse</strong></span> <span class='ocrx_word' id='word_1_104' title='bbox 384 1737 528 1793; x_wconf 82' lang='lat' dir='ltr'><strong>illam</strong></span> <span class='ocrx_word' id='word_1_105' title='bbox 566 1740 811 1794; x_wconf 84' lang='lat' dir='ltr'><strong>arborem</strong></span> <span class='ocrx_word' id='word_1_106' title='bbox 866 1742 986 1795; x_wconf 90' lang='lat' dir='ltr'><strong>cibo</strong></span> <span class='ocrx_word' id='word_1_107' title='bbox 1034 1740 1337 1794; x_wconf 81' lang='lat' dir='ltr'><strong>obnoxiam.</strong></span> <span class='ocrx_word' id='word_1_108' title='bbox 1370 1740 1554 1809; x_wconf 82' lang='lat' dir='ltr'><strong>Neque</strong></span> <span class='ocrx_word' id='word_1_109' title='bbox 1598 1740 1742 1796; x_wconf 88' lang='lat' dir='ltr'><strong>enim</strong></span> 
     </span>
    </p>
   </div>
   <div class='ocr_carea' id='block_1_16' title="bbox 1200 346 2359 424">
    <p class='ocr_par' dir='ltr' id='par_1_16' title="bbox 1200 346 2359 424">
     <span class='ocr_line' id='line_1_16' title="bbox 1200 346 2359 424; baseline -0.001 0"><span class='ocrx_word' id='word_1_110' title='bbox 1200 348 1544 424; x_wconf 70' lang='lat' dir='ltr'><strong>COMMENT.</strong></span> <span class='ocrx_word' id='word_1_111' title='bbox 1588 364 1650 418; x_wconf 57' lang='grc' dir='ltr'>ιχ</span> <span class='ocrx_word' id='word_1_112' title='bbox 1690 346 2007 419; x_wconf 72' lang='lat' dir='ltr'><strong>GENESIM.</strong></span> <span class='ocrx_word' id='word_1_113' title='bbox 2048 397 2114 406; x_wconf 87' lang='grc'><strong><em>-</em></strong></span> <span class='ocrx_word' id='word_1_114' title='bbox 2154 366 2278 422; x_wconf 81' lang='lat' dir='ltr'><strong>Lm.</strong></span> <span class='ocrx_word' id='word_1_115' title='bbox 2322 367 2359 423; x_wconf 88' lang='grc' dir='ltr'><strong>ι.</strong></span> 
     </span>
    </p>
   </div>
   <div class='ocr_carea' id='block_1_17' title="bbox 182 475 3052 554">
    <p class='ocr_par' dir='ltr' id='par_1_17' title="bbox 182 475 3052 554">
     <span class='ocr_line' id='line_1_17' title="bbox 182 475 3052 554; baseline 0.002 -23"><span class='ocrx_word' id='word_1_116' title='bbox 182 477 287 542; x_wconf 81' lang='lat' dir='ltr'><strong>Qui</strong></span> <span class='ocrx_word' id='word_1_117' title='bbox 320 481 506 533; x_wconf 84' lang='lat' dir='ltr'><strong>vicerit</strong></span> <span class='ocrx_word' id='word_1_118' title='bbox 557 481 899 535; x_wconf 83' lang='lat' dir='ltr'><strong>tentatiunem</strong></span> <span class='ocrx_word' id='word_1_119' title='bbox 947 482 1206 551; x_wconf 90' lang='lat' dir='ltr'><strong>serpentis</strong></span> <span class='ocrx_word' id='word_1_120' title='bbox 1256 482 1498 549; x_wconf 87' lang='lat' dir='ltr'><strong>antiqui,</strong></span> <span class='ocrx_word' id='word_1_121' title='bbox 1553 497 1582 534; x_wconf 92' lang='lat' dir='ltr'><strong>a</strong></span> <span class='ocrx_word' id='word_1_122' title='bbox 1634 492 1739 548; x_wconf 85' lang='lat' dir='ltr'><strong>quo</strong></span> <span class='ocrx_word' id='word_1_123' title='bbox 1769 480 1814 537; x_wconf 76' lang='grc' dir='ltr'><strong>Α</strong></span> <span class='ocrx_word' id='word_1_124' title='bbox 1914 475 2018 541; x_wconf 84' lang='lat' dir='ltr'><strong>Qui</strong></span> <span class='ocrx_word' id='word_1_125' title='bbox 2062 477 2181 531; x_wconf 84' lang='lat' dir='ltr'><strong>inde</strong></span> <span class='ocrx_word' id='word_1_126' title='bbox 2219 479 2468 533; x_wconf 78' lang='lat' dir='ltr'><strong>dividitur</strong></span> <span class='ocrx_word' id='word_1_127' title='bbox 2494 482 2545 533; x_wconf 87' lang='lat' dir='ltr'><strong>in</strong></span> <span class='ocrx_word' id='word_1_128' title='bbox 2577 492 2803 551; x_wconf 85' lang='lat' dir='ltr'><strong>quatuor</strong></span> <span class='ocrx_word' id='word_1_129' title='bbox 2827 486 2996 554; x_wconf 68' lang='lat' dir='ltr'><strong>Capita</strong></span> <span class='ocrx_word' id='word_1_130' title='bbox 3033 500 3052 537; x_wconf 90' lang='lat'><strong><em>:</em></strong></span> 
     </span>
    </p>
   </div>
   <div class='ocr_carea' id='block_1_18' title="bbox 3305 363 3407 431">
    <p class='ocr_par' dir='ltr' id='par_1_18' title="bbox 3305 363 3407 431">
     <span class='ocr_line' id='line_1_18' title="bbox 3305 363 3407 431; baseline 0.02 -3"><span class='ocrx_word' id='word_1_131' title='bbox 3305 363 3407 431; x_wconf 60' lang='grc'><strong>678</strong></span> 
     </span>
    </p>
   </div>
   <div class='ocr_carea' id='block_1_19' title="bbox 3104 480 3407 538">
    <p class='ocr_par' dir='ltr' id='par_1_19' title="bbox 3104 480 3407 538">
     <span class='ocr_line' id='line_1_19' title="bbox 3104 480 3407 538; baseline 0.007 -2"><span class='ocrx_word' id='word_1_132' title='bbox 3104 480 3284 538; x_wconf 75' lang='lat' dir='ltr'><strong>nomen</strong></span> <span class='ocrx_word' id='word_1_133' title='bbox 3318 490 3407 538; x_wconf 86' lang='lat' dir='ltr'><strong>nni</strong></span> 
     </span>
    </p>
   </div>
   <div class='ocr_carea' id='block_1_20' title="bbox 1846 561 3402 638">
    <p class='ocr_par' dir='ltr' id='par_1_20' title="bbox 1846 561 3402 638">
     <span class='ocr_line' id='line_1_20' title="bbox 1846 561 3402 638; baseline 0.007 -22"><span class='ocrx_word' id='word_1_134' title='bbox 1846 561 2063 619; x_wconf 78' lang='lat' dir='ltr'><strong>Phison.</strong></span> <span class='ocrx_word' id='word_1_135' title='bbox 2082 566 2321 632; x_wconf 85' lang='lat' dir='ltr'><strong>Constat,</strong></span> <span class='ocrx_word' id='word_1_136' title='bbox 2354 571 2716 631; x_wconf 87' lang='lat' dir='ltr'><strong>astruentibus</strong></span> <span class='ocrx_word' id='word_1_137' title='bbox 2744 572 3055 628; x_wconf 84' lang='lat' dir='ltr'><strong>certissimis</strong></span> <span class='ocrx_word' id='word_1_138' title='bbox 3077 574 3402 638; x_wconf 76' lang='lat' dir='ltr'><strong>auctoribus,</strong></span> 
     </span>
    </p>
   </div>
   <div class='ocr_carea' id='block_1_21' title="bbox 1843 655 3407 729">
    <p class='ocr_par' dir='ltr' id='par_1_21' title="bbox 1843 655 3407 729">
     <span class='ocr_line' id='line_1_21' title="bbox 1843 655 3407 729; baseline 0.006 -21"><span class='ocrx_word' id='word_1_139' title='bbox 1843 655 2036 709; x_wconf 87' lang='lat' dir='ltr'><strong>borum</strong></span> <span class='ocrx_word' id='word_1_140' title='bbox 2078 658 2319 711; x_wconf 84' lang='lat' dir='ltr'><strong>omnium</strong></span> <span class='ocrx_word' id='word_1_141' title='bbox 2369 657 2664 724; x_wconf 82' lang='lat' dir='ltr'><strong>ﬂuminum,</strong></span> <span class='ocrx_word' id='word_1_142' title='bbox 2692 676 2811 729; x_wconf 71' lang='lat' dir='ltr'><strong>qua:</strong></span> <span class='ocrx_word' id='word_1_143' title='bbox 2857 662 2922 715; x_wconf 88' lang='lat' dir='ltr'><strong>de</strong></span> <span class='ocrx_word' id='word_1_144' title='bbox 2966 663 3213 729; x_wconf 87' lang='lat' dir='ltr'><strong>paradiso</strong></span> <span class='ocrx_word' id='word_1_145' title='bbox 3258 664 3407 717; x_wconf 81' lang='lat' dir='ltr'><strong>exire</strong></span> 
     </span>
    </p>
   </div>
   <div class='ocr_carea' id='block_1_22' title="bbox 1844 744 3407 811">
    <p class='ocr_par' dir='ltr' id='par_1_22' title="bbox 1844 744 3407 811">
     <span class='ocr_line' id='line_1_22' title="bbox 1844 744 3407 811; baseline 0.006 -14"><span class='ocrx_word' id='word_1_146' title='bbox 1844 744 2171 811; x_wconf 88' lang='lat' dir='ltr'><strong>referuntur,</strong></span> <span class='ocrx_word' id='word_1_147' title='bbox 2215 747 2270 800; x_wconf 90' lang='lat' dir='ltr'><strong>in</strong></span> <span class='ocrx_word' id='word_1_148' title='bbox 2317 756 2500 802; x_wconf 87' lang='lat' dir='ltr'><strong>nostra</strong></span> <span class='ocrx_word' id='word_1_149' title='bbox 2532 757 2675 803; x_wconf 89' lang='lat' dir='ltr'><strong>terra</strong></span> <span class='ocrx_word' id='word_1_150' title='bbox 2705 750 2877 806; x_wconf 87' lang='lat' dir='ltr'><strong>fontes</strong></span> <span class='ocrx_word' id='word_1_151' title='bbox 2917 764 3037 805; x_wconf 86' lang='lat' dir='ltr'><strong>esse</strong></span> <span class='ocrx_word' id='word_1_152' title='bbox 3082 760 3257 806; x_wconf 86' lang='lat' dir='ltr'><strong>notos.</strong></span> <span class='ocrx_word' id='word_1_153' title='bbox 3284 752 3407 806; x_wconf 57' lang='lat' dir='ltr'><strong>Phi:</strong></span> 
     </span>
    </p>
   </div>
   <div class='ocr_carea' id='block_1_23' title="bbox 1843 836 3408 913">
    <p class='ocr_par' dir='ltr' id='par_1_23' title="bbox 1843 836 3408 913">
     <span class='ocr_line' id='line_1_23' title="bbox 1843 836 3408 913; baseline 0.003 -21"><span class='ocrx_word' id='word_1_154' title='bbox 1843 836 1990 892; x_wconf 87' lang='lat' dir='ltr'><strong>sonis</strong></span> <span class='ocrx_word' id='word_1_155' title='bbox 2009 838 2243 907; x_wconf 78' lang='lat' dir='ltr'><strong>quidem,</strong></span> <span class='ocrx_word' id='word_1_156' title='bbox 2271 853 2428 907; x_wconf 87' lang='lat' dir='ltr'><strong>quem</strong></span> <span class='ocrx_word' id='word_1_157' title='bbox 2468 837 2609 896; x_wconf 76' lang='lat' dir='ltr'><strong>nunc</strong></span> <span class='ocrx_word' id='word_1_158' title='bbox 2638 841 2856 912; x_wconf 78' lang='lat' dir='ltr'><strong>Gangen</strong></span> <span class='ocrx_word' id='word_1_159' title='bbox 2885 842 3175 913; x_wconf 81' lang='lat' dir='ltr'><strong>appellant,</strong></span> <span class='ocrx_word' id='word_1_160' title='bbox 3195 843 3246 896; x_wconf 92' lang='lat' dir='ltr'><strong>in</strong></span> <span class='ocrx_word' id='word_1_161' title='bbox 3276 844 3408 898; x_wconf 88' lang='lat' dir='ltr'><strong>locis</strong></span> 
     </span>
    </p>
   </div>
   <div class='ocr_carea' id='block_1_24' title="bbox 1842 926 3408 1003">
    <p class='ocr_par' dir='ltr' id='par_1_24' title="bbox 1842 926 3408 1003">
     <span class='ocr_line' id='line_1_24' title="bbox 1842 926 3408 1003; baseline 0.005 -23"><span class='ocrx_word' id='word_1_162' title='bbox 1842 926 2065 982; x_wconf 80' lang='lat' dir='ltr'><strong>Caucasi</strong></span> <span class='ocrx_word' id='word_1_163' title='bbox 2098 930 2311 984; x_wconf 91' lang='lat' dir='ltr'><strong>montis.</strong></span> <span class='ocrx_word' id='word_1_164' title='bbox 2356 929 2459 983; x_wconf 80' lang='lat' dir='ltr'><strong>Nili</strong></span> <span class='ocrx_word' id='word_1_165' title='bbox 2482 946 2629 997; x_wconf 84' lang='lat' dir='ltr'><strong>vero,</strong></span> <span class='ocrx_word' id='word_1_166' title='bbox 2658 948 2815 1001; x_wconf 91' lang='lat' dir='ltr'><strong>quem</strong></span> <span class='ocrx_word' id='word_1_167' title='bbox 2839 932 3137 1003; x_wconf 88' lang='lat' dir='ltr'><strong>Scriptura,</strong></span> <span class='ocrx_word' id='word_1_168' title='bbox 3177 944 3235 988; x_wconf 92' lang='lat' dir='ltr'><strong>ut</strong></span> <span class='ocrx_word' id='word_1_169' title='bbox 3264 934 3408 988; x_wconf 84' lang='lat' dir='ltr'><strong>dixi-</strong></span> 
     </span>
    </p>
   </div>
   <div class='ocr_carea' id='block_1_25' title="bbox 1841 1015 3406 1090">
    <p class='ocr_par' dir='ltr' id='par_1_25' title="bbox 1841 1015 3406 1090">
     <span class='ocr_line' id='line_1_25' title="bbox 1841 1015 3406 1090; baseline 0.006 -21"><span class='ocrx_word' id='word_1_170' title='bbox 1841 1029 1985 1083; x_wconf 86' lang='lat' dir='ltr'><strong>mus,</strong></span> <span class='ocrx_word' id='word_1_171' title='bbox 2006 1015 2152 1071; x_wconf 86' lang='lat' dir='ltr'><strong>Geon</strong></span> <span class='ocrx_word' id='word_1_172' title='bbox 2181 1029 2470 1088; x_wconf 80' lang='lat' dir='ltr'><strong>nuncupat,</strong></span> <span class='ocrx_word' id='word_1_173' title='bbox 2502 1037 2605 1076; x_wconf 89' lang='lat' dir='ltr'><strong>non</strong></span> <span class='ocrx_word' id='word_1_174' title='bbox 2635 1022 2818 1090; x_wconf 87' lang='lat' dir='ltr'><strong>procul</strong></span> <span class='ocrx_word' id='word_1_175' title='bbox 2852 1024 2918 1077; x_wconf 85' lang='lat' dir='ltr'><strong>ab</strong></span> <span class='ocrx_word' id='word_1_176' title='bbox 2944 1024 3157 1090; x_wconf 75' lang='lat' dir='ltr'><strong>Atlante</strong></span> <span class='ocrx_word' id='word_1_177' title='bbox 3203 1034 3406 1089; x_wconf 75' lang='lat' dir='ltr'><strong>monte,</strong></span> 
     </span>
    </p>
   </div>
   <div class='ocr_carea' id='block_1_26' title="bbox 1843 1104 3407 1172">
    <p class='ocr_par' dir='ltr' id='par_1_26' title="bbox 1843 1104 3407 1172">
     <span class='ocr_line' id='line_1_26' title="bbox 1843 1104 3407 1172; baseline 0.007 -15"><span class='ocrx_word' id='word_1_178' title='bbox 1843 1104 1934 1172; x_wconf 84' lang='lat' dir='ltr'><strong>qui</strong></span> <span class='ocrx_word' id='word_1_179' title='bbox 1969 1113 2052 1160; x_wconf 91' lang='lat' dir='ltr'><strong>est</strong></span> <span class='ocrx_word' id='word_1_180' title='bbox 2089 1106 2306 1163; x_wconf 81' lang='lat' dir='ltr'><strong>ultimus</strong></span> <span class='ocrx_word' id='word_1_181' title='bbox 2343 1108 2538 1164; x_wconf 70' lang='lat' dir='ltr'><strong>Africa:</strong></span> <span class='ocrx_word' id='word_1_182' title='bbox 2581 1111 2647 1164; x_wconf 90' lang='lat' dir='ltr'><strong>ad</strong></span> <span class='ocrx_word' id='word_1_183' title='bbox 2692 1111 3023 1165; x_wconf 86' lang='lat' dir='ltr'><strong>occidentem</strong></span> <span class='ocrx_word' id='word_1_184' title='bbox 3056 1112 3192 1167; x_wconf 87' lang='lat' dir='ltr'><strong>linis.</strong></span> <span class='ocrx_word' id='word_1_185' title='bbox 3238 1113 3407 1169; x_wconf 89' lang='lat' dir='ltr'><strong>Porro</strong></span> 
     </span>
    </p>
   </div>
   <div class='ocr_carea' id='block_1_27' title="bbox 1844 1196 3421 1270">
    <p class='ocr_par' dir='ltr' id='par_1_27' title="bbox 1844 1196 3421 1270">
     <span class='ocr_line' id='line_1_27' title="bbox 1844 1196 3421 1270; baseline 0.008 -21"><span class='ocrx_word' id='word_1_186' title='bbox 1844 1196 2021 1267; x_wconf 78' lang='lat' dir='ltr'><strong>Tigris</strong></span> <span class='ocrx_word' id='word_1_187' title='bbox 2060 1208 2114 1255; x_wconf 92' lang='lat' dir='ltr'><strong>et</strong></span> <span class='ocrx_word' id='word_1_188' title='bbox 2149 1200 2446 1270; x_wconf 87' lang='lat' dir='ltr'><strong>Euphrates</strong></span> <span class='ocrx_word' id='word_1_189' title='bbox 2497 1203 2550 1257; x_wconf 93' lang='lat' dir='ltr'><strong>in</strong></span> <span class='ocrx_word' id='word_1_190' title='bbox 2600 1203 2871 1259; x_wconf 83' lang='lat' dir='ltr'><strong>Armenia.</strong></span> <span class='ocrx_word' id='word_1_191' title='bbox 2906 1205 3056 1265; x_wconf 83' lang='lat' dir='ltr'><strong>Unde</strong></span> <span class='ocrx_word' id='word_1_192' title='bbox 3084 1207 3421 1262; x_wconf 81' lang='lat' dir='ltr'><strong>credendum</strong></span> 
     </span>
    </p>
   </div>
   <div class='ocr_carea' id='block_1_28' title="bbox 1840 1279 3409 1363">
    <p class='ocr_par' dir='ltr' id='par_1_28' title="bbox 1840 1279 3409 1363">
     <span class='ocr_line' id='line_1_28' title="bbox 1840 1279 3409 1363; baseline 0.007 -22"><span class='ocrx_word' id='word_1_193' title='bbox 1840 1279 2205 1356; x_wconf 81' lang='lat' dir='ltr'><strong>&#39;estquoniam</strong></span> <span class='ocrx_word' id='word_1_194' title='bbox 2232 1288 2380 1346; x_wconf 90' lang='lat' dir='ltr'><strong>iocus</strong></span> <span class='ocrx_word' id='word_1_195' title='bbox 2420 1293 2533 1362; x_wconf 91' lang='lat' dir='ltr'><strong>ipse</strong></span> <span class='ocrx_word' id='word_1_196' title='bbox 2564 1295 2799 1362; x_wconf 83' lang='lat' dir='ltr'><strong>paradisi</strong></span> <span class='ocrx_word' id='word_1_197' title='bbox 2839 1310 2868 1347; x_wconf 91' lang='lat' dir='ltr'><strong>a</strong></span> <span class='ocrx_word' id='word_1_198' title='bbox 2895 1295 3197 1363; x_wconf 77' lang='lat' dir='ltr'><strong>cognitione</strong></span> <span class='ocrx_word' id='word_1_199' title='bbox 3237 1298 3409 1352; x_wconf 88' lang='lat' dir='ltr'><strong>homi-</strong></span> 
     </span>
    </p>
   </div>
   <div class='ocr_carea' id='block_1_29' title="bbox 1845 1382 3402 1457">
    <p class='ocr_par' dir='ltr' id='par_1_29' title="bbox 1845 1382 3402 1457">
     <span class='ocr_line' id='line_1_29' title="bbox 1845 1382 3402 1457; baseline 0.004 -22"><span class='ocrx_word' id='word_1_200' title='bbox 1845 1382 1971 1435; x_wconf 80' lang='lat' dir='ltr'><strong>num</strong></span> <span class='ocrx_word' id='word_1_201' title='bbox 2006 1392 2092 1437; x_wconf 87' lang='lat' dir='ltr'><strong>est</strong></span> <span class='ocrx_word' id='word_1_202' title='bbox 2121 1385 2528 1451; x_wconf 81' lang='lat' dir='ltr'><strong>remotissimus,</strong></span> <span class='ocrx_word' id='word_1_203' title='bbox 2558 1386 2682 1442; x_wconf 89' lang='lat' dir='ltr'><strong>inde</strong></span> <span class='ocrx_word' id='word_1_204' title='bbox 2714 1395 2941 1457; x_wconf 87' lang='lat' dir='ltr'><strong>quatuor</strong></span> <span class='ocrx_word' id='word_1_205' title='bbox 2970 1402 3231 1456; x_wconf 89' lang='lat' dir='ltr'><strong>aquarum</strong></span> <span class='ocrx_word' id='word_1_206' title='bbox 3278 1402 3402 1457; x_wconf 81' lang='lat' dir='ltr'><strong>par-</strong></span> 
     </span>
    </p>
   </div>
   <div class='ocr_carea' id='block_1_30' title="bbox 1845 1472 3409 1551">
    <p class='ocr_par' dir='ltr' id='par_1_30' title="bbox 1845 1472 3409 1551">
     <span class='ocr_line' id='line_1_30' title="bbox 1845 1472 3409 1551; baseline 0.006 -26"><span class='ocrx_word' id='word_1_207' title='bbox 1845 1479 1929 1551; x_wconf 83' lang='lat' dir='ltr'><strong>tes</strong></span> <span class='ocrx_word' id='word_1_208' title='bbox 1963 1472 2155 1540; x_wconf 83' lang='lat' dir='ltr'><strong>dividi;</strong></span> <span class='ocrx_word' id='word_1_209' title='bbox 2187 1478 2281 1531; x_wconf 90' lang='lat' dir='ltr'><strong>sed</strong></span> <span class='ocrx_word' id='word_1_210' title='bbox 2314 1491 2377 1529; x_wconf 89' lang='lat' dir='ltr'><strong>ca</strong></span> <span class='ocrx_word' id='word_1_211' title='bbox 2408 1475 2624 1531; x_wconf 82' lang='lat' dir='ltr'><strong>ﬂumina</strong></span> <span class='ocrx_word' id='word_1_212' title='bbox 2643 1518 2657 1542; x_wconf 91' lang='lat'><strong>,</strong></span> <span class='ocrx_word' id='word_1_213' title='bbox 2685 1492 2911 1546; x_wconf 90' lang='lat' dir='ltr'><strong>quorum</strong></span> <span class='ocrx_word' id='word_1_214' title='bbox 2940 1476 3113 1532; x_wconf 88' lang='lat' dir='ltr'><strong>fontes</strong></span> <span class='ocrx_word' id='word_1_215' title='bbox 3141 1479 3250 1532; x_wconf 91' lang='lat' dir='ltr'><strong>noti</strong></span> <span class='ocrx_word' id='word_1_216' title='bbox 3290 1492 3409 1534; x_wconf 86' lang='lat' dir='ltr'><strong>esse</strong></span> 
     </span>
    </p>
   </div>
   <div class='ocr_carea' id='block_1_31' title="bbox 1844 1560 3409 1635">
    <p class='ocr_par' dir='ltr' id='par_1_31' title="bbox 1844 1560 3409 1635">
     <span class='ocr_line' id='line_1_31' title="bbox 1844 1560 3409 1635; baseline 0.004 -20"><span class='ocrx_word' id='word_1_217' title='bbox 1844 1560 2114 1624; x_wconf 81' lang='lat' dir='ltr'><strong>dicuntur,</strong></span> <span class='ocrx_word' id='word_1_218' title='bbox 2168 1564 2361 1620; x_wconf 88' lang='lat' dir='ltr'><strong>alicubi</strong></span> <span class='ocrx_word' id='word_1_219' title='bbox 2410 1566 2523 1635; x_wconf 90' lang='lat' dir='ltr'><strong>ipsa</strong></span> <span class='ocrx_word' id='word_1_220' title='bbox 2575 1566 2675 1621; x_wconf 89' lang='lat' dir='ltr'><strong>sub</strong></span> <span class='ocrx_word' id='word_1_221' title='bbox 2725 1566 2903 1630; x_wconf 91' lang='lat' dir='ltr'><strong>terris,</strong></span> <span class='ocrx_word' id='word_1_222' title='bbox 2936 1575 2989 1621; x_wconf 85' lang='lat' dir='ltr'><strong>et</strong></span> <span class='ocrx_word' id='word_1_223' title='bbox 3034 1574 3154 1635; x_wconf 89' lang='lat' dir='ltr'><strong>post</strong></span> <span class='ocrx_word' id='word_1_224' title='bbox 3204 1573 3409 1622; x_wconf 89' lang='lat' dir='ltr'><strong>tractus</strong></span> 
     </span>
    </p>
   </div>
   <div class='ocr_carea' id='block_1_32' title="bbox 1846 1652 3406 1737">
    <p class='ocr_par' dir='ltr' id='par_1_32' title="bbox 1846 1652 3406 1737">
     <span class='ocr_line' id='line_1_32' title="bbox 1846 1652 3406 1737; baseline 0.003 -31"><span class='ocrx_word' id='word_1_225' title='bbox 1846 1652 2172 1723; x_wconf 79' lang='lat' dir='ltr'><strong>prolixarum</strong></span> <span class='ocrx_word' id='word_1_226' title='bbox 2203 1655 2499 1737; x_wconf 73' lang='lat' dir='ltr'><strong>regionum,</strong></span> <span class='ocrx_word' id='word_1_227' title='bbox 2546 1655 2679 1712; x_wconf 92' lang='lat' dir='ltr'><strong>locis</strong></span> <span class='ocrx_word' id='word_1_228' title='bbox 2718 1656 2837 1710; x_wconf 89' lang='lat' dir='ltr'><strong>aliis</strong></span> <span class='ocrx_word' id='word_1_229' title='bbox 2865 1656 3124 1731; x_wconf 84' lang='lat' dir='ltr'><strong>erupisse,</strong></span> <span class='ocrx_word' id='word_1_230' title='bbox 3152 1657 3241 1711; x_wconf 91' lang='lat' dir='ltr'><strong>ubi</strong></span> <span class='ocrx_word' id='word_1_231' title='bbox 3289 1665 3406 1711; x_wconf 88' lang='lat' dir='ltr'><strong>tan-</strong></span> 
     </span>
    </p>
   </div>
   <div class='ocr_carea' id='block_1_33' title="bbox 1845 1741 3467 1817">
    <p class='ocr_par' dir='ltr' id='par_1_33' title="bbox 1845 1741 3467 1817">
     <span class='ocr_line' id='line_1_33' title="bbox 1845 1741 3467 1817; baseline 0.004 -21"><span class='ocrx_word' id='word_1_232' title='bbox 1845 1743 2009 1811; x_wconf 67' lang='lat' dir='ltr'><strong>Quam</strong></span> <span class='ocrx_word' id='word_1_233' title='bbox 2036 1743 2090 1798; x_wconf 93' lang='lat' dir='ltr'><strong>in</strong></span> <span class='ocrx_word' id='word_1_234' title='bbox 2142 1741 2255 1798; x_wconf 79' lang='lat' dir='ltr'><strong>suis</strong></span> <span class='ocrx_word' id='word_1_235' title='bbox 2284 1743 2517 1800; x_wconf 89' lang='lat' dir='ltr'><strong>fontibus</strong></span> <span class='ocrx_word' id='word_1_236' title='bbox 2544 1748 2653 1801; x_wconf 89' lang='lat' dir='ltr'><strong>uoti</strong></span> <span class='ocrx_word' id='word_1_237' title='bbox 2692 1762 2812 1802; x_wconf 87' lang='lat' dir='ltr'><strong>esse</strong></span> <span class='ocrx_word' id='word_1_238' title='bbox 2861 1746 3230 1817; x_wconf 85' lang='lat' dir='ltr'><strong>perhibentur.</strong></span> <span class='ocrx_word' id='word_1_239' title='bbox 3272 1747 3407 1803; x_wconf 86' lang='lat' dir='ltr'><strong>Nam</strong></span> <span class='ocrx_word' id='word_1_240' title='bbox 3462 1743 3467 1748; x_wconf 78' lang='grc'><em>’</em></span> 
     </span>
    </p>
   </div>
   <div class='ocr_carea' id='block_1_34' title="bbox 177 1824 3409 1909">
    <p class='ocr_par' dir='ltr' id='par_1_34' title="bbox 177 1824 3409 1909">
     <span class='ocr_line' id='line_1_34' title="bbox 177 1824 3409 1909; baseline 0.003 -28"><span class='ocrx_word' id='word_1_241' title='bbox 177 1827 274 1897; x_wconf 84' lang='lat' dir='ltr'><strong>qui</strong></span> <span class='ocrx_word' id='word_1_242' title='bbox 320 1824 525 1885; x_wconf 73' lang='lat' dir='ltr'><strong>fecerat</strong></span> <span class='ocrx_word' id='word_1_243' title='bbox 546 1830 698 1886; x_wconf 80' lang='lat' dir='ltr'><strong>valde</strong></span> <span class='ocrx_word' id='word_1_244' title='bbox 741 1831 879 1886; x_wconf 83' lang='lat' dir='ltr'><strong>bona</strong></span> <span class='ocrx_word' id='word_1_245' title='bbox 908 1832 1089 1891; x_wconf 88' lang='lat' dir='ltr'><strong>omnia</strong></span> <span class='ocrx_word' id='word_1_246' title='bbox 1138 1832 1191 1886; x_wconf 94' lang='lat' dir='ltr'><strong>in</strong></span> <span class='ocrx_word' id='word_1_247' title='bbox 1219 1832 1465 1902; x_wconf 88' lang='lat' dir='ltr'><strong>paradiso</strong></span> <span class='ocrx_word' id='word_1_248' title='bbox 1496 1829 1741 1889; x_wconf 69' lang='lat' dir='ltr'><strong>i&#39;nstitue-</strong></span> <span class='ocrx_word' id='word_1_249' title='bbox 1772 1824 1819 1886; x_wconf 85' lang='grc' dir='ltr'><strong>Β</strong></span> <span class='ocrx_word' id='word_1_250' title='bbox 1846 1833 1948 1889; x_wconf 86' lang='lat' dir='ltr'><strong>hoc</strong></span> <span class='ocrx_word' id='word_1_251' title='bbox 1999 1834 2172 1893; x_wconf 86' lang='lat' dir='ltr'><strong>solere</strong></span> <span class='ocrx_word' id='word_1_252' title='bbox 2216 1836 2513 1907; x_wconf 82' lang='lat' dir='ltr'><strong>nonnullas</strong></span> <span class='ocrx_word' id='word_1_253' title='bbox 2560 1852 2728 1906; x_wconf 88' lang='lat' dir='ltr'><strong>aquas</strong></span> <span class='ocrx_word' id='word_1_254' title='bbox 2775 1837 2951 1893; x_wconf 83' lang='lat' dir='ltr'><strong>facere</strong></span> <span class='ocrx_word' id='word_1_255' title='bbox 3007 1839 3129 1909; x_wconf 89' lang='lat' dir='ltr'><strong>quis</strong></span> <span class='ocrx_word' id='word_1_256' title='bbox 3163 1838 3409 1907; x_wconf 77' lang='lat' dir='ltr'><strong>ignorat?</strong></span> 
     </span>
    </p>
   </div>
   <div class='ocr_carea' id='block_1_35' title="bbox 182 1919 1743 1988">
    <p class='ocr_par' dir='ltr' id='par_1_35' title="bbox 182 1919 1743 1988">
     <span class='ocr_line' id='line_1_35' title="bbox 182 1919 1743 1988; baseline 0.004 -16"><span class='ocrx_word' id='word_1_257' title='bbox 182 1928 265 1972; x_wconf 84' lang='lat' dir='ltr'><strong>rat</strong></span> <span class='ocrx_word' id='word_1_258' title='bbox 286 1919 486 1988; x_wconf 85' lang='lat' dir='ltr'><strong>aliquid</strong></span> <span class='ocrx_word' id='word_1_259' title='bbox 535 1920 686 1985; x_wconf 87' lang='lat' dir='ltr'><strong>mali,</strong></span> <span class='ocrx_word' id='word_1_260' title='bbox 727 1922 819 1976; x_wconf 87' lang='lat' dir='ltr'><strong>sed</strong></span> <span class='ocrx_word' id='word_1_261' title='bbox 858 1921 1066 1974; x_wconf 90' lang='lat' dir='ltr'><strong>malum</strong></span> <span class='ocrx_word' id='word_1_262' title='bbox 1120 1921 1283 1977; x_wconf 89' lang='lat' dir='ltr'><strong>fuisse</strong></span> <span class='ocrx_word' id='word_1_263' title='bbox 1332 1923 1536 1984; x_wconf 85' lang='lat' dir='ltr'><strong>homini</strong></span> <span class='ocrx_word' id='word_1_264' title='bbox 1567 1932 1743 1978; x_wconf 86' lang='lat' dir='ltr'><strong>trans-</strong></span> 
     </span>
    </p>
   </div>
   <div class='ocr_carea' id='block_1_36' title="bbox 175 2009 1744 2080">
    <p class='ocr_par' dir='ltr' id='par_1_36' title="bbox 175 2009 1744 2080">
     <span class='ocr_line' id='line_1_36' title="bbox 175 2009 1744 2080; baseline 0.003 -17"><span class='ocrx_word' id='word_1_265' title='bbox 175 2010 458 2077; x_wconf 66' lang='lat' dir='ltr'><strong>gressione</strong></span> <span class='ocrx_word' id='word_1_266' title='bbox 499 2009 772 2080; x_wconf 66' lang='lat' dir='ltr'><strong>prwpti.</strong></span> <span class='ocrx_word' id='word_1_267' title='bbox 821 2010 1109 2080; x_wconf 83' lang='lat' dir='ltr'><strong>Oportebat</strong></span> <span class='ocrx_word' id='word_1_268' title='bbox 1138 2019 1316 2065; x_wconf 87' lang='lat' dir='ltr'><strong>autem</strong></span> <span class='ocrx_word' id='word_1_269' title='bbox 1365 2020 1424 2066; x_wconf 91' lang='lat' dir='ltr'><strong>ut</strong></span> <span class='ocrx_word' id='word_1_270' title='bbox 1454 2013 1611 2067; x_wconf 92' lang='lat' dir='ltr'><strong>homo</strong></span> <span class='ocrx_word' id='word_1_271' title='bbox 1645 2013 1744 2067; x_wconf 90' lang='lat' dir='ltr'><strong>sub</strong></span> 
     </span>
    </p>
   </div>
   <div class='ocr_carea' id='block_1_37' title="bbox 180 2096 1743 2169">
    <p class='ocr_par' dir='ltr' id='par_1_37' title="bbox 180 2096 1743 2169">
     <span class='ocr_line' id='line_1_37' title="bbox 180 2096 1743 2169; baseline 0.001 -16"><span class='ocrx_word' id='word_1_272' title='bbox 180 2096 408 2153; x_wconf 84' lang='lat' dir='ltr'><strong>Domino</strong></span> <span class='ocrx_word' id='word_1_273' title='bbox 455 2100 567 2155; x_wconf 88' lang='lat' dir='ltr'><strong>Deo</strong></span> <span class='ocrx_word' id='word_1_274' title='bbox 612 2104 846 2169; x_wconf 79' lang='lat' dir='ltr'><strong>positus,</strong></span> <span class='ocrx_word' id='word_1_275' title='bbox 880 2100 1124 2155; x_wconf 89' lang='lat' dir='ltr'><strong>alicunde</strong></span> <span class='ocrx_word' id='word_1_276' title='bbox 1173 2100 1565 2169; x_wconf 83' lang='lat' dir='ltr'><strong>prohiberetur,</strong></span> <span class='ocrx_word' id='word_1_277' title='bbox 1609 2109 1669 2155; x_wconf 89' lang='lat' dir='ltr'><strong>ut</strong></span> <span class='ocrx_word' id='word_1_278' title='bbox 1693 2100 1743 2155; x_wconf 91' lang='lat' dir='ltr'><strong>ei</strong></span> 
     </span>
    </p>
   </div>
   <div class='ocr_carea' id='block_1_38' title="bbox 179 2190 1745 2262">
    <p class='ocr_par' dir='ltr' id='par_1_38' title="bbox 179 2190 1745 2262">
     <span class='ocr_line' id='line_1_38' title="bbox 179 2190 1745 2262; baseline 0.004 -19"><span class='ocrx_word' id='word_1_279' title='bbox 179 2192 516 2259; x_wconf 80' lang='lat' dir='ltr'><strong>promerendi</strong></span> <span class='ocrx_word' id='word_1_280' title='bbox 567 2201 712 2249; x_wconf 81' lang='lat' dir='ltr'><strong>esset</strong></span> <span class='ocrx_word' id='word_1_281' title='bbox 758 2190 1039 2247; x_wconf 85' lang='lat' dir='ltr'><strong>Dominum</strong></span> <span class='ocrx_word' id='word_1_282' title='bbox 1075 2208 1228 2247; x_wconf 89' lang='lat' dir='ltr'><strong>suum</strong></span> <span class='ocrx_word' id='word_1_283' title='bbox 1270 2194 1381 2262; x_wconf 90' lang='lat' dir='ltr'><strong>ipsa</strong></span> <span class='ocrx_word' id='word_1_284' title='bbox 1420 2195 1587 2250; x_wconf 87' lang='lat' dir='ltr'><strong>virtus</strong></span> <span class='ocrx_word' id='word_1_285' title='bbox 1616 2196 1745 2250; x_wconf 83' lang='lat' dir='ltr'><strong>obe-</strong></span> 
     </span>
    </p>
   </div>
   <div class='ocr_carea' id='block_1_39' title="bbox 210 2270 1741 2352">
    <p class='ocr_par' dir='ltr' id='par_1_39' title="bbox 210 2270 1741 2352">
     <span class='ocr_line' id='line_1_39' title="bbox 210 2270 1741 2352; baseline 0.004 -19"><span class='ocrx_word' id='word_1_286' title='bbox 210 2273 416 2345; x_wconf 74' lang='lat' dir='ltr'><strong>ientia,</strong></span> <span class='ocrx_word' id='word_1_287' title='bbox 465 2292 626 2352; x_wconf 80' lang='lat' dir='ltr'><strong>quam</strong></span> <span class='ocrx_word' id='word_1_288' title='bbox 675 2270 969 2351; x_wconf 67' lang='lat' dir='ltr'><strong>possumus</strong></span> <span class='ocrx_word' id='word_1_289' title='bbox 1016 2283 1289 2338; x_wconf 81' lang='lat' dir='ltr'><strong>verissime</strong></span> <span class='ocrx_word' id='word_1_290' title='bbox 1342 2284 1523 2339; x_wconf 79' lang='lat' dir='ltr'><strong>dicere</strong></span> <span class='ocrx_word' id='word_1_291' title='bbox 1574 2285 1741 2340; x_wconf 89' lang='lat' dir='ltr'><strong>solam</strong></span> 
     </span>
    </p>
   </div>
   <div class='ocr_carea' id='block_1_40' title="bbox 176 2372 1743 2443">
    <p class='ocr_par' dir='ltr' id='par_1_40' title="bbox 176 2372 1743 2443">
     <span class='ocr_line' id='line_1_40' title="bbox 176 2372 1743 2443; baseline 0.002 -16"><span class='ocrx_word' id='word_1_292' title='bbox 176 2387 302 2427; x_wconf 79' lang='lat' dir='ltr'><strong>esse</strong></span> <span class='ocrx_word' id='word_1_293' title='bbox 324 2372 576 2428; x_wconf 76' lang='lat' dir='ltr'><strong>virtutem</strong></span> <span class='ocrx_word' id='word_1_294' title='bbox 625 2372 770 2428; x_wconf 81' lang='lat' dir='ltr'><strong>omni</strong></span> <span class='ocrx_word' id='word_1_295' title='bbox 821 2382 1083 2428; x_wconf 73' lang='lat' dir='ltr'><strong>creaturae</strong></span> <span class='ocrx_word' id='word_1_296' title='bbox 1131 2372 1374 2429; x_wconf 79' lang='lat' dir='ltr'><strong>rationali</strong></span> <span class='ocrx_word' id='word_1_297' title='bbox 1423 2374 1598 2443; x_wconf 89' lang='lat' dir='ltr'><strong>agenti</strong></span> <span class='ocrx_word' id='word_1_298' title='bbox 1642 2375 1743 2430; x_wconf 91' lang='lat' dir='ltr'><strong>sub</strong></span> 
     </span>
    </p>
   </div>
   <div class='ocr_carea' id='block_1_41' title="bbox 179 2458 1739 2531">
    <p class='ocr_par' dir='ltr' id='par_1_41' title="bbox 179 2458 1739 2531">
     <span class='ocr_line' id='line_1_41' title="bbox 179 2458 1739 2531; baseline 0.003 -18"><span class='ocrx_word' id='word_1_299' title='bbox 179 2458 273 2514; x_wconf 82' lang='lat' dir='ltr'><strong>Dei</strong></span> <span class='ocrx_word' id='word_1_300' title='bbox 309 2468 600 2529; x_wconf 81' lang='lat' dir='ltr'><strong>potestate;</strong></span> <span class='ocrx_word' id='word_1_301' title='bbox 632 2462 973 2531; x_wconf 83' lang='lat' dir='ltr'><strong>primumque</strong></span> <span class='ocrx_word' id='word_1_302' title='bbox 1000 2470 1145 2519; x_wconf 81' lang='lat' dir='ltr'><strong>esset</strong></span> <span class='ocrx_word' id='word_1_303' title='bbox 1166 2468 1222 2517; x_wconf 85' lang='lat' dir='ltr'><strong>et</strong></span> <span class='ocrx_word' id='word_1_304' title='bbox 1246 2464 1536 2517; x_wconf 78' lang='lat' dir='ltr'><strong>maximum</strong></span> <span class='ocrx_word' id='word_1_305' title='bbox 1562 2471 1739 2518; x_wconf 89' lang='lat' dir='ltr'><strong>tumo-</strong></span> 
     </span>
    </p>
   </div>
   <div class='ocr_carea' id='block_1_42' title="bbox 178 2550 1743 2620">
    <p class='ocr_par' dir='ltr' id='par_1_42' title="bbox 178 2550 1743 2620">
     <span class='ocr_line' id='line_1_42' title="bbox 178 2550 1743 2620; baseline 0.001 -16"><span class='ocrx_word' id='word_1_306' title='bbox 178 2550 253 2604; x_wconf 82' lang='lat' dir='ltr'><strong>ris</strong></span> <span class='ocrx_word' id='word_1_307' title='bbox 278 2550 470 2604; x_wconf 82' lang='lat' dir='ltr'><strong>vitium</strong></span> <span class='ocrx_word' id='word_1_308' title='bbox 516 2551 583 2605; x_wconf 88' lang='lat' dir='ltr'><strong>ad</strong></span> <span class='ocrx_word' id='word_1_309' title='bbox 614 2552 823 2605; x_wconf 83' lang='lat' dir='ltr'><strong>ruinam</strong></span> <span class='ocrx_word' id='word_1_310' title='bbox 852 2566 951 2605; x_wconf 80' lang='lat' dir='ltr'><strong>sua</strong></span> <span class='ocrx_word' id='word_1_311' title='bbox 994 2558 1257 2620; x_wconf 81' lang='lat' dir='ltr'><strong>potestate</strong></span> <span class='ocrx_word' id='word_1_312' title='bbox 1287 2551 1420 2606; x_wconf 85' lang='lat' dir='ltr'><strong>velle</strong></span> <span class='ocrx_word' id='word_1_313' title='bbox 1461 2553 1560 2615; x_wconf 92' lang='lat' dir='ltr'><strong>uti,</strong></span> <span class='ocrx_word' id='word_1_314' title='bbox 1591 2552 1743 2620; x_wconf 84' lang='lat' dir='ltr'><strong>cujus</strong></span> 
     </span>
    </p>
   </div>
   <div class='ocr_carea' id='block_1_43' title="bbox 179 2638 1743 2712">
    <p class='ocr_par' dir='ltr' id='par_1_43' title="bbox 179 2638 1743 2712">
     <span class='ocr_line' id='line_1_43' title="bbox 179 2638 1743 2712; baseline 0.004 -21"><span class='ocrx_word' id='word_1_315' title='bbox 179 2641 290 2695; x_wconf 81' lang='lat' dir='ltr'><strong>vitii</strong></span> <span class='ocrx_word' id='word_1_316' title='bbox 313 2656 508 2696; x_wconf 82' lang='lat' dir='ltr'><strong>nomen</strong></span> <span class='ocrx_word' id='word_1_317' title='bbox 535 2650 622 2697; x_wconf 82' lang='lat' dir='ltr'><strong>est</strong></span> <span class='ocrx_word' id='word_1_318' title='bbox 652 2642 705 2694; x_wconf 89' lang='lat' dir='ltr'><strong>in</strong></span> <span class='ocrx_word' id='word_1_319' title='bbox 738 2640 1068 2698; x_wconf 80' lang='lat' dir='ltr'><strong>obedientia.</strong></span> <span class='ocrx_word' id='word_1_320' title='bbox 1110 2642 1224 2697; x_wconf 83' lang='lat' dir='ltr'><strong>Non</strong></span> <span class='ocrx_word' id='word_1_321' title='bbox 1254 2650 1400 2697; x_wconf 82' lang='lat' dir='ltr'><strong>esset</strong></span> <span class='ocrx_word' id='word_1_322' title='bbox 1424 2658 1573 2712; x_wconf 86' lang='lat' dir='ltr'><strong>ergo,</strong></span> <span class='ocrx_word' id='word_1_323' title='bbox 1604 2638 1743 2698; x_wconf 88' lang='lat' dir='ltr'><strong>unde</strong></span> 
     </span>
    </p>
   </div>
   <div class='ocr_carea' id='block_1_44' title="bbox 169 2732 1738 2805">
    <p class='ocr_par' dir='ltr' id='par_1_44' title="bbox 169 2732 1738 2805">
     <span class='ocr_line' id='line_1_44' title="bbox 169 2732 1738 2805; baseline 0.001 -18"><span class='ocrx_word' id='word_1_324' title='bbox 169 2742 234 2787; x_wconf 67' lang='lat' dir='ltr'><strong>ee</strong></span> <span class='ocrx_word' id='word_1_325' title='bbox 263 2732 540 2786; x_wconf 88' lang='lat' dir='ltr'><strong>dominum</strong></span> <span class='ocrx_word' id='word_1_326' title='bbox 581 2732 740 2787; x_wconf 88' lang='lat' dir='ltr'><strong>homo</strong></span> <span class='ocrx_word' id='word_1_327' title='bbox 768 2733 967 2789; x_wconf 82' lang='lat' dir='ltr'><strong>habere</strong></span> <span class='ocrx_word' id='word_1_328' title='bbox 1014 2735 1271 2805; x_wconf 75' lang='lat' dir='ltr'><strong>cogitaret</strong></span> <span class='ocrx_word' id='word_1_329' title='bbox 1306 2742 1466 2803; x_wconf 87' lang='lat' dir='ltr'><strong>atque</strong></span> <span class='ocrx_word' id='word_1_330' title='bbox 1494 2735 1738 2799; x_wconf 85' lang='lat' dir='ltr'><strong>sentiret,</strong></span> 
     </span>
    </p>
   </div>
   <div class='ocr_carea' id='block_1_45' title="bbox 172 2812 1741 2892">
    <p class='ocr_par' dir='ltr' id='par_1_45' title="bbox 172 2812 1741 2892">
     <span class='ocr_line' id='line_1_45' title="bbox 172 2812 1741 2892; baseline 0.002 -17"><span class='ocrx_word' id='word_1_331' title='bbox 172 2812 279 2875; x_wconf 82' lang='lat' dir='ltr'><strong>nisi</strong></span> <span class='ocrx_word' id='word_1_332' title='bbox 320 2822 371 2875; x_wconf 89' lang='lat' dir='ltr'><strong>ei</strong></span> <span class='ocrx_word' id='word_1_333' title='bbox 399 2822 598 2891; x_wconf 86' lang='lat' dir='ltr'><strong>aliquid</strong></span> <span class='ocrx_word' id='word_1_334' title='bbox 630 2821 930 2889; x_wconf 68' lang='lat' dir='ltr'><strong>jul‘eretur.</strong></span> <span class='ocrx_word' id='word_1_335' title='bbox 961 2824 1137 2877; x_wconf 78' lang='lat' dir='ltr'><strong>Arbor</strong></span> <span class='ocrx_word' id='word_1_336' title='bbox 1168 2824 1347 2892; x_wconf 87' lang='lat' dir='ltr'><strong>itaque</strong></span> <span class='ocrx_word' id='word_1_337' title='bbox 1374 2840 1478 2880; x_wconf 92' lang='lat' dir='ltr'><strong>non</strong></span> <span class='ocrx_word' id='word_1_338' title='bbox 1508 2824 1595 2878; x_wconf 91' lang='lat' dir='ltr'><strong>illa</strong></span> <span class='ocrx_word' id='word_1_339' title='bbox 1625 2834 1741 2878; x_wconf 89' lang='lat' dir='ltr'><strong>erat</strong></span> 
     </span>
    </p>
   </div>
   <div class='ocr_carea' id='block_1_46' title="bbox 174 2906 1739 2984">
    <p class='ocr_par' dir='ltr' id='par_1_46' title="bbox 174 2906 1739 2984">
     <span class='ocr_line' id='line_1_46' title="bbox 174 2906 1739 2984; baseline 0.001 -19"><span class='ocrx_word' id='word_1_340' title='bbox 174 2910 336 2975; x_wconf 82' lang='lat' dir='ltr'><strong>mala,</strong></span> <span class='ocrx_word' id='word_1_341' title='bbox 369 2913 461 2966; x_wconf 85' lang='lat' dir='ltr'><strong>sed</strong></span> <span class='ocrx_word' id='word_1_342' title='bbox 488 2912 749 2982; x_wconf 83' lang='lat' dir='ltr'><strong>appellata</strong></span> <span class='ocrx_word' id='word_1_343' title='bbox 782 2906 867 2967; x_wconf 86' lang='lat' dir='ltr'><strong>est</strong></span> <span class='ocrx_word' id='word_1_344' title='bbox 903 2913 1139 2968; x_wconf 69' lang='lat' dir='ltr'><strong>scientia:</strong></span> <span class='ocrx_word' id='word_1_345' title='bbox 1170 2913 1513 2984; x_wconf 75' lang='lat' dir='ltr'><strong>dignoscendi</strong></span> <span class='ocrx_word' id='word_1_346' title='bbox 1541 2915 1739 2969; x_wconf 86' lang='lat' dir='ltr'><strong>bonum</strong></span> 
     </span>
    </p>
   </div>
   <div class='ocr_carea' id='block_1_47' title="bbox 175 2997 1737 3073">
    <p class='ocr_par' dir='ltr' id='par_1_47' title="bbox 175 2997 1737 3073">
     <span class='ocr_line' id='line_1_47' title="bbox 175 2997 1737 3073; baseline 0 -18"><span class='ocrx_word' id='word_1_347' title='bbox 175 3008 229 3055; x_wconf 82' lang='lat' dir='ltr'><strong>et</strong></span> <span class='ocrx_word' id='word_1_348' title='bbox 277 3000 512 3063; x_wconf 83' lang='lat' dir='ltr'><strong>malum,</strong></span> <span class='ocrx_word' id='word_1_349' title='bbox 569 3002 695 3071; x_wconf 86' lang='lat' dir='ltr'><strong>quia</strong></span> <span class='ocrx_word' id='word_1_350' title='bbox 742 3003 785 3057; x_wconf 85' lang='lat' dir='ltr'><strong>si</strong></span> <span class='ocrx_word' id='word_1_351' title='bbox 828 3010 1048 3073; x_wconf 77' lang='lat' dir='ltr'><strong>propter</strong></span> <span class='ocrx_word' id='word_1_352' title='bbox 1093 3002 1502 3071; x_wconf 87' lang='lat' dir='ltr'><strong>prohibitionem</strong></span> <span class='ocrx_word' id='word_1_353' title='bbox 1539 3008 1603 3059; x_wconf 79' lang='lat' dir='ltr'><strong>ex</strong></span> <span class='ocrx_word' id='word_1_354' title='bbox 1651 2997 1737 3057; x_wconf 87' lang='lat' dir='ltr'><strong>illa</strong></span> 
     </span>
    </p>
   </div>
   <div class='ocr_carea' id='block_1_48' title="bbox 176 3089 1738 3163">
    <p class='ocr_par' dir='ltr' id='par_1_48' title="bbox 176 3089 1738 3163">
     <span class='ocr_line' id='line_1_48' title="bbox 176 3089 1738 3163; baseline 0.002 -19"><span class='ocrx_word' id='word_1_355' title='bbox 176 3089 336 3144; x_wconf 90' lang='lat' dir='ltr'><strong>homo</strong></span> <span class='ocrx_word' id='word_1_356' title='bbox 363 3090 565 3156; x_wconf 79' lang='lat' dir='ltr'><strong>ederet,</strong></span> <span class='ocrx_word' id='word_1_357' title='bbox 592 3091 643 3145; x_wconf 92' lang='lat' dir='ltr'><strong>in</strong></span> <span class='ocrx_word' id='word_1_358' title='bbox 675 3090 760 3145; x_wconf 88' lang='lat' dir='ltr'><strong>illa</strong></span> <span class='ocrx_word' id='word_1_359' title='bbox 794 3098 912 3147; x_wconf 86' lang='lat' dir='ltr'><strong>erat</strong></span> <span class='ocrx_word' id='word_1_360' title='bbox 946 3094 1199 3163; x_wconf 51' lang='lat' dir='ltr'><strong>praecepti</strong></span> <span class='ocrx_word' id='word_1_361' title='bbox 1239 3093 1414 3147; x_wconf 82' lang='lat' dir='ltr'><strong>futura</strong></span> <span class='ocrx_word' id='word_1_362' title='bbox 1444 3102 1738 3163; x_wconf 86' lang='lat' dir='ltr'><strong>transgres-</strong></span> 
     </span>
    </p>
   </div>
   <div class='ocr_carea' id='block_1_49' title="bbox 1846 1922 3403 1989">
    <p class='ocr_par' dir='ltr' id='par_1_49' title="bbox 1846 1922 3403 1989">
     <span class='ocr_line' id='line_1_49' title="bbox 1846 1922 3403 1989; baseline 0.003 -12"><span class='ocrx_word' id='word_1_363' title='bbox 1846 1922 1951 1978; x_wconf 83' lang='lat' dir='ltr'><strong>Setl</strong></span> <span class='ocrx_word' id='word_1_364' title='bbox 1982 1924 2051 1978; x_wconf 85' lang='lat' dir='ltr'><strong>ibi</strong></span> <span class='ocrx_word' id='word_1_365' title='bbox 2084 1924 2185 1979; x_wconf 90' lang='lat' dir='ltr'><strong>hoc</strong></span> <span class='ocrx_word' id='word_1_366' title='bbox 2215 1925 2402 1989; x_wconf 72' lang='lat' dir='ltr'><strong>scitur,</strong></span> <span class='ocrx_word' id='word_1_367' title='bbox 2453 1926 2541 1980; x_wconf 79' lang='lat' dir='ltr'><strong>tibi</strong></span> <span class='ocrx_word' id='word_1_368' title='bbox 2584 1944 2687 1981; x_wconf 91' lang='lat' dir='ltr'><strong>non</strong></span> <span class='ocrx_word' id='word_1_369' title='bbox 2716 1928 2804 1981; x_wconf 92' lang='lat' dir='ltr'><strong>diu</strong></span> <span class='ocrx_word' id='word_1_370' title='bbox 2842 1929 2939 1983; x_wconf 87' lang='lat' dir='ltr'><strong>sub</strong></span> <span class='ocrx_word' id='word_1_371' title='bbox 2968 1929 3126 1984; x_wconf 90' lang='lat' dir='ltr'><strong>terris</strong></span> <span class='ocrx_word' id='word_1_372' title='bbox 3159 1936 3403 1983; x_wconf 88' lang='lat' dir='ltr'><strong>currunt.</strong></span> 
     </span>
    </p>
   </div>
   <div class='ocr_carea' id='block_1_50' title="bbox 1843 2004 3409 2088">
    <p class='ocr_par' dir='ltr' id='par_1_50' title="bbox 1843 2004 3409 2088">
     <span class='ocr_line' id='line_1_50' title="bbox 1843 2004 3409 2088; baseline 0.003 -22"><span class='ocrx_word' id='word_1_373' title='bbox 1843 2004 2085 2082; x_wconf 82' lang='lat' dir='ltr'><strong>Denique</strong></span> <span class='ocrx_word' id='word_1_374' title='bbox 2111 2010 2298 2069; x_wconf 82' lang='lat' dir='ltr'><strong>eadem</strong></span> <span class='ocrx_word' id='word_1_375' title='bbox 2348 2016 2459 2084; x_wconf 87' lang='lat' dir='ltr'><strong>ipsa</strong></span> <span class='ocrx_word' id='word_1_376' title='bbox 2488 2015 2706 2070; x_wconf 80' lang='lat' dir='ltr'><strong>ﬂumina</strong></span> <span class='ocrx_word' id='word_1_377' title='bbox 2734 2016 2939 2088; x_wconf 84' lang='lat' dir='ltr'><strong>Tigrin,</strong></span> <span class='ocrx_word' id='word_1_378' title='bbox 2991 2016 3300 2087; x_wconf 86' lang='lat' dir='ltr'><strong>Euphraten</strong></span> <span class='ocrx_word' id='word_1_379' title='bbox 3353 2016 3409 2071; x_wconf 77' lang='lat' dir='ltr'><strong>et</strong></span> 
     </span>
    </p>
   </div>
   <div class='ocr_carea' id='block_1_51' title="bbox 1842 2098 3402 2175">
    <p class='ocr_par' dir='ltr' id='par_1_51' title="bbox 1842 2098 3402 2175">
     <span class='ocr_line' id='line_1_51' title="bbox 1842 2098 3402 2175; baseline 0.002 -19"><span class='ocrx_word' id='word_1_380' title='bbox 1842 2098 2019 2156; x_wconf 85' lang='lat' dir='ltr'><strong>Nilum</strong></span> <span class='ocrx_word' id='word_1_381' title='bbox 2061 2102 2239 2158; x_wconf 91' lang='lat' dir='ltr'><strong>ferunt</strong></span> <span class='ocrx_word' id='word_1_382' title='bbox 2276 2105 2514 2159; x_wconf 84' lang='lat' dir='ltr'><strong>historici</strong></span> <span class='ocrx_word' id='word_1_383' title='bbox 2563 2104 2833 2175; x_wconf 81' lang='lat' dir='ltr'><strong>plerisque</strong></span> <span class='ocrx_word' id='word_1_384' title='bbox 2864 2105 2919 2159; x_wconf 90' lang='lat' dir='ltr'><strong>in</strong></span> <span class='ocrx_word' id='word_1_385' title='bbox 2964 2104 3097 2160; x_wconf 92' lang='lat' dir='ltr'><strong>locis</strong></span> <span class='ocrx_word' id='word_1_386' title='bbox 3130 2114 3271 2159; x_wconf 87' lang='lat' dir='ltr'><strong>terra</strong></span> <span class='ocrx_word' id='word_1_387' title='bbox 3308 2105 3402 2159; x_wconf 85' lang='lat' dir='ltr'><strong>ab-</strong></span> 
     </span>
    </p>
   </div>
   <div class='ocr_carea' id='block_1_52' title="bbox 1842 2178 3407 2264">
    <p class='ocr_par' dir='ltr' id='par_1_52' title="bbox 1842 2178 3407 2264">
     <span class='ocr_line' id='line_1_52' title="bbox 1842 2178 3407 2264; baseline -0.001 -16"><span class='ocrx_word' id='word_1_388' title='bbox 1842 2194 2003 2261; x_wconf 82' lang='lat' dir='ltr'><strong>sumi,</strong></span> <span class='ocrx_word' id='word_1_389' title='bbox 2026 2202 2081 2248; x_wconf 88' lang='lat' dir='ltr'><strong>et</strong></span> <span class='ocrx_word' id='word_1_390' title='bbox 2108 2178 2381 2263; x_wconf 77' lang='lat' dir='ltr'><strong>aliquanto</strong></span> <span class='ocrx_word' id='word_1_391' title='bbox 2420 2194 2764 2264; x_wconf 86' lang='lat' dir='ltr'><strong>interjaeente</strong></span> <span class='ocrx_word' id='word_1_392' title='bbox 2790 2194 2963 2264; x_wconf 85' lang='lat' dir='ltr'><strong>spatio</strong></span> <span class='ocrx_word' id='word_1_393' title='bbox 3005 2210 3192 2251; x_wconf 90' lang='lat' dir='ltr'><strong>rursus</strong></span> <span class='ocrx_word' id='word_1_394' title='bbox 3234 2208 3407 2249; x_wconf 81' lang='lat' dir='ltr'><strong>emer-</strong></span> 
     </span>
    </p>
   </div>
   <div class='ocr_carea' id='block_1_53' title="bbox 1843 2268 3407 2357">
    <p class='ocr_par' dir='ltr' id='par_1_53' title="bbox 1843 2268 3407 2357">
     <span class='ocr_line' id='line_1_53' title="bbox 1843 2268 3407 2357; baseline -0.002 -17"><span class='ocrx_word' id='word_1_395' title='bbox 1843 2286 2045 2357; x_wconf 81' lang='lat' dir='ltr'><strong>gentia,</strong></span> <span class='ocrx_word' id='word_1_396' title='bbox 2087 2268 2302 2340; x_wconf 77' lang='lat' dir='ltr'><strong>solitum</strong></span> <span class='ocrx_word' id='word_1_397' title='bbox 2343 2299 2502 2354; x_wconf 82' lang='lat' dir='ltr'><strong>agere</strong></span> <span class='ocrx_word' id='word_1_398' title='bbox 2533 2290 2770 2341; x_wconf 88' lang='lat' dir='ltr'><strong>cursum.</strong></span> <span class='ocrx_word' id='word_1_399' title='bbox 2820 2285 2973 2353; x_wconf 83' lang='lat' dir='ltr'><strong>Quod</strong></span> <span class='ocrx_word' id='word_1_400' title='bbox 3018 2286 3183 2342; x_wconf 88' lang='lat' dir='ltr'><strong>etiam</strong></span> <span class='ocrx_word' id='word_1_401' title='bbox 3232 2285 3407 2355; x_wconf 88' lang='lat' dir='ltr'><strong>ipsum</strong></span> 
     </span>
    </p>
   </div>
   <div class='ocr_carea' id='block_1_54' title="bbox 1844 2364 3420 2431">
    <p class='ocr_par' dir='ltr' id='par_1_54' title="bbox 1844 2364 3420 2431">
     <span class='ocr_line' id='line_1_54' title="bbox 1844 2364 3420 2431; baseline -0.001 0"><span class='ocrx_word' id='word_1_402' title='bbox 1844 2375 2102 2431; x_wconf 87' lang='lat' dir='ltr'><strong>Dominus</strong></span> <span class='ocrx_word' id='word_1_403' title='bbox 2154 2376 2220 2430; x_wconf 77' lang='lat' dir='ltr'><strong>ad</strong></span> <span class='ocrx_word' id='word_1_404' title='bbox 2260 2376 2512 2430; x_wconf 86' lang='lat' dir='ltr'><strong>indicium</strong></span> <span class='ocrx_word' id='word_1_405' title='bbox 2550 2364 2729 2431; x_wconf 79' lang='lat' dir='ltr'><strong>facere</strong></span> <span class='ocrx_word' id='word_1_406' title='bbox 2772 2375 3071 2431; x_wconf 89' lang='lat' dir='ltr'><strong>credendus</strong></span> <span class='ocrx_word' id='word_1_407' title='bbox 3128 2384 3211 2430; x_wconf 91' lang='lat' dir='ltr'><strong>est</strong></span> <span class='ocrx_word' id='word_1_408' title='bbox 3266 2371 3420 2430; x_wconf 52' lang='lat' dir='ltr'><strong>illius‘</strong></span> 
     </span>
    </p>
   </div>
   <div class='ocr_carea' id='block_1_55' title="bbox 1841 2463 3408 2536">
    <p class='ocr_par' dir='ltr' id='par_1_55' title="bbox 1841 2463 3408 2536">
     <span class='ocr_line' id='line_1_55' title="bbox 1841 2463 3408 2536; baseline 0 -16"><span class='ocrx_word' id='word_1_409' title='bbox 1841 2480 2051 2530; x_wconf 88' lang='lat' dir='ltr'><strong>cursus,</strong></span> <span class='ocrx_word' id='word_1_410' title='bbox 2078 2466 2185 2536; x_wconf 79' lang='lat' dir='ltr'><strong>quo</strong></span> <span class='ocrx_word' id='word_1_411' title='bbox 2212 2466 2326 2520; x_wconf 75' lang='lat' dir='ltr'><strong>hzec</strong></span> <span class='ocrx_word' id='word_1_412' title='bbox 2354 2466 2421 2520; x_wconf 90' lang='lat' dir='ltr'><strong>ad</strong></span> <span class='ocrx_word' id='word_1_413' title='bbox 2450 2466 2547 2521; x_wconf 70' lang='lat' dir='ltr'><strong>nes</strong></span> <span class='ocrx_word' id='word_1_414' title='bbox 2580 2466 2645 2520; x_wconf 90' lang='lat' dir='ltr'><strong>de</strong></span> <span class='ocrx_word' id='word_1_415' title='bbox 2676 2465 2925 2536; x_wconf 86' lang='lat' dir='ltr'><strong>paradiso</strong></span> <span class='ocrx_word' id='word_1_416' title='bbox 2951 2480 3047 2536; x_wconf 83' lang='lat' dir='ltr'><strong>per</strong></span> <span class='ocrx_word' id='word_1_417' title='bbox 3088 2463 3408 2521; x_wconf 82' lang='lat' dir='ltr'><strong>occultiores</strong></span> 
     </span>
    </p>
   </div>
   <div class='ocr_carea' id='block_1_56' title="bbox 1843 2551 3398 2626">
    <p class='ocr_par' dir='ltr' id='par_1_56' title="bbox 1843 2551 3398 2626">
     <span class='ocr_line' id='line_1_56' title="bbox 1843 2551 3398 2626; baseline 0 -19"><span class='ocrx_word' id='word_1_418' title='bbox 1843 2562 2001 2607; x_wconf 81' lang='lat' dir='ltr'><strong>terrae</strong></span> <span class='ocrx_word' id='word_1_419' title='bbox 2036 2553 2185 2607; x_wconf 88' lang='lat' dir='ltr'><strong>sinus</strong></span> <span class='ocrx_word' id='word_1_420' title='bbox 2209 2558 2477 2624; x_wconf 77' lang='lat' dir='ltr'><strong>venasque</strong></span> <span class='ocrx_word' id='word_1_421' title='bbox 2504 2554 2775 2626; x_wconf 74' lang='lat' dir='ltr'><strong>longiores</strong></span> <span class='ocrx_word' id='word_1_422' title='bbox 2814 2562 3032 2610; x_wconf 81' lang='lat' dir='ltr'><strong>exeunt.</strong></span> <span class='ocrx_word' id='word_1_423' title='bbox 3076 2551 3398 2623; x_wconf 82' lang='lat' dir='ltr'><strong>interpreta-</strong></span> 
     </span>
    </p>
   </div>
   <div class='ocr_carea' id='block_1_57' title="bbox 1841 2643 3406 2717">
    <p class='ocr_par' dir='ltr' id='par_1_57' title="bbox 1841 2643 3406 2717">
     <span class='ocr_line' id='line_1_57' title="bbox 1841 2643 3406 2717; baseline 0.001 -18"><span class='ocrx_word' id='word_1_424' title='bbox 1841 2654 1930 2699; x_wconf 89' lang='lat' dir='ltr'><strong>tur</strong></span> <span class='ocrx_word' id='word_1_425' title='bbox 1956 2653 2136 2699; x_wconf 84' lang='lat' dir='ltr'><strong>autem</strong></span> <span class='ocrx_word' id='word_1_426' title='bbox 2182 2645 2377 2701; x_wconf 90' lang='lat' dir='ltr'><strong>Phison</strong></span> <span class='ocrx_word' id='word_1_427' title='bbox 2408 2648 2512 2701; x_wconf 80' lang='lat' dir='ltr'><strong>oris</strong></span> <span class='ocrx_word' id='word_1_428' title='bbox 2542 2649 2784 2713; x_wconf 83' lang='lat' dir='ltr'><strong>mutatio,</strong></span> <span class='ocrx_word' id='word_1_429' title='bbox 2818 2648 2929 2701; x_wconf 85' lang='lat' dir='ltr'><strong>sive</strong></span> <span class='ocrx_word' id='word_1_430' title='bbox 2976 2662 3033 2701; x_wconf 77' lang='lat' dir='ltr'><strong>os</strong></span> <span class='ocrx_word' id='word_1_431' title='bbox 3062 2643 3304 2717; x_wconf 78' lang='lat' dir='ltr'><strong>pupillre;</strong></span> <span class='ocrx_word' id='word_1_432' title='bbox 3350 2654 3406 2700; x_wconf 89' lang='lat' dir='ltr'><strong>et</strong></span> 
     </span>
    </p>
   </div>
   <div class='ocr_carea' id='block_1_58' title="bbox 1842 2724 3404 2807">
    <p class='ocr_par' dir='ltr' id='par_1_58' title="bbox 1842 2724 3404 2807">
     <span class='ocr_line' id='line_1_58' title="bbox 1842 2724 3404 2807; baseline 0.001 -18"><span class='ocrx_word' id='word_1_433' title='bbox 1842 2744 2007 2801; x_wconf 88' lang='lat' dir='ltr'><strong>recte,</strong></span> <span class='ocrx_word' id='word_1_434' title='bbox 2034 2737 2161 2806; x_wconf 88' lang='lat' dir='ltr'><strong>quia</strong></span> <span class='ocrx_word' id='word_1_435' title='bbox 2207 2724 2459 2792; x_wconf 73' lang='lat' dir='ltr'><strong>nimirum</strong></span> <span class='ocrx_word' id='word_1_436' title='bbox 2500 2738 2660 2793; x_wconf 88' lang='lat' dir='ltr'><strong>aliam</strong></span> <span class='ocrx_word' id='word_1_437' title='bbox 2693 2738 2748 2794; x_wconf 91' lang='lat' dir='ltr'><strong>in</strong></span> <span class='ocrx_word' id='word_1_438' title='bbox 2778 2747 2960 2795; x_wconf 85' lang='lat' dir='ltr'><strong>nostra</strong></span> <span class='ocrx_word' id='word_1_439' title='bbox 2989 2748 3130 2794; x_wconf 90' lang='lat' dir='ltr'><strong>terra</strong></span> <span class='ocrx_word' id='word_1_440' title='bbox 3176 2737 3404 2807; x_wconf 75' lang='lat' dir='ltr'><strong>gratiam</strong></span> 
     </span>
    </p>
   </div>
   <div class='ocr_carea' id='block_1_59' title="bbox 1838 2825 3402 2900">
    <p class='ocr_par' dir='ltr' id='par_1_59' title="bbox 1838 2825 3402 2900">
     <span class='ocr_line' id='line_1_59' title="bbox 1838 2825 3402 2900; baseline -0.001 -20"><span class='ocrx_word' id='word_1_441' title='bbox 1838 2825 2016 2891; x_wconf 87' lang='lat' dir='ltr'><strong>faciei,</strong></span> <span class='ocrx_word' id='word_1_442' title='bbox 2049 2828 2101 2881; x_wconf 92' lang='lat' dir='ltr'><strong>id</strong></span> <span class='ocrx_word' id='word_1_443' title='bbox 2130 2836 2231 2892; x_wconf 87' lang='lat' dir='ltr'><strong>est,</strong></span> <span class='ocrx_word' id='word_1_444' title='bbox 2270 2827 2514 2884; x_wconf 85' lang='lat' dir='ltr'><strong>viliorem</strong></span> <span class='ocrx_word' id='word_1_445' title='bbox 2544 2827 2731 2896; x_wconf 89' lang='lat' dir='ltr'><strong>multo,</strong></span> <span class='ocrx_word' id='word_1_446' title='bbox 2756 2844 2916 2900; x_wconf 89' lang='lat' dir='ltr'><strong>quam</strong></span> <span class='ocrx_word' id='word_1_447' title='bbox 2945 2828 2997 2883; x_wconf 93' lang='lat' dir='ltr'><strong>in</strong></span> <span class='ocrx_word' id='word_1_448' title='bbox 3025 2827 3274 2900; x_wconf 88' lang='lat' dir='ltr'><strong>paradiso</strong></span> <span class='ocrx_word' id='word_1_449' title='bbox 3303 2826 3402 2880; x_wconf 77' lang='lat' dir='ltr'><strong>hu-</strong></span> 
     </span>
    </p>
   </div>
   <div class='ocr_carea' id='block_1_60' title="bbox 1838 2912 2989 2981">
    <p class='ocr_par' dir='ltr' id='par_1_60' title="bbox 1838 2912 2989 2981">
     <span class='ocr_line' id='line_1_60' title="bbox 1838 2912 2989 2981; baseline -0.002 -12"><span class='ocrx_word' id='word_1_450' title='bbox 1838 2914 1953 2981; x_wconf 87' lang='lat' dir='ltr'><strong>bet,</strong></span> <span class='ocrx_word' id='word_1_451' title='bbox 1980 2912 2237 2971; x_wconf 81' lang='lat' dir='ltr'><strong>ostendit.</strong></span> <span class='ocrx_word' id='word_1_452' title='bbox 2988 2976 2989 2979; x_wconf 25' lang='grc' dir='ltr'><strong>η</strong></span> 
     </span>
    </p>
   </div>
   <div class='ocr_carea' id='block_1_61' title="bbox 1907 3006 3402 3080">
    <p class='ocr_par' dir='ltr' id='par_1_61' title="bbox 1907 3006 3402 3080">
     <span class='ocr_line' id='line_1_61' title="bbox 1907 3006 3402 3080; baseline 0 -19"><span class='ocrx_word' id='word_1_453' title='bbox 1907 3007 2029 3079; x_wconf 77' lang='lat' dir='ltr'><strong>Ipse</strong></span> <span class='ocrx_word' id='word_1_454' title='bbox 2062 3018 2135 3063; x_wconf 71' lang='lat' dir='ltr'><strong>est</strong></span> <span class='ocrx_word' id='word_1_455' title='bbox 2180 3008 2269 3080; x_wconf 83' lang='lat' dir='ltr'><strong>qu‘i</strong></span> <span class='ocrx_word' id='word_1_456' title='bbox 2316 3008 2499 3064; x_wconf 67' lang='lat' dir='ltr'><strong>circuit</strong></span> <span class='ocrx_word' id='word_1_457' title='bbox 2552 3026 2754 3063; x_wconf 82' lang='lat' dir='ltr'><strong>omnem</strong></span> <span class='ocrx_word' id='word_1_458' title='bbox 2790 3021 2984 3064; x_wconf 84' lang='lat' dir='ltr'><strong>terram</strong></span> <span class='ocrx_word' id='word_1_459' title='bbox 3027 3006 3235 3062; x_wconf 74' lang='lat' dir='ltr'><strong>Erilali.</strong></span> <span class='ocrx_word' id='word_1_460' title='bbox 3279 3007 3402 3061; x_wconf 55' lang='lat' dir='ltr'><strong>llarc</strong></span> 
     </span>
    </p>
   </div>
   <div class='ocr_carea' id='block_1_62' title="bbox 1841 3092 3401 3169">
    <p class='ocr_par' dir='ltr' id='par_1_62' title="bbox 1841 3092 3401 3169">
     <span class='ocr_line' id='line_1_62' title="bbox 1841 3092 3401 3169; baseline -0.002 -15"><span class='ocrx_word' id='word_1_461' title='bbox 1841 3106 1923 3154; x_wconf 89' lang='lat' dir='ltr'><strong>est</strong></span> <span class='ocrx_word' id='word_1_462' title='bbox 1946 3092 2111 3153; x_wconf 63' lang='lat' dir='ltr'><strong>lndiae</strong></span> <span class='ocrx_word' id='word_1_463' title='bbox 2139 3100 2303 3169; x_wconf 83' lang='lat' dir='ltr'><strong>regio,</strong></span> <span class='ocrx_word' id='word_1_464' title='bbox 2337 3102 2531 3155; x_wconf 74' lang='lat' dir='ltr'><strong>nomen</strong></span> <span class='ocrx_word' id='word_1_465' title='bbox 2575 3098 2699 3153; x_wconf 88' lang='lat' dir='ltr'><strong>inde</strong></span> <span class='ocrx_word' id='word_1_466' title='bbox 2731 3099 2952 3165; x_wconf 76' lang='lat' dir='ltr'><strong>habens,</strong></span> <span class='ocrx_word' id='word_1_467' title='bbox 2984 3098 3124 3167; x_wconf 86' lang='lat' dir='ltr'><strong>quod</strong></span> <span class='ocrx_word' id='word_1_468' title='bbox 3154 3109 3401 3167; x_wconf 86' lang='lat' dir='ltr'><strong>possessa</strong></span> 
     </span>
    </p>
   </div>
   <div class='ocr_carea' id='block_1_63' title="bbox 174 3160 3404 3260">
    <p class='ocr_par' dir='ltr' id='par_1_63' title="bbox 174 3160 3404 3260">
     <span class='ocr_line' id='line_1_63' title="bbox 174 3160 3404 3260; baseline 0.002 -26"><span class='ocrx_word' id='word_1_469' title='bbox 174 3182 288 3245; x_wconf 88' lang='lat' dir='ltr'><strong>sio,</strong></span> <span class='ocrx_word' id='word_1_470' title='bbox 315 3182 371 3235; x_wconf 91' lang='lat' dir='ltr'><strong>in</strong></span> <span class='ocrx_word' id='word_1_471' title='bbox 416 3197 521 3251; x_wconf 87' lang='lat' dir='ltr'><strong>qua</strong></span> <span class='ocrx_word' id='word_1_472' title='bbox 550 3184 710 3238; x_wconf 86' lang='lat' dir='ltr'><strong>homo</strong></span> <span class='ocrx_word' id='word_1_473' title='bbox 738 3190 832 3252; x_wconf 84' lang='lat' dir='ltr'><strong>per</strong></span> <span class='ocrx_word' id='word_1_474' title='bbox 854 3160 1275 3255; x_wconf 70' lang='lat' dir='ltr'><strong>experimentum</strong></span> <span class='ocrx_word' id='word_1_475' title='bbox 1302 3192 1476 3253; x_wconf 68' lang='lat' dir='ltr'><strong>preme</strong></span> <span class='ocrx_word' id='word_1_476' title='bbox 1502 3160 1738 3240; x_wconf 80' lang='lat' dir='ltr'><strong>disceret</strong></span> <span class='ocrx_word' id='word_1_477' title='bbox 1760 3160 1810 3223; x_wconf 60' lang='grc' dir='ltr'>Ὁ</span> <span class='ocrx_word' id='word_1_478' title='bbox 1842 3190 1912 3245; x_wconf 89' lang='lat' dir='ltr'><strong>sit</strong></span> <span class='ocrx_word' id='word_1_479' title='bbox 1937 3198 2058 3260; x_wconf 90' lang='lat' dir='ltr'><strong>post</strong></span> <span class='ocrx_word' id='word_1_480' title='bbox 2110 3160 2475 3246; x_wconf 54' lang='lat' dir='ltr'><strong>dihiviummb</strong></span> <span class='ocrx_word' id='word_1_481' title='bbox 2527 3188 2711 3243; x_wconf 81' lang='lat' dir='ltr'><strong>Evilah</strong></span> <span class='ocrx_word' id='word_1_482' title='bbox 2762 3187 2870 3244; x_wconf 89' lang='lat' dir='ltr'><strong>lilio</strong></span> <span class='ocrx_word' id='word_1_483' title='bbox 2918 3160 3127 3252; x_wconf 69' lang='lat' dir='ltr'><strong>lectan,</strong></span> <span class='ocrx_word' id='word_1_484' title='bbox 3156 3160 3262 3256; x_wconf 38' lang='lat' dir='ltr'><strong>&#39;qui</strong></span> <span class='ocrx_word' id='word_1_485' title='bbox 3306 3186 3404 3240; x_wconf 81' lang='lat' dir='ltr'><strong>fuit</strong></span> 
     </span>
    </p>
   </div>
   <div class='ocr_carea' id='block_1_64' title="bbox 165 3272 1738 3341">
    <p class='ocr_par' dir='ltr' id='par_1_64' title="bbox 165 3272 1738 3341">
     <span class='ocr_line' id='line_1_64' title="bbox 165 3272 1738 3341; baseline 0.004 -16"><span class='ocrx_word' id='word_1_486' title='bbox 165 3275 301 3341; x_wconf 82' lang='lat' dir='ltr'><strong>&#39;qnid</strong></span> <span class='ocrx_word' id='word_1_487' title='bbox 348 3283 490 3327; x_wconf 87' lang='lat' dir='ltr'><strong>esset</strong></span> <span class='ocrx_word' id='word_1_488' title='bbox 518 3272 657 3328; x_wconf 63' lang='lat' dir='ltr'><strong>inter</strong></span> <span class='ocrx_word' id='word_1_489' title='bbox 682 3275 997 3330; x_wconf 73' lang='lat' dir='ltr'><strong>cliedientize</strong></span> <span class='ocrx_word' id='word_1_490' title='bbox 1042 3277 1235 3330; x_wconf 88' lang='lat' dir='ltr'><strong>bonum</strong></span> <span class='ocrx_word' id='word_1_491' title='bbox 1274 3285 1328 3330; x_wconf 88' lang='lat' dir='ltr'><strong>et</strong></span> <span class='ocrx_word' id='word_1_492' title='bbox 1368 3274 1738 3332; x_wconf 71' lang='lat' dir='ltr'><strong>inobedientize</strong></span> 
     </span>
    </p>
   </div>
   <div class='ocr_carea' id='block_1_65' title="bbox 169 3364 1736 3438">
    <p class='ocr_par' dir='ltr' id='par_1_65' title="bbox 169 3364 1736 3438">
     <span class='ocr_line' id='line_1_65' title="bbox 169 3364 1736 3438; baseline 0.004 -20"><span class='ocrx_word' id='word_1_493' title='bbox 169 3364 397 3418; x_wconf 74' lang='lat' dir='ltr'><strong>malum.</strong></span> <span class='ocrx_word' id='word_1_494' title='bbox 428 3364 657 3421; x_wconf 77' lang='lat' dir='ltr'><strong>Proinde</strong></span> <span class='ocrx_word' id='word_1_495' title='bbox 696 3374 749 3420; x_wconf 90' lang='lat' dir='ltr'><strong>et</strong></span> <span class='ocrx_word' id='word_1_496' title='bbox 777 3367 879 3422; x_wconf 83' lang='lat' dir='ltr'><strong>hoc</strong></span> <span class='ocrx_word' id='word_1_497' title='bbox 923 3372 1035 3422; x_wconf 67' lang='lat' dir='ltr'><strong>ﬁbri</strong></span> <span class='ocrx_word' id='word_1_498' title='bbox 1076 3370 1126 3421; x_wconf 91' lang='lat' dir='ltr'><strong>in</strong></span> <span class='ocrx_word' id='word_1_499' title='bbox 1176 3368 1342 3438; x_wconf 85' lang='lat' dir='ltr'><strong>figura</strong></span> <span class='ocrx_word' id='word_1_500' title='bbox 1371 3368 1601 3433; x_wconf 76' lang='lat' dir='ltr'><strong>dietum,</strong></span> <span class='ocrx_word' id='word_1_501' title='bbox 1643 3370 1736 3424; x_wconf 91' lang='lat' dir='ltr'><strong>sed</strong></span> 
     </span>
    </p>
   </div>
   <div class='ocr_carea' id='block_1_66' title="bbox 175 3456 1737 3529">
    <p class='ocr_par' dir='ltr' id='par_1_66' title="bbox 175 3456 1737 3529">
     <span class='ocr_line' id='line_1_66' title="bbox 175 3456 1737 3529; baseline 0.007 -24"><span class='ocrx_word' id='word_1_502' title='bbox 175 3470 298 3511; x_wconf 80' lang='lat' dir='ltr'><strong>vere</strong></span> <span class='ocrx_word' id='word_1_503' title='bbox 318 3458 585 3525; x_wconf 82' lang='lat' dir='ltr'><strong>quoddam</strong></span> <span class='ocrx_word' id='word_1_504' title='bbox 635 3458 833 3529; x_wconf 83' lang='lat' dir='ltr'><strong>lignum</strong></span> <span class='ocrx_word' id='word_1_505' title='bbox 860 3458 1223 3528; x_wconf 76' lang='lat' dir='ltr'><strong>accipiendum</strong></span> <span class='ocrx_word' id='word_1_506' title='bbox 1251 3456 1349 3523; x_wconf 71' lang='lat' dir='ltr'><strong>est,</strong></span> <span class='ocrx_word' id='word_1_507' title='bbox 1399 3462 1484 3515; x_wconf 92' lang='lat' dir='ltr'><strong>cui</strong></span> <span class='ocrx_word' id='word_1_508' title='bbox 1522 3478 1625 3515; x_wconf 93' lang='lat' dir='ltr'><strong>non</strong></span> <span class='ocrx_word' id='word_1_509' title='bbox 1671 3462 1737 3517; x_wconf 84' lang='lat' dir='ltr'><strong>de</strong></span> 
     </span>
    </p>
   </div>
   <div class='ocr_carea' id='block_1_67' title="bbox 166 3538 1735 3621">
    <p class='ocr_par' dir='ltr' id='par_1_67' title="bbox 166 3538 1735 3621">
     <span class='ocr_line' id='line_1_67' title="bbox 166 3538 1735 3621; baseline 0.007 -26"><span class='ocrx_word' id='word_1_510' title='bbox 166 3538 368 3607; x_wconf 59' lang='lat' dir='ltr'><strong>fructu.</strong></span> <span class='ocrx_word' id='word_1_511' title='bbox 394 3547 478 3601; x_wconf 89' lang='lat' dir='ltr'><strong>vel</strong></span> <span class='ocrx_word' id='word_1_512' title='bbox 506 3553 688 3617; x_wconf 75' lang='lat' dir='ltr'><strong>pomo;</strong></span> <span class='ocrx_word' id='word_1_513' title='bbox 710 3549 850 3618; x_wconf 69' lang='lat' dir='ltr'><strong>Quoa</strong></span> <span class='ocrx_word' id='word_1_514' title='bbox 884 3550 1004 3604; x_wconf 79' lang='lat' dir='ltr'><strong>inde</strong></span> <span class='ocrx_word' id='word_1_515' title='bbox 1034 3542 1359 3615; x_wconf 81' lang='lat' dir='ltr'><strong>nasceretur,</strong></span> <span class='ocrx_word' id='word_1_516' title='bbox 1386 3555 1480 3606; x_wconf 88' lang='lat' dir='ltr'><strong>sed</strong></span> <span class='ocrx_word' id='word_1_517' title='bbox 1525 3560 1591 3605; x_wconf 78' lang='lat' dir='ltr'><strong>ex</strong></span> <span class='ocrx_word' id='word_1_518' title='bbox 1621 3553 1735 3621; x_wconf 87' lang='lat' dir='ltr'><strong>ipsa</strong></span> 
     </span>
    </p>
   </div>
   <div class='ocr_carea' id='block_1_68' title="bbox 175 3638 1732 3709">
    <p class='ocr_par' dir='ltr' id='par_1_68' title="bbox 175 3638 1732 3709">
     <span class='ocr_line' id='line_1_68' title="bbox 175 3638 1732 3709; baseline 0.002 -19"><span class='ocrx_word' id='word_1_519' title='bbox 175 3651 233 3691; x_wconf 83' lang='lat' dir='ltr'><strong>re</strong></span> <span class='ocrx_word' id='word_1_520' title='bbox 273 3652 464 3691; x_wconf 76' lang='lat' dir='ltr'><strong>nomen</strong></span> <span class='ocrx_word' id='word_1_521' title='bbox 500 3638 806 3707; x_wconf 86' lang='lat' dir='ltr'><strong>impositum</strong></span> <span class='ocrx_word' id='word_1_522' title='bbox 830 3644 948 3705; x_wconf 74' lang='lat' dir='ltr'><strong>est,</strong></span> <span class='ocrx_word' id='word_1_523' title='bbox 973 3655 1089 3709; x_wconf 71' lang='lat' dir='ltr'><strong>qua:</strong></span> <span class='ocrx_word' id='word_1_524' title='bbox 1110 3682 1124 3705; x_wconf 88' lang='lat'><strong>,</strong></span> <span class='ocrx_word' id='word_1_525' title='bbox 1158 3640 1246 3695; x_wconf 90' lang='lat' dir='ltr'><strong>illo</strong></span> <span class='ocrx_word' id='word_1_526' title='bbox 1286 3651 1470 3696; x_wconf 89' lang='lat' dir='ltr'><strong>contra</strong></span> <span class='ocrx_word' id='word_1_527' title='bbox 1512 3642 1732 3697; x_wconf 87' lang='lat' dir='ltr'><strong>velitum</strong></span> 
     </span>
    </p>
   </div>
   <div class='ocr_carea' id='block_1_69' title="bbox 166 3718 839 3794">
    <p class='ocr_par' dir='ltr' id='par_1_69' title="bbox 166 3718 839 3794">
     <span class='ocr_line' id='line_1_69' title="bbox 166 3718 839 3794; baseline 0.003 -12"><span class='ocrx_word' id='word_1_528' title='bbox 166 3718 339 3794; x_wconf 4' lang='lat' dir='ltr'><strong>lucto,</strong></span> <span class='ocrx_word' id='word_1_529' title='bbox 365 3727 539 3785; x_wconf 80' lang='lat' dir='ltr'><strong>fuerat</strong></span> <span class='ocrx_word' id='word_1_530' title='bbox 574 3738 839 3784; x_wconf 86' lang='lat' dir='ltr'><strong>secutura.</strong></span> 
     </span>
    </p>
   </div>
   <div class='ocr_carea' id='block_1_70' title="bbox 238 3815 1734 3892">
    <p class='ocr_par' dir='ltr' id='par_1_70' title="bbox 238 3815 1734 3892">
     <span class='ocr_line' id='line_1_70' title="bbox 238 3815 1734 3892; baseline 0.003 -22"><span class='ocrx_word' id='word_1_531' title='bbox 238 3815 308 3870; x_wconf 79' lang='lat' dir='ltr'><strong>Et</strong></span> <span class='ocrx_word' id='word_1_532' title='bbox 336 3818 526 3887; x_wconf 70' lang='lat' dir='ltr'><strong>ﬂuvius</strong></span> <span class='ocrx_word' id='word_1_533' title='bbox 572 3820 925 3889; x_wconf 80' lang='lat' dir='ltr'><strong>egrediebatur</strong></span> <span class='ocrx_word' id='word_1_534' title='bbox 946 3820 1015 3875; x_wconf 72' lang='lat' dir='ltr'><strong>de</strong></span> <span class='ocrx_word' id='word_1_535' title='bbox 1057 3822 1166 3878; x_wconf 70' lang='lat' dir='ltr'><strong>loco</strong></span> <span class='ocrx_word' id='word_1_536' title='bbox 1198 3823 1470 3892; x_wconf 73' lang='lat' dir='ltr'><strong>uoluptatis</strong></span> <span class='ocrx_word' id='word_1_537' title='bbox 1509 3824 1578 3875; x_wconf 84' lang='lat' dir='ltr'><strong>ad</strong></span> <span class='ocrx_word' id='word_1_538' title='bbox 1615 3823 1734 3875; x_wconf 84' lang='lat' dir='ltr'><strong>irri-</strong></span> 
     </span>
    </p>
   </div>
   <div class='ocr_carea' id='block_1_71' title="bbox 166 3900 1733 3982">
    <p class='ocr_par' dir='ltr' id='par_1_71' title="bbox 166 3900 1733 3982">
     <span class='ocr_line' id='line_1_71' title="bbox 166 3900 1733 3982; baseline 0.003 -22"><span class='ocrx_word' id='word_1_539' title='bbox 166 3904 399 3982; x_wconf 39' lang='lat' dir='ltr'><strong>‘gandum</strong></span> <span class='ocrx_word' id='word_1_540' title='bbox 448 3909 772 3978; x_wconf 73' lang='lat' dir='ltr'><strong>paradisum,</strong></span> <span class='ocrx_word' id='word_1_541' title='bbox 815 3911 867 3964; x_wconf 87' lang='lat' dir='ltr'><strong>id</strong></span> <span class='ocrx_word' id='word_1_542' title='bbox 896 3920 997 3976; x_wconf 86' lang='lat' dir='ltr'><strong>est,</strong></span> <span class='ocrx_word' id='word_1_543' title='bbox 1033 3911 1178 3980; x_wconf 80' lang='lat' dir='ltr'><strong>ligna</strong></span> <span class='ocrx_word' id='word_1_544' title='bbox 1211 3914 1296 3965; x_wconf 87' lang='lat' dir='ltr'><strong>illa</strong></span> <span class='ocrx_word' id='word_1_545' title='bbox 1327 3900 1546 3982; x_wconf 71' lang='lat' dir='ltr'><strong>pulchra</strong></span> <span class='ocrx_word' id='word_1_546' title='bbox 1576 3921 1733 3981; x_wconf 88' lang='lat' dir='ltr'><strong>atque</strong></span> 
     </span>
    </p>
   </div>
   <div class='ocr_carea' id='block_1_72' title="bbox 164 3981 1734 4071">
    <p class='ocr_par' dir='ltr' id='par_1_72' title="bbox 164 3981 1734 4071">
     <span class='ocr_line' id='line_1_72' title="bbox 164 3981 1734 4071; baseline 0.004 -24"><span class='ocrx_word' id='word_1_547' title='bbox 164 3981 462 4060; x_wconf 57' lang='lat' dir='ltr'><strong>&#39;fmctnosa,</strong></span> <span class='ocrx_word' id='word_1_548' title='bbox 502 4014 621 4067; x_wconf 73' lang='lat' dir='ltr'><strong>qua:</strong></span> <span class='ocrx_word' id='word_1_549' title='bbox 667 4014 878 4054; x_wconf 92' lang='lat' dir='ltr'><strong>omnem</strong></span> <span class='ocrx_word' id='word_1_550' title='bbox 923 4002 1121 4055; x_wconf 79' lang='lat' dir='ltr'><strong>terram</strong></span> <span class='ocrx_word' id='word_1_551' title='bbox 1162 4004 1393 4071; x_wconf 76' lang='lat' dir='ltr'><strong>regionis</strong></span> <span class='ocrx_word' id='word_1_552' title='bbox 1440 4004 1579 4057; x_wconf 90' lang='lat' dir='ltr'><strong>illius</strong></span> <span class='ocrx_word' id='word_1_553' title='bbox 1607 4018 1734 4071; x_wconf 90' lang='lat' dir='ltr'><strong>opa-</strong></span> 
     </span>
    </p>
   </div>
   <div class='ocr_carea' id='block_1_73' title="bbox 167 4076 1731 4153">
    <p class='ocr_par' dir='ltr' id='par_1_73' title="bbox 167 4076 1731 4153">
     <span class='ocr_line' id='line_1_73' title="bbox 167 4076 1731 4153; baseline 0.007 -14"><span class='ocrx_word' id='word_1_554' title='bbox 167 4076 381 4141; x_wconf 73' lang='lat' dir='ltr'><strong>eabant.</strong></span> <span class='ocrx_word' id='word_1_555' title='bbox 430 4086 580 4153; x_wconf 87' lang='lat' dir='ltr'><strong>Quod</strong></span> <span class='ocrx_word' id='word_1_556' title='bbox 609 4104 672 4142; x_wconf 90' lang='lat' dir='ltr'><strong>eo</strong></span> <span class='ocrx_word' id='word_1_557' title='bbox 720 4088 915 4142; x_wconf 83' lang='lat' dir='ltr'><strong>factum</strong></span> <span class='ocrx_word' id='word_1_558' title='bbox 968 4091 1131 4145; x_wconf 87' lang='lat' dir='ltr'><strong>fuisse</strong></span> <span class='ocrx_word' id='word_1_559' title='bbox 1174 4094 1359 4146; x_wconf 85' lang='lat' dir='ltr'><strong>ordine</strong></span> <span class='ocrx_word' id='word_1_560' title='bbox 1408 4095 1731 4150; x_wconf 86' lang='lat' dir='ltr'><strong>credendum</strong></span> 
     </span>
    </p>
   </div>
   <div class='ocr_carea' id='block_1_74' title="bbox 169 4174 1731 4247">
    <p class='ocr_par' dir='ltr' id='par_1_74' title="bbox 169 4174 1731 4247">
     <span class='ocr_line' id='line_1_74' title="bbox 169 4174 1731 4247; baseline 0.006 -18"><span class='ocrx_word' id='word_1_561' title='bbox 169 4185 401 4246; x_wconf 85' lang='lat' dir='ltr'><strong>est,quo</strong></span> <span class='ocrx_word' id='word_1_562' title='bbox 424 4178 483 4230; x_wconf 89' lang='lat' dir='ltr'><strong>in</strong></span> <span class='ocrx_word' id='word_1_563' title='bbox 521 4174 637 4239; x_wconf 78' lang='lat' dir='ltr'><strong>hac,</strong></span> <span class='ocrx_word' id='word_1_564' title='bbox 676 4193 835 4246; x_wconf 88' lang='lat' dir='ltr'><strong>quam</strong></span> <span class='ocrx_word' id='word_1_565' title='bbox 868 4194 963 4233; x_wconf 86' lang='lat' dir='ltr'><strong>nos</strong></span> <span class='ocrx_word' id='word_1_566' title='bbox 1009 4180 1287 4234; x_wconf 79' lang='lat' dir='ltr'><strong>incolimus</strong></span> <span class='ocrx_word' id='word_1_567' title='bbox 1331 4191 1549 4247; x_wconf 85' lang='lat' dir='ltr'><strong>terram,</strong></span> <span class='ocrx_word' id='word_1_568' title='bbox 1584 4184 1731 4239; x_wconf 79' lang='lat' dir='ltr'><strong>Nilus</strong></span> 
     </span>
    </p>
   </div>
   <div class='ocr_carea' id='block_1_75' title="bbox 170 4266 1730 4342">
    <p class='ocr_par' dir='ltr' id='par_1_75' title="bbox 170 4266 1730 4342">
     <span class='ocr_line' id='line_1_75' title="bbox 170 4266 1730 4342; baseline 0.008 -23"><span class='ocrx_word' id='word_1_569' title='bbox 170 4266 322 4336; x_wconf 88' lang='lat' dir='ltr'><strong>plana</strong></span> <span class='ocrx_word' id='word_1_570' title='bbox 356 4269 543 4338; x_wconf 86' lang='lat' dir='ltr'><strong>irrigat</strong></span> <span class='ocrx_word' id='word_1_571' title='bbox 572 4267 811 4338; x_wconf 72' lang='lat' dir='ltr'><strong>1Egypti.</strong></span> <span class='ocrx_word' id='word_1_572' title='bbox 847 4270 1001 4324; x_wconf 90' lang='lat' dir='ltr'><strong>Unde</strong></span> <span class='ocrx_word' id='word_1_573' title='bbox 1016 4268 1163 4340; x_wconf 78' lang='lat' dir='ltr'><strong>quod</strong></span> <span class='ocrx_word' id='word_1_574' title='bbox 1196 4280 1248 4324; x_wconf 89' lang='lat' dir='ltr'><strong>et</strong></span> <span class='ocrx_word' id='word_1_575' title='bbox 1272 4289 1429 4342; x_wconf 83' lang='lat' dir='ltr'><strong>supra</strong></span> <span class='ocrx_word' id='word_1_576' title='bbox 1457 4276 1730 4342; x_wconf 89' lang='lat' dir='ltr'><strong>posuimus</strong></span> 
     </span>
    </p>
   </div>
   <div class='ocr_carea' id='block_1_76' title="bbox 168 4360 1727 4433">
    <p class='ocr_par' dir='ltr' id='par_1_76' title="bbox 168 4360 1727 4433">
     <span class='ocr_line' id='line_1_76' title="bbox 168 4360 1727 4433; baseline 0.004 -20"><span class='ocrx_word' id='word_1_577' title='bbox 168 4360 365 4413; x_wconf 86' lang='lat' dir='ltr'><strong>dictum</strong></span> <span class='ocrx_word' id='word_1_578' title='bbox 388 4363 553 4415; x_wconf 83' lang='lat' dir='ltr'><strong>estde</strong></span> <span class='ocrx_word' id='word_1_579' title='bbox 588 4370 729 4415; x_wconf 88' lang='lat' dir='ltr'><strong>terra</strong></span> <span class='ocrx_word' id='word_1_580' title='bbox 768 4361 1141 4427; x_wconf 82' lang='lat' dir='ltr'><strong>SodomOrum,</strong></span> <span class='ocrx_word' id='word_1_581' title='bbox 1163 4380 1279 4433; x_wconf 80' lang='lat' dir='ltr'><strong>quae</strong></span> <span class='ocrx_word' id='word_1_582' title='bbox 1314 4367 1562 4421; x_wconf 83' lang='lat' dir='ltr'><strong>universa</strong></span> <span class='ocrx_word' id='word_1_583' title='bbox 1603 4368 1727 4420; x_wconf 90' lang='lat' dir='ltr'><strong>irri-</strong></span> 
     </span>
    </p>
   </div>
   <div class='ocr_carea' id='block_1_77' title="bbox 172 4436 1721 4527">
    <p class='ocr_par' dir='ltr' id='par_1_77' title="bbox 172 4436 1721 4527">
     <span class='ocr_line' id='line_1_77' title="bbox 172 4436 1721 4527; baseline 0.007 -29"><span class='ocrx_word' id='word_1_584' title='bbox 172 4448 392 4516; x_wconf 76' lang='lat' dir='ltr'><strong>gabatur</strong></span> <span class='ocrx_word' id='word_1_585' title='bbox 434 4450 571 4502; x_wconf 89' lang='lat' dir='ltr'><strong>sicut</strong></span> <span class='ocrx_word' id='word_1_586' title='bbox 602 4452 879 4527; x_wconf 60' lang='lat' dir='ltr'><strong>paradisus</strong></span> <span class='ocrx_word' id='word_1_587' title='bbox 922 4450 1127 4504; x_wconf 84' lang='lat' dir='ltr'><strong>Domini</strong></span> <span class='ocrx_word' id='word_1_588' title='bbox 1154 4493 1167 4515; x_wconf 88' lang='lat'><strong>,</strong></span> <span class='ocrx_word' id='word_1_589' title='bbox 1194 4456 1251 4506; x_wconf 76' lang='lat' dir='ltr'><strong>‘et</strong></span> <span class='ocrx_word' id='word_1_590' title='bbox 1275 4454 1413 4507; x_wconf 82' lang='lat' dir='ltr'><strong>sicut</strong></span> <span class='ocrx_word' id='word_1_591' title='bbox 1443 4436 1721 4525; x_wconf 60' lang='lat' dir='ltr'><strong>Egyptus.</strong></span> 
     </span>
    </p>
   </div>
   <div class='ocr_carea' id='block_1_78' title="bbox 170 4527 1725 4608">
    <p class='ocr_par' dir='ltr' id='par_1_78' title="bbox 170 4527 1725 4608">
     <span class='ocr_line' id='line_1_78' title="bbox 170 4527 1725 4608; baseline 0.008 -21"><span class='ocrx_word' id='word_1_592' title='bbox 170 4538 227 4588; x_wconf 72' lang='lat' dir='ltr'><strong>i-lt</strong></span> <span class='ocrx_word' id='word_1_593' title='bbox 272 4540 491 4606; x_wconf 84' lang='lat' dir='ltr'><strong>provida</strong></span> <span class='ocrx_word' id='word_1_594' title='bbox 520 4541 699 4607; x_wconf 85' lang='lat' dir='ltr'><strong>utique</strong></span> <span class='ocrx_word' id='word_1_595' title='bbox 729 4542 1073 4608; x_wconf 87' lang='lat' dir='ltr'><strong>dispositione</strong></span> <span class='ocrx_word' id='word_1_596' title='bbox 1102 4527 1361 4598; x_wconf 81' lang='lat' dir='ltr'><strong>Dominus</strong></span> <span class='ocrx_word' id='word_1_597' title='bbox 1393 4562 1453 4598; x_wconf 90' lang='lat' dir='ltr'><strong>ac</strong></span> <span class='ocrx_word' id='word_1_598' title='bbox 1481 4549 1725 4601; x_wconf 84' lang='lat' dir='ltr'><strong>conditor</strong></span> 
     </span>
    </p>
   </div>
   <div class='ocr_carea' id='block_1_79' title="bbox 167 4629 1719 4705">
    <p class='ocr_par' dir='ltr' id='par_1_79' title="bbox 167 4629 1719 4705">
     <span class='ocr_line' id='line_1_79' title="bbox 167 4629 1719 4705; baseline 0.008 -29"><span class='ocrx_word' id='word_1_599' title='bbox 167 4641 341 4680; x_wconf 87' lang='lat' dir='ltr'><strong>rerum</strong></span> <span class='ocrx_word' id='word_1_600' title='bbox 376 4629 429 4680; x_wconf 90' lang='lat' dir='ltr'><strong>in</strong></span> <span class='ocrx_word' id='word_1_601' title='bbox 478 4639 658 4705; x_wconf 84' lang='lat' dir='ltr'><strong>nostro</strong></span> <span class='ocrx_word' id='word_1_602' title='bbox 697 4631 825 4682; x_wconf 90' lang='lat' dir='ltr'><strong>orbe</strong></span> <span class='ocrx_word' id='word_1_603' title='bbox 870 4629 1036 4683; x_wconf 89' lang='lat' dir='ltr'><strong>voluit</strong></span> <span class='ocrx_word' id='word_1_604' title='bbox 1076 4630 1271 4685; x_wconf 76' lang='lat' dir='ltr'><strong>habere</strong></span> <span class='ocrx_word' id='word_1_605' title='bbox 1322 4633 1719 4688; x_wconf 88' lang='lat' dir='ltr'><strong>similitudinem</strong></span> 
     </span>
    </p>
   </div>
   <div class='ocr_carea' id='block_1_80' title="bbox 167 4716 1720 4789">
    <p class='ocr_par' dir='ltr' id='par_1_80' title="bbox 167 4716 1720 4789">
     <span class='ocr_line' id='line_1_80' title="bbox 167 4716 1720 4789; baseline 0.008 -24"><span class='ocrx_word' id='word_1_606' title='bbox 167 4716 471 4769; x_wconf 85' lang='lat' dir='ltr'><strong>nonnullam</strong></span> <span class='ocrx_word' id='word_1_607' title='bbox 519 4718 706 4787; x_wconf 64' lang='lat' dir='ltr'><strong>patriae</strong></span> <span class='ocrx_word' id='word_1_608' title='bbox 752 4719 916 4782; x_wconf 90' lang='lat' dir='ltr'><strong>illius,</strong></span> <span class='ocrx_word' id='word_1_609' title='bbox 944 4721 1010 4774; x_wconf 89' lang='lat' dir='ltr'><strong>ad</strong></span> <span class='ocrx_word' id='word_1_610' title='bbox 1052 4723 1209 4789; x_wconf 81' lang='lat' dir='ltr'><strong>quam</strong></span> <span class='ocrx_word' id='word_1_611' title='bbox 1264 4723 1639 4789; x_wconf 87' lang='lat' dir='ltr'><strong>possidendam</strong></span> <span class='ocrx_word' id='word_1_612' title='bbox 1668 4726 1720 4779; x_wconf 91' lang='lat' dir='ltr'><strong>in</strong></span> 
     </span>
    </p>
   </div>
   <div class='ocr_carea' id='block_1_81' title="bbox 167 4805 1718 4880">
    <p class='ocr_par' dir='ltr' id='par_1_81' title="bbox 167 4805 1718 4880">
     <span class='ocr_line' id='line_1_81' title="bbox 167 4805 1718 4880; baseline 0.008 -25"><span class='ocrx_word' id='word_1_613' title='bbox 167 4805 333 4870; x_wconf 88' lang='lat' dir='ltr'><strong>primo</strong></span> <span class='ocrx_word' id='word_1_614' title='bbox 391 4816 609 4874; x_wconf 89' lang='lat' dir='ltr'><strong>parente</strong></span> <span class='ocrx_word' id='word_1_615' title='bbox 661 4808 824 4861; x_wconf 87' lang='lat' dir='ltr'><strong>creati</strong></span> <span class='ocrx_word' id='word_1_616' title='bbox 862 4824 1065 4874; x_wconf 89' lang='lat' dir='ltr'><strong>sumus,</strong></span> <span class='ocrx_word' id='word_1_617' title='bbox 1098 4818 1155 4863; x_wconf 93' lang='lat' dir='ltr'><strong>ut</strong></span> <span class='ocrx_word' id='word_1_618' title='bbox 1208 4811 1272 4863; x_wconf 89' lang='lat' dir='ltr'><strong>ad</strong></span> <span class='ocrx_word' id='word_1_619' title='bbox 1311 4812 1718 4880; x_wconf 84' lang='lat' dir='ltr'><strong>promerendum</strong></span> 
     </span>
    </p>
   </div>
   <div class='ocr_carea' id='block_1_82' title="bbox 164 4896 1717 4974">
    <p class='ocr_par' dir='ltr' id='par_1_82' title="bbox 164 4896 1717 4974">
     <span class='ocr_line' id='line_1_82' title="bbox 164 4896 1717 4974; baseline 0.006 -25"><span class='ocrx_word' id='word_1_620' title='bbox 164 4896 275 4964; x_wconf 86' lang='lat' dir='ltr'><strong>ejus</strong></span> <span class='ocrx_word' id='word_1_621' title='bbox 329 4898 559 4952; x_wconf 88' lang='lat' dir='ltr'><strong>reditum</strong></span> <span class='ocrx_word' id='word_1_622' title='bbox 607 4900 671 4953; x_wconf 90' lang='lat' dir='ltr'><strong>de</strong></span> <span class='ocrx_word' id='word_1_623' title='bbox 710 4901 885 4954; x_wconf 85' lang='lat' dir='ltr'><strong>vicino</strong></span> <span class='ocrx_word' id='word_1_624' title='bbox 924 4916 1022 4955; x_wconf 90' lang='lat' dir='ltr'><strong>nos</strong></span> <span class='ocrx_word' id='word_1_625' title='bbox 1076 4903 1385 4957; x_wconf 88' lang='lat' dir='ltr'><strong>admoneret</strong></span> <span class='ocrx_word' id='word_1_626' title='bbox 1440 4905 1717 4974; x_wconf 82' lang='lat' dir='ltr'><strong>exemplo,</strong></span> 
     </span>
    </p>
   </div>
   <div class='ocr_carea' id='block_1_83' title="bbox 156 4977 1718 5060">
    <p class='ocr_par' dir='ltr' id='par_1_83' title="bbox 156 4977 1718 5060">
     <span class='ocr_line' id='line_1_83' title="bbox 156 4977 1718 5060; baseline 0.004 -22"><span class='ocrx_word' id='word_1_627' title='bbox 156 4989 393 5042; x_wconf 62' lang='lat' dir='ltr'><strong>maxime</strong></span> <span class='ocrx_word' id='word_1_628' title='bbox 421 5006 485 5042; x_wconf 81' lang='lat' dir='ltr'><strong>ex</strong></span> <span class='ocrx_word' id='word_1_629' title='bbox 530 4988 745 5042; x_wconf 85' lang='lat' dir='ltr'><strong>ﬂumine</strong></span> <span class='ocrx_word' id='word_1_630' title='bbox 794 4989 899 5053; x_wconf 91' lang='lat' dir='ltr'><strong>illo,</strong></span> <span class='ocrx_word' id='word_1_631' title='bbox 947 4977 1086 5058; x_wconf 82' lang='lat' dir='ltr'><strong>quod</strong></span> <span class='ocrx_word' id='word_1_632' title='bbox 1117 4990 1181 5044; x_wconf 91' lang='lat' dir='ltr'><strong>de</strong></span> <span class='ocrx_word' id='word_1_633' title='bbox 1222 4992 1476 5060; x_wconf 80' lang='lat' dir='ltr'><strong>paradiso</strong></span> <span class='ocrx_word' id='word_1_634' title='bbox 1508 5000 1718 5047; x_wconf 85' lang='lat' dir='ltr'><strong>constat</strong></span> 
     </span>
    </p>
   </div>
   <div class='ocr_carea' id='block_1_84' title="bbox 152 5073 1717 5152">
    <p class='ocr_par' dir='ltr' id='par_1_84' title="bbox 152 5073 1717 5152">
     <span class='ocr_line' id='line_1_84' title="bbox 152 5073 1717 5152; baseline 0.004 -21"><span class='ocrx_word' id='word_1_635' title='bbox 152 5080 430 5134; x_wconf 67' lang='lat' dir='ltr'><strong>emanare.</strong></span> <span class='ocrx_word' id='word_1_636' title='bbox 459 5080 607 5135; x_wconf 79' lang='lat' dir='ltr'><strong>Nilus</strong></span> <span class='ocrx_word' id='word_1_637' title='bbox 643 5097 874 5150; x_wconf 90' lang='lat' dir='ltr'><strong>namque</strong></span> <span class='ocrx_word' id='word_1_638' title='bbox 904 5073 994 5151; x_wconf 85' lang='lat' dir='ltr'><strong>qui</strong></span> <span class='ocrx_word' id='word_1_639' title='bbox 1026 5083 1211 5151; x_wconf 88' lang='lat' dir='ltr'><strong>irrigat</strong></span> <span class='ocrx_word' id='word_1_640' title='bbox 1236 5082 1553 5152; x_wconf 65' lang='lat' dir='ltr'><strong>Aigyptum,</strong></span> <span class='ocrx_word' id='word_1_641' title='bbox 1606 5085 1717 5151; x_wconf 89' lang='lat' dir='ltr'><strong>ipse</strong></span> 
     </span>
    </p>
   </div>
   <div class='ocr_carea' id='block_1_85' title="bbox 152 5169 1718 5241">
    <p class='ocr_par' dir='ltr' id='par_1_85' title="bbox 152 5169 1718 5241">
     <span class='ocr_line' id='line_1_85' title="bbox 152 5169 1718 5241; baseline 0.002 -17"><span class='ocrx_word' id='word_1_642' title='bbox 152 5172 236 5225; x_wconf 82' lang='lat' dir='ltr'><strong>&#39;est</strong></span> <span class='ocrx_word' id='word_1_643' title='bbox 275 5169 447 5236; x_wconf 85' lang='lat' dir='ltr'><strong>Geon,</strong></span> <span class='ocrx_word' id='word_1_644' title='bbox 474 5173 562 5241; x_wconf 90' lang='lat' dir='ltr'><strong>qui</strong></span> <span class='ocrx_word' id='word_1_645' title='bbox 597 5172 647 5224; x_wconf 92' lang='lat' dir='ltr'><strong>in</strong></span> <span class='ocrx_word' id='word_1_646' title='bbox 675 5173 1019 5241; x_wconf 88' lang='lat' dir='ltr'><strong>sequentibus</strong></span> <span class='ocrx_word' id='word_1_647' title='bbox 1059 5174 1124 5226; x_wconf 90' lang='lat' dir='ltr'><strong>de</strong></span> <span class='ocrx_word' id='word_1_648' title='bbox 1153 5174 1397 5241; x_wconf 80' lang='lat' dir='ltr'><strong>paradiso</strong></span> <span class='ocrx_word' id='word_1_649' title='bbox 1429 5174 1718 5241; x_wconf 84' lang='lat' dir='ltr'><strong>procedere</strong></span> 
     </span>
    </p>
   </div>
   <div class='ocr_carea' id='block_1_86' title="bbox 162 5261 1712 5317">
    <p class='ocr_par' dir='ltr' id='par_1_86' title="bbox 162 5261 1712 5317">
     <span class='ocr_line' id='line_1_86' title="bbox 162 5261 1712 5317; baseline 0 -1"><span class='ocrx_word' id='word_1_650' title='bbox 162 5270 504 5316; x_wconf 84' lang='lat' dir='ltr'><strong>memoratur.</strong></span> <span class='ocrx_word' id='word_1_651' title='bbox 536 5261 685 5317; x_wconf 89' lang='lat' dir='ltr'><strong>Sicut</strong></span> <span class='ocrx_word' id='word_1_652' title='bbox 706 5261 866 5315; x_wconf 87' lang='lat' dir='ltr'><strong>etiam</strong></span> <span class='ocrx_word' id='word_1_653' title='bbox 897 5263 1098 5316; x_wconf 88' lang='lat' dir='ltr'><strong>eversis</strong></span> <span class='ocrx_word' id='word_1_654' title='bbox 1116 5263 1326 5315; x_wconf 79' lang='lat' dir='ltr'><strong>eisdem</strong></span> <span class='ocrx_word' id='word_1_655' title='bbox 1359 5264 1712 5317; x_wconf 79' lang='lat' dir='ltr'><strong>SodOmorum</strong></span> 
     </span>
    </p>
   </div>
   <div class='ocr_carea' id='block_1_87' title="bbox 162 5346 1717 5422">
    <p class='ocr_par' dir='ltr' id='par_1_87' title="bbox 162 5346 1717 5422">
     <span class='ocr_line' id='line_1_87' title="bbox 162 5346 1717 5422; baseline 0 -19"><span class='ocrx_word' id='word_1_656' title='bbox 162 5351 482 5415; x_wconf 84' lang='lat' dir='ltr'><strong>civitatibus,</strong></span> <span class='ocrx_word' id='word_1_657' title='bbox 513 5356 641 5419; x_wconf 61' lang='lat' dir='ltr'><strong>qua:</strong></span> <span class='ocrx_word' id='word_1_658' title='bbox 661 5352 925 5419; x_wconf 89' lang='lat' dir='ltr'><strong>quondam</strong></span> <span class='ocrx_word' id='word_1_659' title='bbox 956 5346 1013 5404; x_wconf 86' lang='lat' dir='ltr'><strong>ut</strong></span> <span class='ocrx_word' id='word_1_660' title='bbox 1035 5352 1308 5422; x_wconf 85' lang='lat' dir='ltr'><strong>paradisus</strong></span> <span class='ocrx_word' id='word_1_661' title='bbox 1348 5352 1555 5405; x_wconf 90' lang='lat' dir='ltr'><strong>Domini</strong></span> <span class='ocrx_word' id='word_1_662' title='bbox 1594 5351 1717 5404; x_wconf 84' lang='lat' dir='ltr'><strong>irri-</strong></span> 
     </span>
    </p>
   </div>
   <div class='ocr_carea' id='block_1_88' title="bbox 153 5441 1712 5511">
    <p class='ocr_par' dir='ltr' id='par_1_88' title="bbox 153 5441 1712 5511">
     <span class='ocr_line' id='line_1_88' title="bbox 153 5441 1712 5511; baseline 0.001 -17"><span class='ocrx_word' id='word_1_663' title='bbox 153 5444 435 5509; x_wconf 77' lang='lat' dir='ltr'><strong>&#39;gabantur,</strong></span> <span class='ocrx_word' id='word_1_664' title='bbox 479 5442 778 5511; x_wconf 82' lang='lat' dir='ltr'><strong>exemplum</strong></span> <span class='ocrx_word' id='word_1_665' title='bbox 808 5456 1012 5505; x_wconf 90' lang='lat' dir='ltr'><strong>eorum,</strong></span> <span class='ocrx_word' id='word_1_666' title='bbox 1041 5442 1131 5511; x_wconf 92' lang='lat' dir='ltr'><strong>qui</strong></span> <span class='ocrx_word' id='word_1_667' title='bbox 1173 5441 1333 5510; x_wconf 88' lang='lat' dir='ltr'><strong>impie</strong></span> <span class='ocrx_word' id='word_1_668' title='bbox 1360 5443 1531 5496; x_wconf 89' lang='lat' dir='ltr'><strong>acturi</strong></span> <span class='ocrx_word' id='word_1_669' title='bbox 1570 5451 1712 5506; x_wconf 88' lang='lat' dir='ltr'><strong>sunt,</strong></span> 
     </span>
    </p>
   </div>
   <div class='ocr_carea' id='block_1_89' title="bbox 160 5531 1711 5601">
    <p class='ocr_par' dir='ltr' id='par_1_89' title="bbox 160 5531 1711 5601">
     <span class='ocr_line' id='line_1_89' title="bbox 160 5531 1711 5601; baseline 0.001 -18"><span class='ocrx_word' id='word_1_670' title='bbox 160 5534 353 5598; x_wconf 80' lang='lat' dir='ltr'><strong>posuit,</strong></span> <span class='ocrx_word' id='word_1_671' title='bbox 400 5540 461 5584; x_wconf 90' lang='lat' dir='ltr'><strong>ut</strong></span> <span class='ocrx_word' id='word_1_672' title='bbox 491 5532 710 5599; x_wconf 87' lang='lat' dir='ltr'><strong>vestigia</strong></span> <span class='ocrx_word' id='word_1_673' title='bbox 742 5531 1058 5601; x_wconf 85' lang='lat' dir='ltr'><strong>perditionis</strong></span> <span class='ocrx_word' id='word_1_674' title='bbox 1101 5531 1361 5584; x_wconf 82' lang='lat' dir='ltr'><strong>malorum</strong></span> <span class='ocrx_word' id='word_1_675' title='bbox 1416 5532 1711 5585; x_wconf 84' lang='lat' dir='ltr'><strong>certissima</strong></span> 
     </span>
    </p>
   </div>
   <div class='ocr_carea' id='block_1_90' title="bbox 160 5619 1714 5691">
    <p class='ocr_par' dir='ltr' id='par_1_90' title="bbox 160 5619 1714 5691">
     <span class='ocr_line' id='line_1_90' title="bbox 160 5619 1714 5691; baseline 0.003 -21"><span class='ocrx_word' id='word_1_676' title='bbox 160 5619 210 5671; x_wconf 87' lang='lat' dir='ltr'><strong>in</strong></span> <span class='ocrx_word' id='word_1_677' title='bbox 258 5622 454 5675; x_wconf 88' lang='lat' dir='ltr'><strong>mundo</strong></span> <span class='ocrx_word' id='word_1_678' title='bbox 500 5622 775 5685; x_wconf 86' lang='lat' dir='ltr'><strong>habentes,</strong></span> <span class='ocrx_word' id='word_1_679' title='bbox 804 5622 1106 5691; x_wconf 73' lang='lat' dir='ltr'><strong>vigilantius</strong></span> <span class='ocrx_word' id='word_1_680' title='bbox 1141 5630 1335 5685; x_wconf 80' lang='lat' dir='ltr'><strong>:ctcrna</strong></span> <span class='ocrx_word' id='word_1_681' title='bbox 1391 5636 1573 5676; x_wconf 90' lang='lat' dir='ltr'><strong>eorum</strong></span> <span class='ocrx_word' id='word_1_682' title='bbox 1611 5630 1714 5675; x_wconf 87' lang='lat' dir='ltr'><strong>tor-</strong></span> 
     </span>
    </p>
   </div>
   <div class='ocr_carea' id='block_1_91' title="bbox 159 5713 747 5783">
    <p class='ocr_par' dir='ltr' id='par_1_91' title="bbox 159 5713 747 5783">
     <span class='ocr_line' id='line_1_91' title="bbox 159 5713 747 5783; baseline 0.005 -17"><span class='ocrx_word' id='word_1_683' title='bbox 159 5718 332 5769; x_wconf 77' lang='lat' dir='ltr'><strong>uicuta</strong></span> <span class='ocrx_word' id='word_1_684' title='bbox 361 5713 687 5783; x_wconf 73' lang='lat' dir='ltr'><strong>fugeremus.</strong></span> <span class='ocrx_word' id='word_1_685' title='bbox 740 5755 747 5761; x_wconf 86' lang='lat'><strong>.</strong></span> 
     </span>
    </p>
   </div>
   <div class='ocr_carea' id='block_1_92' title="bbox 1754 4497 1801 4553">
    <p class='ocr_par' dir='ltr' id='par_1_92' title="bbox 1754 4497 1801 4553">
     <span class='ocr_line' id='line_1_92' title="bbox 1754 4497 1801 4553; baseline 0 0"><span class='ocrx_word' id='word_1_686' title='bbox 1754 4497 1801 4553; x_wconf 90' lang='lat' dir='ltr'><strong>D</strong></span> 
     </span>
    </p>
   </div>
   <div class='ocr_carea' id='block_1_93' title="bbox 1840 3275 3400 3354">
    <p class='ocr_par' dir='ltr' id='par_1_93' title="bbox 1840 3275 3400 3354">
     <span class='ocr_line' id='line_1_93' title="bbox 1840 3275 3400 3354; baseline -0.004 -21"><span class='ocrx_word' id='word_1_687' title='bbox 1840 3280 1979 3334; x_wconf 85' lang='lat' dir='ltr'><strong>filius</strong></span> <span class='ocrx_word' id='word_1_688' title='bbox 2008 3278 2183 3334; x_wconf 84' lang='lat' dir='ltr'><strong>Heber</strong></span> <span class='ocrx_word' id='word_1_689' title='bbox 2231 3279 2553 3348; x_wconf 73' lang='lat' dir='ltr'><strong>patriarcha:</strong></span> <span class='ocrx_word' id='word_1_690' title='bbox 2602 3278 2967 3354; x_wconf 61' lang='lat' dir='ltr'><strong>Hebneorum.</strong></span> <span class='ocrx_word' id='word_1_691' title='bbox 3019 3275 3189 3343; x_wconf 87' lang='lat' dir='ltr'><strong>Quem</strong></span> <span class='ocrx_word' id='word_1_692' title='bbox 3238 3276 3400 3329; x_wconf 89' lang='lat' dir='ltr'><strong>etiam</strong></span> 
     </span>
    </p>
   </div>
   <div class='ocr_carea' id='block_1_94' title="bbox 1836 3363 3402 3443">
    <p class='ocr_par' dir='ltr' id='par_1_94' title="bbox 1836 3363 3402 3443">
     <span class='ocr_line' id='line_1_94' title="bbox 1836 3363 3402 3443; baseline -0.004 -19"><span class='ocrx_word' id='word_1_693' title='bbox 1836 3368 2101 3437; x_wconf 86' lang='lat' dir='ltr'><strong>Josephus</strong></span> <span class='ocrx_word' id='word_1_694' title='bbox 2154 3366 2319 3421; x_wconf 88' lang='lat' dir='ltr'><strong>refert</strong></span> <span class='ocrx_word' id='word_1_695' title='bbox 2362 3382 2487 3421; x_wconf 88' lang='lat' dir='ltr'><strong>cum</strong></span> <span class='ocrx_word' id='word_1_696' title='bbox 2546 3366 2802 3421; x_wconf 90' lang='lat' dir='ltr'><strong>fratribus</strong></span> <span class='ocrx_word' id='word_1_697' title='bbox 2832 3366 2941 3421; x_wconf 88' lang='lat' dir='ltr'><strong>suis</strong></span> <span class='ocrx_word' id='word_1_698' title='bbox 2984 3381 3015 3418; x_wconf 90' lang='lat' dir='ltr'><strong>a</strong></span> <span class='ocrx_word' id='word_1_699' title='bbox 3060 3363 3275 3443; x_wconf 81' lang='lat' dir='ltr'><strong>ﬂumine</strong></span> <span class='ocrx_word' id='word_1_700' title='bbox 3302 3363 3402 3417; x_wconf 79' lang='lat' dir='ltr'><strong>Ce-</strong></span> 
     </span>
    </p>
   </div>
   <div class='ocr_carea' id='block_1_95' title="bbox 1830 3447 3401 3527">
    <p class='ocr_par' dir='ltr' id='par_1_95' title="bbox 1830 3447 3401 3527">
     <span class='ocr_line' id='line_1_95' title="bbox 1830 3447 3401 3527; baseline -0.004 -15"><span class='ocrx_word' id='word_1_701' title='bbox 1830 3460 2011 3527; x_wconf 83' lang='lat' dir='ltr'><strong>phene</strong></span> <span class='ocrx_word' id='word_1_702' title='bbox 2053 3466 2107 3511; x_wconf 86' lang='lat' dir='ltr'><strong>et</strong></span> <span class='ocrx_word' id='word_1_703' title='bbox 2142 3456 2355 3527; x_wconf 80' lang='lat' dir='ltr'><strong>regione</strong></span> <span class='ocrx_word' id='word_1_704' title='bbox 2399 3447 2567 3511; x_wconf 72' lang='lat' dir='ltr'><strong>india.-</strong></span> <span class='ocrx_word' id='word_1_705' title='bbox 2609 3471 2776 3525; x_wconf 89' lang='lat' dir='ltr'><strong>usque</strong></span> <span class='ocrx_word' id='word_1_706' title='bbox 2814 3454 2878 3510; x_wconf 87' lang='lat' dir='ltr'><strong>ad</strong></span> <span class='ocrx_word' id='word_1_707' title='bbox 2920 3455 3092 3510; x_wconf 90' lang='lat' dir='ltr'><strong>locum</strong></span> <span class='ocrx_word' id='word_1_708' title='bbox 3132 3468 3255 3507; x_wconf 90' lang='lat' dir='ltr'><strong>eum</strong></span> <span class='ocrx_word' id='word_1_709' title='bbox 3309 3453 3401 3523; x_wconf 89' lang='lat' dir='ltr'><strong>qui</strong></span> 
     </span>
    </p>
   </div>
   <div class='ocr_carea' id='block_1_96' title="bbox 1837 3546 2847 3621">
    <p class='ocr_par' dir='ltr' id='par_1_96' title="bbox 1837 3546 2847 3621">
     <span class='ocr_line' id='line_1_96' title="bbox 1837 3546 2847 3621; baseline -0.002 -20"><span class='ocrx_word' id='word_1_710' title='bbox 1837 3548 2136 3617; x_wconf 88' lang='lat' dir='ltr'><strong>appellatur</strong></span> <span class='ocrx_word' id='word_1_711' title='bbox 2170 3546 2349 3601; x_wconf 85' lang='lat' dir='ltr'><strong>Hieria</strong></span> <span class='ocrx_word' id='word_1_712' title='bbox 2387 3546 2709 3616; x_wconf 87' lang='lat' dir='ltr'><strong>possedisse.</strong></span> <span class='ocrx_word' id='word_1_713' title='bbox 2842 3616 2847 3621; x_wconf 85' lang='lat'><strong><em>_</em></strong></span> 
     </span>
    </p>
   </div>
   <div class='ocr_carea' id='block_1_97' title="bbox 1903 3634 3398 3703">
    <p class='ocr_par' dir='ltr' id='par_1_97' title="bbox 1903 3634 3398 3703">
     <span class='ocr_line' id='line_1_97' title="bbox 1903 3634 3398 3703; baseline -0.005 -10"><span class='ocrx_word' id='word_1_714' title='bbox 1903 3634 2006 3693; x_wconf 81' lang='lat' dir='ltr'><strong>Ubi</strong></span> <span class='ocrx_word' id='word_1_715' title='bbox 2031 3641 2263 3693; x_wconf 80' lang='lat' dir='ltr'><strong>nascitur</strong></span> <span class='ocrx_word' id='word_1_716' title='bbox 2281 3654 2489 3698; x_wconf 89' lang='lat' dir='ltr'><strong>aurum,</strong></span> <span class='ocrx_word' id='word_1_717' title='bbox 2525 3648 2572 3691; x_wconf 86' lang='lat' dir='ltr'><strong>et</strong></span> <span class='ocrx_word' id='word_1_718' title='bbox 2600 3654 2785 3691; x_wconf 79' lang='lat' dir='ltr'><strong>aurum</strong></span> <span class='ocrx_word' id='word_1_719' title='bbox 2811 3648 2961 3690; x_wconf 73' lang='lat' dir='ltr'><strong>terra:</strong></span> <span class='ocrx_word' id='word_1_720' title='bbox 2985 3634 3127 3689; x_wconf 74' lang='lat' dir='ltr'><strong>illius</strong></span> <span class='ocrx_word' id='word_1_721' title='bbox 3150 3634 3398 3703; x_wconf 82' lang='lat' dir='ltr'><strong>optimum</strong></span> 
     </span>
    </p>
   </div>
   <div class='ocr_carea' id='block_1_98' title="bbox 1833 3721 3397 3795">
    <p class='ocr_par' dir='ltr' id='par_1_98' title="bbox 1833 3721 3397 3795">
     <span class='ocr_line' id='line_1_98' title="bbox 1833 3721 3397 3795; baseline -0.006 -10"><span class='ocrx_word' id='word_1_722' title='bbox 1833 3734 1929 3785; x_wconf 67' lang='lat' dir='ltr'><strong>est.</strong></span> <span class='ocrx_word' id='word_1_723' title='bbox 1967 3730 2031 3784; x_wconf 90' lang='lat' dir='ltr'><strong>Et</strong></span> <span class='ocrx_word' id='word_1_724' title='bbox 2059 3730 2260 3783; x_wconf 89' lang='lat' dir='ltr'><strong>Plinius</strong></span> <span class='ocrx_word' id='word_1_725' title='bbox 2296 3727 2574 3783; x_wconf 86' lang='lat' dir='ltr'><strong>Secundus</strong></span> <span class='ocrx_word' id='word_1_726' title='bbox 2604 3736 2790 3781; x_wconf 89' lang='lat' dir='ltr'><strong>narrat</strong></span> <span class='ocrx_word' id='word_1_727' title='bbox 2824 3726 2984 3779; x_wconf 63' lang='lat' dir='ltr'><strong>Indiae</strong></span> <span class='ocrx_word' id='word_1_728' title='bbox 3011 3724 3258 3795; x_wconf 88' lang='lat' dir='ltr'><strong>regiones</strong></span> <span class='ocrx_word' id='word_1_729' title='bbox 3282 3721 3397 3776; x_wconf 90' lang='lat' dir='ltr'><strong>auri</strong></span> 
     </span>
    </p>
   </div>
   <div class='ocr_carea' id='block_1_99' title="bbox 1834 3810 3400 3888">
    <p class='ocr_par' dir='ltr' id='par_1_99' title="bbox 1834 3810 3400 3888">
     <span class='ocr_line' id='line_1_99' title="bbox 1834 3810 3400 3888; baseline -0.006 -15"><span class='ocrx_word' id='word_1_730' title='bbox 1834 3820 1987 3875; x_wconf 83' lang='lat' dir='ltr'><strong>venis</strong></span> <span class='ocrx_word' id='word_1_731' title='bbox 2018 3834 2127 3888; x_wconf 67' lang='lat' dir='ltr'><strong>pra:</strong></span> <span class='ocrx_word' id='word_1_732' title='bbox 2150 3817 2359 3872; x_wconf 65' lang='lat' dir='ltr'><strong>caeteris</strong></span> <span class='ocrx_word' id='word_1_733' title='bbox 2404 3816 2676 3871; x_wconf 89' lang='lat' dir='ltr'><strong>abundare</strong></span> <span class='ocrx_word' id='word_1_734' title='bbox 2719 3815 2897 3870; x_wconf 86' lang='lat' dir='ltr'><strong>terris.</strong></span> <span class='ocrx_word' id='word_1_735' title='bbox 2932 3812 3081 3868; x_wconf 91' lang='lat' dir='ltr'><strong>Unde</strong></span> <span class='ocrx_word' id='word_1_736' title='bbox 3124 3822 3177 3866; x_wconf 90' lang='lat' dir='ltr'><strong>et</strong></span> <span class='ocrx_word' id='word_1_737' title='bbox 3215 3810 3400 3865; x_wconf 74' lang='lat' dir='ltr'><strong>insula:</strong></span> 
     </span>
    </p>
   </div>
   <div class='ocr_carea' id='block_1_100' title="bbox 1833 3895 3398 3982">
    <p class='ocr_par' dir='ltr' id='par_1_100' title="bbox 1833 3895 3398 3982">
     <span class='ocr_line' id='line_1_100' title="bbox 1833 3895 3398 3982; baseline -0.006 -19"><span class='ocrx_word' id='word_1_738' title='bbox 1833 3924 2019 3963; x_wconf 91' lang='lat' dir='ltr'><strong>eorum</strong></span> <span class='ocrx_word' id='word_1_739' title='bbox 2044 3895 2232 3982; x_wconf 61' lang='grc' dir='ltr'><strong>χρύσα</strong></span> <span class='ocrx_word' id='word_1_740' title='bbox 2258 3914 2313 3961; x_wconf 92' lang='lat' dir='ltr'><strong>et</strong></span> <span class='ocrx_word' id='word_1_741' title='bbox 2330 3907 2548 3981; x_wconf 71' lang='grc' dir='ltr'><strong>ἀργυρᾶ,</strong></span> <span class='ocrx_word' id='word_1_742' title='bbox 2566 3921 2595 3958; x_wconf 89' lang='lat' dir='ltr'><strong>a</strong></span> <span class='ocrx_word' id='word_1_743' title='bbox 2617 3905 2767 3973; x_wconf 89' lang='lat' dir='ltr'><strong>copia</strong></span> <span class='ocrx_word' id='word_1_744' title='bbox 2800 3903 2913 3956; x_wconf 88' lang='lat' dir='ltr'><strong>auri</strong></span> <span class='ocrx_word' id='word_1_745' title='bbox 2934 3904 3046 3957; x_wconf 89' lang='lat' dir='ltr'><strong>sive</strong></span> <span class='ocrx_word' id='word_1_746' title='bbox 3067 3901 3274 3971; x_wconf 85' lang='lat' dir='ltr'><strong>argenti</strong></span> <span class='ocrx_word' id='word_1_747' title='bbox 3307 3914 3398 3954; x_wconf 83' lang='lat' dir='ltr'><strong>vc-</strong></span> 
     </span>
    </p>
   </div>
   <div class='ocr_carea' id='block_1_101' title="bbox 1834 4000 2411 4067">
    <p class='ocr_par' dir='ltr' id='par_1_101' title="bbox 1834 4000 2411 4067">
     <span class='ocr_line' id='line_1_101' title="bbox 1834 4000 2411 4067; baseline -0.01 -12"><span class='ocrx_word' id='word_1_748' title='bbox 1834 4000 2019 4055; x_wconf 87' lang='lat' dir='ltr'><strong>cahula</strong></span> <span class='ocrx_word' id='word_1_749' title='bbox 2052 4005 2411 4067; x_wconf 86' lang='lat' dir='ltr'><strong>sumpserunt.</strong></span> 
     </span>
    </p>
   </div>
   <div class='ocr_carea' id='block_1_102' title="bbox 1905 4079 3393 4157">
    <p class='ocr_par' dir='ltr' id='par_1_102' title="bbox 1905 4079 3393 4157">
     <span class='ocr_line' id='line_1_102' title="bbox 1905 4079 3393 4157; baseline -0.006 -15"><span class='ocrx_word' id='word_1_750' title='bbox 1905 4089 2083 4157; x_wconf 78' lang='lat' dir='ltr'><strong>Ibique</strong></span> <span class='ocrx_word' id='word_1_751' title='bbox 2112 4088 2371 4140; x_wconf 85' lang='lat' dir='ltr'><strong>invenitur</strong></span> <span class='ocrx_word' id='word_1_752' title='bbox 2391 4085 2633 4139; x_wconf 83' lang='lat' dir='ltr'><strong>bdellium</strong></span> <span class='ocrx_word' id='word_1_753' title='bbox 2662 4094 2708 4137; x_wconf 84' lang='lat' dir='ltr'><strong>et</strong></span> <span class='ocrx_word' id='word_1_754' title='bbox 2746 4083 2879 4153; x_wconf 69' lang='lat' dir='ltr'><strong>lapis</strong></span> <span class='ocrx_word' id='word_1_755' title='bbox 2909 4082 3211 4152; x_wconf 78' lang='lat' dir='ltr'><strong>onychinus.</strong></span> <span class='ocrx_word' id='word_1_756' title='bbox 3239 4079 3393 4134; x_wconf 85' lang='lat' dir='ltr'><strong>Bdel—</strong></span> 
     </span>
    </p>
   </div>
   <div class='ocr_carea' id='block_1_103' title="bbox 1832 4171 3393 4240">
    <p class='ocr_par' dir='ltr' id='par_1_103' title="bbox 1832 4171 3393 4240">
     <span class='ocr_line' id='line_1_103' title="bbox 1832 4171 3393 4240; baseline -0.006 -8"><span class='ocrx_word' id='word_1_757' title='bbox 1832 4179 1959 4232; x_wconf 92' lang='lat' dir='ltr'><strong>lium</strong></span> <span class='ocrx_word' id='word_1_758' title='bbox 1992 4186 2103 4240; x_wconf 90' lang='lat' dir='ltr'><strong>est,</strong></span> <span class='ocrx_word' id='word_1_759' title='bbox 2152 4185 2212 4229; x_wconf 93' lang='lat' dir='ltr'><strong>ut</strong></span> <span class='ocrx_word' id='word_1_760' title='bbox 2260 4176 2397 4229; x_wconf 89' lang='lat' dir='ltr'><strong>idem</strong></span> <span class='ocrx_word' id='word_1_761' title='bbox 2434 4174 2637 4228; x_wconf 87' lang='lat' dir='ltr'><strong>Plinius</strong></span> <span class='ocrx_word' id='word_1_762' title='bbox 2684 4174 2826 4235; x_wconf 86' lang='lat' dir='ltr'><strong>dicit,</strong></span> <span class='ocrx_word' id='word_1_763' title='bbox 2861 4172 3022 4226; x_wconf 89' lang='lat' dir='ltr'><strong>arbor</strong></span> <span class='ocrx_word' id='word_1_764' title='bbox 3066 4171 3393 4232; x_wconf 80' lang='lat' dir='ltr'><strong>aromatica,</strong></span> 
     </span>
    </p>
   </div>
   <div class='ocr_carea' id='block_1_104' title="bbox 1830 4260 3393 4344">
    <p class='ocr_par' dir='ltr' id='par_1_104' title="bbox 1830 4260 3393 4344">
     <span class='ocr_line' id='line_1_104' title="bbox 1830 4260 3393 4344; baseline -0.006 -20"><span class='ocrx_word' id='word_1_765' title='bbox 1830 4270 2010 4344; x_wconf 78' lang='lat' dir='ltr'><strong>colore</strong></span> <span class='ocrx_word' id='word_1_766' title='bbox 2056 4269 2228 4338; x_wconf 88' lang='lat' dir='ltr'><strong>nigra,</strong></span> <span class='ocrx_word' id='word_1_767' title='bbox 2284 4264 2648 4335; x_wconf 85' lang='lat' dir='ltr'><strong>magnitudine</strong></span> <span class='ocrx_word' id='word_1_768' title='bbox 2688 4264 2859 4327; x_wconf 78' lang='lat' dir='ltr'><strong>olivae,</strong></span> <span class='ocrx_word' id='word_1_769' title='bbox 2894 4270 2949 4316; x_wconf 90' lang='lat' dir='ltr'><strong>et</strong></span> <span class='ocrx_word' id='word_1_770' title='bbox 2981 4261 3106 4316; x_wconf 88' lang='lat' dir='ltr'><strong>folio</strong></span> <span class='ocrx_word' id='word_1_771' title='bbox 3162 4260 3393 4323; x_wconf 79' lang='lat' dir='ltr'><strong>roboris,</strong></span> 
     </span>
    </p>
   </div>
   <div class='ocr_carea' id='block_1_105' title="bbox 1827 4350 3393 4429">
    <p class='ocr_par' dir='ltr' id='par_1_105' title="bbox 1827 4350 3393 4429">
     <span class='ocr_line' id='line_1_105' title="bbox 1827 4350 3393 4429; baseline -0.008 -14"><span class='ocrx_word' id='word_1_772' title='bbox 1827 4356 2440 4429; x_wconf 65' lang='lat' dir='ltr'><strong>lructuque‘caprilicus,</strong></span> <span class='ocrx_word' id='word_1_773' title='bbox 2474 4356 2641 4425; x_wconf 90' lang='lat' dir='ltr'><strong>ipsius</strong></span> <span class='ocrx_word' id='word_1_774' title='bbox 2680 4363 2869 4408; x_wconf 88' lang='lat' dir='ltr'><strong>natura</strong></span> <span class='ocrx_word' id='word_1_775' title='bbox 2900 4368 3019 4422; x_wconf 67' lang='lat' dir='ltr'><strong>quae</strong></span> <span class='ocrx_word' id='word_1_776' title='bbox 3040 4352 3263 4423; x_wconf 91' lang='lat' dir='ltr'><strong>gummi.</strong></span> <span class='ocrx_word' id='word_1_777' title='bbox 3300 4350 3393 4404; x_wconf 88' lang='lat' dir='ltr'><strong>Est</strong></span> 
     </span>
    </p>
   </div>
   <div class='ocr_carea' id='block_1_106' title="bbox 1832 4439 3388 4519">
    <p class='ocr_par' dir='ltr' id='par_1_106' title="bbox 1832 4439 3388 4519">
     <span class='ocr_line' id='line_1_106' title="bbox 1832 4439 3388 4519; baseline -0.008 -15"><span class='ocrx_word' id='word_1_778' title='bbox 1832 4462 2006 4505; x_wconf 90' lang='lat' dir='ltr'><strong>autem</strong></span> <span class='ocrx_word' id='word_1_779' title='bbox 2033 4451 2266 4519; x_wconf 79' lang='lat' dir='ltr'><strong>lacryma</strong></span> <span class='ocrx_word' id='word_1_780' title='bbox 2292 4446 2405 4515; x_wconf 78' lang='lat' dir='ltr'><strong>ejus</strong></span> <span class='ocrx_word' id='word_1_781' title='bbox 2427 4446 2599 4499; x_wconf 89' lang='lat' dir='ltr'><strong>lucida</strong></span> <span class='ocrx_word' id='word_1_782' title='bbox 2618 4485 2630 4507; x_wconf 87' lang='lat'><strong>,</strong></span> <span class='ocrx_word' id='word_1_783' title='bbox 2656 4442 2951 4505; x_wconf 82' lang='lat' dir='ltr'><strong>subalbida,</strong></span> <span class='ocrx_word' id='word_1_784' title='bbox 2975 4441 3125 4504; x_wconf 88' lang='lat' dir='ltr'><strong>levis,</strong></span> <span class='ocrx_word' id='word_1_785' title='bbox 3156 4439 3388 4510; x_wconf 82' lang='lat' dir='ltr'><strong>pinguis,</strong></span> 
     </span>
    </p>
   </div>
   <div class='ocr_carea' id='block_1_107' title="bbox 1828 4528 3389 4611">
    <p class='ocr_par' dir='ltr' id='par_1_107' title="bbox 1828 4528 3389 4611">
     <span class='ocr_line' id='line_1_107' title="bbox 1828 4528 3389 4611; baseline -0.011 -12"><span class='ocrx_word' id='word_1_786' title='bbox 1828 4528 2018 4599; x_wconf 78' lang='lat' dir='ltr'><strong>cereali</strong></span> <span class='ocrx_word' id='word_1_787' title='bbox 2048 4544 2267 4611; x_wconf 86' lang='lat' dir='ltr'><strong>liquore,</strong></span> <span class='ocrx_word' id='word_1_788' title='bbox 2295 4549 2349 4594; x_wconf 88' lang='lat' dir='ltr'><strong>et</strong></span> <span class='ocrx_word' id='word_1_789' title='bbox 2373 4554 2492 4607; x_wconf 74' lang='lat' dir='ltr'><strong>qua:</strong></span> <span class='ocrx_word' id='word_1_790' title='bbox 2520 4536 2673 4591; x_wconf 88' lang='lat' dir='ltr'><strong>facile</strong></span> <span class='ocrx_word' id='word_1_791' title='bbox 2707 4534 2992 4597; x_wconf 84' lang='lat' dir='ltr'><strong>molliatur,</strong></span> <span class='ocrx_word' id='word_1_792' title='bbox 3012 4540 3165 4602; x_wconf 88' lang='lat' dir='ltr'><strong>gustu</strong></span> <span class='ocrx_word' id='word_1_793' title='bbox 3187 4546 3389 4592; x_wconf 88' lang='lat' dir='ltr'><strong>amara,</strong></span> 
     </span>
    </p>
   </div>
   <div class='ocr_carea' id='block_1_108' title="bbox 1829 4619 3391 4695">
    <p class='ocr_par' dir='ltr' id='par_1_108' title="bbox 1829 4619 3391 4695">
     <span class='ocr_line' id='line_1_108' title="bbox 1829 4619 3391 4695; baseline -0.009 -8"><span class='ocrx_word' id='word_1_794' title='bbox 1829 4634 2008 4687; x_wconf 80' lang='lat' dir='ltr'><strong>odoris</strong></span> <span class='ocrx_word' id='word_1_795' title='bbox 2041 4632 2187 4694; x_wconf 88' lang='lat' dir='ltr'><strong>boni,</strong></span> <span class='ocrx_word' id='word_1_796' title='bbox 2242 4630 2335 4683; x_wconf 90' lang='lat' dir='ltr'><strong>sed</strong></span> <span class='ocrx_word' id='word_1_797' title='bbox 2372 4628 2496 4681; x_wconf 90' lang='lat' dir='ltr'><strong>vino</strong></span> <span class='ocrx_word' id='word_1_798' title='bbox 2527 4623 2766 4695; x_wconf 23' lang='lat' dir='ltr'><strong>perfusa,</strong></span> <span class='ocrx_word' id='word_1_799' title='bbox 2790 4621 3081 4685; x_wconf 91' lang='lat' dir='ltr'><strong>odoratior,</strong></span> <span class='ocrx_word' id='word_1_800' title='bbox 3132 4619 3283 4688; x_wconf 87' lang='lat' dir='ltr'><strong>cujus</strong></span> <span class='ocrx_word' id='word_1_801' title='bbox 3335 4627 3391 4673; x_wconf 83' lang='lat' dir='ltr'><strong>et</strong></span> 
     </span>
    </p>
   </div>
   <div class='ocr_carea' id='block_1_109' title="bbox 1830 4710 3387 4779">
    <p class='ocr_par' dir='ltr' id='par_1_109' title="bbox 1830 4710 3387 4779">
     <span class='ocr_line' id='line_1_109' title="bbox 1830 4710 3387 4779; baseline -0.008 -3"><span class='ocrx_word' id='word_1_802' title='bbox 1830 4724 1959 4777; x_wconf 90' lang='lat' dir='ltr'><strong>liber</strong></span> <span class='ocrx_word' id='word_1_803' title='bbox 2016 4721 2371 4775; x_wconf 85' lang='lat' dir='ltr'><strong>Numerorum</strong></span> <span class='ocrx_word' id='word_1_804' title='bbox 2409 4716 2689 4771; x_wconf 88' lang='lat' dir='ltr'><strong>meminit:</strong></span> <span class='ocrx_word' id='word_1_805' title='bbox 2719 4714 2847 4766; x_wconf 79' lang='lat' dir='ltr'><strong>Erat</strong></span> <span class='ocrx_word' id='word_1_806' title='bbox 2894 4721 3085 4773; x_wconf 83' lang='lat' dir='ltr'><strong>autem,</strong></span> <span class='ocrx_word' id='word_1_807' title='bbox 3117 4710 3387 4779; x_wconf 89' lang='lat' dir='ltr'><strong>inquiens,</strong></span> 
     </span>
    </p>
   </div>
   <div class='ocr_carea' id='block_1_110' title="bbox 1828 4800 3386 4881">
    <p class='ocr_par' dir='ltr' id='par_1_110' title="bbox 1828 4800 3386 4881">
     <span class='ocr_line' id='line_1_110' title="bbox 1828 4800 3386 4881; baseline -0.009 -14"><span class='ocrx_word' id='word_1_808' title='bbox 1828 4823 1948 4867; x_wconf 80' lang='lat' dir='ltr'><strong>man</strong></span> <span class='ocrx_word' id='word_1_809' title='bbox 1984 4813 2133 4881; x_wconf 84' lang='lat' dir='ltr'><strong>quasi</strong></span> <span class='ocrx_word' id='word_1_810' title='bbox 2162 4826 2331 4864; x_wconf 80' lang='lat' dir='ltr'><strong>semen</strong></span> <span class='ocrx_word' id='word_1_811' title='bbox 2362 4805 2657 4869; x_wconf 87' lang='lat' dir='ltr'><strong>coriandri,</strong></span> <span class='ocrx_word' id='word_1_812' title='bbox 2700 4802 2885 4855; x_wconf 76' lang='lat' dir='ltr'><strong>coloris</strong></span> <span class='ocrx_word' id='word_1_813' title='bbox 2912 4800 3084 4855; x_wconf 81' lang='lat' dir='ltr'><strong>bdellii</strong></span> <span class='ocrx_word' id='word_1_814' title='bbox 3110 4800 3295 4870; x_wconf 84' lang='lat' dir='ltr'><strong>(Num.</strong></span> <span class='ocrx_word' id='word_1_815' title='bbox 3325 4802 3386 4867; x_wconf 83' lang='lat' dir='ltr'><strong>I),</strong></span> 
     </span>
    </p>
   </div>
   <div class='ocr_carea' id='block_1_111' title="bbox 1831 4889 3387 4965">
    <p class='ocr_par' dir='ltr' id='par_1_111' title="bbox 1831 4889 3387 4965">
     <span class='ocr_line' id='line_1_111' title="bbox 1831 4889 3387 4965; baseline -0.007 -9"><span class='ocrx_word' id='word_1_816' title='bbox 1831 4904 1882 4956; x_wconf 90' lang='lat' dir='ltr'><strong>id</strong></span> <span class='ocrx_word' id='word_1_817' title='bbox 1919 4912 2017 4965; x_wconf 85' lang='lat' dir='ltr'><strong>est,</strong></span> <span class='ocrx_word' id='word_1_818' title='bbox 2075 4900 2235 4953; x_wconf 85' lang='lat' dir='ltr'><strong>lucidi</strong></span> <span class='ocrx_word' id='word_1_819' title='bbox 2284 4907 2337 4952; x_wconf 89' lang='lat' dir='ltr'><strong>et</strong></span> <span class='ocrx_word' id='word_1_820' title='bbox 2367 4895 2649 4951; x_wconf 87' lang='lat' dir='ltr'><strong>subalbidi.</strong></span> <span class='ocrx_word' id='word_1_821' title='bbox 2689 4893 2837 4962; x_wconf 81' lang='lat' dir='ltr'><strong>Onyx</strong></span> <span class='ocrx_word' id='word_1_822' title='bbox 2894 4899 3069 4944; x_wconf 88' lang='lat' dir='ltr'><strong>autem</strong></span> <span class='ocrx_word' id='word_1_823' title='bbox 3121 4889 3256 4958; x_wconf 83' lang='lat' dir='ltr'><strong>lapis</strong></span> <span class='ocrx_word' id='word_1_824' title='bbox 3306 4902 3387 4946; x_wconf 82' lang='lat' dir='ltr'><strong>est</strong></span> 
     </span>
    </p>
   </div>
   <div class='ocr_carea' id='block_1_112' title="bbox 1824 4986 3384 5066">
    <p class='ocr_par' dir='ltr' id='par_1_112' title="bbox 1824 4986 3384 5066">
     <span class='ocr_line' id='line_1_112' title="bbox 1824 4986 3384 5066; baseline -0.007 -18"><span class='ocrx_word' id='word_1_825' title='bbox 1824 4994 2109 5066; x_wconf 86' lang='lat' dir='ltr'><strong>pretiosus,</strong></span> <span class='ocrx_word' id='word_1_826' title='bbox 2158 4993 2277 5047; x_wconf 91' lang='lat' dir='ltr'><strong>inde</strong></span> <span class='ocrx_word' id='word_1_827' title='bbox 2326 4989 2620 5059; x_wconf 88' lang='lat' dir='ltr'><strong>appellatus</strong></span> <span class='ocrx_word' id='word_1_828' title='bbox 2671 4990 2808 5055; x_wconf 89' lang='lat' dir='ltr'><strong>quod</strong></span> <span class='ocrx_word' id='word_1_829' title='bbox 2842 4986 3000 5041; x_wconf 86' lang='lat' dir='ltr'><strong>habet</strong></span> <span class='ocrx_word' id='word_1_830' title='bbox 3036 4986 3101 5042; x_wconf 88' lang='lat' dir='ltr'><strong>.iu</strong></span> <span class='ocrx_word' id='word_1_831' title='bbox 3151 5000 3209 5039; x_wconf 90' lang='lat' dir='ltr'><strong>se</strong></span> <span class='ocrx_word' id='word_1_832' title='bbox 3259 5000 3384 5052; x_wconf 87' lang='lat' dir='ltr'><strong>per-</strong></span> 
     </span>
    </p>
   </div>
   <div class='ocr_carea' id='block_1_113' title="bbox 1824 5076 3376 5145">
    <p class='ocr_par' dir='ltr' id='par_1_113' title="bbox 1824 5076 3376 5145">
     <span class='ocr_line' id='line_1_113' title="bbox 1824 5076 3376 5145; baseline -0.005 -6"><span class='ocrx_word' id='word_1_833' title='bbox 1824 5085 2043 5140; x_wconf 78' lang='lat' dir='ltr'><strong>mistUm</strong></span> <span class='ocrx_word' id='word_1_834' title='bbox 2064 5082 2373 5144; x_wconf 83' lang='lat' dir='ltr'><strong>candorem,</strong></span> <span class='ocrx_word' id='word_1_835' title='bbox 2405 5082 2456 5133; x_wconf 89' lang='lat' dir='ltr'><strong>in</strong></span> <span class='ocrx_word' id='word_1_836' title='bbox 2488 5077 2887 5132; x_wconf 87' lang='lat' dir='ltr'><strong>similitudinem</strong></span> <span class='ocrx_word' id='word_1_837' title='bbox 2914 5076 3105 5145; x_wconf 84' lang='lat' dir='ltr'><strong>unguis</strong></span> <span class='ocrx_word' id='word_1_838' title='bbox 3142 5076 3376 5131; x_wconf 88' lang='lat' dir='ltr'><strong>humani.</strong></span> 
     </span>
    </p>
   </div>
   <div class='ocr_carea' id='block_1_114' title="bbox 1814 5166 3382 5243">
    <p class='ocr_par' dir='ltr' id='par_1_114' title="bbox 1814 5166 3382 5243">
     <span class='ocr_line' id='line_1_114' title="bbox 1814 5166 3382 5243; baseline -0.009 -12"><span class='ocrx_word' id='word_1_839' title='bbox 1814 5170 1995 5231; x_wconf 72' lang='lat' dir='ltr'><strong>&#39;Crarci</strong></span> <span class='ocrx_word' id='word_1_840' title='bbox 2025 5176 2165 5229; x_wconf 89' lang='lat' dir='ltr'><strong>enim</strong></span> <span class='ocrx_word' id='word_1_841' title='bbox 2201 5187 2430 5243; x_wconf 90' lang='lat' dir='ltr'><strong>unguem</strong></span> <span class='ocrx_word' id='word_1_842' title='bbox 2472 5172 2654 5225; x_wconf 88' lang='lat' dir='ltr'><strong>dicunt</strong></span> <span class='ocrx_word' id='word_1_843' title='bbox 2679 5170 2961 5238; x_wconf 86' lang='lat' dir='ltr'><strong>onychem.</strong></span> <span class='ocrx_word' id='word_1_844' title='bbox 2992 5167 3140 5221; x_wconf 85' lang='lat' dir='ltr'><strong>Hune</strong></span> <span class='ocrx_word' id='word_1_845' title='bbox 3168 5175 3220 5219; x_wconf 90' lang='lat' dir='ltr'><strong>et</strong></span> <span class='ocrx_word' id='word_1_846' title='bbox 3250 5166 3382 5219; x_wconf 81' lang='lat' dir='ltr'><strong>Ara-</strong></span> 
     </span>
    </p>
   </div>
   <div class='ocr_carea' id='block_1_115' title="bbox 1822 5256 3383 5335">
    <p class='ocr_par' dir='ltr' id='par_1_115' title="bbox 1822 5256 3383 5335">
     <span class='ocr_line' id='line_1_115' title="bbox 1822 5256 3383 5335; baseline -0.007 -15"><span class='ocrx_word' id='word_1_847' title='bbox 1822 5268 1907 5321; x_wconf 79' lang='lat' dir='ltr'><strong>bia</strong></span> <span class='ocrx_word' id='word_1_848' title='bbox 1940 5266 2123 5335; x_wconf 84' lang='lat' dir='ltr'><strong>gignit,</strong></span> <span class='ocrx_word' id='word_1_849' title='bbox 2169 5263 2260 5318; x_wconf 91' lang='lat' dir='ltr'><strong>scd</strong></span> <span class='ocrx_word' id='word_1_850' title='bbox 2292 5264 2503 5317; x_wconf 87' lang='lat' dir='ltr'><strong>Indicus</strong></span> <span class='ocrx_word' id='word_1_851' title='bbox 2558 5260 2812 5330; x_wconf 84' lang='lat' dir='ltr'><strong>igniculos</strong></span> <span class='ocrx_word' id='word_1_852' title='bbox 2860 5259 3037 5321; x_wconf 89' lang='lat' dir='ltr'><strong>habet,</strong></span> <span class='ocrx_word' id='word_1_853' title='bbox 3089 5256 3224 5311; x_wconf 81' lang='lat' dir='ltr'><strong>albis</strong></span> <span class='ocrx_word' id='word_1_854' title='bbox 3268 5256 3383 5310; x_wconf 80' lang='lat' dir='ltr'><strong>cin-</strong></span> 
     </span>
    </p>
   </div>
   <div class='ocr_carea' id='block_1_116' title="bbox 1815 5347 3379 5425">
    <p class='ocr_par' dir='ltr' id='par_1_116' title="bbox 1815 5347 3379 5425">
     <span class='ocr_line' id='line_1_116' title="bbox 1815 5347 3379 5425; baseline -0.006 -18"><span class='ocrx_word' id='word_1_855' title='bbox 1815 5355 2066 5425; x_wconf 74' lang='lat' dir='ltr'><strong>gentibus</strong></span> <span class='ocrx_word' id='word_1_856' title='bbox 2089 5352 2255 5407; x_wconf 86' lang='lat' dir='ltr'><strong>zonis.</strong></span> <span class='ocrx_word' id='word_1_857' title='bbox 2287 5352 2550 5405; x_wconf 83' lang='lat' dir='ltr'><strong>Arabicus</strong></span> <span class='ocrx_word' id='word_1_858' title='bbox 2589 5358 2764 5403; x_wconf 89' lang='lat' dir='ltr'><strong>autem</strong></span> <span class='ocrx_word' id='word_1_859' title='bbox 2812 5347 2959 5416; x_wconf 83' lang='lat' dir='ltr'><strong>niger</strong></span> <span class='ocrx_word' id='word_1_860' title='bbox 2999 5354 3080 5400; x_wconf 90' lang='lat' dir='ltr'><strong>est</strong></span> <span class='ocrx_word' id='word_1_861' title='bbox 3110 5361 3229 5399; x_wconf 91' lang='lat' dir='ltr'><strong>cum</strong></span> <span class='ocrx_word' id='word_1_862' title='bbox 3255 5360 3379 5399; x_wconf 86' lang='lat' dir='ltr'><strong>can-</strong></span> 
     </span>
    </p>
   </div>
   <div class='ocr_carea' id='block_1_117' title="bbox 1818 5437 3381 5509">
    <p class='ocr_par' dir='ltr' id='par_1_117' title="bbox 1818 5437 3381 5509">
     <span class='ocr_line' id='line_1_117' title="bbox 1818 5437 3381 5509; baseline -0.006 -10"><span class='ocrx_word' id='word_1_863' title='bbox 1818 5446 2069 5499; x_wconf 83' lang='lat' dir='ltr'><strong>dentibus</strong></span> <span class='ocrx_word' id='word_1_864' title='bbox 2111 5441 2277 5496; x_wconf 91' lang='lat' dir='ltr'><strong>zonis.</strong></span> <span class='ocrx_word' id='word_1_865' title='bbox 2332 5440 2561 5509; x_wconf 88' lang='lat' dir='ltr'><strong>Antiqua</strong></span> <span class='ocrx_word' id='word_1_866' title='bbox 2623 5438 2898 5492; x_wconf 88' lang='lat' dir='ltr'><strong>translatio</strong></span> <span class='ocrx_word' id='word_1_867' title='bbox 2947 5453 3044 5506; x_wconf 91' lang='lat' dir='ltr'><strong>pro</strong></span> <span class='ocrx_word' id='word_1_868' title='bbox 3090 5437 3172 5489; x_wconf 88' lang='lat' dir='ltr'><strong>bis</strong></span> <span class='ocrx_word' id='word_1_869' title='bbox 3217 5437 3381 5489; x_wconf 86' lang='lat' dir='ltr'><strong>habet</strong></span> 
     </span>
    </p>
   </div>
   <div class='ocr_carea' id='block_1_118' title="bbox 1808 5524 3377 5594">
    <p class='ocr_par' dir='ltr' id='par_1_118' title="bbox 1808 5524 3377 5594">
     <span class='ocr_line' id='line_1_118' title="bbox 1808 5524 3377 5594; baseline -0.006 -9"><span class='ocrx_word' id='word_1_870' title='bbox 1808 5524 2186 5585; x_wconf 54' lang='lat' dir='ltr'><strong>‘cnr&#39;b‘unculum</strong></span> <span class='ocrx_word' id='word_1_871' title='bbox 2221 5536 2268 5581; x_wconf 90' lang='lat' dir='ltr'><strong>et</strong></span> <span class='ocrx_word' id='word_1_872' title='bbox 2318 5526 2540 5593; x_wconf 78' lang='lat' dir='ltr'><strong>lapidem</strong></span> <span class='ocrx_word' id='word_1_873' title='bbox 2573 5527 2860 5594; x_wconf 79' lang='lat' dir='ltr'><strong>prasinum.</strong></span> <span class='ocrx_word' id='word_1_874' title='bbox 2913 5525 3005 5578; x_wconf 86' lang='lat' dir='ltr'><strong>Est</strong></span> <span class='ocrx_word' id='word_1_875' title='bbox 3049 5531 3223 5576; x_wconf 89' lang='lat' dir='ltr'><strong>autem</strong></span> <span class='ocrx_word' id='word_1_876' title='bbox 3256 5538 3377 5575; x_wconf 84' lang='lat' dir='ltr'><strong>car-</strong></span> 
     </span>
    </p>
   </div>
   <div class='ocr_carea' id='block_1_119' title="bbox 1806 5613 3374 5685">
    <p class='ocr_par' dir='ltr' id='par_1_119' title="bbox 1806 5613 3374 5685">
     <span class='ocr_line' id='line_1_119' title="bbox 1806 5613 3374 5685; baseline -0.007 -9"><span class='ocrx_word' id='word_1_877' title='bbox 1806 5621 2093 5682; x_wconf 79' lang='lat' dir='ltr'><strong>bunculus,</strong></span> <span class='ocrx_word' id='word_1_878' title='bbox 2114 5618 2254 5673; x_wconf 85' lang='lat' dir='ltr'><strong>sicut</strong></span> <span class='ocrx_word' id='word_1_879' title='bbox 2280 5628 2331 5674; x_wconf 86' lang='lat' dir='ltr'><strong>et</strong></span> <span class='ocrx_word' id='word_1_880' title='bbox 2354 5618 2566 5671; x_wconf 88' lang='lat' dir='ltr'><strong>nomine</strong></span> <span class='ocrx_word' id='word_1_881' title='bbox 2593 5617 2799 5685; x_wconf 87' lang='lat' dir='ltr'><strong>probat,</strong></span> <span class='ocrx_word' id='word_1_882' title='bbox 2830 5615 2960 5683; x_wconf 76' lang='lat' dir='ltr'><strong>lapis</strong></span> <span class='ocrx_word' id='word_1_883' title='bbox 2994 5614 3130 5684; x_wconf 82' lang='lat' dir='ltr'><strong>ignei</strong></span> <span class='ocrx_word' id='word_1_884' title='bbox 3160 5613 3374 5678; x_wconf 80' lang='lat' dir='ltr'><strong>coloris,</strong></span> 
     </span>
    </p>
   </div>
   <div class='ocr_carea' id='block_1_120' title="bbox 1816 5702 3391 5781">
    <p class='ocr_par' dir='ltr' id='par_1_120' title="bbox 1816 5702 3391 5781">
     <span class='ocr_line' id='line_1_120' title="bbox 1816 5702 3391 5781; baseline -0.003 -19"><span class='ocrx_word' id='word_1_885' title='bbox 1816 5710 2101 5781; x_wconf 71' lang='lat' dir='ltr'><strong>quinoctis</strong></span> <span class='ocrx_word' id='word_1_886' title='bbox 2126 5722 2336 5779; x_wconf 77' lang='lat' dir='ltr'><strong>quoque</strong></span> <span class='ocrx_word' id='word_1_887' title='bbox 2360 5710 2609 5763; x_wconf 82' lang='lat' dir='ltr'><strong>tenebras</strong></span> <span class='ocrx_word' id='word_1_888' title='bbox 2645 5705 2905 5759; x_wconf 83' lang='lat' dir='ltr'><strong>illustrare</strong></span> <span class='ocrx_word' id='word_1_889' title='bbox 2926 5704 3252 5775; x_wconf 82' lang='lat' dir='ltr'><strong>perhibetur.</strong></span> <span class='ocrx_word' id='word_1_890' title='bbox 3279 5702 3391 5778; x_wconf 35' lang='lat' dir='ltr'><strong>Est.</strong></span> 
     </span>
    </p>
   </div>
  </div>
