3968 6322
575 273 641 328 79
945 220 951 226 .
1173 265 1233 320 Β.
1274 264 1525 320 RABANI
1564 263 1775 318 MAURI
1814 259 2088 315 ARCHIEI

2190 254 2408 313 liOGlJii
2425 261 2475 312 ι’.
2516 260 2794 315 OPElilJM
2835 264 3009 318 PARS
3044 263 3082 317 Ι.

3658 266 3759 322 480

536 383 671 451 lapis
711 380 961 450 prasinus
995 379 1289 445 “viridantis
1331 386 1591 446 aspectus.
1620 374 1766 429 Unde
1807 383 1863 426 et
1907 373 2091 426 Graece
2121 370 2166 426 Α
2194 365 2332 432 lum;
2357 368 2421 423 de
2442 384 2568 438 quo,
2592 370 2704 440 qui,
2735 371 2916 426 relicta
2937 373 3032 428 Dei
3055 375 3224 449 gratia
3249 376 3560 446 gustaverit,
3588 389 3759 433 morte

538 487 568 524 a
608 485 769 540 porro
788 509 804 534 ,
847 469 990 538 quod
1021 469 1159 540 apud
1184 484 1276 524 eos
1295 471 1492 541 πράσον
1526 465 1736 525 dicitur,
1767 480 1959 520 nomen
2003 478 2096 519 ac-

538 561 698 628 ccpit.
1960 621 1964 624 η

605 667 672 721 Et
697 683 883 722 nomen
912 670 1069 738 ﬂuvio
1097 667 1318 721 secundo
1345 663 1486 719 Geon
1513 679 1531 716 :
1563 666 1671 734 ipse
1690 673 1762 718 est
1785 667 1875 734 qui
1913 662 2096 719 circuit

533 773 737 811 omnem
764 769 957 812 terram
981 741 1282 820 ΑΞὲΙιςόρὶω,
1300 764 1354 810 et
1383 756 1765 824 interpretatur
1781 765 1958 826 pectus
1983 756 2098 822 sive

535 858 880 918 prwruptum.

627 953 832 1008 Nomen
885 971 998 1008 vero
1054 954 1285 1024 ﬂuminis
1334 957 1472 1009 tertii
1527 955 1698 1026 Tigris
1743 974 1762 1012 :
1802 957 1910 1027 ipse
1954 958 2096 1013 vadit

535 1055 717 1099 contra
769 1047 1024 1114 Assyrios.
1083 1047 1317 1100 Vocatur
1380 1064 1592 1117 quoque
1642 1045 1819 1120 Tigris
1873 1058 2098 1120 propter

539 1137 868 1190 velocitatem
892 1175 906 1199 ,
964 1136 1132 1196 instar
1171 1137 1354 1193 bestiae
1391 1139 1554 1192 nimia
1601 1139 1918 1209 pernicitate
1959 1155 2096 1198 cur-

536 1225 719 1278 mittis.

599 1355 820 1411 Flavius
865 1368 1036 1413 autem
1083 1370 1301 1434 quartus
1345 1363 1450 1430 ipse
1499 1371 1573 1416 est
1621 1362 1934 1432 Euphrates.
1989 1362 2097 1420 Eu-

531 1446 751 1514 phrates
798 1462 924 1503 vero
973 1449 1358 1518 interpretatur
1403 1452 1625 1528 frugifer
1674 1453 1787 1508 sive
1837 1470 2090 1508 crescens.

529 1533 733 1589 Idcirco
766 1536 832 1590 de
877 1537 1147 1607 Euphrate
1189 1541 1277 1594 ubi
1309 1541 1484 1604 vadat,
1538 1556 1738 1610 quasve
1783 1550 1957 1599 terras
1986 1544 2095 1600 cir-

2201 458 2480 512 morietur.

2290 547 2430 602 Tulit
2481 566 2602 620 ergo
2646 551 2896 607 Dominus
2950 553 3088 610 Deus
3129 557 3385 612 hominem
3434 574 3587 628 quem
3644 559 3755 626 for-

2199 646 2468 702 maverat,
2517 650 2565 694 et
2603 643 2771 711 posuit
2826 659 2939 696 eum
2985 645 3330 713 inparadiso
3372 648 3652 717 voluptatis
3703 657 3758 699 ut

2199 741 2498 800 operaretur
2515 741 2563 787 et
2593 734 2873 788 custodiret
2897 734 3066 789 illum.
3094 736 3173 790 Ad
3200 752 3321 792 eum
3347 739 3559 796 videtur
3590 740 3759 809 respi-

2199 830 2322 874 cere
2359 820 2553 887 locum,
2579 823 2634 877 in
2662 839 2766 894 quo
2794 817 3152 894 supradictum
3177 836 3261 881 est
3285 845 3297 881 :
3321 826 3489 882 Homo
3512 847 3614 882 non
3644 840 3757 883 erat

2195 911 2285 980 qui
2311 919 2612 980 aperaretur
2629 922 2839 966 terram.
2864 914 3059 969 Verum
3083 931 3180 970 nos
3198 925 3252 970 et
3274 916 3326 970 in
3355 916 3513 985 hujus
3541 919 3759 988 exposi-

2198 1000 2343 1056 tione
2375 1001 2542 1066 verbi,
2585 1003 2723 1057 dicta
2771 1006 2939 1059 sancti
2983 1005 3159 1062 Patris
3197 1007 3478 1078 Augustini
3525 1022 3762 1078 expona-

2198 1103 2318 1146 mus
2343 1108 2356 1144 :
2387 1089 2539 1158 Quod
2565 1102 2895 1163 operaretur,
2927 1095 3128 1166 inquit,
3164 1098 3243 1151 vel
3273 1098 3399 1166 quid
3428 1098 3762 1154 custodiret?

2200 1179 2440 1250 nunduld
2467 1171 2607 1236 forte
2644 1181 3026 1252 agriculturam
3058 1183 3313 1240 DOminus
3352 1187 3525 1240 voluit
3545 1189 3760 1256 operari

2196 1270 2427 1340 primum
2453 1269 2758 1327 hominem?
2795 1272 2877 1326 An
2921 1288 3027 1328 non
3071 1282 3153 1328 est
3184 1273 3435 1328 credibile
3463 1278 3605 1343 quod
3633 1291 3760 1330 eum

2195 1365 2324 1413 ante
2363 1355 2645 1430 peceatum
2684 1359 3018 1416 damnaverit
3068 1361 3134 1415 ad
3176 1359 3449 1416 laborem?
3500 1363 3578 1416 Ita
3630 1379 3760 1417 sane

2193 1449 2604 1525 arbitraremur,
2643 1449 2744 1504 nisi
2789 1450 3093 1505 videremus
3137 1466 3256 1504 cum
3312 1459 3456 1504 tanta
3486 1452 3760 1520 voluptate

2194 1538 2362 1617 animi
2393 1539 2675 1611 agricolari
2707 1541 2982 1609 quosdam,
3014 1550 3074 1594 ut
3120 1541 3199 1595 eis
3244 1555 3435 1609 magna
3489 1555 3644 1617 poma
3690 1543 3760 1596 sit

527 1635 761 1686 cumeat.
799 1641 903 1679 non
944 1627 1093 1692 dicit,
1149 1629 1274 1698 quia
1329 1631 1442 1698 ipse
1489 1631 1543 1685 in
1597 1633 1776 1688 vicino
1819 1633 2088 1704 proﬂuent

2197 1615 2324 1687 inde
2374 1631 2440 1686 ad
2478 1630 2622 1686 aliud
2666 1632 2898 1686 evocari.
2954 1630 3224 1701 Quidquid
3268 1643 3399 1703 ergo
3444 1615 3757 1688 deliciarum

528 1723 682 1767 terra:
722 1716 1172 1783 repromissionis,
1204 1717 1451 1774 facillime
1473 1736 1503 1774 a
1531 1722 1724 1792 populo
1760 1698 1920 1780 lsrael
1941 1767 1954 1790 ,
1998 1725 2088 1794 qui

2196 1721 2356 1776 habet
2383 1719 2730 1791 agricultura,
2762 1727 2888 1775 tunc
2924 1698 3129 1790 utique—
3148 1722 3306 1792 longe
3334 1698 3576 1792 amplius
3597 1733 3755 1790 erat,

518 1804 721 1858 ibidem
740 1805 953 1874 positus
982 1807 1094 1860 haec
1123 1806 1355 1862 lecturus
1390 1819 1525 1874 erat,
1554 1821 1764 1880 poterat
1783 1813 1929 1867 sciri.
1958 1813 2090 1879 Quia

529 1909 655 1949 vero
701 1910 798 1964 per
823 1911 990 1964 aquas
1041 1901 1457 1966 regeneratrices
1505 1917 1780 1973 regressus
1824 1904 1977 1959 nobis
2025 1896 2091 1960 ad

525 1985 764 2039 cwlestia
810 1994 975 2055 patet,
1010 1989 1273 2071 congruit.
1307 1989 1438 2044 satis
1467 1990 1849 2060 dispensationi
1900 1993 2093 2048 divinat:

522 2075 758 2142 pietatis,
793 2085 852 2130 ut
880 2076 1052 2145 ipsum
1073 2078 1403 2148 elementum
1425 2095 1519 2150 per
1538 2083 1681 2150 quod
1703 2081 1770 2135 ad
1802 2097 2088 2151 supernam

525 2166 752 2235 patriam
799 2169 1121 2234 reducimur,
1153 2170 1308 2225 nobis
1332 2172 1402 2225 sit
1433 2187 1554 2226 eum
1587 2173 1858 2241 paradiso,
1883 2171 1940 2226 in
1983 2181 2090 2242 quo

524 2257 731 2324 positus
758 2265 842 2313 est
859 2249 1020 2315 homo
1063 2260 1290 2328 primus,
1320 2276 1620 2327 commune,
1664 2272 1719 2318 et
1751 2265 1890 2320 sicut
1918 2265 2090 2335 gratia

525 2358 622 2397 nos
652 2359 903 2400 recreans
935 2346 1274 2404 invisibiliter
1316 2350 1466 2420 regni
1515 2351 1751 2407 eailcstis
1789 2353 2089 2423 ingressum

523 2444 808 2503 praeparat,
833 2436 907 2490 ita
947 2436 1108 2490 etiam
1151 2436 1490 2493 invisibiliter
1515 2440 1585 2494 ad
1619 2449 1862 2496 nostrum
1903 2445 2090 2499 orbem

520 2521 589 2578 de
608 2523 859 2593 paradiso
885 2540 989 2594 per,
1017 2535 1172 2581 terrai
1199 2543 1364 2582 venas
1391 2529 1526 2597 ipsa,
1556 2545 1653 2598 per
1678 2545 1837 2598 quam
1864 2547 1962 2586 nos
2003 2548 2090 2588 re-

521 2620 691 2679 creat,
725 2616 866 2669 unda
890 2616 1150 2685 prosiliat.
1183 2615 1243 2672 Si
1270 2633 1398 2688 ergo
1443 2618 1658 2690 spiritus
1717 2616 1804 2673 ubi
1833 2620 1938 2674 vult
1978 2622 2087 2690 spi-

523 2711 622 2764 rat,
662 2713 710 2756 et
761 2720 930 2758 vocem
957 2701 1072 2775 ejus
1100 2708 1287 2772 audis,
1317 2708 1407 2761 sed
1437 2724 1538 2762 non
1585 2710 1685 2762 stis
1735 2711 1872 2763 unde
1921 2711 2089 2765 veniat

507 2797 613 2867 aut
657 2807 759 2866 quo
787 2793 940 2846 vadat
980 2793 1164 2866 (Joan.
1223 2797 1340 2865 in),
1392 2797 1472 2852 sic
1521 2797 1683 2852 etiam
1753 2799 1975 2854 decebat
2032 2807 2091 2855 ut

522 2893 682 2947 aqua,
721 2895 841 2949 qua:
873 2896 966 2938 eos
989 2897 1124 2952 quos
1151 2884 1266 2938 vult
1293 2885 1526 2956 Spiritus
1549 2887 1867 2951 sanctiﬁcat,
1892 2887 2090 2959 ignotis

2193 1812 2406 1880 quando
2433 1811 2566 1867 nihil
2606 1811 2881 1866 accidebat
2913 1813 2997 1866 vel
3023 1822 3196 1877 terra,
3241 1814 3325 1868 vel
3349 1815 3491 1869 ωειο
3519 1816 3752 1870 adversi.

2193 1898 2308 1954 Non
2337 1903 2479 1955 enlm
2524 1910 2642 1955 erat
2687 1901 2884 1956 laboris
2929 1899 3165 1966 afﬂictio,
3195 1904 3287 1958 sed
3317 1903 3638 1958 exhilara’tio
3663 1919 3758 1958 vo-

2193 1989 2431 2055 luntatis,
2457 2004 2579 2044 cum
2615 2004 2677 2044 ea
2699 2005 2817 2060 qua:
2841 1983 2979 2044 Deus
3006 1999 3300 2054 creaverat,
3331 1992 3550 2045 humani
3578 1994 3757 2060 operis

2192 2079 2456 2149 adiutorio
2483 2079 2656 2134 laetius
2677 2075 3010 2150 feraciusque
3044 2081 3403 2150 provenirent,
3433 2082 3575 2136 unde
3599 2081 3757 2137 Crea—

2191 2177 2276 2222 t0r
2310 2169 2422 2238 ipse
2461 2170 2680 2224 uberius
2722 2167 3048 2236 laudaretur,
3087 2170 3177 2239 qui
3208 2171 3399 2225 animae
3435 2172 3494 2225 in
3529 2187 3756 2240 corpore

2184 2256 2412 2312 animali
2456 2259 2758 2314 constituta
2803 2260 3065 2313 rationem
3117 2260 3351 2315 dedisset
3395 2263 3654 2335 operandi
3690 2279 3756 2318 ac

2187 2344 2520 2412 facultatem,
2546 2354 2803 2422 quantum
2832 2349 3012 2403 animo
3036 2348 3234 2405 volenti
3281 2350 3416 2404 satis
3443 2357 3608 2412 esset.
3641 2368 3748 2406 non

2186 2421 2447 2506 quantum
2498 2437 2722 2492 invitum
2783 2437 3071 2508 indigentia
3120 2440 3361 2509 corporis
3400 2450 3642 2511 cogeret.
3686 2439 3757 2496 Ut

2191 2534 2514 2594 operaretur,
2563 2524 2766 2594 inquit,
2820 2538 2868 2580 et
2919 2527 3196 2580 custodiret
3241 2526 3411 2593 illum,
3459 2530 3758 2584 custodiret

2193 2615 2440 2670 videlicet
2475 2615 2721 2671 eumdem
2771 2616 3076 2685 paradisum
3124 2617 3239 2687 ipse
3279 2617 3406 2685 sibi,
3437 2633 3505 2676 ne
3551 2617 3757 2691 aliquid

2193 2705 2522 2773 admitteret,
2567 2716 2786 2778 propter
2836 2709 2979 2782 quod
3036 2708 3157 2770 inde
3201 2719 3499 2768 mereretur
3537 2714 3752 2785 expelli.

2195 2792 2434 2863 Denique
2465 2795 2684 2864 accipit
2728 2804 3087 2865 praereptum,
3127 2805 3187 2852 ut
3234 2798 3306 2855 sit
3327 2814 3426 2869 per
3465 2804 3606 2871 quod
3650 2802 3754 2858 sibi

2192 2883 2458 2938 custodiat
2503 2883 2835 2953 paradisum,
2862 2882 2913 2939 id
2943 2892 3047 2951 est,
3078 2899 3184 2956 quo
3218 2897 3429 2945 semts
3471 2906 3578 2946 non
3625 2891 3755 2949 inde

522 2968 589 3021 ad
616 2981 715 3022 nos
743 2969 846 3024 viis
867 2970 933 3025 de
957 2971 1206 3041 paradiso
1235 2974 1501 3040 adveniat,
1532 2984 1586 3031 et
1622 2978 1689 3031 ad
1715 2976 1898 3048 ignota
1935 2979 2088 3034 nobis

2192 2970 2521 3040 projiciatur.
2557 2971 2722 3027 Recte
2769 2973 2911 3028 enim
2938 2967 3166 3045 quasque
3192 2976 3388 3033 dicitur
3428 2991 3535 3034 non
3576 2991 3755 3037 custo-

525 3054 640 3111 loca
662 3057 868 3124 redeat,
890 3039 1051 3129 quam
1083 3069 1262 3118 tamen
1283 3063 1348 3119 de
1377 3064 1630 3141 paradiso
1653 3039 1940 3144 voluptatis
1964 3039 2162 3144 con—C
2195 3059 2338 3114 disse
2387 3069 2500 3113 rem
2558 3070 2743 3126 suam,
2778 3062 2869 3132 qui
2914 3039 2994 3118 sic
3047 3039 3155 3134 egit
3182 3072 3238 3119 ut
3280 3067 3550 3124 amitteret
3591 3085 3712 3125 eam

524 3154 633 3200 stat
683 3147 884 3204 habere
928 3151 1210 3222 originem.
1236 3151 1574 3209 Plantaverat
1611 3165 1785 3211 autem
1832 3142 2091 3217 Dianium
2189 3151 2351 3204 etiam
2391 3150 2435 3204 si
2458 3148 2775 3204 aiterisalva
2800 3151 2891 3217 sit."
2916 3152 3012 3222 aut
3052 3167 3167 3208 eam
3187 3151 3516 3220 vel‘inrenit.
3546 3157 3630 3214 vel
3661 3173 3752 3216 ao-

523 3233 666 3290 Deus
711 3235 1018 3306 paradisum
1071 3240 1346 3312 voluptatis
1393 3260 1426 3297 a
1471 3244 1743 3314 principio.
1801 3243 2088 3302 Paradisus

2192 3240 2370 3309 cipcre
2412 3241 2625 3296 meruit.
2657 3242 2749 3297 Est
2777 3243 2912 3298 alius
2936 3259 2988 3298 in
3020 3244 3103 3300 his
3127 3246 3305 3318 verbis
3345 3262 3556 3315 sensus,
3586 3265 3748 3320 quem

525 3326 759 3381 Ecclesia
783 3338 883 3394 est,
909 3331 988 3386 sic
1011 3333 1154 3386 enim
1185 3333 1252 3388 de
1284 3333 1371 3389 illa
1398 3334 1591 3406 legitur
1617 3336 1670 3390 in
1700 3335 1936 3393 Canticis
1965 3353 2092 3394 can-
2185 3337 2318 3400 Ῥυῐο
2347 3348 2451 3386 non
2493 3333 2762 3389 immerito
2788 3337 3219 3404 praeponendum.
3253 3347 3312 3391 ιιι
3354 3338 3524 3408 ipsum
3573 3341 3746 3396 homi-

525 3417 751 3472 ticorum
788 3436 801 3471 :
839 3419 1039 3476 Hortus
1082 3423 1356 3480 conclusas
1381 3442 1532 3480 soror
1557 3443 1675 3482 mea
1717 3428 1891 3499 (Cant.
1919 3429 2015 3502 iv).
2042 3431 2088 3484 A

2191 3436 2313 3475 nem
2361 3431 2679 3492 pperaretur
2733 3425 2874 3481 Deus
2917 3434 2973 3480 et
3025 3428 3338 3481 custodiret.
3403 3428 3552 3483 Sicut
3600 3432 3745 3485 enim

523 3507 784 3577 principio
822 3520 1000 3564 autem
1047 3513 1322 3582 plantatur
1364 3517 1660 3585 paradisus,
1692 3518 1818 3587 quia
1847 3518 2088 3576 Ecclesia

523 3595 787 3649 catholica
844 3613 875 3651 a
923 3597 1159 3667 Christo,
1197 3603 1286 3671 qui
1337 3613 1420 3659 est
1458 3606 1777 3676 principium
1823 3609 2085 3675 omnium,

524 3687 739 3740 condita
767 3705 885 3744 esse
904 3693 1244 3762 cognoscitur
1274 3693 1477 3767 (Isid.).
1507 3696 1725 3754 Fiuvius
1754 3699 1818 3754 de
1836 3699 2089 3768 paradiso

522 3773 762 3838 exiens,
798 3777 1083 3847 imaginem
1112 3790 1292 3849 portat
1319 3781 1519 3839 Christi
1562 3785 1629 3840 de
1669 3788 1895 3856 paterno
1941 3786 2089 3844 fonte

523 3861 757 3929 liuentis,
787 3866 876 3934 qui
903 3867 1094 3945 irrigat
1135 3869 1428 3926 Ecclesiatn
1459 3888 1612 3929 suam
1643 3876 1806 3930 verbo
1830 3877 2091 3945 praedica-

525 3953 686 4008 tionis
713 3965 770 4009 et
811 3957 950 4012 dono
983 3943 1252 4029 baptismi.
1278 3962 1354 4019 De
1393 3980 1498 4034 quo
1542 3966 1678 4022 bene
1715 3985 1810 4038 per
1831 3943 2088 4041 iprophe-

527 4049 634 4092 tam
659 4042 854 4098 dicitur
885 4064 898 4098 :
933 4046 1184 4103 Dominus
1209 4051 1347 4107 Deus
1369 4064 1544 4108 noster
1580 4049 1770 4126 ﬂuvius
1803 4058 2086 4129 gloriosus,

525 4130 767 4187 assiliens
788 4143 977 4190 terram
1006 4139 1279 4209 sitientem;
1302 4141 1436 4212 (Isa.
1471 4146 1639 4217 κων).
1665 4145 1816 4214 Quod
1856 4158 2090 4219 qu‘atubr

525 4217 830 4308 ﬂuminibus
867 4226 932 4279 de
973 4228 1218 4296 paradiso
1245 4231 1640 4301 egredientibus
1674 4245 1819 4290 terra
1858 4217 2084 4308 rigatur,

527 4307 752 4362 solidum
785 4315 975 4369 mentis
1003 4325 1199 4372 nostrae
1235 4319 1553 4388 :ndiﬂcium,
1600 4307 2086 4396 prudentiaitem-

527 4400 790 4466 perantia,
839 4401 1112 4471 fortitudo,
1152 4408 1360 4478 justitia
1412 4415 1684 4481 continet;
1730 4418 1854 4487 quia
1902 4419 1956 4472 in
2002 4420 2084 4475 his

524 4497 754 4556 quatuor
793 4491 1078 4550 virtutibus
1118 4507 1226 4551 tota
1263 4500 1388 4555 boni
1433 4504 1609 4571 operis
1644 4514 1912 4560 structura
1952 4524 2083 4562 con-

524 4579 714 4650 surgit.
745 4577 946 4653 (Grcg.)
974 4584 1211 4651 Quatuor
1237 4605 1363 4660 ergo
1385 4594 1617 4662 paradisi
1644 4593 1860 4650 ﬂumina
1888 4606 2082 4653 terram

526 4669 768 4739 irrigant,
819 4673 944 4740 quia
997 4674 1121 4728 dum
1170 4675 1254 4731 his
1287 4689 1514 4748 quatuor
1555 4684 1840 4740 virtutibus
1870 4703 1964 4741 cor
1998 4688 2083 4741 in-

529 4758 785 4824 tunditur,
841 4761 908 4816 ab
963 4764 1107 4816 omni
1167 4765 1549 4824 desideriorum
1601 4761 1893 4828 carnalium
1949 4784 2083 4831 aestu

531 4858 871 4916 temperatur.
924 4851 1052 4907 Item
1095 4854 1379 4925 allegorice
1423 4869 1654 4926 quatuor
1706 4865 1940 4931 paradisi
1984 4862 2082 4916 ﬂu-

529 4937 693 5001 mina,
743 4949 980 5007 quatuor
1025 4954 1149 4999 snnt
1203 4946 1485 5017 Evangelia
1541 4951 1605 5004 ad
1651 4955 2081 5020 praedicationem

526 5032 736 5086 cunctis
775 5033 1020 5100 gentibus
1056 5035 1256 5090 missa.
1315 5036 1491 5108 Ligna
1536 5039 1840 5108 fructifera,
1899 5063 2084 5105 omnes

528 5120 698 5192 sancti
731 5129 879 5184 sunt;
911 5113 1128 5178 fructus
1160 5140 1366 5191 eorum,
1415 5143 1581 5196 opera
1620 5145 1836 5199 eorum;
1882 5135 2079 5206 lignum

528 5211 690 5274 vitae,
736 5221 956 5267 sanctus
988 5224 1290 5270 sanctorum
1338 5219 1523 5287 utique
1569 5231 1652 5276 est
1697 5223 1962 5292 Christus,
2017 5230 2084 5283 ad

527 5317 685 5372 quem
716 5303 944 5371 quisque
974 5302 1017 5355 si
1059 5306 1356 5370 porrexerit
1393 5323 1629 5372 manum,
1663 5313 1805 5368 vivet
1835 5314 1887 5367 in
1931 5324 2086 5370 aster-

529 5409 673 5446 num.
716 5391 896 5462 tlsid.)
938 5391 1164 5461 Lignum
1210 5404 1385 5450 autem
1421 5399 1656 5455 scientiae
1701 5401 1826 5458 boni
1854 5415 1906 5458 et
1957 5405 2084 5460 mali

528 5483 800 5552 proprium
842 5493 926 5538 est
955 5483 1241 5539 voluntatis
1279 5487 1581 5556 arbitrium,
1631 5492 1772 5561 quod
1816 5495 1868 5548 in
1908 5482 2097 5551 meditti

528 5577 693 5631 nostri
721 5584 803 5632 cst
820 5578 1049 5646 positum
1085 5579 1151 5634 ad
1198 5578 1615 5646 dignosccndum
1661 5588 1860 5644 bonum
1887 5598 1940 5645 et
1969 5607 2082 5646 ma-

2115 4371 2162 4429 υ

2186 3506 2350 3563 homo
2374 3519 2627 3578 operatur
2653 3519 2872 3577 terram,
2899 3528 3004 3568 non
3045 3522 3103 3567 ut
3143 3530 3260 3568 eam
3292 3511 3456 3570 faciat
3494 3533 3612 3572 esse
3647 3529 3750 3573 ter-

2190 3613 2323 3660 ram,
2351 3599 2444 3653 sed
2469 3608 2526 3654 ut
2559 3600 2753 3655 cultam
2782 3611 2942 3672 atque
2971 3603 3329 3670 fructuosam;
3373 3606 3448 3660 sic
3477 3607 3618 3661 Deus
3647 3609 3744 3662 ho-

2185 3689 2386 3743 minem
2409 3690 2578 3746 multo
2611 3693 2782 3762 magis
2812 3705 2968 3762 quem
3003 3694 3116 3762 ipse
3141 3696 3343 3749 creavit
3365 3706 3424 3751 ut
3461 3698 3622 3756 homo
3646 3702 3745 3762 sit,

2187 3791 2310 3833 eum
2343 3780 2454 3849 ipse
2480 3791 2736 3857 operatur
2772 3791 2831 3836 ut
2846 3782 3024 3850 justus
3064 3786 3154 3847 sit,
3181 3793 3236 3838 et
3263 3794 3321 3838 ut
3363 3785 3524 3841 homo
3553 3788 3622 3842 ab
3645 3790 3748 3843 ilio

2185 3885 2283 3940 per
2330 3872 2633 3941 superbiam
2686 3882 2788 3929 noti
2831 3877 3098 3931 abscedat.
3131 3876 3315 3932 Posuit
3343 3888 3463 3950 ergo
3487 3881 3746 3935 hominem

2187 3961 2241 4014 in
2278 3961 2524 4030 paradiso
2580 3963 2872 4032 voluptatis,
2915 3975 3023 4020 etc.-
3055 3956 3395 4035 ’Operar‘etur,
3441 3969 3647 4024 scilicet
3688 3981 3749 4025 ut

2185 4048 2358 4104 bonus
2399 4051 2692 4124 beatusque
2714 4062 2892 4118 esset;
2933 4056 3209 4130 custodiret
3234 4071 3361 4111 vero
3395 4067 3451 4112 ut
3478 4067 3624 4112 tutas
3655 4075 3748 4114 es-

2186 4145 2298 4201 set,
2329 4137 2497 4206 ipsius
2539 4153 2596 4193 se
2626 4140 2974 4196 dominationi
3021 4145 3443 4214 ac'protectioni
3468 4143 3749 4203 humiliter

2187 4227 2480 4282 subdendo.
3209 4242 3211 4244 ·

2761 4338 2985 4395 CAPUT
3033 4339 3164 4395 Xlil.

2191 4419 2290 4477 Ubi
2321 4435 2626 4497 prirceptum
2659 4427 2784 4494 Ades
2814 4445 2846 4482 a
2878 4428 2984 4481 Deo
3012 4429 3066 4481 in
3098 4431 3339 4497 paradiso
3366 4428 3546 4485 datum
3575 4443 3666 4496 est,
3695 4443 3746 4486 α

2255 4529 2257 4531 ι
2332 4495 2498 4547 Adam
2522 4498 2729 4549 nomina
2753 4500 2949 4552 cunctis
2971 4495 3318 4552 animantibus
3339 4501 3597 4569 imposuit.
3679 4543 3684 4546 .

2261 4605 2613 4676 Prtrcepitqne
2661 4604 2706 4661 ei
2745 4608 2919 4662 dicens
2953 4622 2973 4661 :
3007 4601 3091 4670 ΕΒ
3135 4611 3274 4663 arani
3318 4606 3458 4680 ligno
3511 4614 3746 4680 paradisi

2191 4699 2415 4760 comede,
2455 4699 2517 4753 de
2551 4699 2687 4767 ligno
2716 4710 2885 4752 autem
2914 4693 3286 4754 scientiis-boni
3319 4712 3367 4755 et
3397 4702 3523 4756 mali
3553 4720 3615 4756 ne
3659 4721 3746 4756 ro-

2191 4787 2386 4838 medas.
2415 4777 2530 4839 Non
2557 4795 2639 4840 est
2660 4785 2978 4842 credendum
2999 4790 3144 4857 quod
3169 4790 3219 4842 in
3246 4781 3398 4858 ligno
3425 4790 3513 4844 illo
3536 4791 3741 4859 aliquid

2188 4875 2311 4929 mali
2344 4872 2925 4942 naturaliterinesset,
2967 4879 3105 4934 sicut
3148 4889 3197 4934 et
3241 4896 3400 4949 supra
3443 4883 3742 4945 doetiiinus,

2187 4965 2278 5019 sed
2314 4967 2470 5021 abeo
2499 4967 2638 5037 ligno
2661 4970 2800 5036 quod
2831 4970 3025 5023 malum
3057 4987 3158 5025 non
3179 4979 3305 5025 erat
3343 4973 3641 5042 prohibitus
3664 4985 3740 5028 est

2178 5054 2367 5119 “homo,
2411 5065 2468 5109 ut
2506 5056 2616 5126 ipsa
2654 5067 2841 5126 per-se
2868 5061 3125 5129 'przncepti
3169 5048 3506 5119 conservatio
3549 5075 3744 5117 bonum

2186 5145 2262 5199 illi
2290 5146 2430 5202 esset
2457 5155 2512 5199 et
2543 5149 2892 5217 transgressio
2921 5151 3138 5205 malum.
3169 5153 3403 5222 Denique
3433 5169 3461 5207 a
3489 5167 3748 5224 peccante

2185 5235 2316 5288 nihil
2355 5234 2496 5288 aliud
2535 5238 2825 5304 appetitum
2869 5247 2973 5303 est,
3002 5239 3102 5294 nisi
3148 5257 3250 5295 non
3283 5258 3402 5296 esse
3443 5245 3544 5298 sub
3572 5247 3747 5300 domi-

2186 5323 2397 5378 natione
2442 5322 2556 5386 Dei,
2583 5326 2792 5391 quando
2825 5325 2948 5379 illud
2976 5328 3263 5382 admissum
3305 5338 3404 5392 ρει,
3433 5332 3487 5385 in
3521 5340 3645 5401 quo,
3679 5348 3747 5386 nc

2187 5415 2574 5477 admitteretur,
2607 5414 2714 5468 sola
2743 5415 2957 5470 deberet
2979 5415 3150 5484 iussio
3175 5418 3498 5475 deminan'tis
3522 5423 3747 5475 attendi.

2187 5502 2312 5568 Qua:
2341 5505 2382 5557 si
2431 5505 2538 5557 sola
2583 5505 2967 5570 attenderetur,
2997 5508 3120 5574 quid
3161 5508 3262 5560 alin
3277 5511 3298 5560 ~l
3329 5523 3491 5578 quam
3522 5508 3615 5563 Dei
3648 5527 3744 5565 vo-

2190 5592 2365 5647 luntas
2395 5594 2694 5647 amaretur?
2719 5593 2844 5662 quid
2881 5594 3018 5648 aliud
3046 5612 3201 5665 quam
3247 5598 3336 5651 Dei
3371 5598 3620 5654 voiuntas
3649 5601 3741 5656 liu-
