3968 6362
248 300 345 356 tst

1245 299 1588 357 COMMENT.
1626 303 1690 358 IN
1729 259 2043 388 Genesis.
2085 336 2150 346 -
2190 305 2312 360 ue.
2351 305 2389 358 ι.

3340 310 3448 368 ιεεθ

244 429 418 467 manu:
458 410 710 466 voluntati
759 412 1183 482 praeponeretur?
1226 413 1332 467 Nec
1368 412 1482 468 fieri
1526 423 1697 484 potest
1735 424 1794 470 ut
1825 420 1868 476 Λ
1895 383 1982 491 εξῦ
2015 415 2069 468 in
2097 417 2300 468 nomine
2328 425 2434 478 tuo,
2465 431 2592 486 quas
2620 415 2805 471 dedisti
2832 418 2959 470 mihi
2991 417 3241 474 custodioi
3267 418 3446 491 (Joan.

242 502 489 556 voluntas
524 502 736 571 propria
781 517 884 556 non
924 504 1108 573 grandi
1158 503 1320 556 ruinae
1362 504 1592 572 pondere
1634 518 1793 573 super

242 591 516 661 hominem
560 591 742 655 cadat,
782 591 827 646 si
857 606 975 646 eam
1018 591 1272 646 voluntati
1306 592 1597 661 superioris
1624 593 1792 648 extol—

239 680 400 734 tendo
427 688 715 749 pmponat.
742 679 852 735 Hoc
874 689 1122 750 expertus
1150 689 1231 736 est
1254 681 1412 736 homo
1445 681 1791 738 contemnens

237 776 565 837 praeceptum
603 767 717 832 Dei,
761 777 815 821 et
858 769 959 823 hoc
1007 769 1368 838 experimento
1409 770 1619 835 didicit,
1663 771 1791 842 quid

238 858 526 912 interesset
558 859 695 912 inter
739 857 935 911 bonum
976 865 1031 911 et
1077 858 1307 924 malum;
1348 859 1546 917 bonum
1585 861 1791 921 scilicet

234 950 576 1014 obedientize,
615 949 811 1004 malum
851 958 1029 1004 autem
1073 949 1462 1018 inobedientiai,
1502 953 1785 1022 superbire,

233 1039 602 1104 contumacia,
629 1052 893 1107 perversa:
939 1026 1386 1104 imitationis'Dei,
1418 1047 1473 1094 et
1513 1041 1701 1105 noxias
1722 1040 1788 1094 li-

233 1130 481 1184 bertatis.
505 1128 616 1184 Hoc
641 1137 817 1208 autem
843 1129 896 1183 in
927 1144 1034 1199 quo
1067 1129 1208 1199 ligno
1233 1129 1474 1185 accidere
1501 1131 1696 1202 potuit,
1721 1146 1789 1188 ex

233 1223 351 1290 ipsa
387 1236 463 1286 re,
509 1229 569 1275 ιιι
611 1221 723 1291 jam
772 1220 1133 1289 supradictum
1177 1227 1286 1285 est,
1318 1235 1511 1278 nomen
1557 1221 1786 1292 accepit.

229 1312 565 1382 Praeceptum
607 1309 747 1380 quod
792 1309 994 1378 accepit
1040 1307 1329 1379 ﬁguraliter
1380 1309 1650 1376 Christus,
1690 1326 1790 1368 nos

230 1402 530 1472 accipimus
554 1401 606 1454 iu
645 1399 734 1458 illo.
765 1399 890 1470 quia
932 1399 1294 1469 unusquisque
1316 1398 1656 1461 Christianus
1680 1417 1788 1458 non

230 1493 527 1562 incongrue
581 1498 750 1562 gestat
794 1505 1077 1560 personam
1132 1489 1358 1559 Christi,
1411 1491 1622 1550 dicente
1674 1493 1789 1563 ipso

229 1581 461 1641 Domino
486 1601 497 1635 :
527 1582 654 1647 Quae
695 1580 886 1651 fecistis
915 1581 1005 1634 uni
1038 1596 1101 1634 ex
1126 1581 1351 1638 minimis
1379 1583 1512 1648 istis,
1549 1583 1678 1642 milii
1720 1584 1793 1654 fe-

229 1675 376 1730 cistis
405 1674 611 1746 (Matth.
639 1673 785 1745 xxv).
803 1672 980 1744 (Isid.)
1007 1672 1208 1728 Dicitur
1230 1689 1356 1745 ergo
1381 1673 1466 1729 Ea:
1486 1664 1625 1731 omni
1649 1676 1787 1747 ligno

226 1764 465 1834 paradisi
510 1763 772 1828 comedes;
815 1761 879 1816 de
924 1761 1062 1833 ligno
1100 1772 1271 1819 autem
1309 1764 1538 1820 scientiis
1581 1765 1696 1820 boni
1735 1776 1784 1821 et
1815 1759 1860 1819 Β

226 1855 360 1909 mali
401 1872 464 1910 ne
493 1854 749 1909 comedas.
774 1852 1086 1924 Praecipitur
1108 1853 1250 1911 enim
1276 1853 1431 1912 nobis
1465 1864 1522 1910 ut
1549 1855 1787 1912 fruamur

225 1948 379 2002 omni
429 1945 570 2016 ligno
610 1944 863 2016 paradisi,
904 1959 1010 2014 quo
1056 1943 1422 2016 signiﬁcantur
1477 1947 1785 2016 spiritualcs

226 2036 456 2092 delieizn.
500 2034 728 2090 Fructus
774 2031 945 2090 autem
984 2035 1195 2105 spiritus
1239 2045 1312 2092 est
1360 2027 1610 2104 cliaritas,
1657 2056 1785 2108 gan-

227 2126 398 2187 dium,
420 2137 537 2195 pax,
564 2125 945 2195 longanimitas,
972 2123 1278 2195 benignitas,
1305 2125 1526 2191 bonitas,
1553 2143 1790 2196 mansne:

226 2220 380 2282 tudo,
408 2218 738 2280 continentia,
770 2216 978 2272 castitas
1007 2215 1202 2290 (Galat.
1229 2219 1302 2289 ν),
1335 2220 1474 2274 sicut
1497 2220 1624 2278 dicit
1649 2220 1788 2290 Apo-

226 2307 418 2361 stolus.
448 2306 513 2360 Et
543 2318 667 2361 non
691 2311 966 2377 tangamus
1012 2305 1209 2376 lignum
1237 2307 1294 2362 in
1336 2308 1511 2368 medio
1550 2311 1785 2380 paradisi

224 2393 527 2465 plantatum
557 2393 790 2449 scientiae
835 2393 958 2449 boni
999 2400 1054 2448 et
1099 2391 1254 2460 mali,
1284 2395 1336 2451 id
1371 2405 1484 2461 est,
1514 2413 1616 2452 non
1653 2399 1786 2453 veli-

227 2499 354 2539 mus
380 2483 653 2553 superbire
683 2483 746 2537 de
779 2491 965 2535 natura
1005 2481 1210 2537 arbitrii
1251 2485 1443 2550 nostri,
1470 2500 1588 2556 quae
1613 2488 1784 2540 media

210 2583 351 2640 est,
391 2583 450 2630 ut
491 2573 696 2641 decepti
751 2581 964 2645 propter
1010 2573 1289 2630 scientiam
1336 2577 1674 2644 experiamur
1719 2577 1784 2631 ad

227 2665 452 2722 malum.
1168 2691 1172 2696 -

300 2755 369 2810 In
395 2771 696 2827 quacunque
719 2755 851 2808 enim
876 2754 962 2812 die
989 2754 1265 2809 comederis
1284 2771 1346 2809 ea:
1373 2771 1456 2820 eo,
1481 2766 1643 2810 morte
1682 2772 1787 2808 mo—

226 2844 400 2901 rieris.
432 2843 546 2901 Non
579 2845 690 2900 ait:
720 2843 776 2899 Si
804 2845 1097 2899 comederis
1126 2844 1382 2910 mortalis,
1407 2845 1532 2899 eris.
1560 2843 1625 2898 In
1654 2862 1781 2915 quo.

226 2949 446 3002 cunque,
479 2933 671 3003 inquit,
699 2931 784 2988 die
824 2931 1104 2992 comederis
1130 2947 1194 2986 ex
1223 2948 1301 2996 eo,
1333 2944 1495 2986 morte
1528 2933 1779 2991 morieris.

228 3023 470 3080 Ilortuus
496 3038 721 3093 namque
750 3032 835 3078 est
874 3024 1030 3080 homo
1063 3024 1113 3077 in
1140 3023 1315 3078 anima
1357 3040 1477 3077 cum
1519 3025 1781 3092 peccavit,

1897 496 2049 576 im).
2099 505 2432 560 Pensandum
2480 522 2796 576 magnopere
2846 517 2949 573 est,
2983 511 3106 578 quia
3141 511 3277 566 bona
3329 527 3449 581 pro.-

1894 594 2048 650 desse
2079 605 2369 664 nequeunt,
2396 597 2439 649 si
2468 597 2604 650 mala
2638 615 2754 666 qua:
2792 600 3082 669 subrepunt
3115 616 3218 654 non
3259 616 3450 660 caven-

1893 693 2000 739 tur.
2026 683 2170 739 Perit
2207 689 2363 740 omne
2397 685 2590 740 bonum
2622 688 2760 754 quod
2798 690 2993 758 agitur,
3021 690 3196 744 sinon
3223 691 3450 750 sollicite

1893 773 1948 828 in
2001 774 2300 829 humilitate
2351 776 2696 831 custodiatur.
2749 776 2900 839 Unde
2943 783 3078 834 bene
3123 780 3450 850 quoqueide

1891 864 2006 933 ipso
2039 873 2258 934 parente
2287 874 2468 920 nostro
2500 865 2694 920 dicitur
2718 884 2729 919 :
2759 865 2940 921 Posuit
2967 885 3088 923 eum
3113 869 3368 931 Dominus
3396 871 3449 926 in

1889 954 2192 1023 paradisum
2222 952 2515 1024 voluptatis,
2547 965 2603 1008 ut
2647 966 2944 1024 aperaretur
2969 966 3018 1009 et
3056 960 3334 1018 custodiret
3378 958 3448 1012 il-
3543 950 3548 954 ’

1891 1043 2017 1096 lum.
2054 1041 2321 1117 Operatur
2360 1045 2552 1113 quippe
2578 1045 2666 1113 qui
2715 1045 2823 1115 agit
2851 1046 3048 1102 bonum
3086 1049 3225 1116 quod
3270 1049 3450 1117 praeci-

1885 1131 2052 1201 pitur,
2093 1133 2185 1186 sed
2207 1114 2348 1200 quod
2384 1114 2832 1201 operatusvfuerat
2860 1135 3052 1203 perdit,
3084 1114 3165 1191 cui
3205 1114 3310 1198 hoc
3326 1140 3450 1192 sub-

1891 1220 2083 1290 ripitur
2119 1220 2260 1289 quod
2308 1222 2635 1290 prohibetur.
2692 1223 2839 1277 [inde
2881 1240 3197 1295 magnopere
3238 1237 3449 1296 oportet

1890 1319 1946 1368 et
1983 1311 2119 1366 bona
2164 1326 2374 1381 semper
2418 1325 2594 1381 agere,
2621 1321 2675 1366 et
2701 1312 2768 1364 ab
2816 1313 2943 1381 ipsis
2984 1329 3082 1368 nos
3127 1316 3278 1370 bouis
3317 1332 3445 1385 0pc-

1893 1399 2041 1453 ribus
2079 1408 2236 1458 caute
2281 1400 2331 1460 in
2367 1401 2686 1468 cogitatione
2716 1402 2997 1463 custodire,
3028 1415 3092 1455 ne
3133 1403 3179 1455 si
3215 1414 3446 1462 ιιιριιιυιη

1889 1487 2104 1546 θὶθνθιιι,
2149 1489 2294 1544 bona»
2328 1489 2468 1549 sint.
2518 1505 2635 1568 qua:
2685 1505 2788 1544 non
2837 1492 3040 1544 auctori
3088 1491 3316 1545 militant
3353 1496 3443 1546 sc-l

1890 1575 2130 1633 elationi.

2474 1664 2697 1722 CAPUT
2735 1665 2896 1724 XIV.’

2158 1752 2234 1806 De
2261 1752 2465 1821 factura
2503 1755 2732 1807 mulieris
2762 1765 2990 1808 eas-costa
3021 1746 3169 1814 Adio.

1957 1841 2100 1903 Dixit
2127 1861 2334 1915 quoque
2355 1845 2608 1904 Dominus
2638 1845 2774 1899 Deus
2799 1863 2816 1899 :
2844 1846 2964 1899 Non
3001 1857 3073 1904 est
3113 1847 3300 1904 bonum
3339 1843 3446 1904 esse

1884 1933 2140 1994 [tantinem
2171 1933 2359 2001 solum,
2388 1934 2640 2002 facmmus
2669 1937 2716 1987 ei
2744 1935 3034 2004 adjutorem
3072 1937 3294 1992 similem
3323 1935 3452 1994 sibi]

1885 2024 1951 2079 Et
1978 2024 2091 2078 haec
2121 2024 2317 2079 locutio
2341 2023 2435 2078 Dei
2463 2040 2566 2078 non
2596 2027 2858 2093 corporali
2888 2041 3014 2079 voce
3038 2025 3181 2080 foras
3206 2028 3255 2080 iu
3284 2043 3442 2092 aui-as
3511 2089 3514 2093 ,

1885 2117 2102 2196 emissa,
2149 2117 2243 2171 sed
2287 2117 2498 2170 interna
2544 2119 2747 2176 ratione
2773 2118 2962 2174 divina
3004 2118 3306 2184 voluntatis,
3351 2136 3444 2202 per

1885 2219 2044 2282 quam
2091 2214 2273 2262 creata
2329 2215 2454 2269 sunt
2503 2208 2712 2274 omnia,
2757 2207 3091 2271 inell‘abiliter
3140 2209 3278 2264 facta
3329 2226 3445 2265 esse

1885 2293 2146 2352 credenda
2182 2302 2283 2349 est.
2327 2293 2488 2357 Juxta
2526 2297 2664 2364 quod
2709 2304 2763 2350 et
2805 2312 2964 2367 supra
3009 2299 3309 2365 docuimus,
3356 2302 3444 2356 ulii

1886 2384 2143 2454 scriptum
2185 2395 2268 2444 est
2300 2403 2312 2438 :
2348 2385 2923 2448 Faciamus/taminem
2968 2389 3036 2441 ad
3078 2391 3354 2460 imaginem
3397 2405 3442 2444 et

1884 2473 2273 2535 similitudinem
2317 2488 2563 2531 nostram.
2613 2476 2666 2538 Si
2694 2487 2871 2541 autem
2917 2481 3106 2547 quaerit
3139 2480 3330 2548 aliquis
3376 2482 3440 2534 ad

1884 2580 2044 2634 quam
2091 2580 2204 2623 rem
2250 2564 2362 2626 fieri
2404 2568 2700 2637 Oportuerit
2743 2569 2842 2622 hoc
2883 2567 3235 2638 adiutorium,
3262 2569 3443 2623 audiat

1884 2667 2198 2726 responsum
2225 2655 2394 2710 sancti
2423 2657 2724 2728 Augustini,
2753 2657 2905 2730 cuius.
2930 2668 2983 2711 et
3006 2660 3252 2726 superius
3285 2662 3441 2713 verba

1885 2742 2175 2811 saepissime
2222 2746 2383 2809 tacito
2416 2744 2529 2812 ejus
2573 2745 2782 2801 nomine
2818 2747 3106 2816 posuimus.
3154 2747 3327 2812 Nihil,
3362 2749 3442 2800 iii—

1885 2835 2024 2902 quit,
2052 2835 2195 2888 aliud
2223 2834 2569 2908 probabiliter
2594 2838 2849 2902 occurrit,
2877 2853 3032 2906 quam
3060 2848 3277 2908 propter
3307 2836 3448 2893 ﬁlios"

1882 2925 2262 2993 procreandos,
2293 2927 2430 2979 sicut
2466 2926 2784 2994 adiutorium
2815 2929 3002 2991 semini
3052 2930 3104 2982 in
3141 2939 3284 2984 terra
3329 2942 3441 2995 est,

1885 3023 1945 3068 ut
1988 3014 2268 3084 virgultum
2299 3031 2361 3069 ex
2390 3025 2628 3075 utrarum
2665 3029 2821 3086 parte
2857 3029 3126 3080 nascatur.
3161 3020 3272 3074 lloc
3298 3024 3440 3075 enizn

224 3115 356 3183 quia
389 3113 606 3168 recessit
644 3114 711 3168 ab
750 3127 814 3167 eo
839 3111 1001 3176 Deus,
1027 3114 1114 3182 qui
1145 3120 1229 3167 est
1255 3114 1359 3166 vita
1387 3115 1594 3167 animae.
1623 3113 1784 3184 Cujus
1811 3105 1854 3174 C
1885 3116 1941 3160 ει
1965 3105 2019 3175 in,
2046 3107 2219 3176 prima
2251 3123 2426 3168 rerum
2454 3109 2722 3169 creatione
2747 3110 2946 3172 dictum
2970 3120 3121 3172 erat:
3152 3112 3441 3177 Masculino

227 3203 425 3262 merito
455 3202 644 3260 mortis
669 3210 849 3257 secuta
874 3211 956 3255 est
992 3204 1156 3257 etiam
1204 3217 1346 3259 mors
1385 3203 1650 3272 corporis,
1677 3203 1784 3260 dis-

227 3295 453 3352 cedente
487 3294 555 3352 ab
594 3295 685 3353 illo
716 3297 915 3362 anima,
955 3311 1073 3365 qua:
1104 3305 1188 3352 est
1223 3297 1330 3352 vita
1370 3295 1503 3365 eius.
1553 3296 1785 3367 Quaeque

229 3394 377 3438 mors
419 3373 592 3441 eidem
641 3385 812 3453 primo
844 3385 1046 3440 homini
1093 3394 1219 3450 tunc
1260 3386 1458 3452 evenit,
1486 3401 1605 3441 cum
1645 3401 1784 3456 prim

226 3477 398 3531 sentis
428 3477 551 3532 vice
578 3477 861 3532 terminum
889 3479 1111 3547 accepit,
1157 3492 1263 3533 non
1301 3492 1464 3548 parvo
1494 3487 1615 3547 post
1655 3486 1786 3532 tem-

228 3579 359 3634 pore
388 3581 547 3634 quam
587 3567 810 3624 vetitum
838 3567 1086 3622 comedit.
1131 3566 1308 3622 Potest
1347 3576 1402 3622 et
1444 3569 1516 3622 ita
1559 3568 1784 3638 intelligi

227 3652 372 3720 quod
418 3653 558 3711 illam
606 3662 829 3710 mortem
871 3655 925 3710 in
951 3655 1031 3709 eis
1060 3654 1247 3710 fecerit
1282 3655 1394 3710 dies
1431 3655 1541 3721 ille,
1587 3656 1639 3709 in
1680 3671 1786 3724 quo

229 3755 573 3813 peccaverat,
612 3761 770 3815 quam
809 3745 1091 3816 Apostolus
1125 3760 1345 3817 gemens
1386 3747 1557 3802 dicit:
1590 3746 1788 3801 Conde~

229 3837 391 3889 lector
414 3837 510 3907 legi
539 3836 635 3891 Dei
659 3837 941 3895 secundum
981 3838 1274 3890 interiorem
1315 3837 1605 3901 hominem;
1641 3837 1785 3890 video

227 3935 404 3978 autem
434 3925 588 3980 aliam
615 3924 771 3995 legem
799 3926 858 3987 in
881 3927 1119 3981 [nemoris
1141 3927 1264 3980 meis
1296 3936 1659 3995 repugnantem
1685 3925 1786 3995 legi

227 4014 414 4066 utentis
443 4030 584 4078 mea',
621 4024 667 4067 et
702 4021 1040 4082 capttwntem
1068 4026 1144 4068 me
1185 4016 1239 4069 in
1276 4014 1380 4084 lege
1416 4016 1641 4083 peccati,
1670 4032 1786 4085 qua:

226 4112 301 4154 est
339 4104 395 4154 in
422 4103 658 4157 membris
698 4104 843 4158 meis.
873 4102 1068 4172 Infelix
1103 4119 1191 4172 ego
1232 4104 1402 4166 homo,
1446 4087 1562 4175 auii
1602 4119 1683 4156 me
1723 4103 1787 4155 li-

228 4193 428 4247 berabit
476 4193 539 4260 de
584 4197 794 4264 corpore
837 4195 1017 4249 mortis
1066 4185 1265 4264 λιιι]ώῖ
1295 4192 1468 4263 (Rom.
1500 4192 1622 4264 xu.)
1672 4193 1796 4258 Non,

227 4281 375 4333 enim
413 4279 678 4335 sufﬁceret
709 4281 757 4335 ei
802 4272 845 4336 si
876 4282 1115 4337 diceret:
1147 4282 1275 4348 Quis
1310 4297 1395 4336 me
1436 4281 1682 4336 liberabit
1721 4282 1786 4336 de

229 4370 333 4424 lioc
379 4370 587 4424 mortali
614 4370 871 4440 corporei
893 4371 986 4426 sed
1016 4370 1079 4423 de
1105 4386 1334 4439 corpore,
1374 4371 1572 4438 inquit,
1602 4371 1782 4423 mortis

228 4461 410 4528 hujus.
446 4459 596 4519 Sicut
640 4437 798 4520 etlam
843 4461 1006 4516 illud:
1040 4437 1235 4530 Corpus
1277 4437 1479 4529 quidem
1511 4446 1783 4514 mortuum
1819 4437 1834 4491 ί

229 4560 336 4612 est,
367 4549 558 4618 inquit,
603 4560 810 4619 prapter
836 4547 1122 4618 peccatum.
1169 4550 1279 4604 Nec
1316 4551 1384 4604 ibi
1420 4552 1495 4602 ait
1539 4550 1784 4611 mortale,

229 4641 325 4694 sed
361 4650 646 4709 mortuum,
672 4639 913 4708 quamvis
942 4641 1202 4708 utiqueiet
1238 4640 1477 4699 mortale,
1511 4640 1632 4706 quia
1675 4655 1788 4690 ino-

231 4730 481 4784 riturum.
512 4728 620 4782 Non
653 4729 724 4781 ita
756 4729 1076 4784 credendum
1105 4739 1186 4781 est
1229 4729 1387 4782 fuisse
1415 4730 1496 4781 illa
1539 4733 1784 4795 corpora,

230 4821 326 4872 sed
372 4820 492 4873 licet
537 4818 785 4878 animalia
816 4818 1049 4871 nondum
1093 4818 1407 4887 spiritualia,
1457 4834 1560 4870 non
1611 4811 1786 4871 tamen

231 4918 464 4972 mortua,
497 4910 547 4962 id
572 4917 671 4970 est,
696 4922 814 4976 qua:
835 4921 1052 4962 necesse
1076 4916 1157 4962 est
1180 4917 1238 4962 ut
1260 4917 1613 4980 morerentur,
1640 4908 1781 4976 quod

230 5012 296 5052 eo
346 4998 429 5050 die
457 4997 650 5055 factum
679 5006 780 5062 est,
806 5013 911 5066 quo
935 4998 1135 5069 lignum
1173 5007 1359 5054 contra
1413 4999 1632 5067 vetitum
1665 4997 1786 5056 teti-
1831 5001 1835 5004 ’

231 5097 446 5158 gerunt.

303 5177 485 5248 (Isid)
514 5176 729 5249 Mystice
753 5187 929 5232 autem
956 5177 1073 5233 tulit
1099 5177 1240 5232 Deus
1261 5179 1514 5232 hominem
1539 5193 1585 5233 et
1613 5180 1786 5248 posuit

231 5286 353 5324 cum
400 5270 454 5321 in
489 5271 817 5338 paradisum,
861 5270 962 5323 hoc
1004 5277 1086 5323 est
1120 5269 1449 5336 :assunipsit
1483 5268 1620 5323 Deus
1665 5284 1783 5321 car-

235 5373 380 5421 nem,
407 5367 461 5411 et
500 5357 670 5412 factus
701 5367 784 5412 est
809 5368 967 5428 caput
995 5351 1271 5412 Ecclesiae.
1302 5358 1369 5412 Ut
1403 5370 1703 5427 operaretur
1739 5369 1784 5412 et

235 5451 514 5522 custodiret
542 5449 713 5512 illum,
743 5452 794 5504 id
836 5460 950 5515 est,
979 5451 1250 5510 voluntate
1299 5451 1488 5509 Patris.
1522 5466 1587 5503 ex
1618 5453 1789 5504 omni-

235 5543 335 5593 bus
370 5541 613 5610 gentibus
659 5539 947 5594 Ecclesium
995 5540 1342 5608 aditnpleret;
1387 5549 1546 5608 atque
1599 5540 1786 5608 imple-

238 5642 387 5685 retur
434 5647 629 5695 seruio,
673 5646 829 5700 quem
877 5632 1125 5686 Dominus
1171 5631 1339 5685 dixit:
1377 5629 1485 5700 Ego
1524 5633 1784 5686 servabam

1882 3208 1930 3257 et
1955 3199 2200 3268 feminam
2238 3199 2354 3268 fecit
2384 3216 2491 3265 eos,
2515 3211 2560 3253 et
2587 3201 2840 3255 benedixit
2877 3203 2948 3255 eis
2978 3202 3151 3265 dicens
3174 3217 3195 3254 ξ
3220 3204 3444 3260 Crescite

1882 3297 1930 3348 et
1957 3288 2393 3359 multiplicamini,
2426 3290 2577 3360 imple
2601 3307 2628 3344 e
2652 3301 2841 3354 terram
2867 3302 2912 3346 et
2942 3293 3279 3356 dominamini
3306 3294 3438 3362 ejus.

1884 3378 2015 3444 Quae
2043 3380 2182 3433 ratio
2211 3381 2512 3441 conditione
2538 3390 2591 3436 et
2615 3381 3011 3450 coniunctionis,
3030 3383 3249 3443 masculi
3278 3395 3333 3437 ct
3369 3386 3440 3437 l'e-

1883 3468 2041 3525 minze
2067 3476 2228 3536 atque
2264 3469 2579 3536 benedictio,
2610 3486 2706 3530 nec
2743 3479 2864 3540 post
2889 3480 3163 3540 peccatum
3210 3474 3439 3534 hominis

1883 3571 2202 3632 ptenamque
2244 3557 2454 3618 defecit.
2495 3559 2610 3628 Ipsa
2650 3560 2790 3614 enim
2819 3571 2930 3624 est,
2963 3563 3250 3624 secundum
3282 3580 3439 3632 quani

1885 3662 2025 3702 nunc
2056 3657 2195 3703 terra
2223 3649 2524 3704 hominibus
2551 3650 2707 3718 plena
2727 3659 2808 3705 est
2829 3652 3277 3713 dominationilnis
3303 3655 3440 3720 ejus.

1884 3736 2195 3805 Quanquam
2223 3738 2366 3801 enim
2388 3738 2498 3806 jam
2528 3741 2709 3793 emissi
2735 3741 2799 3793 de
2835 3743 3080 3809 paradiso
3123 3743 3440 3803 conveniSse

1883 3833 1938 3878 et
1958 3826 2209 3905 genuisse
2239 3838 2754 3894 commemorentur,
2785 3840 2958 3896 tanien
2997 3849 3099 3886 non
3134 3832 3182 3889 vi
3207 3849 3284 3884 aco
3316 3835 3439 3900 ψη]

1851 3969 1856 3972 ι
1884 3919 2167 3994 prohibere
2194 3919 2442 3987 potuerit,
2474 3920 2548 3975 uti
2586 3929 2765 3978 essent
2794 3920 2872 3974 eis
2904 3921 3066 3978 etiam
3111 3921 3162 3985 in
3197 3923 3442 3989 paradiso

1886 4008 2224 4065 honorabiles
2250 4008 2444 4076 nuptis:
2469 4017 2522 4061 et
2563 4010 2747 4070 tliorus
2774 4010 3159 4074 immaculatus.
3191 4010 3302 4072 Hoc
3335 4012 3442 4065 Deo

1885 4106 2170 4166 praestante
2211 4095 2436 4155 fideliter
2473 4097 2720 4167 justeque
2753 4085 3082 4163 'viventibus,
3117 4113 3269 4172 teque
3311 4101 3441 4153 ohc-
3484 4143 3486 4146 ,

1885 4187 2094 4266 (lieuter
2121 4195 2407 4264 sancteque
2428 4189 2803 4253 servientibus,
2830 4198 2888 4243 ut
2913 4189 3026 4252 sine
3055 4187 3160 4248 ullo
3189 4189 3441 4268 inquieta:

1885 4278 2076 4332 ardore
2107 4276 2358 4338 libidinis,
2388 4278 2500 4334 sine
2528 4279 2636 4338 ullo
2667 4279 2844 4331 labore
2875 4295 2936 4332 ac
2964 4278 3144 4333 dolore
3173 4279 3436 4348 pariendi,

1835 4438 1838 4440 γ
1886 4367 2026 4423 lctus
2071 4380 2135 4418 ex
2160 4381 2343 4419 eorum
2384 4370 2584 4419 semine
2625 4368 2946 4437 gigneretur,
2981 4382 3084 4421 non
3121 4376 3179 4424 ut
3214 4369 3441 4422 morien-

1890 4460 2029 4511 tibus
2071 4458 2378 4526 parentibus
2429 4458 2518 4509 lilii
2567 4459 2938 4522 succederent,
2978 4457 3069 4520 sed
3103 4466 3159 4510 ut
3202 4458 3305 4513 illis
3350 4460 3440 4527 qui

1889 4547 2195 4617 genuissent
2241 4549 2292 4608 in
2321 4547 2497 4614 aliquo
2527 4547 2704 4599 lorunc
2731 4555 2870 4599 sta.u
2912 4547 3265 4612 manentibus,
3295 4559 3350 4600 et
3375 4564 3442 4602 ex

1891 4640 2028 4706 ligno
2051 4638 2171 4699 vitis
2196 4637 2334 4706 quod
2364 4638 2435 4690 ibi
2464 4636 2758 4704 plantatum
2792 4645 2907 4690 erat
2933 4638 3263 4706 corporalem
3298 4637 3443 4707 vigo-

1892 4743 2000 4780 rem
2045 4724 2466 4790 siimcntibns,et
2503 4728 2572 4781 illi
2616 4729 2704 4797 qui
2741 4729 3082 4803 gignerentur
3103 4730 3169 4782 ad
3196 4730 3440 4783 eumdem

1891 4822 2307 4890 perducerentur
2347 4830 2565 4884 statum,
2592 4822 2759 4874 donec
2785 4831 2933 4879 certo
2961 4834 3180 4883 numero
3207 4821 3440 4889 impleto.

1886 4911 1931 4963 si
1956 4909 2099 4977 juste
2144 4924 2329 4962 omnes
2368 4909 2779 4976 obcdicutesque
2822 4910 3089 4971 viverent,
3129 4917 3250 4962 tunc
3293 4909 3444 4964 ﬂeret

1887 5000 1974 5055 illa
2002 5001 2366 5062 commutatio,
2391 5007 2449 5052 ut
2476 4999 2590 5053 sine
2617 4999 2718 5059 ulla
2750 5009 2921 5053 morte
2945 4999 3188 5053 animalia
3220 5014 3443 5068 corpora

1887 5103 2145 5144 conversa
2191 5089 2242 5140 in
2289 5087 2446 5141 aliam
2490 5087 2820 5156 qualitatem,
2854 5089 3083 5157 ecquod
3126 5089 3192 5141 ad
3231 5103 3444 5141 Omnem

1889 5191 2076 5235 nutum
2103 5180 2302 5246 regenti
2325 5194 2389 5233 se
2413 5179 2622 5248 spiritui
2658 5179 3006 5242 deservirent,
3029 5187 3084 5231 et
3114 5178 3226 5232 solo
3253 5179 3441 5246 spiritu

1868 5269 2192 5324 ‘rivilicante
2233 5270 2348 5322 sine
2377 5268 2497 5321 ullis
2538 5267 2910 5320 alimentorum
2941 5265 3292 5334 ciirporaliuin
3328 5280 3446 5318 sus—

1892 5361 2174 5415 tentaculis
2209 5362 2470 5423 viverent,
2513 5359 2808 5429 spiritantia
2848 5366 3183 5412 vocarentur.
3216 5353 3349 5408 Nam
3399 5358 3446 5409 si

1893 5448 2072 5503 Enocli
2097 5458 2151 5502 et
2178 5449 2317 5502 Elias
2348 5450 2399 5500 in
2425 5449 2593 5502 Adam
2621 5463 2724 5506 non
2765 5449 2977 5508 mortui,
3007 5446 3299 5514 mortisque
3325 5459 3446 5512 pro-

1893 5540 2132 5608 paginem
2170 5540 2220 5592 in
2257 5555 2420 5593 carne
2453 5547 2741 5608 gestantes.
2778 5538 2916 5606 quod
2959 5535 3194 5590 debitum
3238 5544 3296 5589 ut
3339 5535 3448 5589 sol-

1894 5641 2041 5684 vam,
2075 5631 2364 5684 crematur
2396 5631 2554 5682 etiam
2602 5627 2816 5682 relituri
2852 5626 2916 5680 ad
2949 5625 3088 5681 lianc
3133 5625 3325 5686 vitam,
3360 5631 3448 5687 et,
