3968 6344
565 278 669 335 iss

1232 277 1289 342 Β.
1334 268 1579 330 mum
1620 272 1829 329 manu
1868 270 2090 324 ancuu

2222 267 2521 324 MOGUNT.
2566 267 2841 323 ΟΡΕῆοΜ
2880 269 3055 323 PARS
3096 271 3131 322 Ι.

3668 274 3770 331 434

556 387 696 457 quod
741 389 919 442 tandiu
950 388 1167 441 dilatum
1200 397 1308 452 est,
1355 385 1625 443 morituri.
1661 399 1800 438 [Illth
1836 392 2013 436 tamen
2054 383 2107 434 in
2137 388 2181 445 Α
2210 396 2314 449 que
2354 382 2496 447 genti
2532 383 2797 451 propriam
2848 390 3006 451 atque
3050 385 3314 441 diversam
3363 386 3621 442 tribueret
3667 389 3765 444 lin-

558 476 655 529 alia
689 476 793 529 vita
822 485 966 529 sunt.
995 476 1080 528 ubi
1115 485 1235 528 ante
1265 472 1707 527 resurrectionem
1736 470 1932 534 carnis,
1962 478 2112 524 ante-

556 580 716 633 quam
767 565 995 619 animale
1040 578 1230 632 corpus
1280 563 1335 615 in
1384 561 1657 631 spirituale
1707 570 1959 626 mutetur,
2011 575 2111 615 nec

556 656 763 717 nimbo,
793 670 891 708 nec
912 662 1180 708 senectute
1204 650 1479 714 deﬁciunt,
1502 659 1703 723 quanto
1727 651 2110 722 iustiusatque

552 744 883 816 probabilius
924 741 1105 811 primis
1151 739 1254 793 illis
1280 740 1585 802 hominibus
1621 751 1965 811 prmstaretur
1993 743 2108 803 sine

553 834 659 887 ullo
689 848 785 888 suo
806 840 1146 900 parentumve
1173 839 1389 898 peccato
1418 831 1736 900 viventibus.
1767 840 1824 883 ut
1853 831 1909 899 in
1932 830 2108 895 melio-

554 934 665 974 rem
696 921 921 988 aliquem
951 926 1144 972 statum
1178 917 1300 986 ﬁliis
1328 918 1520 988 genitis
1547 918 1814 980 cederent,
1848 918 1986 972 unde
2014 932 2107 972 sa:-

547 1010 669 1076 cnlo
697 1009 842 1062 linito
866 996 989 1059 cum
1018 1006 1158 1060 omni
1189 1006 1496 1079 posteritate
1526 1014 1828 1072 sanctorum
1860 1005 1912 1058 in
1942 1019 2104 1082 ange-

549 1099 704 1163 licam
725 1096 977 1157 tbrmam,
1004 1111 1107 1150 non
1137 1109 1233 1171 per
1272 1095 1452 1156 carnis
1478 1103 1721 1163 mortem,
1752 1094 1845 1149 sed
1885 1109 1982 1177 per
2008 1093 2103 1149 Dei
2144 1120 2149 1123 -

552 1188 797 1239 virtutem
826 1184 991 1239 multo
1015 1184 1223 1250 felicius
1247 1192 1598 1249 mutarentur.

523 1304 527 1308 -
616 1272 881 1327 Formatis
922 1275 1082 1343 igitur
1122 1273 1371 1340 Dominus
1418 1274 1557 1335 Deus
1596 1272 1659 1327 de
1701 1274 1857 1327 humo
1904 1276 2101 1343 cunctis

538 1364 897 1432 pnimantibus
928 1373 1098 1430 terra,
1134 1375 1182 1419 et
1226 1366 1473 1427 universis
1503 1363 1793 1426 volatilibus
1833 1365 1976 1429 cwli,
2007 1365 2101 1421 ad-

540 1456 689 1513 duxit
717 1473 777 1509 ea
805 1457 874 1509 ad
919 1457 1105 1517 Adam.
1136 1456 1192 1510 Si
1230 1472 1386 1528 quem
1431 1464 1628 1525 movet,
1653 1458 1778 1526 quia
1810 1474 1914 1512 non
1944 1457 2097 1521 dixit,

539 1544 784 1607 ,l‘ormatis
808 1546 874 1599 de
920 1546 1083 1611 humo
1111 1532 1317 1600 cunctis
1344 1546 1701 1608 animantibus
1732 1555 1908 1610 terrae,
1936 1555 1993 1600 et
2034 1548 2100 1603 de

541 1636 694 1703 aquis
721 1636 981 1690 universis
1022 1635 1324 1701 volatilibus
1362 1634 1505 1703 εφη,
1530 1636 1623 1690 sed
1654 1644 1904 1704 tanquam
1951 1644 2099 1699 utra-

2213 487 2399 542 gnam,
2446 482 2571 527 tunc
2612 475 2689 526 eis
2732 474 2995 547 credenda
3038 484 3165 529 sunt
3201 476 3365 530 etiam
3414 479 3766 534 animantium

2190 561 2486 629 ,vocabnla,
2509 560 2774 630 quomodo
2798 571 2851 615 et
2876 576 3053 615 rerum
3078 572 3409 630 ceterarum,
3431 566 3584 634 juxta
3614 583 3763 623 suam

2209 650 2401 719 cuique
2449 649 2753 703 distinxisse
2795 649 3106 719 loquelam:
3154 655 3399 723 quamvis
3445 657 3610 711 etiam
3662 673 3765 722 non

2208 739 2337 807 latet
2380 741 2622 808 homines
2658 748 2840 808 postea
2883 740 3124 814 plurimis
3159 758 3279 811 qua:
3314 744 3414 809 sibi
3456 762 3591 815 nova
3630 746 3767 819 l'orte

2196 836 2548 884 occurrerent
2594 819 2769 895 rebus,
2816 830 2927 899 sive
2969 833 3346 903 animantibus,
3379 850 3477 903 per
3522 839 3765 908 s'ngulas

2204 926 2390 991 gentes
2425 919 2575 987 juxta
2624 935 2774 974 suum
2816 921 3071 989 placitum
3109 918 3363 995 indidisse
3394 927 3677 989 vocabula,
3707 938 3763 983 et

2203 1022 2344 1062 nunc
2363 1009 2522 1066 etiam
2549 1008 2670 1062 inde
2693 1008 2993 1062 discernere
3024 1010 3213 1079 solere.
3248 1011 3484 1091 Denique
3508 1015 3573 1069 de
3602 1015 3763 1091 pisci-

2201 1097 2301 1151 bus
2326 1097 2567 1152 adductis
2593 1097 2660 1153 ad
2699 1096 2870 1151 Adam
2895 1107 2955 1152 ut
2978 1098 3056 1153 eis
3082 1100 3293 1155 nomina
3334 1089 3648 1170 imponeret,
3681 1106 3755 1159 nil

2203 1187 2479 1256 Scriptura
2511 1187 2707 1242 refert:
2741 1188 2933 1257 quibus
2972 1194 3161 1243 tamen
3184 1190 3438 1244 credibile
3465 1202 3549 1246 est
3575 1174 3757 1262 paula-

2200 1279 2295 1331 tim
2319 1279 2546 1355 cognitis
2572 1293 2670 1347 pro
2696 1264 3003 1349 diversitate
3026 1280 3261 1349 gentium
3294 1282 3508 1335 nomina
3545 1283 3614 1355 ab
3647 1300 3757 1339 om-

2198 1368 2353 1423 nibus
2376 1384 2494 1423 esse
2516 1370 2724 1424 diversa
2751 1370 3016 1439 imposita.
3042 1370 3274 1440 Primam
3304 1381 3483 1427 autem
3519 1374 3752 1446 linguam

2196 1456 2360 1523 fuisse
2382 1459 2561 1528 generi
2587 1459 3118 1529 humano‘llebraaam
3149 1463 3378 1528 videtur,
3409 1479 3475 1518 ex
3513 1480 3580 1519 eo
3608 1454 3750 1534 quad

2196 1548 2409 1600 nomina
2453 1556 2643 1601 cuncta
2694 1548 2966 1613 hominum
3014 1564 3289 1622 quousque
3322 1536 3390 1605 ad
3435 1553 3751 1619 divisionem

2195 1634 2489 1705 linguarum
2517 1636 2568 1689 in
2598 1634 2789 1702 Genesi
2834 1636 3079 1713 legimus,
3116 1639 3257 1693 illius
3283 1649 3495 1701 constat
3523 1656 3644 1697 esse
3672 1643 3752 1705 lo-

540 1740 643 1795 que
672 1741 882 1799 genera
923 1726 991 1781 de
1036 1737 1174 1783 terra
1209 1726 1537 1796 formaverit,
1587 1726 1869 1812 Formatis,
1903 1728 2090 1797 inquit,
2125 1747 2171 1805 Β
2195 1723 2380 1812 quelm.
2404 1724 2579 1793 Causa
2608 1732 2783 1785 autem
2813 1724 3101 1799 adducandi
3130 1729 3195 1782 ad
3222 1728 3390 1783 Adam
3420 1739 3609 1795 cuncta
3634 1732 3750 1797 ani-

539 1814 793 1883 pominus
828 1816 991 1881 Deus,
1018 1817 1081 1870 de
1120 1817 1275 1883 liumo
1304 1818 1500 1881 cunctis
1534 1809 1880 1880 animantibus
1916 1828 2090 1884 terra,

510 1902 585 1969 ’μ
632 1906 882 1969 universis
931 1905 1219 1968 volatilibus
1268 1904 1411 1972 creti;
1451 1904 1628 1968 videat
1672 1905 1877 1961 duobus
1919 1906 2091 1965 modis

534 2012 655 2063 esse
684 1999 1078 2070 intelligendum
1108 2018 1120 2054 :
1149 2008 1241 2053 aut
1268 1999 1499 2063 tacuisse
1539 2014 1680 2055 nunc
1721 2002 1860 2071 unde
1888 2001 2090 2059 forma-

534 2091 673 2147 verit
697 2092 929 2155 volatilia
958 2093 1099 2155 cmli,
1126 2092 1248 2161 quia
1270 2101 1322 2160 et
1351 2092 1568 2162 tacitum
1592 2094 1759 2163 possit
1784 2109 2087 2162 occurrere,

534 2188 595 2243 ut
636 2196 741 2234 non
788 2183 853 2237 de
900 2190 1043 2237 terra
1096 2191 1381 2252 utrumque
1426 2183 1722 2252 accipiatur
1764 2185 1929 2239 Deum
1976 2184 2089 2240 for-

534 2284 740 2334 masse;
768 2271 860 2347 sed
890 2272 1253 2331 tantummodo
1275 2256 1564 2339 animantia
1594 2282 1749 2327 teme
1778 2284 1832 2329 et
1858 2262 2088 2346 volatilia

532 2357 685 2421 caeli,
733 2361 895 2413 ctiam
940 2368 1175 2429 tacente-
1196 2360 1471 2429 Scriptura
1526 2362 1900 2434 intelligamus,
1949 2365 2087 2419 unde

530 2444 843 2503 formaverit
871 2457 963 2501 aut
1010 2453 1206 2515 terrain
1248 2448 1620 2514 universaliter
1649 2452 1725 2505 sic
1767 2452 2085 2520 appellatam

533 2535 689 2588 simul
715 2552 835 2589 cum
861 2538 1031 2606 aquis,
1060 2538 1783 2610 quemadmodnmappellata
1808 2552 1890 2598 est
1916 2545 1965 2597 in
1997 2544 2088 2599 illo

534 2623 758 2692 psalmo,
799 2626 886 2678 ubi
928 2626 1221 2681 caelestium
1264 2627 1506 2683 laudibus
1543 2631 1843 2688 terminatis
1881 2632 1945 2684 ad
1982 2641 2087 2691 ter-

536 2729 647 2779 ram
680 2714 815 2769 facta
846 2724 927 2771 est
964 2719 1243 2783 conversio
1285 2720 1545 2786 sermonis
1586 2729 1641 2773 et
1679 2721 1877 2776 dictum
1906 2741 1917 2775 :
1942 2721 2084 2776 Lau-

532 2804 652 2863 date
678 2804 955 2871 Dominum
988 2807 1051 2860 de
1077 2815 1235 2869 terra,
1263 2796 1509 2873 dracones
1537 2817 1583 2861 et
1611 2824 1783 2863 omnes
1814 2809 2006 2880 abyssi,
2033 2820 2086 2865 et

532 2903 726 2961 cretera
749 2894 919 2966 (Psal.
944 2895 1121 2966 cstas)
1140 2912 1153 2960 ;
1169 2895 1276 2962 Nec
1296 2906 1475 2966 postea
1498 2897 1695 2957 dictum
1714 2907 1824 2969 est;
1851 2900 2086 2955 Laudate

534 2979 815 3043 Dominum
839 2989 905 3042 de
931 2988 1101 3059 aquis.
1128 2988 1201 3049 lbi
1228 2990 1367 3048 enim
1390 2997 1511 3055 sunt
1530 3004 1714 3051 omnes
1741 2992 1936 3062 abyssi,
1968 3008 2085 3063 quae

2196 1815 2395 1867 mantia
2426 1823 2582 1869 terra:
2620 1824 2675 1869 et
2707 1815 2937 1870 volatilia
2980 1818 3123 1887 caeli,
3153 1828 3211 1873 ut
3242 1820 3445 1875 videret
3472 1823 3613 1891 quod
3655 1840 3749 1879 vo-

2192 1912 2340 1973 caret
2366 1920 2428 1958 ea
2466 1916 2520 1959 et
2559 1906 2638 1967 eis
2673 1907 2905 1977 nomina-
2932 1908 3254 1982 imponerei,
3301 1910 3403 1965 hoc
3431 1920 3545 1983 est,
3576 1920 3635 1966 ut
3666 1914 3748 1967 sic

2192 1995 2331 2050 Deus
2356 1996 2741 2065 demonstraret
2773 1997 2971 2067 homini
3001 1988 3202 2071 quanto
3243 2000 3431 2073 melior
3457 2010 3601 2057 esset
3624 2018 3743 2063 om-

2192 2087 2345 2153 nibus
2399 2088 2849 2143 irrationabilibus
2896 2082 3271 2164 animantibus.
3296 2092 3393 2167 13s
3452 2093 3552 2147 hoc
3596 2095 3742 2148 enim

2190 2185 2409 2253 apparet
2436 2177 2548 2247 ipsa
2577 2178 2780 2249 ratione
2821 2178 3090 2233 hominem
3135 2180 3407 2251 meliorem
3435 2196 3553 2237 esse
3577 2198 3738 2253 qnam

2190 2251 2402 2337 pertura,
2446 2268 2585 2335 quod
2637 2268 2961 2337 distinguere
2989 2278 3043 2321 et
3088 2271 3399 2335 nominatim
3438 2285 3501 2329 ea
3532 2251 3737 2345 discer-

2189 2372 2314 2417 nere
2340 2372 2445 2409 non
2470 2356 2569 2412 nisi
2602 2357 2738 2412 ratio
2766 2365 2956 2429 potest,
2984 2374 3099 2426 qua:
3128 2359 3316 2413 melior
3340 2369 3439 2413 est.
3474 2360 3741 2429 Spiritua-

2186 2443 2309 2499 liter
2336 2460 2481 2509 vero,
2512 2444 2765 2513 faciamus
2782 2448 2829 2498 ei
2856 2447 3171 2515 adjutorium
3195 2448 3360 2501 εἰειιίιέ
3386 2451 3489 2513 sui,
3521 2451 3642 2520 quia
3684 2451 3740 2504 in

2187 2534 2303 2603 ipso
2346 2536 2557 2602 homine
2601 2544 2845 2605 suscepto
2899 2536 3134 2590 Ecclesia
3184 2537 3292 2599 Deo
3336 2539 3583 2608 copulata
3630 2549 3738 2609 est.

2188 2623 2485 2699 Appellavit
2515 2624 2679 2692 Adam
2726 2626 3026 2695 nominibus
3058 2627 3167 2680 suis
3202 2636 3394 2699 cuncta
3442 2629 3739 2697 animantia

2186 2696 2245 2769 ct.
2274 2716 2505 2769 volatilia
2532 2716 2671 2781 cadi,
2699 2725 2753 2775 et
2777 2717 2975 2771 bestias
3006 2726 3183 2792 terrm,
3210 2696 3522 2788 signiﬁcans
3550 2730 3739 2793 gentes

2178 2805 2303 2873 ’quze
2342 2804 2499 2858 salva).
2532 2804 2721 2860 tierent
2752 2806 2805 2859 in
2848 2805 3104 2879 Ecclesia,
3134 2816 3189 2878 et
3219 2820 3315 2876 per
3338 2806 3610 2862 Christum
3639 2825 3739 2863 no—

2186 2907 2305 2949 men
2351 2903 2503 2949 erant
2553 2905 2848 2965 accepturae
2890 2890 3029 2965 quod
3071 2897 3219 2965 prius
3266 2911 3370 2950 non
3418 2897 3737 2965 habuerant,

2185 2987 2324 3041 sicut
2364 2986 2617 3056 scriptum
2643 2995 2724 3041 est
2752 3004 2764 3040 :
2797 2986 2862 3040 Et
2888 2984 3088 3055 vocabo
3128 3001 3311 3040 servos
3344 3002 3491 3043 meos
3520 2989 3742 3043 nomine

534 3085 711 3130 tamen
737 3076 802 3131 de
828 3086 967 3131 terra
996 3077 1210 3140 laudant
1251 3078 1549 3145 Dominum,
1580 3078 1654 3143 lbi
1685 3080 1846 3149 etiam
1875 3083 2083 3150 reptilia
2112 3079 2154 3143 (Σ
2186 3078 2310 3133 alio.

532 3172 587 3217 et
616 3153 846 3229 volatilia
891 3176 1137 3233 pennata,
1170 3180 1288 3234 qua:
1318 3166 1659 3221 nihilominus
1689 3169 1754 3223 de
1785 3178 1922 3223 terra
1966 3170 2084 3225 lau-

531 3254 660 3307 dant
690 3253 853 3311 Deum
879 3256 1169 3310 secundum
1199 3257 1363 3310 istam
1386 3258 1738 3326 qniversalcm
1769 3261 2081 3330 appellatio-

524 3360 652 3398 .nem
683 3352 861 3410 teme,
904 3347 1190 3415 secundum
1229 3363 1387 3417 quam
1434 3349 1591 3415 etiam
1633 3352 1698 3405 de
1734 3359 1844 3404 toto
1886 3353 2082 3419 mundo

530 3434 761 3488 dicitur:
790 3435 928 3490 Deus
968 3437 1055 3505 qui
1106 3434 1229 3491 fecit
1270 3438 1462 3492 cmlum
1502 3449 1555 3494 et
1586 3449 1812 3514 terram,
1858 3442 1971 3504 sive
2016 3443 2081 3496 de

530 3524 709 3593 arida,
750 3526 863 3579 sive
906 3526 972 3580 de
1017 3527 1169 3594 aquis
1214 3542 1544 3603 quzccunque
1590 3538 1769 3584 creata
1812 3538 1967 3599 sunt,
2017 3534 2082 3585 de

532 3621 675 3666 terra
706 3613 968 3667 veraciter
993 3613 1358 3692 intelliguntur
1382 3624 1585 3671 ereata.

600 3704 830 3757 Adduxit
860 3722 942 3769 ea,
976 3704 1178 3777 inquit,
1221 3698 1482 3759 ad'Adam
1514 3716 1568 3759 ut
1602 3708 1788 3760 videret
1829 3707 1953 3778 quid
1994 3723 2082 3762 vo-

529 3802 668 3861 caret
702 3809 781 3845 ea.
832 3792 945 3845 Non
974 3800 1055 3847 est
1102 3794 1439 3864 cngitandum
1478 3796 1781 3860 carnaliter,
1828 3797 1967 3868 quod
2009 3798 2080 3851 ita

529 3883 808 3950 adduxerit
839 3883 979 3938 Dens
1006 3884 1295 3949 animantia
1325 3892 1480 3938 terra!
1516 3884 1597 3939 vel
1634 3900 1759 3939 aves
1800 3875 1865 3939 ad
1892 3886 2079 3955 Adam,

529 3971 795 4039 quomodo
822 3971 958 4026 solet
984 3979 1166 4042 pastor
1193 3986 1406 4042 gregem
1448 3974 1650 4027 minare
1683 3988 1837 4042 suum
1866 3975 1931 4038 de
1966 3975 2083 4040 loco

530 4061 841 4131 ad'locum;
889 4064 982 4116 sed
1026 4063 1194 4133 magis
1231 4062 1647 4135 intelligendum,
1690 4064 1813 4133 quia
1844 4065 1977 4132 sicut
2004 4064 2085 4118 di-

529 4154 651 4209 vina
679 4154 934 4221 potentia,
966 4168 1085 4221 cum
1108 4154 1295 4217 voluit,
1328 4154 1439 4208 lucc
1468 4154 1533 4208 de
1561 4154 1713 4223 aquis
1736 4154 1817 4207 vel
1843 4153 1907 4207 de
1939 4162 2080 4207 terra

529 4243 758 4305 creavit;
793 4242 861 4295 ita
893 4242 1051 4295 etiam
1078 4243 1261 4310 eadem
1298 4242 1506 4306 occulto
1536 4251 1665 4310 nutn
1699 4257 1809 4295 sua:
1835 4244 2083 4310 potentiae

528 4334 741 4402 quando
767 4332 952 4397 voluit,
980 4335 1045 4386 ad
1090 4332 1356 4401 hominem
1396 4331 1766 4399 conspicienda
1814 4331 2079 4399 perduxit.

2253 3169 2419 3235 Adam
2450 3183 2565 3225 vero
2602 3184 2701 3235 non
2734 3167 3087 3227 inveniebatur
3118 3169 3327 3238 adjutor
3365 3167 3550 3222 similis
3587 3168 3740 3239 ejus;

2167 3258 2365 3327 ,utique
2385 3256 2627 3326 quamvis
2652 3255 2817 3327 ﬁdelis
2842 3265 2933 3310 aut
2952 3252 3130 3332 justus
3150 3258 3219 3312 sit
3243 3258 3491 3326 quisque,
3518 3256 3743 3311 Christo

2184 3356 2359 3415 tamen
2388 3346 2587 3414 aequari
2614 3358 2715 3417 non
2745 3353 2935 3417 potest.
2967 3343 3097 3429 Quis
3120 3339 3277 3411 enim,
3308 3345 3478 3416 inquit
3504 3343 3735 3419 Moyses,

2182 3438 2366 3491 similis
2395 3437 2486 3490 tibi
2511 3438 2566 3491 in
2598 3438 2718 3503 diis,
2749 3436 3007 3506 Domine!
3025 3436 3156 3490 Nam
3183 3446 3239 3491 et
3264 3437 3425 3490 David
3455 3438 3529 3493 ait
3554 3454 3565 3488 :
3604 3436 3741 3506 Spe-

2181 3524 2350 3597 ciosus
2377 3526 2545 3595 forma
2572 3542 2679 3595 prce
2718 3526 2843 3595 ﬁliis
2868 3526 3138 3595 hominum
3173 3523 3342 3596 (Psal.
3370 3523 3532 3595 xuv).
3564 3522 3751 3579 Nemo'

2181 3617 2321 3671 enim
2349 3623 2559 3685 poterat
2594 3629 2625 3667 a
2667 3623 2838 3671 morte
2862 3630 3027 3687 genus
3070 3615 3341 3669 hominum
3382 3613 3636 3676 liberare,
3680 3624 3739 3668 et

2184 3708 2352 3778 ipsam
2386 3714 2609 3760 mortem
2636 3720 2883 3773 superare
2912 3704 3010 3757 nisi
3054 3704 3317 3766 Christus,
3360 3704 3497 3773 sicut
3519 3702 3734 3772 Apoca-

2182 3795 2345 3866 lypsis
2367 3795 2442 3848 ait
2466 3812 2479 3847 :
2512 3792 2676 3846 Nemo
2716 3793 2948 3864 inventus
2975 3802 3047 3845 est
3069 3792 3281 3864 dignus,
3310 3808 3469 3877 neque
3496 3794 3551 3844 in
3582 3792 3735 3855 calo,

2182 3900 2342 3953 neque
2380 3885 2435 3937 in
2476 3892 2646 3955 terra,
2688 3898 2847 3954 neque
2878 3882 3017 3951 infra
3060 3891 3251 3946 terram
3298 3882 3496 3950 aperire
3542 3881 3734 3933 librum

2183 3978 2363 4047 (Apoc.
2386 3976 2463 4045 ν),

2252 4069 2473 4128 lmmisit
2518 4082 2637 4137 ergo
2687 4065 2934 4130 Dominus
2986 4064 3125 4127 Deus
3160 4078 3391 4133 soporem
3435 4063 3489 4114 in
3540 4061 3732 4114 Adam.

2182 4157 2414 4228 Cumque
2460 4153 2822 4221 obdbrmisiet,
2868 4153 2985 4206 tulit
3029 4168 3184 4220 unam
3231 4154 3293 4205 de
3325 4153 3477 4221 costis
3510 4152 3647 4220 ejus,
3682 4162 3733 4206 et

2183 4246 2388 4315 replevit
2417 4259 2622 4298 carnem
2652 4257 2740 4310 pro
2785 4256 2867 4306 ea,
2895 4249 2942 4293 et
2989 4239 3261 4307 redi/ienuit
3294 4239 3543 4313 Dominus
3587 4236 3734 4311 Deus

2182 4345 2374 4387 costam
2412 4347 2569 4401 quam
2611 4330 2797 4381 tulerat
2834 4326 2896 4379 de
2942 4326 3108 4393 Adam
3152 4326 3206 4377 in
3248 4324 3530 4377 mulierem.
3578 4324 3733 4389 Quod

528 4424 804 4490 Quomodo
829 4424 990 4477 etiam
1033 4422 1097 4483 ad
1128 4436 1308 4488 arcam
1342 4421 1449 4475 Noe
1490 4422 1665 4486 cuncti
1694 4422 1904 4490 generis
1939 4420 2082 4474 vola-
2107 4414 2158 4473 D
2185 4420 2463 4475 mulierde
2504 4418 2600 4471 viri
2642 4416 2806 4469 latere
2835 4414 2977 4467 facta
3005 4420 3106 4472 est,
3140 4420 3354 4480 propter
3400 4410 3563 4478 ipsius
3605 4424 3736 4461 coni-

529 4496 641 4567 tilia
667 4513 747 4567 vel
777 4512 1136 4582 quadt'upedia
1167 4527 1270 4565 non
1299 4511 1529 4569 hominis
1559 4527 1716 4565 manu
1740 4520 2075 4581 congregata,
2176 4508 2466 4580 junctionis
2502 4507 2609 4559 vim
2642 4502 3145 4575 cqmmcndendam,
3176 4501 3249 4553 ita
3280 4498 3401 4559 ﬁeri
3433 4498 3735 4567 oportuisse

528 4601 619 4671 sed
648 4602 901 4668 divinitus
924 4610 1039 4666 acta
1065 4601 1293 4662 venisse.
1315 4614 1536 4685 namque
1560 4602 1787 4654 intrasse
1812 4595 2076 4669 leguntur,
2182 4597 2501 4671 credendum
2547 4604 2648 4649 est.
2689 4593 2840 4659 Quod
2877 4598 3059 4685 autem
3098 4589 3381 4685 dormienti
3408 4586 3483 4641 illi
3529 4586 3733 4685 factum

530 4692 891 4760 nescientibus
925 4690 1138 4757 quidem
1172 4690 1300 4757 ipsis
1324 4689 1389 4757 ad
1425 4674 1550 4764 quid
1585 4690 1843 4749 venirent,
1880 4688 2080 4749 sciente
2181 4694 2281 4754 est,
2312 4684 2449 4751 (μιοά
2482 4696 2603 4736 osse
2627 4681 2863 4744 detracto
2890 4680 2942 4733 in
2974 4677 3130 4761 hujus
3158 4676 3330 4738 locum
3360 4689 3485 4764 caro
3518 4674 3731 4764 supple-

531 4792 702 4848 ;gnlcm
750 4781 968 4845 homine
996 4780 1086 4853 qui
1126 4793 1188 4833 ea
1234 4762 1500 4844 venientia
1536 4780 1588 4832 in
1627 4793 1805 4845 arcam
1842 4778 1950 4846 Deo
1981 4776 2080 4831 do?
2185 4786 2351 4837 retur,
2380 4771 2585 4825 altioris
2620 4768 2856 4861 mvSterii
2883 4768 3053 4861 gratia
3097 4766 3295 4861 factum
3318 4775 3418 4820 est.
3450 4762 3737 4843 Signiﬁca-

531 4880 683 4939 cente
712 4876 773 4924 ac
795 4869 1015 4936 jubente
1044 4868 1385 4937 suscipiebat.
2181 4866 2337 4920 batur
2363 4863 2505 4915 enim
2535 4860 2675 4928 quod
2702 4856 2767 4911 de
2795 4858 2960 4911 latere
2983 4856 3180 4911 Christi
3210 4856 3263 4910 in
3286 4869 3562 4924 cruce-per
3588 4868 3737 4910 mor-

602 4944 765 5021 .O‘mne
801 4961 933 5024 enim
988 4959 1123 5027 quod
1176 4959 1369 5025 vocavit
1408 4957 1571 5023 Adam
1612 4956 1799 5017 anima:
1852 4956 2079 5019 viventis,
2177 4967 2286 5019 tem
2313 4955 2487 5029 sopiti,
2531 4960 2862 5007 sacramenta
2898 4957 3078 5004 essent
3114 4948 3300 5002 salutis
3324 4946 3552 5023 exitura,
3582 4944 3736 4997 vide-

530 5064 698 5117 ;psum
728 5058 800 5100 est
828 5064 1010 5101 nomen
1036 5048 1163 5116 ejus.
1194 5046 1572 5117 Appellavitque
1597 5045 1763 5098 Adam
1792 5044 2081 5101 nominibus

528 5140 637 5206 suis
658 5150 841 5204 cuncta
863 5141 1148 5202 animantia
1172 5150 1341 5203 teme,
1367 5149 1413 5191 et
1441 5139 1673 5207 unitersa
1698 5137 1923 5191 ralatilia
1946 5137 2078 5205 caeli,

527 5241 575 5285 et
604 5244 775 5282 manes
805 5228 990 5280 bestias
1033 5238 1201 5280 terrm.
1226 5228 1443 5290 Constat
1484 5214 1653 5297 Adam
1698 5227 1749 5281 in
1793 5242 1855 5281 ea
1902 5227 2079 5295 lingua

529 5332 631 5385 qua
661 5326 825 5370 totum
850 5333 1015 5387 genus
1043 5318 1327 5381 humanum
1354 5332 1520 5387 usque
1544 5318 1611 5370 ad
1633 5318 2079 5383 constructionem

530 5408 710 5475 turris,
748 5407 801 5459 in
830 5422 935 5474 qua
980 5406 1170 5477 lingua:
1204 5406 1383 5460 divis-.e
1410 5418 1556 5469 sunt,
1596 5408 1928 5475 loquebatur,
1965 5406 2080 5458 ani-

529 5497 797 5549 mantibus
836 5505 990 5549 terra:
1038 5505 1093 5548 et
1134 5496 1434 5550 volatilibus
1481 5497 1691 5551 nomina
1743 5496 2076 5564 imposuisse.

528 5583 786 5636 Cmterum
816 5584 866 5653 in
904 5584 1197 5653 dejectione
1241 5585 1424 5646 turris,
1468 5600 1586 5637 cum
1623 5586 1759 5653 Deus
1786 5599 1936 5654 suam
1966 5585 2079 5650 cui-

2180 5049 2303 5103 licct
2336 5045 2551 5115 sanguis
2582 5054 2637 5097 et
2664 5058 2819 5117 aqua,
2862 5040 2927 5094 de
2954 5040 3145 5123 quibus
3187 5053 3381 5110 sponsa
3428 5036 3499 5105 illi
3534 5035 3733 5099 conde-

2178 5146 2326 5192 retur
2368 5135 2622 5205 Ecclesia,
2655 5131 2784 5194 Nam
2823 5130 2870 5189 si
2918 5129 3050 5183 tanti
3087 5127 3407 5197 sacramenti
3438 5141 3542 5193 non
3583 5131 3734 5177 esset

2180 5226 2347 5295 ﬁgura
2386 5223 2437 5277 in
2482 5222 2749 5277 creatione
2779 5218 2986 5291 {erilium
3020 5216 3403 5297 praemittenda,
3432 5214 3559 5284 quid
3593 5228 3735 5283 opus

2178 5323 2295 5378 erat
2323 5312 2582 5368 domuisse
2612 5310 2800 5374 Adam,
2829 5318 2887 5362 ut
2917 5318 3119 5373 costam
3161 5308 3231 5360 illi
3266 5308 3401 5360 Deus
3428 5307 3494 5360 de
3519 5318 3621 5373 qua
3649 5303 3735 5358 fe.

2182 5404 2380 5464 minam
2424 5402 2621 5456 faceret
2652 5400 2878 5463 tolleret,
2905 5399 2996 5467 qui
3038 5410 3091 5451 et
3132 5396 3365 5467 vigilanti
3399 5411 3461 5450 ac
3488 5408 3593 5448 non
3638 5393 3734 5445 do-

2181 5495 2307 5548 lenti
2351 5494 2490 5547 idem
2536 5493 2710 5545 facere
2749 5492 2989 5561 poterat?
3029 5489 3165 5555 Quid
3202 5487 3559 5542 necessarium
3604 5483 3736 5549 fuit,

2179 5594 2238 5640 ut
2259 5601 2379 5641 cum
2405 5598 2466 5639 os
2493 5584 2633 5651 quod
2662 5585 2727 5638 de
2755 5582 2852 5635 viri
2888 5581 3051 5634 latere
3091 5587 3357 5647 sumptum
3383 5586 3467 5631 est
3498 5577 3550 5634 in
3577 5574 3731 5643 ternio
