3968 6338
202 276 297 332 885

1204 271 1552 330 ΟΟΜΜΕΝΤ.
1595 270 1659 325 1N
1698 267 2013 322 GENESIM.
2058 302 2122 310 ——
2164 272 2285 327 LIB.
2328 272 2383 325 ι.-

3320 285 3421 337 435

196 405 314 444 nam
352 388 704 450 condebatur,
742 385 794 439 in
843 385 1015 439 locum
1060 384 1215 447 ossis,
1245 397 1349 435 non
1398 396 1479 445 os,
1506 377 1600 431 sed
1627 392 1753 432 caro
1784 379 1832 439 Α
1860 376 2102 431 videlicet
2148 380 2454 435 Christiana
2503 394 2803 447 vocaretur,
2846 401 2874 436 a
2904 386 3045 451 iesu,
3082 392 3130 443 it]
3162 400 3269 453 ρει,
3304 394 3432 444 sup.

92 533 101 541 ,
128 484 135 488 ’
196 477 545 545 suppleretur,
574 474 675 528 nisi
698 474 819 542 quia
849 473 1176 543 ﬁgurabatur
1200 469 1340 539 quod
1366 468 1613 522 Christus
1641 480 1756 534 pro-

197 575 309 638 pter
337 563 629 618 Ecclesiam
664 560 924 625 inﬁrmus,
950 570 1005 615 at
1030 575 1156 614 vero
1185 558 1424 613 Ecclesia
1461 572 1556 626 per
1581 555 1755 625 ipsum

196 663 335 712 esset
379 651 530 707 ﬁrma
575 652 787 706 futura?
831 651 977 706 Unde
1023 648 1258 717 ejusdem
1306 646 1544 717 mysterii
1585 644 1756 715 gratia

197 747 365 817 typico
386 759 597 814 quoque
623 742 785 797 verbo
808 758 902 796 usa
929 749 1012 795 est
1038 740 1311 809 Scriptura
1338 747 1395 792 ut
1420 753 1524 791 non
1554 737 1755 793 diceret

197 835 347 900 fecit,
376 843 469 887 aut
512 832 791 894 formavit,
834 838 925 883 aut
954 829 1182 892 creavit,
1222 830 1360 883 sicut
1408 827 1463 880 in
1504 826 1755 879 omnibus

196 940 349 994 supra
372 923 639 993 operibus,
670 922 759 974 sed
792 920 1089 988 wdi/icavit,
1118 919 1308 989 inquit,
1337 918 1591 971 Dominus
1614 916 1753 972 Deus

195 1022 383 1066 costam
432 1026 590 1080 quam
643 1009 833 1064 tulerat
877 1009 940 1063 de
977 1009 1145 1063 Adam
1188 1009 1243 1065 in
1292 1007 1591 1071 mulierem,
1646 1021 1752 1065 non

196 1110 444 1170 tanquam
490 1114 684 1168 corpus
721 1101 1025 1162 humanum,
1075 1098 1166 1153 sed
1210 1106 1462 1167 tanquam
1493 1097 1747 1152 domum:

188 1208 308 1262 qua:
337 1184 526 1247 domus
569 1206 752 1244 sumus
793 1206 908 1253 nos,
940 1190 985 1250 si
1014 1189 1260 1243 ﬁduciam
1290 1197 1344 1244 et
1371 1188 1593 1260 gloriam
1639 1188 1751 1256 spei

192 1299 357 1353 usque
397 1283 464 1337 ad
512 1282 667 1337 ﬁnem
716 1282 923 1337 ﬁrmam
969 1281 1314 1335 retineamus.
1365 1280 1565 1334 Taliter
1607 1279 1751 1334 enim

192 1373 440 1436 decebat,
484 1381 543 1426 ut
588 1372 800 1425 humani
843 1371 1052 1441 generis
1094 1370 1245 1439 origo
1280 1371 1389 1428 Deo
1429 1376 1751 1439 cooperante

189 1461 518 1531 procederet,
546 1468 808 1529 quatenus
838 1458 1202 1530 redemptione
1228 1458 1393 1527 ipsius
1415 1473 1534 1527 quae
1564 1459 1615 1512 in
1646 1457 1752 1512 ﬁne

188 1561 301 1606 erat
336 1551 515 1606 saeculi
551 1566 645 1619 per
672 1551 918 1609 eumdem
956 1558 1177 1610 ventura
1204 1548 1532 1602 conditorem
1573 1548 1749 1603 conci-

189 1642 433 1698 nentibus
467 1639 650 1711 ﬁguris
698 1640 1061 1695 testimonium
1099 1641 1269 1698 daret.
1311 1636 1510 1710 (Greg.)
1558 1638 1745 1693 Scien—

1858 476 2061 531 vatore,
2094 469 2319 523 salutem
2347 483 2764 541 consequeretur
2793 484 3064 529 aeternam.
3097 479 3207 532 Non
3239 492 3416 535 autem
3448 526 3465 545 ,

1855 561 2305 626 prmtereundum,
2332 562 2473 630 quod
2499 548 2665 630 sopor
2696 564 2802 629 ille,
2828 566 2939 619 sive
2963 568 3208 633 exstasis,
3236 570 3286 622 id
3312 580 3413 634 est.

1854 647 2052 705 mentis
2075 662 2349 714 excessus,
2379 658 2439 703 ut
2484 650 2699 718 antiqua
2731 653 3006 707 translatio
3035 656 3212 719 habet,
3258 672 3413 725 quam

1854 732 2113 793 Dominus
2154 739 2451 793 transmisit
2494 740 2545 792 in
2581 740 2771 804 Adam,
2822 753 2965 797 recte
2998 744 3329 815 intelligitur,
3363 757 3411 799 ut

1853 834 2069 880 sanctus
2096 828 2424 897 Augustinus
2453 831 2597 888 dicit.
2633 832 2697 884 ad
2730 832 2829 884 hoc
2866 834 3121 900 immissa,
3154 845 3213 888 ut
3251 817 3413 904 ipsius

1854 929 2007 970 mens
2036 932 2131 987 per
2151 920 2384 972 exstasin
2413 921 2680 988 particeps
2710 921 2861 975 ﬁeret
2890 930 3138 991 tanquam
3168 926 3417 995 angelicu'

1853 1005 2035 1071 curiae,
2065 1016 2121 1060 et
2165 1007 2372 1061 intrans
2416 1009 2468 1061 in
2518 1010 2879 1064 sanctuarium
2920 1010 3048 1074 Dei,
3099 1013 3413 1083 intelligeret

1851 1094 2163 1150 novissima.
2187 1097 2425 1167 Denique
2448 1099 2701 1168 evigilans
2725 1106 2978 1168 tanquam
3006 1103 3279 1170 prophetia
3307 1102 3414 1171 ple-

1851 1200 1972 1251 nus,
2004 1201 2125 1241 cum
2154 1188 2220 1240 ad
2257 1203 2313 1241 se
2361 1188 2643 1242 adductam
2677 1189 2950 1243 mulierem
2994 1206 3145 1244 suam
3192 1193 3414 1254 videret,

1848 1278 2111 1334 cmctavit
2141 1278 2395 1338 continuo
2417 1294 2667 1348 magnum
2698 1286 3088 1340 sacramentum
3118 1282 3256 1350 quod
3282 1296 3432 1335 com-.

1850 1369 2123 1427 mendavit
2162 1370 2490 1439 Apostolus:
2526 1370 2640 1424 Hoc
2676 1388 2811 1426 nunc
2846 1390 2899 1426 os
2941 1390 3003 1427 ex
3042 1375 3236 1427 ossibus
3268 1374 3419 1438 meis,

1847 1468 1896 1511 et
1924 1475 2045 1512 caro
2074 1459 2136 1513 de
2171 1477 2324 1513 carne
2358 1477 2491 1514 mea.
2527 1460 2654 1515 Haec
2691 1463 2955 1516 vocabitur
2980 1466 3170 1533 virago,
3206 1466 3324 1535 quia
3355 1466 3415 1517 tle

1849 1548 1959 1605 viro
1991 1554 2196 1619 sumpta
2221 1559 2315 1613 est,
2340 1561 2393 1604 et
2418 1552 2558 1621 quod
2588 1554 2859 1622 sequitur.

1923 1636 2268 1702 Quamobrem
2292 1639 2541 1710 relinquet
2562 1642 2713 1695 homo
2732 1652 2929 1712 patrem
2949 1660 3097 1697 suum
3116 1654 3161 1697 et
3177 1657 3414 1709 matrem,

190 1731 313 1787 dum
356 1746 483 1784 vero
508 1706 605 1791 Vest
641 1731 765 1799 quia
811 1744 1147 1799 nequaquam
1174 1706 1383 1785 culmen
1433 1706 1750 1801 contempla-
1778 1706 1824 1765 Β
1852 1735 1901 1787 et
1927 1726 2207 1788 adhwrebit
2242 1731 2394 1784 uxori
2421 1706 2563 1797 sum,
2610 1742 2655 1785 et
2685 1706 2833 1786 erunt
2874 1734 2977 1787 duo
3016 1736 3068 1787 in
3097 1752 3251 1789 carne
3288 1706 3413 1791 una.

190 1821 347 1877 tionis
387 1822 719 1892 attingimus,
748 1821 793 1875 si
821 1836 925 1875 non
966 1821 1035 1875 ab
1061 1820 1318 1876 exteriori
1358 1835 1499 1875 cura:
1530 1834 1750 1890 oppres-

186 1915 336 1970 sione
363 1930 655 1971 cessamus.
686 1912 1027 1983 Nequaquam
1067 1914 1421 1983 nosmetipsos
1458 1913 1750 1977 intuemur,

185 2013 243 2060 ut
278 2006 511 2067 sciamus
535 2004 675 2059 aliud
714 2006 765 2059 in
796 2005 949 2060 nobis
973 2020 1093 2063 esse
1123 2003 1384 2059 rationale
1413 2004 1553 2074 quod
1592 2004 1749 2074 regit,

184 2094 327 2149 aliud
352 2093 580 2149 animale
608 2093 749 2163 quod
786 2094 1008 2163 regitur,
1034 2092 1137 2152 nisi
1166 2091 1232 2145 ad
1262 2099 1527 2149 secretum
1554 2090 1750 2145 silentii

183 2192 546 2247 recurrentes,
574 2183 640 2236 ab
679 2182 822 2237 omni
859 2182 1094 2237 exterius
1138 2181 1540 2252 perturbatione
1576 2180 1751 2248 sopia-

184 2288 326 2327 mur.
359 2271 508 2338 Quod
542 2271 811 2329 silentium
840 2282 1082 2325 nostrum
1112 2270 1247 2324 bene
1271 2268 1441 2323 Adam
1477 2268 1749 2325 dormiens

185 2360 454 2434 ﬁguravit,
484 2361 550 2416 de
589 2360 741 2431 cujus
766 2376 887 2415 mox
916 2360 1083 2416 latere
1118 2358 1307 2420 mulier
1335 2358 1615 2428 processit,
1644 2372 1749 2426 qua

183 2453 429 2524 quisquis
464 2453 531 2508 ad
570 2452 826 2512 interiora
870 2451 1206 2521 intelligenda
1250 2450 1476 2524 rapitur,
1514 2464 1544 2502 a
1590 2448 1749 2506 rebus

181 2542 536 2607 invisibilibus
568 2543 761 2604 mentis
801 2542 985 2596 oculos
1011 2541 1230 2606 claudit,
1255 2547 1309 2594 et
1340 2548 1464 2594 tunc
1495 2540 1545 2592 in
1574 2538 1749 2607 seipso

180 2636 262 2695 vel
300 2649 423 2708 quae
449 2647 679 2704 praeisse
718 2633 946 2687 debeant
970 2630 1215 2694 viriliter,
1258 2628 1339 2683 vel
1369 2644 1486 2696 qua:
1529 2628 1749 2683 subesse

182 2726 389 2797 possint
416 2722 627 2778 inﬁrma
654 2723 951 2792 distinguit,
990 2729 1049 2775 ut
1084 2720 1227 2776 aliud
1272 2720 1324 2772 in
1355 2719 1477 2798 ipso
1508 2718 1578 2773 sit
1604 2717 1746 2795 quod

180 2832 368 2889 regere
414 2815 593 2875 valeat
638 2823 890 2884 tanquam
936 2812 1036 2877 vir,
1067 2798 1208 2867 aliud
1256 2800 1507 2887 tanquam
1548 2808 1743 2863 femina

141 2977 150 2987 ε
180 2910 323 2980 quod
354 2917 591 2980 regatur.
1674 2944 1677 2959 .

250 2998 320 3052 Et
362 2998 583 3053 adduxit
624 3013 739 3069 eam
784 2996 851 3049 ad
891 2995 1076 3057 Adam.
1115 2992 1359 3062 Dixitque
1387 2992 1552 3052 Adam
1584 3004 1601 3043 :
1632 2987 1745 3050 Hoc

179 3107 315 3153 nunc
354 3106 412 3149 os
441 3105 504 3144 ex
532 3088 730 3146 ossibus
752 3086 897 3149 meis,
929 3094 975 3140 et
1005 3100 1126 3145 caro
1168 3084 1232 3137 de
1257 3098 1411 3143 carne
1439 3098 1573 3143 mea.
1603 3078 1746 3150 Quo-

181 3178 327 3233 niam
352 3176 523 3240 Adam
552 3176 794 3231 adductis
819 3174 884 3228 ad
914 3188 972 3229 se
999 3171 1357 3233 animantibus
1390 3178 1544 3225 terra:
1571 3177 1625 3223 et
1651 3182 1745 3249 vp—

179 3267 420 3340 latilibus
442 3266 668 3329 cunctis,
700 3260 902 3319 nullum
932 3262 985 3316 in
1013 3263 1097 3317 his
1123 3260 1223 3316 sibi
1249 3260 1421 3315 simile
1446 3258 1742 3324 invenerat,

178 3357 376 3411 merito
402 3370 543 3409 nunc
563 3354 655 3410 ubi
681 3351 999 3428 adiutorium
1036 3350 1209 3413 simile
1251 3350 1331 3403 sui
1358 3348 1557 3406 factum
1584 3356 1744 3418 atque

177 3449 245 3509 ad
275 3462 335 3503 se
364 3446 651 3501 adductum
675 3444 826 3508 vidit,
853 3443 1067 3514 agnovit
1089 3450 1144 3496 et
1174 3439 1493 3501 exclamavit
1521 3439 1705 3494 dicens
1728 3456 1742 3491 ι

184 3536 296 3592 Hoc
338 3550 485 3592 nunc
520 3554 575 3590 os
608 3553 672 3591 ea:
699 3536 895 3589 ossibus
925 3536 1070 3599 meis,
1106 3543 1151 3587 et
1183 3549 1303 3585 caro
1331 3532 1572 3585 docarne
1607 3546 1741 3584 mea.

176 3625 333 3681 Nune
360 3626 641 3689 videlicet,
683 3625 805 3694 quia
850 3624 997 3693 prius
1040 3623 1167 3677 visis
1215 3620 1576 3675 animantibus
1604 3620 1741 3685 aliis,

176 3717 353 3778 simile
382 3717 482 3775 Silii
516 3732 621 3775 non
650 3716 867 3775 viderat.
901 3713 970 3769 Os
999 3724 1169 3775 autem
1198 3714 1261 3768 de
1294 3713 1492 3769 ossibus
1520 3714 1665 3778 meis,
1696 3721 1745 3774 et

175 3822 300 3859 raro
329 3806 395 3858 de
421 3821 577 3858 carne
626 3820 738 3857 mea
763 3818 780 3854 .·
807 3804 927 3872 quia
977 3812 1166 3856 caetera
1211 3817 1329 3875 quae
1357 3816 1418 3855 os
1446 3812 1499 3854 et
1528 3814 1745 3855 carnem

175 3895 434 3960 habentia
467 3894 671 3947 viderat
708 3893 1127 3961 nominatimque
1173 3891 1501 3952 distinxerat,
1536 3905 1641 3943 non
1680 3904 1745 3946 ex

174 4000 270 4045 sua
321 3985 645 4048 substantia,
683 3986 774 4039 sed
814 3999 878 4041 ex
928 3994 1072 4037 terra
1116 3982 1198 4036 vel
1245 3982 1398 4051 aquis
1442 3996 1562 4043 esse
1605 3981 1745 4037 facta

176 4084 427 4129 noverat.
462 4073 613 4128 Sicut
641 4088 766 4127 vero
810 4073 927 4128 aliis
954 4073 1267 4127 vocabulum
1303 4073 1368 4127 ad
1399 4087 1458 4126 se
1500 4072 1746 4127 adductis

172 4176 471 4236 posuerat,
514 4168 591 4221 sic
647 4169 914 4229 restabat,
956 4176 1016 4219 ut
1050 4166 1099 4220 ei
1152 4180 1310 4240 quem
1365 4164 1464 4223 sibi
1520 4163 1746 4224 similem

172 4273 238 4317 ac
289 4259 359 4312 de
408 4271 507 4317 suo
554 4272 776 4329 corpore
827 4266 1065 4319 creatum
1124 4253 1372 4324 cognovit
1420 4268 1613 4311 nomen
1663 4252 1745 4306 in—

173 4348 349 4405 deret.

246 4435 400 4495 Ilwc.
447 4434 649 4504 inquit,
684 4436 963 4488 vocabatur
999 4434 1192 4505 virago,
1231 4435 1472 4505 quoniam
1521 4436 1583 4499 de
1630 4436 1739 4489 viro

171 4536 385 4595 smnpm
415 4535 509 4579 est.
536 4524 811 4591 Quomodo
846 4532 1021 4582 autem
1062 4524 1246 4578 Latine
1270 4526 1586 4601 etymologia
1613 4541 1742 4588 con.-

172 4618 321 4686 gruit
351 4616 406 4669 in
439 4615 521 4667 bis
566 4614 886 4677 nominibus,
925 4631 1044 4668 cum
1073 4630 1101 4667 a
1140 4616 1254 4669 viro
1290 4624 1626 4686 nuncupatur
1661 4615 1741 4674 vi.

172 4721 324 4776 raso,
356 4705 435 4763 ita
469 4704 718 4758 convenit
744 4712 797 4756 et
825 4704 1068 4767 liebrtea,
1095 4706 1146 4757 in
1169 4721 1271 4774 qua
1296 4705 1540 4768 videlicet
1563 4707 1742 4775 lingua

174 4796 256 4851 vir
306 4792 613 4871 appellatur
654 4795 697 4848 is
733 4794 869 4862 tvm,
900 4802 952 4847 et
998 4796 1236 4849 derivato
1262 4797 1329 4849 ab
1364 4797 1465 4851 hoc
1508 4798 1747 4863 nomine,

173 4886 382 4943 femina
437 4885 633 4941 dicitur
675 4885 779 4941 issa
824 4895 967 4952 mm.
1002 4884 1236 4955 Denique
1265 4886 1405 4957 quod
1435 4888 1479 4941 is
1520 4888 1747 4956 appelle-

174 4990 266 5036 tur
293 4978 563 5035 Hebraice
593 4978 693 5042 vir,
724 4985 946 5037 testatur
972 4977 1134 5031 etiam
1160 4992 1351 5032 nomen
1376 4978 1536 5033 Israel

170 5071 269 5142 qui
287 5072 373 5124 vir
395 5068 571 5125 videns
595 5067 756 5121 Deum
772 5066 1173 5134 interpretatur.
1200 5068 1303 5137 Sed
1328 5077 1384 5128 et
1395 5069 1743 5124 sacramentis

172 5161 382 5219 Christi
426 5168 482 5214 et
509 5159 762 5214 Ecclesia:
801 5159 1050 5212 convenit
1085 5159 1377 5226 aptissime,
1406 5163 1547 5229 quod
1574 5159 1745 5216 Adam

174 5253 465 5307 mulierem
494 5251 559 5303 de
594 5265 689 5304 sua
718 5263 877 5306 Carne
912 5258 1172 5313 creatam,
1207 5249 1439 5305 nominis
1464 5250 1547 5305 sui
1584 5252 1747 5319 parti-

173 5343 352 5411 cipem
405 5338 527 5393 ﬁeri
560 5338 761 5401 voluit,
804 5338 1025 5406 quia_et
1061 5337 1316 5392 Dominus
1366 5347 1547 5392 noster-
1594 5338 1750 5395 Iesus

1855 1816 1984 1892 Qum
2011 1820 2170 1873 verba
2202 1834 2323 1874 cum
2353 1821 2509 1888 primi
2541 1822 2773 1878 hominis
2804 1822 2967 1877 fuisse
2999 1822 3269 1892 Scriptura
3304 1826 3417 1893 ipsa

1854 1913 2102 1972 testatur,
2135 1908 2389 1964 Dominus
2415 1919 2591 1965 tamen
2626 1911 2678 1965 in
2710 1912 2996 1983 Evangelio
3023 1914 3186 1967 Deum
3218 1915 3417 1969 dixisse

1853 1996 2162 2051 declaravit.
2194 1998 2282 2052 Ait
2313 2000 2455 2053 enim
2499 2018 2511 2054 τ
2559 2000 2678 2054 Non
2713 2002 2905 2072 legistis
2934 2003 3056 2073 quia
3086 2004 3173 2072 qui
3202 2002 3320 2071 fecit
3350 2004 3415 2061 ab

1852 2084 2039 2150 initio,
2090 2086 2383 2141 masculum
2432 2098 2479 2142 et
2535 2088 2778 2156 feminam
2827 2091 2945 2158 fecit
2990 2094 3116 2145 eos?
3159 2103 3204 2145 et
3235 2094 3365 2145 dixit
3397 2135 3411 2159 ε

1853 2173 2077 2244 Propter
2125 2175 2221 2229 hoc
2260 2176 2481 2231 dimittet
2536 2178 2687 2232 homo
2731 2190 2928 2247 patrem
2972 2191 3019 2240 et
3067 2192 3314 2247 matrem,
3368 2195 3414 2238 et

1852 2264 2134 2319 a'dltwrebit
2187 2268 2340 2320 umori
2400 2283 2509 2321 sua!
2536 2308 2549 2331 ,
2597 2278 2644 2320 et
2702 2279 2850 2330 erunt
2880 2270 2983 2323 duo
3026 2271 3079 2330 in
3115 2288 3269 2325 carne
3311 2289 3415 2325 uua

1854 2353 2070 2424 (Matth.
2101 2356 2237 2426 xxx),
2262 2364 2321 2410 ut
2345 2358 2468 2412 hinc
2493 2358 2908 2426 intelligeremus
2934 2372 3151 2432 propter
3180 2364 3414 2418 exstasin

1852 2459 1971 2515 qua:
2004 2456 2355 2513 praecesserat
2388 2446 2442 2501 in
2471 2445 2638 2501 Adam
2660 2488 2674 2512 ,
2705 2448 2807 2503 hoc
2840 2464 2960 2503 eum
3001 2451 3252 2505 divinitus
3293 2462 3412 2504 tan—

1850 2552 2012 2608 quam
2059 2539 2375 2607 prophetam
2412 2539 2590 2594 dicere
2618 2540 2875 2609 potuisse.
2916 2540 2972 2595 Si
3014 2557 3140 2611 ergo
3171 2542 3419 2601 Christus

1852 2627 2076 2682 adhazsit
2133 2627 2412 2691 Ecclesim,
2470 2636 2529 2682 ut
2580 2638 2763 2685 essent
2819 2630 2924 2686 duo
2971 2631 3021 2684 in
3076 2648 3238 2687 carne
3269 2650 3410 2697 una,

1851 2716 2120 2786 quomodo
2166 2718 2381 2787 reliquit
2415 2726 2646 2788 patrem,
2694 2720 2958 2788 quomodo
2987 2724 3244 2775 matrem?
3276 2723 3409 2790 Quia

1850 2822 1968 2867 cum
1997 2799 2053 2866 at
2078 2806 2373 2877 [orum‘Dei
2412 2818 2574 2875 esset,
2603 2825 2706 2865 non
2731 2810 2968 2880 rapinam
3010 2814 3290 2867 arbitratus
3338 2826 3409 2868 est

1849 2914 1959 2954 esse
2010 2914 2065 2953 se
2116 2898 2365 2968 wqualem
2413 2898 2521 2953 Deo
2547 2940 2563 2965 ,
2611 2900 2702 2954 sed
2757 2902 3083 2969 semetipsum
3133 2903 3410 2958 exiuanivit

1852 2987 2075 3057 formam
2117 2990 2249 3044 servi
2293 2991 2546 3058 accipiens
2602 2988 2766 3061 (Phil.
2813 2991 2896 3061 ιι).
2948 2990 3058 3051 lloc
3104 3002 3186 3047 est
3231 2995 3409 3058 enim,

1852 3078 2068 3150 reliquit
2105 3091 2342 3149 patrem.
2391 3097 2495 3136 non
2540 3083 2663 3150 quia
2706 3081 2978 3145 deseruit,
3025 3094 3079 3137 et
3118 3085 3337 3138 recessit
3383 3099 3412 3150 τι

1850 3168 2033 3236 Patre,
2063 3170 2157 3225 sed
2182 3171 2305 3240 quia
2333 3187 2437 3225 non
2470 3172 2521 3230 in
2547 3172 2608 3225 'ea
2642 3170 2808 3227 l‘orma
2835 3174 3079 3243 apparuit
3108 3175 3409 3229 hominibus

1849 3260 1905 3317 in
1933 3276 2037 3331 qua
2067 3262 2287 3331 aequalis
2308 3272 2390 3317 est
2414 3262 2578 3323 Patri.
2610 3264 2883 3331 Quomodo
2914 3266 3127 3333 reliquit
3153 3256 3413 3321 matrem?

1848 3352 2219 3423 Relinquendo
2239 3353 2572 3425 Synagogam
2594 3354 2893 3415 Judazorum
2918 3356 2980 3408 de
2996 3371 3096 3423 qua
3122 3358 3409 3411 secundum

1848 3458 2063 3498 carnem
2095 3450 2251 3505 natus
2280 3453 2380 3509 est,
2433 3452 2486 3497 et
2532 3443 2839 3499 inhmrendo
2868 3445 3118 3501 Ecclesia:
3142 3462 3299 3515 quam
3343 3464 3409 3501 ex

1846 3534 2095 3597 omnibus
2106 3535 2352 3605 gentibus
2364 3523 2724 3604 congregavit,
2741 3543 2799 3588 ut
2818 3549 2948 3604 pace
2966 3537 3084 3589 novi
3110 3539 3406 3599 testamenti

1847 3636 2029 3681 essent
2062 3626 2165 3679 duo
2202 3626 2252 3679 in
2288 3639 2448 3680 carne
2498 3641 2633 3689 una;
2677 3626 2800 3696 quia
2831 3641 2951 3685 cum
2990 3627 3059 3681 sit
3098 3628 3232 3681 Deus
3269 3630 3407 3696 apud

1848 3716 2061 3780 Patrem
2082 3716 2268 3784 Deum,
2291 3715 2461 3771 factus
2484 3726 2565 3772 est
2584 3733 2679 3797 per
2693 3733 2908 3773 carnem
2930 3719 3191 3788 particeps
3208 3728 3408 3783 noster,

1851 3816 1911 3861 ut
1940 3806 2080 3873 illius
2104 3807 2294 3876 capitis
2322 3822 2515 3875 corpus
2547 3821 2665 3861 esse
2695 3822 2988 3877 possemus.

1919 3896 2051 3953 Erat
2098 3908 2269 3953 autem
2319 3910 2530 3967 uterque
2576 3882 2765 3963 nudus,
2795 3900 2956 3950 Adam
2982 3898 3173 3951 sci/iret
3202 3910 3247 3952 ct
3279 3917 3409 3951 uxor

1846 3990 2000 4059 ejus,
2050 3998 2099 4043 et
2147 4006 2249 4051 non
2295 3990 2677 4054 erubescebant,
2725 3999 2778 4044 et
2831 3990 3042 4043 merito.
3083 3990 3217 4055 Quid
3264 3991 3406 4044 enim

1848 4081 2090 4151 puderet,
2116 4081 2330 4149 quando
2359 4081 2556 4141 nullam
2580 4080 2747 4148 legem
2774 4088 3055 4134 senserunt
3077 4081 3127 4133 in
3157 4081 3411 4135 membris

1848 4171 1960 4225 suis
1985 4179 2366 4243 repugnantem
2412 4170 2511 4237 legi
2541 4171 2733 4225 mentis
2768 4171 2911 4225 suae?
2949 4185 3066 4238 qua,
3095 4170 3210 4223 illos
3249 4184 3404 4237 poena

1846 4260 2079 4330 peccati,
2118 4267 2238 4329 post
2261 4261 2711 4329 perpetrationem
2739 4260 3193 4327 praevaricationis
3228 4268 3407 4321 secuta

1769 4355 1952 4443 Dest,
1998 4354 2287 4415 usurpante
2327 4347 2684 4403 inobcdientia
2727 4348 3081 4416 prohibitum,
3129 4356 3181 4399 et
3202 4346 3407 4415 justitia

1854 4439 2107 4508 puniente
2148 4438 2510 4501 commissum.
2568 4436 2717 4504 Quod
2748 4448 3026 4505 antequam
3078 4436 3255 4497 ﬁeret,
3286 4436 3408 4491 nudi

1854 4536 2031 4592 erant,
2054 4535 2114 4581 ut
2144 4528 2343 4581 dictum
2370 4537 2469 4591 est,
2497 4537 2551 4581 et
2584 4542 2688 4579 non
2717 4525 3197 4593 confundebantur.
3227 4525 3411 4578 Nullus

1855 4627 1975 4676 erat
1997 4627 2171 4672 motus
2191 4618 2243 4671 in
2265 4632 2490 4686 corpore
2517 4617 2602 4670 cui
2629 4618 2946 4681 verecundia
2974 4615 3256 4675 deberetur
3278 4614 3409 4674 nihil

1855 4709 2112 4778 putabant
2140 4707 2447 4772 velandum,
2493 4708 2613 4783 quia
2648 4706 2778 4766 nihil
2826 4712 3101 4760 senserant
3132 4701 3405 4756 relrenam

1855 4800 2000 4861 dum.

2429 4885 2649 4939 CAPUT
2689 4884 2801 4951 xv.

1850 4997 1929 5052 De
1949 5000 2267 5067 suggestione
2290 4997 2533 5063 serpentis
2558 5006 2609 5074 et
2629 4996 2923 5047 seducttoue
2953 4991 3079 5044 Atia?
3103 5000 3148 5046 et
3171 4990 3406 5060 conjugis

2561 5081 2690 5131 ejus.

1923 5156 2070 5225 (Car.
2130 5157 2228 5225 In).
2272 5155 2372 5209 Sed
2418 5166 2464 5208 et
2517 5170 2719 5219 serpens
2764 5162 2872 5203 erat
2924 5148 3166 5209 callidior
3213 5145 3407 5200 cunctis

1852 5251 2197 5303 animantibus
2221 5260 2370 5300 teme
2407 5264 2520 5319 quer
2548 5246 2734 5311 fecerat
2763 5243 3013 5299 Dominus
3044 5239 3201 5291 Deus.
3227 5235 3407 5288 Potest

1854 5340 1953 5394 iste
1990 5353 2210 5406 serpens
2241 5353 2343 5390 non
2399 5334 2690 5388 irrationali
2722 5331 2898 5383 anima
2941 5344 3067 5391 sua,
3096 5326 3188 5381 sed
3230 5323 3406 5377 alieno

175 5430 633 5499 Christumque
667 5426 919 5500 Ecclesiae
962 5442 1121 5496 quam
1167 5441 1263 5496 per
1310 5428 1389 5482 sui
1432 5428 1675 5496 corporis
1700 5438 1755 5481 ct
1846 5427 1958 5496 jam
1986 5429 2194 5497 spiritu,
2225 5429 2273 5480 id
2320 5436 2421 5488 est,
2450 5423 2745 5485 diabolica,
2788 5420 3025 5475 callidior
3050 5417 3153 5470 dici
3197 5417 3409 5470 cunctis

178 5517 469 5590 sanguinis
492 5516 723 5586 pretium
750 5516 973 5569 redemit
996 5516 1201 5585 sibique
1224 5516 1494 5584 adoptavit
1517 5517 1568 5570 in
1595 5532 1754 5587 Spon-
1856 5517 2231 5579 animantibus.
2305 5512 2705 5580 Quantnmlibet
2765 5510 2905 5561 enim
2972 5506 3408 5573 prmvaricatores

177 5624 314 5674 5am,
349 5607 693 5679 participium
738 5607 817 5661 sui
850 5607 1087 5677 nominis
1106 5605 1340 5670 donavit,
1387 5615 1445 5658 ut
1473 5616 1503 5659 a
1539 5606 1755 5662 Christo
1858 5607 2027 5674 angeli
2052 5607 2115 5655 de
2148 5606 2391 5672 supernis
2423 5604 2633 5657 sedibus
2666 5615 2773 5653 sua:
2818 5595 3185 5660 perversitstis
3212 5604 3266 5648 et
3315 5608 3403 5647 suo
