3968 6314
526 326 626 385 487

1194 319 1253 372 ii.
1298 315 1542 370 RABANI
1581 311 1794 368 M.\lllll
1834 299 2146 364 ARClilEP.
2187 301 2490 360 MOGL’NT.
2531 282 2810 356 OPERUM
2852 297 3106 353 PARSJ.

3650 290 3751 348 ιδε

527 439 728 514 perbia:
741 436 935 493 merito
948 432 1137 504 deiecti
1158 440 1304 498 sunt,
1335 438 1523 484 natura
1540 435 1714 480 tamen
1742 422 2087 479 excellentio-
2118 425 2173 500 Α.
2193 417 2400 471 liorem.
2449 412 2686 468 Callidus
2718 424 2948 480 namque
2989 407 3206 464 humani
3236 405 3455 478 generis
3473 403 3754 466 inimicus,

485 547 488 551 '
531 510 624 588 res
649 536 774 585 sunt
792 526 1044 584 omnibus
1067 519 1428 578 animantibus
1445 514 1600 569 terra:
1628 521 1847 584 propter
1873 510 2094 564 rationis

533 617 901 675 eminentiam.
927 613 1065 680 Quid
1087 624 1214 679 ergo
1238 608 1432 671 mirum
1453 605 1496 659 si
1521 617 1620 658 suo
1642 601 1894 656 instinctu
1923 599 2098 664 diabo-

537 708 622 762 lus
642 705 758 774 iam
780 703 1004 773 implens
1023 704 1345 767 serpentem,
1367 693 1524 763 eique
1540 705 1695 746 suum
1723 687 1973 768 spiritum
1999 687 2098 760 mi-

532 799 800 861 scens,‘eo
812 796 960 848 more
983 804 1087 860 quo
1111 795 1264 842 vates
1274 777 1879 856 dmm'oniorumimpleri
1907 779 2095 846 solent,

543 885 940 941 callidissimum
956 876 1257 933 reddiderat
1277 874 1518 930 omnium
1533 866 1885 940 animantium
1907 868 2100 936 terrae?

541 977 654 1030 sive
714 980 772 1027 ut
819 970 921 1024 alia
962 966 1092 1027 dicit
1134 964 1330 1030 editio,
1383 961 1834 1036 sapientissimum
1863 956 2102 1022 omnium

547 1068 854 1131 bestiarum,
885 1059 1175 1134 secundum
1203 1056 1436 1112 animam
1458 1055 1630 1108 vivam
1656 1048 2104 1121 imtiouabiiem—

545 1171 648 1228 que
668 1144 991 1210 viventium?
1016 1145 1286 1221 (Augustz)
1314 1143 1380 1200 Si
1409 1158 1539 1216 ergo
1563 1141 1821 1211 quaeritur
1845 1150 1942 1193 cur
1963 1139 2104 1192 Deus

549 1245 742 1312 tentari
767 1239 1071 1312 permiserit
1097 1236 1388 1300 hominem,
1418 1249 1576 1304 quem
1600 1231 1853 1287 tentatori
1877 1243 2103 1300 consen-

547 1350 728 1391 snrum
749 1347 870 1391 esse
894 1328 1233 1401 praesciebat,
1261 1325 1498 1383 occurrit
1522 1319 1660 1376 ratio
1678 1335 1802 1375 vera
1821 1361 1836 1389 ,
1863 1334 1969 1372 non
1994 1333 2108 1372 ma-

546 1441 663 1498 gna;
709 1408 882 1492 laudis
928 1418 1162 1473 futurum
1212 1415 1376 1468 fuisse
1423 1411 1732 1472 hominem,
1760 1407 1805 1462 si
1827 1413 2109 1476 propterea

548 1495 730 1584 posset
749 1515 887 1568 bene
913 1511 1114 1572 vivere,
1138 1505 1264 1574 quia
1286 1516 1443 1557 nemo
1471 1500 1608 1554 male
1633 1499 1812 1552 vivere
1836 1495 2106 1562 suaderet,

550 1583 670 1661 cum
698 1611 753 1656 et
779 1602 833 1656 in
863 1606 1052 1653 natura
1076 1609 1249 1664 posse,
1284 1600 1338 1648 et
1369 1592 1420 1645 in
1447 1596 1708 1659 potestate
1731 1587 1953 1640 haberet
1977 1583 2110 1652 velle

551 1709 656 1750 non
686 1689 988 1748 consentire
1035 1683 1308 1750 suadenti,
1357 1682 1642 1750 adiuvante
1685 1687 1864 1731 tamen
1899 1674 1987 1729 illo
2020 1673 2110 1744 qui

2197 507 2335 576 quod
2363 505 2415 558 in
2440 501 2689 572 paradiso
2714 493 2850 571 egit,
2874 501 2976 553 hoc
3003 498 3239 568 quotidie
3266 509 3430 568 agere
3473 509 3584 549 non
3613 493 3758 548 desi-

2196 596 2308 670 stit.
2337 593 2512 648 Verba
2539 591 2736 660 quippe
2761 589 2854 644 Dei
2879 589 2944 643 de
2969 581 3216 642 cordibus
3239 584 3518 641 hominum
3537 583 3762 638 molitur

2195 682 2424 756 evellere
2441 722 2455 747 ,
2485 688 2646 749 atque
2671 679 2724 734 in
2750 679 2830 733 eis
2859 677 2979 751 ﬁcta
3007 675 3376 746 promissionis
3404 688 3514 731 suae
3554 671 3761 726 blandi-

2197 783 2376 831 menta
2408 774 2670 846 radieare.
2701 770 2954 839 Quotidie
2999 762 3051 824 id
3077 767 3217 837 quod
3245 768 3387 821 Deus
3416 766 3658 820 minatur
3684 763 3762 817 le—

2195 867 2345 936 vigat
2372 904 2387 930 ,
2436 873 2493 918 et
2534 863 2599 917 ad
2643 863 2743 918 hoc
2788 853 3110 917 credendum
3153 857 3293 928 quod
3321 855 3457 911 falso
3495 853 3765 925 promittit

2202 958 2410 1012 invitat.
2459 954 2614 1008 Falso
2639 953 2782 1026 enim
2809 951 3087 1021 pollicetur
3122 947 3460 1018 temporalia,
3482 940 3542 1002 ut
3573 944 3766 998 menti-

2190 1038 2302 1101 bus
2328 1045 2605 1100 hominum
2633 1057 2697 1096 ea
2726 1039 2982 1113 supplicia
3013 1038 3235 1107 leviget,
3263 1052 3381 1106 qua:
3421 1036 3565 1094 Deus
3592 1033 3766 1088 mina-

2204 1147 2291 1191 tur
2323 1145 2542 1192 :eterna.
2565 1132 2698 1187 Nam
2733 1148 2855 1188 cum
2880 1130 3156 1200 praesentis
3182 1128 3303 1182 vitae
3343 1127 3563 1204 gloriam
3607 1140 3767 1194 spon-

2205 1227 2313 1289 det,
2344 1225 2473 1296 quid
2501 1225 2644 1280 aliud
2671 1223 2843 1279 dicit-3
2873 1219 3096 1278 Gustata
3123 1227 3178 1273 et
3222 1217 3374 1283 eritis
3401 1217 3538 1286 sicut
3565 1216 3676 1270 dii?
3706 1230 3769 1270 ac

2207 1319 2252 1373 si
2281 1311 2463 1386 aperte
2489 1315 2631 1370 dicat
2684 1331 2696 1366 :
2729 1309 3097 1381 Temporalem
3127 1306 3627 1385 concupiscentiam
3649 1313 3766 1358 tan-

2208 1382 2335 1474 gite,
2383 1412 2437 1457 et
2477 1404 2530 1457 in
2570 1402 2672 1456 hoc
2706 1399 2905 1454 mundo
2947 1397 3200 1456 sublimes
3241 1403 3510 1465 apparete.
3543 1382 3766 1449 Etcum

2211 1488 2455 1544 timorem
2483 1489 2674 1555 divinee
2696 1487 2974 1542 sententiae
2996 1500 3024 1537 a
3051 1484 3210 1538 corde
3236 1497 3487 1543 amovere
3519 1491 3769 1546 conatur,

2211 1581 2337 1650 quid
2363 1579 2506 1632 aliud
2531 1577 2766 1648 loquitur
2791 1589 2946 1644 quam
2993 1573 3046 1627 id
3086 1573 3225 1641 quod
3250 1571 3438 1640 primis
3461 1569 3772 1627 hominibus

2213 1671 2340 1730 dicit
2365 1689 2382 1726 ;
2411 1667 2518 1723 Cur
2538 1668 2780 1739 pracepit
2810 1665 2951 1720 vobis
2973 1665 3112 1718 Deus
3139 1673 3193 1716 ut
3220 1679 3324 1716 non
3354 1663 3683 1716 θωπεύει-θῦε
3708 1663 3772 1716 de

552 1783 782 1856 superbis
808 1779 1016 1844 resistit,
1047 1775 1324 1852 humilibus
1354 1781 1525 1827 autem
1554 1770 1643 1824 dat
1675 1767 1895 1839 gratiam
1928 1765 2107 1841 (Prop.
2140 1765 2185 1824 B
2214 1754 2351 1815 muni
2372 1759 2511 1829 ligno
2531 1756 2800 1828 paradisi?
2819 1754 2924 1809 Sed
2942 1754 3066 1823 quia
3088 1754 3266 1808 divino
3287 1767 3506 1833 munere
3529 1761 3773 1819 receptus

554 1855 658 1944 ιιι).
717 1872 828 1928 Nec
883 1866 1251 1925 arbitrandum
1304 1871 1387 1918 est
1442 1862 1585 1931 quod
1636 1863 1780 1913 esset
1843 1855 2111 1912 hominem

553 1964 856 2033 deiecturus
892 1960 992 2015 iste
1026 1965 1278 2021 tentator,
1318 1953 1421 2008 nisi
1459 1948 1819 2021 praecessisset
1855 1947 1907 2000 in
1935 1945 2114 2003 anima

552 2049 786 2112 hominis
808 2051 1049 2123 quedam
1075 2048 1236 2104 elatio
1264 2040 1686 2116 comprimenda,
1737 2048 1796 2094 ut
1821 2053 1917 2108 per
1935 2035 2113 2090 humi-

535 2145 824 2203 liationem
866 2138 1072 2213 peccati
1115 2150 1274 2206 quam
1306 2134 1373 2188 de
1407 2148 1465 2192 se
1504 2130 1637 2200 falso
1678 2124 2114 2199 praesumpseris,

555 2237 801 2292 disceret.
831 2230 1118 2290 Verissime
1142 2230 1338 2299 quippe
1371 2227 1570 2291 dictum
1598 2232 1682 2282 est
1709 2241 1722 2276 :
1750 2222 1882 2276 Ante
1909 2221 2116 2272 ruinam

553 2317 817 2386 exaltatur
846 2322 1083 2394 spiritus,
1104 2297 1296 2374 etiame
1333 2316 1553 2389 gloriam
1601 2310 1910 2367 humiliatur
1934 2297 2130 2378 (Prov.

555 2421 689 2493 xvi).
736 2417 828 2474 Sic
856 2427 1033 2471 autem
1063 2413 1277 2484 quidam
1308 2416 1590 2466 moVentur
1611 2407 1678 2463 de
1703 2406 1806 2464 hac
1830 2403 1988 2475 primi
2017 2397 2116 2458 ho-

558 2511 720 2567 minis
761 2509 1085 2572 tentatione,
1119 2504 1262 2574 quod
1287 2517 1406 2557 eam
1436 2500 1550 2556 ﬁeri
1595 2496 1899 2569 permiserit
1943 2493 2116 2559 Deus,

556 2600 710 2670 quasi
736 2613 878 2654 nunc
900 2613 1009 2652 non
1029 2596 1244 2650 videant
1269 2592 1578 2653 univerSum
1604 2580 1774 2660 genus
1804 2585 2117 2647 humanum,

556 2691 753 2748 diaboli
799 2684 1006 2758 insidiis
1046 2688 1160 2743 sine
1211 2683 1514 2740 cessatione
1557 2673 1771 2734 tentari.
1810 2676 1918 2730 Cur
1941 2673 2122 2729 ethoc

557 2781 821 2851 permittit
859 2778 1032 2834 Deus?
1084 2791 1151 2842 an
1206 2774 1332 2843 quia
1375 2771 1765 2841 probaturhut
1808 2771 2123 2832 exerceatur

555 2870 731 2924 virtus
762 2877 818 2923 et
864 2875 946 2922 est
986 2863 1164 2936 palma
1200 2861 1481 2934 gloriosior
1511 2872 1612 2913 non
1639 2854 1974 2910 consensisse
2005 2863 2122 2907 ten-

557 2967 751 3024 tatum,
781 2971 943 3028 quam
971 2969 1077 3009 non
1105 2953 1343 3023 potuisse
1376 2947 1606 3006 tentari?
1628 2944 1684 2999 Si
1714 2953 1890 2998 autem
1929 2941 2135 3011 qurerl-.

2213 1851 2374 1905 homo
2393 1848 2652 1919 iustitiam
2681 1845 2900 1915 recipit,
2931 1859 3091 1912 quam
3119 1842 3315 1896 dudum
3349 1831 3596 1900 conditus
3633 1840 3770 1892 ami-

2213 1939 2314 2004 sit,
2371 1932 2642 1993 robustior
2691 1951 2748 1990 se
2785 1935 2896 2008 iam
2933 1943 3119 1989 contra
3168 1932 3526 1988 blandimenta
3568 1931 3778 2000 callide,

2215 2029 2576 2102 persuasionis
2632 2022 2892 2090 exercet,
2945 2026 3072 2095 quia
3128 2026 3495 2099 experimento
3542 2023 3773 2084 didicit,

2215 2127 2474 2190 quantum
2503 2117 2758 2188 obediens
2804 2131 2922 2174 esse
2963 2115 3155 2174 debeat
3202 2121 3494 2184 praecepto;
3533 2121 3583 2166 et
3613 2125 3776 2186 quem

2215 2221 2345 2266 tunc
2369 2209 2524 2281 culpa
2566 2209 2634 2279 ad
2662 2222 2906 2278 poenam,
2938 2223 3079 2262 nunc
3101 2220 3258 2276 ptena
3283 2216 3379 2260 sua
3427 2205 3698 2274 restringit
3746 2218 3779 2257 a

2217 2299 2402 2371 culpa;
2433 2308 2489 2370 et
2538 2291 2685 2352 tanto
2712 2297 2884 2368 mgis
2917 2297 3240 2366 delinquere
3283 2295 3502 2359 metuit,
3552 2301 3782 2364 quanto,

2217 2399 2440 2469 cogente
2466 2387 2723 2459 supplicio
2741 2427 2757 2455 ,
2785 2397 2839 2443 et
2865 2385 2979 2458 ipse
2997 2386 3109 2457 iam
3139 2387 3278 2458 quod
3312 2382 3639 2458 perpetravit
3683 2398 3750 2438 ac

2219 2489 2390 2538 cusat.

2289 2581 2434 2640 Dixit
2477 2589 2650 2653 autem
2693 2591 2901 2648 serpens
2943 2577 3014 2631 ad
3056 2574 3323 2630 mulierem
3369 2585 3388 2624 :
3432 2571 3780 2642 Nequaquam

2220 2682 2384 2730 morte
2404 2671 2714 2740 moriemini.
2743 2668 2854 2724 Scit
2875 2668 3009 2722 enim
3033 2666 3191 2729 Deus,
3213 2663 3350 2734 quod
3394 2664 3450 2716 in
3475 2674 3783 2732 quocunque

2221 2765 2304 2831 die
2324 2763 2647 2830 comederitis
2674 2777 2739 2815 ex
2767 2776 2848 2826 eo,
2878 2758 3172 2828 aperientur
3197 2756 3331 2810 oculi
3358 2755 3530 2818 vestri,
3563 2764 3610 2807 et
3636 2753 3785 2806 eritis

2222 2867 2278 2912 ut
2299 2857 2390 2919 dii,
2414 2854 2625 2910 scientes
2645 2853 2832 2907 bonum
2849 2860 2897 2905 et
2922 2849 3136 2903 malum.
3165 2847 3304 2918 Quid
3331 2849 3418 2902 hic
3444 2846 3782 2916 intelligitur,

2223 2947 2326 3012 nisi
2347 2959 2659 3015 persuasum
2681 2957 2802 3014 esse
2826 2942 2904 3012 eis
2932 2949 2990 3013 ut
3014 2941 3111 2994 sub
3140 2939 3248 2993 Deo
3275 2953 3395 2993 esse
3422 2937 3654 3000 nollent,
3685 2937 3785 2991 sed

557 3059 648 3105 tur
687 3026 1154 3119 euripotisstmum
1194 3057 1291 3112 per
1318 3047 1619 3111 serpentem
1647 3034 1888 3090 diabolus
1930 3032 2188 3119 ιθιιιίπὶ,Δ
2225 3036 2278 3091 in
2320 3041 2587 3114 potestate
2608 3032 2787 3118 potius
2812 3032 2927 3085 sine
2955 3029 3081 3093 Deo,
3108 3037 3165 3082 ut
3196 3028 3365 3119 legem
3391 3027 3508 3097 eius
3539 3042 3645 3080 non
3686 3026 3789 3080 ob-

558 3107 851 3212 permissus
873 3139 965 3204 sit,
988 3137 1100 3206 iam
1124 3107 1228 3190 hoc
1247 3107 1581 3204 significandi
1601 3128 1769 3199 gratia
1793 3125 1990 3180 factum
2011 3131 2116 3197 est,
2145 3107 2191 3173 (ἶ
2221 3107 2518 3190 servarent,
2549 3114 2701 3194 quasi
2732 3123 3016 3177 invidentis
3043 3120 3142 3175 sibi
3174 3108 3328 3182 πίω
3501 3123 3750 3201 regerem
3767 3154 3784 3175 ,

556 3246 662 3284 non
689 3229 830 3299 quod
847 3225 1089 3286 diabolus
1120 3223 1318 3294 aliquid
1346 3221 1414 3276 ad
1445 3217 1850 3274 instructionem
1880 3224 2116 3268 nostram

556 3318 858 3388 signiﬁcem
877 3315 1133 3377 voluerit,
1162 3302 1256 3368 sed
1280 3325 1402 3366 cum
1428 3308 1684 3363 accedere
1713 3305 1778 3359 ad
1807 3301 2118 3357 tentandum
2166 3326 2167 3329 η

557 3421 662 3459 non
706 3411 886 3475 posset
927 3401 1029 3458 nisi
1070 3399 1386 3472 permissus,
1431 3411 1558 3451 num
1586 3393 1729 3448 aliud
1774 3399 1984 3474 posset,
2015 3389 2119 3444 nisi

555 3471 725 3563 quod—
746 3471 1157 3562 permittebatur
1184 3487 1471 3552 accedere?
1500 3471 1785 3563 Quidquid
1810 3482 1973 3552 igitur
2000 3494 2136 3535 ser-‘

557 3562 691 3656 pens
711 3584 797 3639 ille
822 3580 1160 3657 signiﬁcavit,
1187 3579 1236 3633 ei
1260 3575 1605 3647 providentiae
1635 3562 1973 3627 tribuendum
2003 3577 2118 3634 est,

558 3678 658 3732 sub
686 3687 790 3743 qua
815 3682 870 3728 et
898 3673 1010 3744 ipse
1039 3661 1282 3728 diabolus
1321 3667 1481 3722 habet
1521 3665 1734 3735 quidem
1775 3661 2119 3744 cupiditatem

559 3741 820 3832 nocendi,
869 3741 1171 3825 facultatem
1209 3768 1387 3813 autem
1417 3772 1524 3810 non
1556 3755 1658 3809 nisi
1687 3768 1804 3821 qua:
1833 3741 2009 3813 datur,
2036 3748 2120 3803 vel

558 3856 625 3910 ad
652 3849 1007 3908 subvertenda
1037 3863 1101 3901 ac
1134 3847 1402 3918 perdenda
1429 3857 1556 3898 vasa
1587 3843 1680 3896 irre
1699 3881 1713 3905 ,
1743 3841 1824 3893 vel
1854 3840 1920 3892 ad
1945 3837 2120 3891 immi-

559 3945 733 4000 lianda
762 3945 873 3999 sive
899 3941 1168 4012 probanda
1197 3953 1321 3994 vasa
1355 3935 1754 3992 misericordia.
1787 3932 1901 3986 Non
1943 3932 2122 3999 itaque

550 4049 776 4104 serpens
805 4022 1088 4086 verborum
1119 4044 1280 4089 sonos
1310 4027 1657 4097 intelligebat,
1688 4024 1778 4093 qui
1810 4039 1873 4078 ex
1904 4021 1992 4076 illo
2020 4021 2119 4074 ﬁe-

559 4126 688 4179 bant
715 4122 784 4176 ad
828 4120 1138 4191 mulierem;
1182 4131 1354 4186 neque
1386 4105 1528 4171 enim
1558 4127 1818 4169 conversa
1855 4110 2120 4165 credenda

557 4221 643 4267 est
662 4210 837 4264 anima
859 4207 1041 4276 einsin
1072 4215 1313 4261 naturam
1337 4201 1668 4262 rationalem,
1693 4198 2118 4270 quandoquidem

559 4318 658 4357 nec
685 4301 784 4370 ipsi
810 4299 1050 4354 homines
1071 4311 1298 4368 quorum
1328 4293 1602 4349 rationalis
1632 4301 1825 4344 natura
1849 4297 1951 4352 est,
1997 4303 2119 4343 cum

559 4394 769 4447 (ιπηιου
813 4389 868 4442 in
894 4388 971 4442 eis
997 4373 1233 4457 loquitur
1258 4401 1320 4440 ea
1359 4385 1605 4454 passione
1630 4382 1715 4435 cui
1744 4381 2007 4435 cxorcista
2038 4393 2122 4434 re-

559 4483 814 4553 quiritur,
862 4478 1033 4533 sciunt
1057 4467 1188 4548 quid
1227 4463 1552 4546 loquantur;
1598 4481 1796 4542 quanto
1821 4473 1996 4526 minus
2031 4471 2120 4527 ille

560 4571 879 4641 intelligeret
922 4569 1206 4635 verborum
1233 4571 1395 4634 sonos
1440 4580 1572 4635 quos
1605 4553 1703 4634 per
1724 4579 1846 4634 eum
1885 4573 2029 4633 etes
2054 4576 2120 4616 eo

561 4663 803 4720 diabolus
825 4660 915 4716 illo
940 4660 1098 4715 modo
1122 4657 1374 4728 faciebat,
1399 4649 1491 4733 qui
1519 4646 1786 4711 hominem
1814 4647 2134 4728 loquentem.

561 4768 665 4807 non
692 4747 1029 4818 intelligeret.
1051 4747 1095 4803 si
1118 4761 1240 4801 eum
1263 4761 1294 4806 a
1317 4739 1576 4799 diabolica
1598 4744 1845 4814 passione
1870 4735 2121 4796 immunis

560 4843 787 4898 audiret.

635 4929 775 4983 Dixit
801 4945 920 4998 ergo
971 4929 1037 4981 ad
1063 4926 1332 4982 mulierem
1368 4938 1386 4977 :
1412 4923 1521 4978 στιν
1545 4923 1784 4990 prwcepit
1812 4920 1948 4979 vobis
1983 4921 2120 4975 Deus

562 5033 618 5074 ut
648 5034 751 5074 non
786 5016 1117 5070 eomederetis
1145 5016 1209 5069 de
1235 5014 1378 5068 omni
1417 5009 1555 5081 ligno
1595 5009 1873 5081 paradisi?
1904 5008 2002 5062 Cui
2037 5025 2120 5062 τευ

553 5106 765 5174 spondit
792 5104 1011 5160 mulier:
1038 5104 1111 5157 De
1129 5104 1300 5172 fructu
1321 5100 1580 5172 lignorum
1603 5113 1719 5168 quc
1739 5107 1856 5151 sunt
1880 5097 1934 5148 in
1960 5113 2121 5166 para-

560 5199 676 5252 diso
701 5197 969 5257 vescimur,
1017 5193 1081 5246 de
1112 5192 1287 5261 fructu
1309 5207 1429 5244 vero
1454 5189 1580 5260 ligni
1611 5189 1748 5257 quod
1771 5196 1846 5241 est
1875 5187 1929 5239 in
1952 5186 2122 5238 medio

557 5285 813 5358 paradisi,
840 5283 1081 5354 preee'pit
1111 5281 1256 5334 nobis
1285 5280 1421 5334 Deus
1441 5296 1504 5333 ne
1524 5276 1936 5339 comederemus,
1966 5285 2013 5327 et
2059 5290 2122 5327 ne
2160 5290 2162 5293 ·

559 5388 883 5446 tanget-emus
933 5371 1111 5450 illud,
1162 5385 1227 5423 ne
1270 5369 1404 5450 forte
1437 5371 1748 5428 moriantur.
1799 5369 1922 5424 Ideo
1972 5366 2122 5437 prius

558 5464 912 5534 interrogavit
931 5474 1152 5530 serpens
1174 5468 1230 5513 et
1254 5459 1525 5528 respondit
1546 5463 1647 5513 hoc
1672 5457 1880 5528 mulier,
1908 5464 1968 5514 ut
1985 5471 2122 5527 pra:-

559 5533 821 5610 varicatio
846 5562 987 5610 esset
1011 5550 1392 5609 inexcusabilis
1421 5569 1437 5605 :
1483 5565 1657 5621 neque
1684 5533 1794 5606 ulto
1820 5550 1980 5605 modo
2013 5548 2121 5604 dici
2161 5536 2166 5542 ’

563 5645 814 5714 pwwtid
845 5645 984 5714 quod
1007 5640 1510 5715 pmeeperat'Deus
1545 5641 1768 5698 oblitam
1795 5639 1968 5697 fuisse
2003 5654 2120 5694 mu-

2220 3235 2325 3274 non
2379 3217 2675 3292 indigentes
2727 3214 2868 3281 illius
2916 3221 3117 3267 aeterno
3165 3194 3399 3272 lumine;
3447 3208 3542 3274 sed
3570 3193 3789 3275 utentes

2217 3307 2454 3380 proprio,
2480 3304 2820 3376 providentes
2840 3302 2998 3371 quasi
3017 3300 3187 3355 oculis
3212 3300 3324 3372 suis
3353 3298 3419 3352 ad
3463 3298 3788 3367 dignoseen-

2219 3381 2344 3452 dum
2393 3398 2590 3462 bonum
2621 3402 2677 3449 et
2705 3393 2925 3462 malum,
2982 3390 3124 3460 quod
3170 3388 3257 3443 ille
3298 3380 3678 3460 prohibuisset.
3721 3383 3786 3438 In

2219 3487 2411 3556 quibus
2438 3483 2615 3552 verbis
2642 3483 2938 3539 notandum
2957 3487 3155 3550 quanta
3183 3487 3299 3533 arte
3321 3476 3574 3553 nequiiia
3593 3474 3786 3552 diabo-

2219 3576 2305 3653 lus
2361 3564 2633 3648 hominém
2680 3569 2748 3627 ab
2778 3572 2931 3653 initio
2976 3569 3297 3634 tentaverit,
3327 3559 3781 3645 quinquenium

2219 3652 2340 3719 eum
2411 3650 2824 3736 inobedientiam
2873 3662 3338 3728 oont'ernptumque
3381 3656 3463 3711 sui
3517 3653 3786 3729 creatoris

2219 3754 2364 3808 velut
2407 3752 2509 3807 sibi
2549 3734 2842 3820 inridentis
2866 3748 3078 3812 docuit,
3120 3749 3212 3802 sed
3240 3754 3293 3801 et
3338 3734 3783 3820 numemsitaiern

2220 3841 2440 3895 deorum
2477 3839 2550 3892 illi
2582 3817 2902 3892 credendam
2936 3835 3229 3906 proposuit,
3259 3816 3459 3908 dicens
3486 3816 3510 3904 ς.
3531 3831 3595 3904 Ei
3616 3816 3786 3884 eritis

2219 3932 2350 3999 sicut
2391 3930 2486 3993 dii,
2514 3938 2776 3997 quatenus
2809 3935 2864 3980 ct
2898 3921 2950 3982 si
2971 3925 3197 3998 forte‘sd
3223 3921 3629 3996 inobedientiam
3687 3936 3785 3973 ρος

2220 4021 2531 4091 pertrahere
2575 4020 2850 4090 nequiret,
2901 4017 3022 4074 ﬁdei
3054 4026 3226 4090 tamen
3256 4030 3358 4084 qua
3398 3999 3570 4087 unum
3610 4014 3778 4066 Donat
3817 4018 3824 4022 '

2221 4107 2466 4175 colebant
2498 4109 2798 4181 castitatem
2834 4114 3215 4173 corrumperet.
3253 4103 3308 4165 Si
3342 4115 3467 4177 meo
3497 4102 3780 4170 pertraho-

2223 4207 2323 4261 ret,
2355 4198 2407 4251 in
2445 4206 2669 4266 utroque
2691 4196 2862 4250 victor
2883 4195 3153 4249 existeret.
3186 4192 3458 4258 Quomodo
3486 4192 3568 4243 his
3596 4200 3778 4242 antem

2221 4290 2400 4345 verbis
2424 4290 2666 4344 crederet
2696 4287 2884 4341 mulier
2908 4302 2935 4340 a
2961 4286 3097 4340 bona
3121 4284 3414 4359 atqnentili
3443 4285 3499 4337 re
3527 4283 3782 4336 divinitus

2223 4396 2282 4437 se
2315 4382 2477 4435 fuisse
2503 4380 2819 4456 prohibitos,
2848 4380 2948 4433 nisi
2970 4376 3079 4446 iam
3109 4378 3305 4434 inesset
3329 4377 3488 4430 menti
3513 4391 3664 4428 amor
3691 4374 3780 4429 iﬁe

2225 4473 2453 4542 propria:
2486 4471 2795 4540 potestatis,
2841 4479 2898 4523 et
2943 4468 3181 4538 quaedam
3210 4467 3275 4521 de
3303 4467 3614 4539 se’snperha
3642 4478 3782 4534 pne.

2224 4562 2484 4631 sumptio,
2529 4575 2645 4632 qua:
2677 4574 2771 4628 per
2804 4559 2946 4611 illam
2975 4556 3322 4626 tentationem
3365 4553 3536 4610 fuerat
3559 4555 3778 4608 convin-

2224 4653 2393 4708 cenda
2435 4660 2489 4705 et
2517 4648 2877 4705 hnmilianda?
2910 4649 3145 4728 Denique
3178 4647 3353 4703 verbis
3378 4663 3484 4713 non
3527 4656 3778 4722 contenta

2225 4744 2509 4812 serpentis,
2539 4741 2898 4799 consideravit
2921 4741 3144 4810 lignum.

2304 4830 2561 4900 Viditque,
2586 4839 2646 4883 ut
2673 4829 2949 4897 Scriptura
2984 4828 3142 4895 dicit,
3168 4820 3308 4899 quod
3343 4826 3527 4880 bonum
3555 4834 3680 4879 esset
3710 4828 3777 4879 ad

2225 4923 2546 4989 vescendum,
2571 4933 2617 4975 et
2642 4921 2912 4990 pulchrum
2928 4919 3107 4983 oculis,
3134 4928 3440 4987 aspectuque
3457 4916 3778 4978 delectabile;

2225 5022 2278 5066 et
2316 5025 2420 5064 non
2465 5009 2694 5064 credens
2715 5023 2871 5077 posse
2916 5007 3038 5061 inde
3063 5021 3120 5062 se
3161 5005 3318 5068 mori,
3361 5004 3594 5062 arbitror
3635 5003 3778 5072 quod

2221 5097 2491 5177 putaverit
2513 5096 2677 5149 Deum
2700 5091 2922 5154 alicuius
2939 5093 3338 5164 signiﬁcationis
3352 5106 3512 5167 causa
3533 5092 3739 5144 dixisse
3760 5108 3776 5142 :

2226 5165 2754 5256 Simanducaoeritis,
2777 5194 2941 5238 morte
2960 5183 3263 5238 moriemini.
3287 5165 3459 5249 Atque
3470 5182 3618 5236 ideo:
3638 5179 3778 5254 Tulit

2225 5284 2289 5337 de
2313 5285 2488 5353 [ructu
2515 5280 2659 5335 illius
2685 5278 2988 5347 et‘comedit,
3012 5277 3248 5347 deditque
3267 5277 3376 5329 viro
3393 5291 3509 5338 suo,
3539 5272 3780 5347 ionassis

2225 5364 2388 5427 etiam
2435 5386 2556 5426 cum
2586 5371 2752 5425 verbo
2795 5368 3059 5432 suasoria,
3093 5366 3232 5435 quod
3263 5363 3538 5434 Scriptura
3583 5361 3782 5416 intelli-

2225 5462 2457 5533 gendum
2481 5467 2668 5514 tacens
2717 5458 2950 5526 reliquit.
2980 5456 3064 5509 An
3110 5453 3246 5508 forte
3288 5468 3388 5508 nec
3421 5451 3634 5508 suaderi
3663 5449 3781 5518 iam

2221 5565 2360 5623 opus
2387 5551 2506 5605 erat
2532 5548 2671 5612 viro,
2690 5547 2914 5622 quando
2941 5560 3070 5601 eam
3103 5544 3191 5600 illo
3227 5543 3347 5597 cibo
3373 5548 3639 5597 mortuam
3669 5553 3780 5595 non

2225 5654 2346 5698 esse
2369 5638 2655 5695 cernebat?
2692 5637 2956 5707 Antiquos
2981 5633 3152 5692 hostis
3177 5641 3361 5689 contra
3409 5631 3641 5701 primum
3681 5629 3785 5686 ho;
