3968 6338
311 235 422 293 ‘89

1331 230 1681 287 counsxr.
1713 227 1777 282 IN
1815 211 2131 283 cs’xssm.
2169 259 2237 270 -
2274 230 2401 286 LIB.
2440 230 2482 287 ι.

3419 210 3554 295 49a

316 365 521 417 minem
556 352 833 420 parentem
859 353 1097 402 nostrum
1125 340 1176 399 in
1205 344 1373 401 tribus
1399 359 1455 407 se
1499 342 1875 397 teutationibus
1904 336 2082 410 A’jam
2111 345 2192 398 vir
2218 326 2479 416 deceptus
2496 354 2598 410 est,
2616 344 2732 415 jam
2762 346 2951 400 mulier
2980 347 3185 405 dedisse
3208 352 3324 407 viro
3349 355 3528 410 cibum

316 443 513 509 erexit,
542 438 664 509 quia
688 438 830 499 hunc
855 436 1102 499 videlicet
1136 436 1278 508 gula,
1311 451 1443 489 vana
1476 435 1642 505 gloria
1666 445 1721 489 et
1748 450 1875 488 ava-

320 533 450 586 ritia
473 528 720 605 tentavit,
746 531 839 585 sed
882 528 1142 587 tentando.
1162 527 1449 599 superavit,
1478 526 1602 596 quia
1631 526 1878 605 sibi'cum

320 638 424 691 per
444 604 1068 678 consensumsubdidit.
1114 619 1193 673 Ex
1230 619 1355 689 gula
1380 620 1592 689 quippe
1620 604 1877 681 tentavit,

322 708 1023 783 «:nm-cilinmlignivetitum
1045 708 1296 774 oetendit,
1319 718 1476 776 atque
1496 696 1879 767 comedendum

324 801 517 869 suasit.
562 799 641 869 Ex
667 786 804 853 vana
830 808 1013 861 autem
1034 796 1201 870 gloria
1229 800 1471 863 tentavit,
1500 815 1626 861 cum
1653 786 1881 864 diceret,

329 890 493 943 Eritis
522 890 651 944 sicut
678 891 771 963 dii.
801 888 1124 960 Etproiecto
1151 905 1216 947 ex
1245 889 1467 944 avaritia
1493 887 1732 957 tentavit,
1760 907 1879 956 cum

322 983 529 1037 diceret
560 997 573 1035 :
607 974 842 1056 Scientes
862 979 1073 1047 bonum
1102 991 1162 1049 et,
1198 978 1413 1047 malum,
1460 977 1695 1056 Avaritia
1740 981 1880 1034 enim

325 1088 434 1129 non
460 1071 626 1137 solum
652 1053 889 1140 pecuniae
916 1078 1020 1142 est,
1050 1068 1144 1124 sed
1168 1068 1339 1126 etiam
1365 1053 1680 1145 altitudinis.
1720 1067 1884 1124 [tecte

324 1161 472 1233 enim
502 1160 725 1212 avaritia
756 1150 978 1221 dicitu'r,
1000 1171 1123 1211 cum
1150 1148 1307 1225 supra
1333 1156 1547 1236 modum
1588 1155 1886 1236 sublimitas

326 1227 581 1301 ambitur.
632 1247 687 1299 Si
718 1244 859 1299 enim
891 1260 993 1307 non
1043 1246 1109 1299 ad
1137 1244 1412 1298 avaritiam
1454 1231 1674 1297 honoris
1701 1229 1885 1315 rapina
1921 1262 1924 1265 ν

324 1326 645 1403 pertineret,
692 1347 1025 1403 nequaquam
1078 1331 1275 1387 Paulus
1322 1320 1387 1386 de
1431 1332 1702 1401 unigenito
1751 1322 1887 1387 Filio

326 1422 535 1479 diceret
560 1443 571 1475 :
609 1423 727 1476 Non
759 1424 993 1493 rapinam
1024 1419 1304 1485 arbitratus
1333 1428 1537 1474 estesse
1564 1437 1617 1474 se
1636 1416 1889 1495 a‘qualeﬁt

325 1515 439 1569 Deo
476 1514 638 1584 (Phil.
679 1518 762 1583 ιι).
793 1513 849 1567 ln
898 1512 1002 1580 hoc
1027 1527 1164 1583 ergo
1192 1511 1447 1575 diabolus
1470 1500 1763 1582 parentem.
1791 1525 1888 1581 no-

324 1616 500 1661 strum
538 1608 602 1659 ad
630 1608 928 1676 superbiam
968 1607 1171 1669 traxit,
1202 1592 1471 1685 quo’eum
1510 1603 1575 1666 ad
1608 1604 1888 1673 avaritiam

1974 434 2197 489 videtur.
2224 434 2493 492 illecebrae
2522 438 2674 491 enim
2699 437 3025 511 consentire,
3068 440 3148 495 de-
3166 440 3316 513 ligno
3344 446 3526 513 prohi-

1976 523 2085 583 bito
2124 524 2582 595 manducarcest.
2615 528 2765 582 Tunc
2788 529 2983 599 quippe
3016 530 3139 599 iure
3164 548 3195 586 a
3239 514 3395 593 beata
3423 538 3532 592 vita

1978 616 2227 679 tanquam
2248 628 2283 669 -a
2327 616 2578 689 paradiso
2606 616 2888 687 expellitur
2916 618 3106 685 homo,
3152 630 3534 693 peccatumque

1978 698 2027 754 ei
2051 700 2365 773 imputatur,
2390 703 2733 759 etiamsinon
2764 692 3117 775 subsequatur
3140 691 3381 775 edoctus,
3412 691 3538 781 quia

1976 789 2210 846 etsinon
2251 796 2335 844 est
2370 791 2421 845 in
2450 791 2608 847 factis
2646 792 2834 862 culpa,
2880 795 2935 848 in
2975 795 3322 861 confessione
3354 807 3539 857 tamen

1977 894 2069 933 rea
2102 888 2315 934 tenetur
2342 882 2689 940 conscientia.
2718 882 2843 938 Haec
2894 887 3183 946 secundum
3227 904 3525 965 anagogen:

1978 977 2229 1024 cccterum
2264 970 2417 1040 juxta
2442 971 2810 1041 metaphoram
2851 974 3049 1042 poterit
3073 974 3295 1047 callidus
3320 993 3543 1049 serpens

1982 1050 2121 1123 iste,
2172 1058 2553 1115 haereticorum
2602 1061 2891 1121 versutiam
2941 1064 3239 1135 designare.
3292 1066 3543 1129 Nonnulli

1983 1146 2125 1199 enim
2151 1146 2423 1217 loquacius
2444 1145 2605 1221 atque
2627 1149 2875 1206 subtilius
2890 1153 3215 1227 promittunt
3233 1153 3546 1211 curiositate

1984 1243 2307 1291 secretorum
2356 1238 2752 1308 adapertionem
2800 1248 2960 1310 atque
3008 1242 3285 1300 scientiam
3330 1236 3457 1305 boni
3486 1254 3546 1300 et

1985 1324 2149 1386 mali,
2196 1335 2249 1381 et
2281 1328 2335 1381 in
2372 1329 2496 1399 ipso
2536 1330 2752 1394 homine
2788 1339 3039 1401 tanquam
3066 1334 3119 1388 in
3154 1336 3380 1401 arbore,
3414 1318 3547 1406 qua:

1986 1416 2220 1485 plantata
2245 1428 2327 1485 est
2354 1418 2408 1474 in
2434 1421 2609 1488 medio
2636 1410 3020 1491 paradisi,eam
3044 1424 3205 1478 etiam
3226 1423 3544 1494 dignoscen-

1986 1507 2108 1562 dam
2156 1506 2543 1565 demonstrare.
2593 1510 2791 1566 Contra
2828 1512 2970 1565 hunc
3001 1526 3305 1582 serpentem
3349 1515 3577 1568 clamat.

1971 1598 2294 1669 -Apost0|us,
2326 1614 2448 1657 cum
2477 1593 2606 1654 dicit
2633 1613 2648 1651 :
2679 1598 2855 1655 Metuo
2879 1616 2941 1653 ne
2960 1600 3317 1669 sicut'serpens
3345 1597 3546 1663 [levans

323 1697 672 1751 sublimitatis
717 1696 987 1753 excitavit.
1036 1694 1146 1749 Sed
1193 1695 1385 1765 quibus
1434 1695 1619 1763 modis
1652 1694 1885 1769 primum
1915 1689 1961 1749 B
1988 1688 2193 1769 teda-fcit
2236 1688 2429 1742 ωιυιὶα
2456 1703 2591 1753 ενα,
2642 1686 2717 1742 δίο
2763 1695 2943 1765 mu;
2972 1687 3553 1757 vestricarruntpantur

323 1786 600 1841 hominem
654 1786 881 1850 stravit,
938 1786 1137 1847 eisdem
1197 1784 1367 1841 modis
1399 1785 1640 1843 secundo
1683 1784 1887 1840 homini

327 1885 536 1945 tentato
564 1876 858 1932 succubuit.
891 1870 995 1929 Per
1036 1874 1214 1946 gulam
1242 1875 1472 1931 tentavit
1519 1874 1639 1931 cum
1679 1875 1820 1938 dixit
1870 1892 1884 1928 :

331 1966 429 2019 Dic
460 1976 513 2019 ut
537 1966 734 2035 lapides
764 1965 851 2019 isti
868 1981 1027 2033 panes
1056 1956 1417 2042 ﬁantﬂfattlt.
1441 1962 1536 2035 tv).
1573 1964 1671 2042 l’er
1695 1979 1888 2033 vanam

324 2056 552 2126 gloriam
581 2057 803 2112 tentavit
830 2069 953 2109 cum
981 2053 1116 2121 dixit
1148 2070 1160 2106 :
1191 2052 1248 2108 Si
1275 2040 1446 2107 Fﬂins
1488 2040 1599 2108 Dei
1629 2070 1714 2109 es.
1740 2054 1889 2107 mitte

326 2155 379 2199 te
408 2145 647 2198 deorsum
678 2142 886 2217 (Ibid).
915 2137 1019 2198 Per
1040 2142 1383 2209 sublimitatis
1412 2143 1888 2205 avaritiamtenta-

323 2235 429 2299 vit,
470 2248 590 2289 cum
620 2246 783 2303 regna
802 2235 988 2287 omnia
1017 2232 1200 2289 mundi
1223 2232 1456 2304 ostendit
1474 2232 1664 2293 dicens
1690 2249 1721 2305 ε,
1760 2232 1889 2300 Hoc}:

325 2321 423 2374 tibi
445 2323 618 2375 omnia
636 2321 839 2392 dabo,'si
855 2320 1128 2392 precidem
1143 2322 1438 2376 adoraveris
1458 2338 1536 2376 me
1550 2320 1757 2393 (11nd,).

324 2410 534 2463 eisdem
581 2411 752 2464 modis
776 2422 812 2463 a
850 2410 1085 2463 secundo
1110 2409 1324 2465 homine
1344 2408 1516 2465 victus
1549 2418 1661 2474 est,
1696 2396 1889 2480 quibus

325 2502 563 2572 primum
602 2502 870 2556 hominem
901 2502 1096 2555 vicisse
1136 2516 1195 2555 se
1241 2498 1592 2581 gloriabatur,
1624 2508 1682 2559 ut
1723 2502 1890 2580 ajno-

327 2590 461 2645 stris
500 2590 750 2665 cordibus
778 2590 893 2659 ipso
914 2588 1061 2649 aditu
1088 2596 1276 2658 captus
1303 2592 1457 2642 exeat
1488 2576 1596 2657 quo
1619 2586 1715 2643 nos
1744 2576 1887 2644 aditu

327 2680 673 2749 intromissus
698 2666 935 2735 tenebat.
1637 2685 1663 2753 ί,

406 2769 508 2835 Qui
536 2770 773 2834 comedit,
804 2779 854 2823 et
902 2770 1065 2841 aperti
1113 2779 1234 2825 sunt
1256 2769 1394 2824 oculi
1420 2755 1719 2845 amborum,
1761 2764 1888 2845 quo,

328 2860 436 2914 nisi
470 2859 766 2914 adinvicem
798 2861 1315 2931 concupiscendum?
1344 2861 1410 2916 a‘d
1440 2846 1647 2937 peccati

1993 1776 2075 1849 (Ii
2106 1766 2226 1831 Cor.
2257 1776 2353 1850 xi).
2381 1775 2668 1833 Seducitur
2690 1764 2871 1832 autem
2892 1773 3071 1833 verbis
3100 1775 3256 1847 hujus
3278 1780 3554 1850 serpentis

1990 1866 2221 1924 carnalis
2242 1856 2431 1924 nostra
2447 1869 2875 1945 concupiscentia
2902 1887 2917 1924 ι
2943 1870 2998 1925 et
3014 1882 3115 1941 per
3129 1867 3277 1941 illam
3296 1869 3552 1941 deceptus

1989 1967 2073 2014 est
2095 1958 2292 2027 Mam,
2310 1968 2423 2015 non
2444 1959 2709 2026 Christus,
2741 1958 2834 2017 sed
2856 1959 3222 2018 Christianus.
3258 1961 3401 2019 Dicit
3422 1954 3550 2035 ergo

1990 2047 2093 2127 iste
2120 2048 2188 2103 ad
2225 2043 2505 2109 mulierem
2531 2062 2546 2102 :
2574 2048 2683 2101 Cur
2715 2046 2956 2120 prwcepit
2994 2050 3134 2105 vobis
3328 2060 3384 2105 ut
3413 2066 3553 2105 com-

1989 2125 2205 2193 ederetis
2238 2153 2304 2191 ea:
2332 2142 2473 2192 omni
2499 2138 2639 2208 ligno
2664 2132 2939 2208 paradisi?
2963 2138 3055 2195 Sic
3078 2147 3134 2193 et
3173 2125 3555 2203 beneﬁcorum

1990 2227 2203 2283 curiosa
2229 2226 2514 2296 cupiditas,
2543 2226 2622 2282 sic
2649 2226 2803 2297 pravi
2833 2227 3211 2299 pmdicatores
3237 2229 3305 2283 ad
3332 2228 3554 2300 diliges-

1990 2315 2113 2370 dam
2157 2314 2359 2370 erroris
2403 2314 2670 2371 fallaciam
2719 2316 3022 2381 auditorum
3054 2316 3349 2393 carnalium
3390 2314 3554 2374 corda

1989 2405 2356 2480 succendunt,
2421 2404 2734 2468 dicentes;
2793 2405 2970 2474 Quare
3016 2405 3232 2481 fugistis
3271 2408 3551 2466 scientiam

1988 2496 2190 2553 habere
2243 2497 2579 2555 latitantem?
2622 2498 2769 2555 Nova
2812 2514 3025 2571 semper
3076 2504 3373 2573 exquirite,
3427 2504 3555 2567 boni

1989 2583 2222 2669 malique
2238 2588 2515 2643 scientiam
2537 2590 2861 2667 perpetrate.
2882 2577 3032 2647 Unde
3053 2593 3194 2663 apud
3212 2590 3554 2655 Salomonem

1990 2676 2183 2755 mulier
2205 2680 2317 2760 illa,
2339 2681 2711 2737 haereticorum
2735 2682 2967 2753 speciem
2990 2691 3196 2750 tenens,
3220 2685 3349 2744 dicit
3364 2701 3378 2741 :
3392 2686 3556 2758 Aqua

1990 2770 2197 2840 furtim:
2242 2770 2499 2851 dulciores
2521 2779 2660 2837 sunt,
2703 2782 2750 2827 et
2787 2776 2939 2851 panis
2979 2775 3311 2835 absconditus
3342 2778 3555 2848 suavior

1991 2855 2172 2928 (Prov.
2196 2846 2295 2930 ix).
2328 2856 2571 2930 Subiecit
2598 2859 2829 2931 denique
2846 2848 2997 2917 idem
3020 2877 3281 2945 serpens:
3305 2846 3554 2931 Quaena-

327 2952 517 3008 carnis
546 2951 711 3020 ipsius
739 2958 911 3007 morte
936 2951 1281 3023 conceptam?
1308 2962 1365 3007 ut
1379 2938 1662 3038 jamzesset
1688 2937 1889 3028 corpus
1918 3019 1959 3038 Π
1987 2963 2085 3017 que
2111 2946 2195 3001 die
2226 2946 2569 3022 comederitis,
2598 2950 2773 3004 statim
2794 2951 3092 3022 aperientur
3118 2937 3255 3007 acidi
3293 2955 3466 3020 vestri,
3509 2962 3559 3009 et

327 3056 441 3095 non
470 3019 695 3094 animale
721 3041 948 3105 tantum,
983 3019 1123 3111 quod
1150 3019 1397 3112 poterat,
1438 3044 1484 3099 si
1503 3019 1886 3103 .obedienti-am
1916 3019 1960 3081 C

328 3136 737 3195 conservarent,
768 3130 822 3189 in
849 3118 1121 3207 meliorem
1171 3128 1609 3204 spiritualemque
1646 3135 1888 3193 habitum

328 3222 451 3277 sine
462 3229 634 3277 morte
658 3221 873 3287 mutari,
887 3223 979 3277 sed
991 3222 1150 3277 etiam
1164 3238 1358 3297 corpus
1370 3223 1577 3291 mortis,
1603 3225 1656 3279 in
1678 3238 1784 3296 quo
1798 3226 1887 3302 lex

330 3312 389 3367 in
420 3312 674 3367 membris
701 3320 1016 3382 repugnaret
1034 3308 1139 3382 iegi
1156 3314 1367 3368 mentis.
1384 3312 1566 3384 Neque
1581 3316 1724 3371 enim
1738 3306 1887 3373 clau-

329 3404 411 3459 sis
438 3403 606 3458 oculis
634 3401 758 3459 facti
785 3411 957 3463 erant,
998 3408 1053 3458 et
1081 3403 1131 3457 in
1160 3404 1405 3473 paradiso
1426 3391 1738 3461 deliciarum
1762 3408 1891 3465 caeci

328 3494 721 3565 palpantesque
734 3493 1072 3559 oberrabant.
1088 3493 1215 3553 Tale
1226 3503 1309 3550 est
1321 3493 1445 3550 illud
1462 3495 1757 3567 Evangelii,
1769 3514 1895 3568 cum

329 3588 543 3644 diceret
567 3586 634 3643 de
663 3587 769 3643 illis
799 3583 1023 3650 duabus.
1047 3599 1273 3656 quorum
1302 3598 1441 3645 unus
1465 3598 1584 3650 erat
1609 3590 1890 3662 Cleopbas,

329 3678 482 3749 quod
502 3685 625 3733 cum
656 3663 901 3749 fregisset
926 3678 1006 3734 eis
1032 3676 1289 3741 Dominus
1313 3694 1505 3749 panem
1524 3720 1540 3747 ,
1571 3684 1750 3751 aperti
1774 3692 1895 3738 sunt

330 3767 475 3823 oculi
501 3776 707 3832 eorum;
740 3778 789 3822 et
834 3777 1175 3839 cognoverunt
1202 3774 1320 3822 eum
1360 3768 1509 3840 (Luc.
1564 3772 1711 3842 ult.),
1734 3788 1892 3843 quem

327 3864 435 3929 p‘er
454 3858 597 3912 viam
620 3873 726 3920 non
748 3870 1131 3928 cognoverunt,
1160 3874 1265 3916 non
1292 3860 1483 3929 utique
1501 3860 1697 3923 clausis
1723 3863 1892 3931 oculis

328 3947 691 4009 ambulantes.
735 3949 829 4003 sed
866 3964 989 4004 eum
1030 3963 1351 4019 cognoscere
1379 3966 1485 4005 non
1524 3951 1780 4008 valentes.
1811 3952 1894 4007 Ad

330 4036 442 4092 hoc
464 4051 591 4108 ergo
622 4037 791 4105 aperti
821 4044 947 4092 sunt
972 4036 1111 4092 oculi
1136 4039 1427 4116 primorum
1470 4040 1743 4094 hominum
1769 4081 1783 4105 ,
1824 4041 1891 4095 ad

328 4126 479 4197 quod
512 4127 666 4180 antea
697 4141 801 4182 non
830 4126 1105 4197 patebant,
1134 4128 1379 4197 quamvis
1402 4129 1468 4183 ad
1491 4129 1592 4183 alia
1620 4138 1887 4198 paterent.

328 4210 573 4283 Serpens
611 4225 788 4269 autem
810 4215 923 4281 ille,
966 4216 1256 4285 sapientior
1282 4219 1521 4272 omnium
1566 4218 1889 4287 bestiarum“,

328 4304 537 4359 indicat
563 4304 851 4369 diabolum,
879 4304 1118 4373 qui‘inde
1140 4305 1361 4375 serpens
1385 4305 1600 4371 dicitur,
1627 4310 1767 4377 quod
1795 4324 1892 4365 vo-

1991 3039 2138 3094 eritis
2162 3038 2295 3094 sicut
2311 3039 2404 3105 dii,
2429 3042 2644 3096 scientes
2672 3040 2863 3097 bonum
2880 3054 2928 3097 et
2939 3038 3162 3100 malum.
3185 3042 3274 3100 Sic
3291 3054 3345 3100 et
3368 3060 3557 3102 omnes

1991 3130 2311 3203 generaliter
2339 3130 2575 3186 haeretici
2605 3132 2901 3189 divinitatis
2936 3136 3187 3194 meritum
3213 3133 3555 3207 proﬁtentur,

1991 3227 2153 3291 atque
2178 3214 2820 3289 scientize‘pollicitatione
2847 3222 3120 3293 decipiunt
3158 3232 3220 3291 et
3266 3216 3570 3295 reprelien-l

1992 3310 2125 3373 dunt
2150 3325 2265 3375 eos,
2287 3310 2332 3365 si
2357 3304 2492 3381 quas
2513 3310 2830 3381 simpliciter
2853 3296 3140 3369 credentes.
3155 3312 3474 3380 invenerint;
3497 3324 3552 3379 et

1994 3398 2116 3467 quia
2131 3398 2308 3453 omnia
2322 3400 2555 3475 carnalia
2570 3401 2911 3469 persuadent,
2932 3400 3169 3473 quasiad
3180 3403 3412 3478 carnalis
3424 3386 3555 3460 ocu—

1995 3488 2167 3544 lorum
2192 3489 2592 3561 adapertionem
2618 3502 2883 3555 conantur
2909 3493 3195 3559 adducere,
3217 3565 3221 3568 .
3244 3503 3305 3555 ut
3327 3496 3550 3553 interior

1995 3582 2181 3643 oculus
2197 3582 2537 3663 obscuretur.
2579 3582 2721 3639 Vidit
2752 3580 2915 3658 igitur
2952 3586 3139 3661 mulier
3176 3568 3315 3659 quod
3362 3590 3552 3663 bonum

1994 3674 2352 3746 essetlignum,
2374 3658 2589 3747 tulitque
2600 3666 2857 3746 detractu
2882 3675 3023 3732 illius
3042 3688 3089 3738 et
3110 3658 3346 3745 tamen.
3366 3658 3555 3738 nunc:

1994 3765 2401 3825 comedit-antea
2427 3774 2481 3823 et
2509 3780 2614 3819 non
2644 3766 2747 3831 vir,
2773 3766 2913 3837 ideo,
2936 3767 3060 3837 quia
3086 3762 3297 3847 facilius
3317 3760 3561 3847 carnales

1994 3856 2387 3933 persuadentur
2415 3854 2481 3909 ad
2507 3864 2808 3926 peccatum,
2844 3873 2945 3913 nec
2972 3842 3559 3933 velociterrspirituales
3642 3842 3656 3852 ⁵

1996 3921 2351 4015 decipiuntur.
2405 3943 2472 3998 Et
2507 3921 2647 3998 dedit
2678 3946 2787 3998 viro
2816 3962 2940 4000 suo.
2984 3956 3032 3999 et
3074 3921 3561 4023 remediawutiq‘ue

1994 4035 2117 4103 quia
2172 4044 2293 4104 post
2350 4034 2759 4103 delectationem
2819 4035 3055 4091 carnalis
3112 4037 3557 4109 concupiscentia}

1995 4118 2211 4190 uestrae,
2234 4112 2397 4180 etiam
2426 4126 2564 4181 ratio
2605 4133 2785 4180 nostra
2822 4126 3104 4196 subjicitur
3146 4128 3213 4182 ad
3240 4140 3553 4199 peccatum,

1995 4218 2134 4271 unde
2163 4216 2403 4287 quaedam
2428 4216 2629 4272 lubrica
2662 4217 2713 4270 in
2745 4217 3071 4287 cogitatione
3093 4232 3387 4275 versemus.
3420 4218 3549 4284 Pro.

2002 4299 2460 4372 videndum'nobis
2482 4302 2587 4374 est,
2615 4290 2738 4379 quia
2759 4310 2950 4391 intueri
2974 4326 3077 4364 non
3094 4294 3260 4366 debet
3286 4310 3426 4382 quod
3448 4328 3554 4371 neu

336 4393 497 4447 luhili
530 4400 769 4448 versetur
794 4394 1010 4447 astutia.
1058 4393 1164 4449 Sed
1211 4395 1337 4465 quid
1386 4406 1467 4451 est
1495 4398 1637 4466 quod
1666 4399 1779 4469 ipse
1804 4393 1977 4478 per,”
2002 4406 2127 4459 licet
2150 4405 2470 4474 concupisci.
2499 4402 2567 4461 Ut
2592 4406 2732 4460 enim
2757 4404 2953 4459 munda
2980 4421 3130 4460 mens
3153 4407 3206 4460 iu
3235 4407 3557 4478 cogitatione

330 4484 614 4539 mulierem
642 4485 849 4555 decepit
877 4495 932 4539 et
955 4496 1057 4553 non
1080 4498 1180 4555 per
1204 4487 1413 4540 virum?
1446 4488 1697 4559 quianon
1724 4476 1897 4560 potest

328 4576 475 4628 ratio
502 4582 684 4629 nostra
716 4575 894 4630 seduci
936 4575 1002 4630 ad
1038 4576 1369 4644 peccandum
1389 4616 1403 4641 ,
1435 4560 1534 4632 nisti
1565 4579 1896 4647 praecedente

328 4663 688 4720 delectatione
722 4665 921 4719 carnali
960 4665 1285 4721 inﬁrmitatis
1312 4666 1502 4723 alfectu
1527 4708 1541 4732 ,
1576 4682 1694 4737 quro
1723 4674 1893 4741 magis

328 4755 496 4809 debet
523 4756 891 4825 obtemperare
922 4757 1115 4811 rationi
1148 4757 1396 4826 tanquam
1433 4758 1547 4823 viro
1576 4742 1889 4827 dominanti.

332 4844 452 4898 lloc
476 4845 614 4921 enim
641 4846 694 4898 in
725 4850 934 4914 unoque
956 4846 1159 4916 geritur
1187 4846 1419 4912 homine,
1454 4850 1506 4901 in
1528 4850 1735 4905 occulto
1758 4836 1894 4922 quo-

328 4934 461 4989 dam
489 4942 803 5004 secretoque
830 4935 1092 5006 coniugio.
1114 4934 1529 5008 'Suggestionem
1554 4942 1888 5017 quippe-ser-

328 5024 552 5095 pentem
570 5026 884 5093 accipimus,
908 5027 1182 5083 mulierem
1206 5042 1331 5084 vero
1350 5031 1632 5087 animalem
1654 5035 1892 5103 corporis

329 5107 595 5179 sensum,
646 5106 904 5171 rationem
933 5125 1108 5173 autem
1138 5121 1331 5175 viru’m.
1364 5122 1502 5193 Ergo
1543 5125 1756 5193 quando
1802 5141 1891 5180 oc-

328 5204 510 5261 currit
534 5204 672 5258 mala
700 5207 969 5273 suggestio
998 5210 1145 5281 quasi
1176 5210 1396 5279 serpens
1421 5211 1689 5283 loquitur;
1726 5216 1818 5267 sed
1844 5231 1889 5268 sn

328 5298 450 5352 sola
473 5298 726 5367 cogitatio
738 5290 1033 5353 Oblectetur
1056 5301 1193 5357 illius
1215 5304 1588 5375 suggestio’uis,
1610 5314 1663 5360 et
1683 5303 1889 5359 ratione

330 5388 645 5443 refrenante
670 5402 960 5443 consensus
988 5391 1229 5459 explendi
1260 5396 1437 5462 operis
1459 5410 1565 5448 non
1606 5396 1884 5458 succedat,

326 5476 451 5533 sola
481 5479 676 5532 mulier
698 5478 907 5532 videtur
936 5481 1227 5534 comedisse
1253 5474 1695 5550 illicitum.'Qu’0d
1732 5486 1775 5539 si
1813 5486 1891 5555 ip-

329 5583 456 5625 sum
470 5574 746 5639 peccatum
766 5570 924 5624 etiam
945 5577 996 5624 et
1014 5585 1161 5623 mens
1184 5576 1589 5643 perpetrandum
1612 5574 1886 5637 decernat,

773 5660 1033 5719 Ριτιοι.
1066 5660 1246 5721 CVll.

2000 4504 2243 4550 servetur
2275 4511 2302 4548 a
2344 4490 2560 4550 lascivia
2586 4492 2873 4565 voluptatis
2898 4492 3039 4561 sua),
3075 4496 3404 4569 deprimendi
3432 4506 3558 4572 sunt
3590 4568 3595 4574 .

1996 4588 2158 4651 oculi,
2182 4588 2342 4657 'quasi
2374 4588 2597 4658 quidam
2616 4597 2878 4659 raptores,
2906 4605 2938 4642 a
2968 4588 3141 4658 culpa.
3184 4588 3370 4659 Neque
3408 4582 3554 4659 enim
3582 4644 3603 4651 ,ν

1996 4678 2141 4733 lleva
2171 4679 2367 4749 lignum
2394 4680 2619 4733 vetitum
2648 4679 2983 4750 contigisset.
3015 4670 3116 4733 nisi
3142 4678 3245 4732 hoc
3273 4680 3427 4750 prius
3464 4682 3550 4733 in-

1991 4779 2145 4825 caute
2175 4771 2483 4839 respiceret.
2514 4764 2649 4825 llinc
2677 4784 2803 4841 ergo
2833 4769 3192 4840 pensandum,
3225 4776 3428 4839 quanto
3455 4767 3550 4824 de-

1997 4861 2184 4916 bemus
2210 4860 2575 4933 moderamine
2616 4852 2740 4927 erga
2782 4858 2965 4913 illicita
2996 4856 3169 4915 visum
3198 4859 3551 4931 restringere,

1998 4963 2095 5002 nos
2112 4948 2200 5018 qui
2232 4934 2507 5020 moraliter
2526 4949 2771 5012 vivimus,
2790 4946 2845 5015 si
2871 4958 2928 5003 et
2949 4957 3119 5003 mater
3148 4938 3441 5004 viventium
3458 4962 3555 5018 per

1996 5032 2178 5093 oculos
2222 5038 2288 5115 ad
2317 5034 2539 5092 mortem
2569 5037 2729 5092 venit.
2760 5035 2896 5096 Hinc
2922 5038 3085 5097 etiam
3120 5038 3220 5093 sub
3250 5037 3399 5093 ludat
3423 5052 3554 5092 voca

1997 5120 2087 5198 qui
2112 5128 2375 5184 exteriora
2400 5128 2645 5192 videndo,
2675 5143 2782 5183 non
2810 5126 3384 5203 concupiscenshona.
3417 5130 3552 5180 inte-

1998 5213 2140 5273 riora
2170 5216 2491 5288 perdiderat,
2513 5218 2771 5288 propheta
2790 5218 2949 5274 dicit:
2970 5215 3164 5272 Oculus
3190 5233 3330 5269 meus
3354 5216 3552 5285 ἄρρητ-

1996 5309 2150 5361 datus
2180 5316 2253 5361 est
2296 5308 2523 5360 animam
2560 5324 2728 5363 meam
2761 5306 2974 5379 (Thren.
3017 5307 3117 5377 ut).
3161 5306 3552 5375 Concupisceus

1998 5384 2142 5453 enim
2172 5390 2432 5462 visibilis,
2465 5390 2759 5452 invisibiles
2788 5399 3014 5471 virtutes
3038 5398 3232 5452 amisit.
3278 5395 3377 5463 Qui
3422 5410 3553 5465 ergo

1998 5472 2305 5541 interiorem
2335 5485 2565 5541 fructum
2597 5504 2695 5557 per
2720 5489 3037 5547 exteriorem
3083 5486 3252 5538 visum
3301 5485 3548 5555 perdidit,

2002 5592 2097 5646 per
2132 5576 2341 5633 oculum
2373 5574 2616 5647 corporis
2642 5579 2859 5647 pertulit
2904 5577 3136 5646 praedam
3177 5577 3372 5632 cordis.
3400 5575 3552 5632 Unde

3030 5667 3103 5728 16
