3968 6324
463 211 556 272 991

1077 194 1153 264 Ὦ.
1195 204 1447 260 RABANI
1485 201 2057 288 MAURlARGHlEP.
2102 202 2406 259 MOGUNT.
2445 203 2727 259 OPERUM
2767 206 2947 264 PARS
2982 210 3024 264 l.

3576 205 3691 264 ιη

457 311 613 377 nobis
640 320 706 372 ad
744 312 1146 398 custodiendam
1179 316 1358 372 cordis
1386 312 1745 382 munditiam,
1789 313 2020 368 exterio—
2051 320 2095 378 Α
2128 331 2238 372 rem
2261 331 2510 372 cursuum
2539 331 2758 373 suorum
2787 322 2906 388 paci
2936 330 2990 378 et
3033 321 3231 378 lzetitiae
3264 328 3645 398 consecranles
3665 363 3689 390 ,

458 414 577 465 ruln
603 401 1092 478 quoque—sensuum
1121 404 1401 474 disciplina
1438 400 1708 458 Servanda
1753 412 1852 458 est.
1889 403 2020 457 Nam

453 502 789 575 quantalibet
818 503 1018 556 virtute
1043 513 1194 554 meus
1213 497 1430 569 polleat,
1462 478 1793 568 quantalibet
1841 499 2022 569 gravi-

2127 423 2193 490 ne
2211 407 2348 462 acus
2369 410 2540 463 adhuc
2576 408 2637 463 id
2665 419 2783 494 est,
2822 410 3140 472 illecebrosa
3160 397 3474 471 deliciarum
3495 413 3692 470 obum-

2123 495 2242 550 bret
2265 497 2483 568 prurigo
2512 499 2692 552 mundi
2717 538 2732 562 ,
2763 499 2980 556 humilis
3005 501 3069 557 ad
3095 503 3452 565 altitudinem.
3479 503 3690 575 fragilis

455 597 566 651 une
600 593 795 663 vigeat,
822 589 1063 647 carnales
1092 590 1271 645 tamen
1308 603 1500 645 sensus
1525 588 1730 670 puerile
1770 589 2024 658 quiddam
2123 587 2189 642 ad
2221 587 2487 668 laborem,
2510 589 2683 644 mollis
2709 591 2773 645 ad
2802 607 2982 658 usum,
3010 593 3209 649 sterilis
3235 597 3301 650 ad
3324 595 3578 651 fructum.
3615 597 3687 651 Et

451 683 694 742 exterius
739 689 1105 754 perstrepunt;
1161 687 1217 735 et
1264 678 1376 734 nisi
1417 679 1697 744 interioris
1744 677 2024 752 gravitatis
2123 679 2176 733 in
2207 675 2312 733 alio
2333 675 2457 733 loco
2489 698 2501 732 :
2536 681 2686 747 Quod
2715 682 2877 752 igitur
2897 684 3114 754 gravius
3143 694 3244 753 eet,
3273 688 3465 757 inquit,
3496 689 3596 744 hac
3622 702 3689 743 se

451 776 716 847 pondere,
748 781 803 827 et
826 771 979 842 quasi
1002 767 1226 841 juvenili
1253 770 1484 840 quodam
1509 769 1696 839 vigore
1719 768 2024 836 frenentur;

451 868 518 923 ad
547 866 685 921 ﬂuxa
710 855 935 935 qtlaque
959 871 1013 918 et
1045 863 1186 917 levia
1216 861 1752 932 mentemdnemeln
1778 863 2016 929 trahunt.

449 957 506 1012 ln
537 950 713 1029 primo
744 965 965 1026 parente
994 939 1181 1010 nostro
1200 953 1486 1009 didicimus
1505 954 1633 1023 quia
1657 954 1831 1010 tribus
1847 947 2021 1010 modis

453 1050 631 1106 omnis
675 1049 843 1119 culpae
875 1042 1174 1118 nequitiam.
1197 1047 1574 1116 perpetramu's
1613 1063 1624 1098 :
1682 1044 2020 1118 suggestione

453 1141 678 1206 scilicet,
711 1137 1084 1215 delectatione,
1112 1151 1396 1210 consensu.
1424 1134 1666 1189 Primum
1700 1135 1881 1215 itaque
1923 1148 2021 1204 per

451 1209 1021 1295 hostemﬂseoundum
1052 1228 1204 1281 vero‘
1226 1239 1323 1295 per
1347 1230 1566 1280 carnem
1593 1265 1608 1290 ,
1660 1209 1877 1279 tertium
1923 1239 2020 1294 per

451 1321 696 1391 spiritum
716 1324 1077 1388 perpetratur.
1096 1315 1380 1370 lnsidiator
1399 1316 1542 1370 enim
1564 1329 1731 1396 prava
1754 1315 2018 1386 suggerit,

451 1424 579 1474 caro
623 1422 679 1462 se
729 1403 1070 1461 delectationi
1124 1404 1354 1474 subiicit,
1385 1411 1548 1474 atque
1596 1404 1665 1459 ad
1709 1414 2017 1467 extremum

450 1499 670 1570 spiritus
698 1498 870 1554 vietus
908 1487 1266 1566 delectatione
1303 1489 1592 1552 censentit.
1631 1493 1784 1552 Unde
1811 1502 1866 1549 et
1904 1510 2018 1565 ser-

450 1605 585 1660 pens
613 1598 776 1658 prava
800 1587 1084 1659 suggessit.
1111 1584 1256 1641 [leva
1281 1593 1457 1642 autem
1486 1584 1641 1654 quasi
1682 1599 1810 1642 caro
1837 1600 1893 1641 se
1917 1575 2019 1641 de-

2117 763 2288 842 Adam
2319 770 2764 839 interpretatione
2797 775 3093 840 succinxit,
3123 790 3192 832 eo
3215 778 3334 834 loco
3359 781 3449 840 ubi
3504 780 3684 836 fructu

2119 861 2292 931 magis
2320 862 2584 918 castitatis
2628 876 2688 919 se
2727 863 3351 934 succingereﬁehuisset.
3385 864 3442 923 In
3487 869 3690 926 Ianthis

2117 953 2283 1017 enim,
2309 952 2502 1023 quibus
2524 955 2927 1024 prmeingimur,
2952 956 3194 1024 quaedam
3226 959 3429 1012 semina
3456 974 3685 1028 genera-
3727 980 3729 983 ·

2119 1044 2282 1100 tionis
2329 1061 2450 1100 esse
2477 1045 2784 1111 dicuntur;
2831 1040 2887 1101 et
2923 1046 3044 1101 ideo
3075 1046 3213 1101 male
3249 1046 3331 1101 ibi
3377 1051 3690 1122 succinctus

2117 1135 2287 1191 Adam
2333 1135 2473 1192 feriis
2495 1135 2791 1202 inutilibus,
2841 1137 2929 1191 ubi
2958 1135 3153 1192 totum
3181 1139 3546 1207 generationis
3577 1155 3689 1194 non

2119 1224 2352 1280 fructum
2400 1225 2666 1292 futurum,
2723 1228 2833 1282 sed.
2864 1229 3106 1297 quaedam
3150 1236 3375 1298 peccata
3423 1230 3685 1301 signaret.

2118 1313 2346 1385 Cumque
2371 1319 2724 1387 cognovissent
2745 1334 2800 1371 se
2830 1319 2996 1372 nudos
3024 1336 3132 1373 esse
3150 1359 3164 1384 ,
3215 1329 3528 1373 consuerunt
3556 1320 3688 1388 folia

2116 1407 2223 1477 ﬁci,
2259 1417 2310 1460 et
2328 1424 2382 1461 se
2417 1418 2707 1476 contegunt,
2741 1408 2865 1476 quia
2894 1409 2984 1478 qui
3011 1410 3264 1464 szeculum
3291 1425 3542 1479 asperum
3570 1425 3690 1463 am-

2116 1495 2440 1565 plectuntur,
2467 1497 2558 1566 qui
2581 1497 2856 1568 prurigine
2875 1498 3106 1554 carnalis
3128 1498 3414 1567 voluptatis
3440 1508 3684 1557 arantur.

2117 1585 2314 1654 quique
2339 1584 2545 1652 decepti
2577 1579 2824 1641 lueretica
2854 1587 3142 1656 pravitate;
3175 1595 3228 1641 et
3249 1589 3422 1658 gratia
3452 1589 3547 1642 Dei
3589 1605 3688 1642 nu-

451 1681 737 1735 lectatione
786 1677 1047 1741 subdidit,
1083 1676 1418 1731 Adam‘vero
1451 1674 1596 1741 velut
1624 1674 1844 1744 spiritus
1890 1690 2015 1748 sug—
2043 1660 2092 1718 Β
2118 1673 2262 1739 dati,
2314 1680 2619 1745 tegumenta
2668 1677 3070 1734 mendaciorum
3124 1687 3380 1748 tanquam
3424 1679 3548 1734 folia
3599 1680 3685 1737 fici

450 1760 718 1840 gestione,
753 1765 1102 1823 delectatione
1132 1757 1445 1837 superatus,
1497 1765 1745 1819 assensit.
1787 1755 2015 1839 Sugges-

452 1863 650 1916 tioaetn
677 1845 975 1928 itaque'p'er
989 1864 1266 1927 peceatum
1284 1857 1646 1928 agnoscimus,
1665 1855 2016 1919 delectatione

448 1953 733 2017 vincimur,
761 1965 1025 2004 consensu
1071 1948 1232 2018 etiam
1261 1946 1511 2016 ligamur.
1566 1944 1714 2000 Unde
1739 1955 1795 1999 et
1836 1945 2016 1999 excla-

447 2046 701 2099 mandum
726 2042 878 2097 nobis
899 2057 1020 2097 cum
1041 2035 1294 2109 A'postolo
1324 2056 1336 2093 :
1367 2038 1563 2113 Infelia:
1584 2056 1674 2107 ego
1697 2038 1871 2103 Itomo,
1901 2039 2016 2109 quis

448 2115 786 2187 me'liberabit
812 2131 874 2184 de
913 2114 1128 2198 corpore
1169 2130 1347 2181 mortis
1387 2124 1585 2197 hujus?
1611 2125 1781 2199 (Rom.
1813 2126 1929 2198 vn.)
1957 2134 2018 2180 ut

449 2223 796 2277 exaudiamus
819 2203 1231 2287 subsequentem
1259 2233 1355 2272 nos
1380 2216 1800 2272 consolationem
1835 2233 1847 2269 :
1879 2213 2015 2269 Gra-

449 2315 521 2366 tia
544 2309 642 2366 Dei
663 2328 754 2381 per
773 2309 952 2364 Iesum
974 2307 1239 2362 Christum
1253 2308 1534 2360 Dominum
1557 2316 1790 2361 nostrum
1806 2306 1855 2378 (1
1862 2305 2013 2376 bid.).

393 2454 401 2461 .
449 2405 579 2459 Item
601 2414 830 2472 quatuor
853 2385 1050 2457 modis
1072 2410 1352 2469 peccatum
1376 2407 1718 2469 perpetratur
1756 2399 1809 2453 in
1830 2399 2013 2462 corde,

453 2504 680 2562 quatuor
707 2499 1112 2546 consummatur
1161 2491 1212 2544 in
1258 2504 1440 2559 opere.
1488 2488 1546 2542 ln
1588 2488 1750 2543 corde
1785 2503 2020 2557 namque

451 2585 817 2655 suggestione,
846 2582 1220 2644 deleCtatione,
1254 2594 1552 2642 consensu,
1589 2588 1645 2633 et
1693 2578 2020 2634 defensionis

453 2674 675 2729 audacia
703 2672 1060 2742 perpetratur.
1093 2669 1182 2724 Fit
1221 2669 1364 2723 enim
1397 2669 1668 2739 suggestio
1707 2683 1804 2738 per
1831 2668 2022 2722 adver-

455 2764 678 2828 sarium,
703 2762 992 2817 delectatio
1020 2753 1112 2830 per
1141 2763 1358 2814 carnem
1379 2799 1394 2822 ,
1421 2772 1712 2812 consensus
1742 2773 1838 2827 per
1863 2757 2022 2826 spiri-

455 2863 566 2909 tum
583 2853 922 2917 defensionis,
956 2851 1176 2905 audacia
1196 2865 1292 2918 per
1315 2849 1626 2903 elationem.
1647 2848 1836 2927 Iisdem
1859 2849 2019 2902 etiam

452 2951 682 3012 quatuor
735 2941 904 2995 modis
958 2939 1237 3010 peccatum
1288 2947 1691 3008 consummatur
1732 2939 1786 2992 in
1835 2953 2013 3007 opere.

458 3030 610 3084 Prius
636 3045 864 3105 namque
889 3029 1060 3084 latens
1088 3028 1242 3098 culpa
1270 3029 1475 3098 agitur;
1523 3029 1862 3096 postmodum
1892 3043 2019 3082 vero

455 3124 628 3178 etiam
649 3129 773 3176 ante
809 3119 994 3194 oculos
1023 3120 1296 3173 hominum
1343 3118 1458 3173 sine
1495 3117 1807 3172 confusione
1841 3124 2018 3171 reatus

454 3213 727 3284 aperitur;
773 3212 964 3265 dehinc
993 3219 1045 3265 et
1072 3211 1125 3263 in
1177 3194 1619 3264 consuetudinem
1656 3209 1906 3273 ducitur;
1951 3209 2018 3263 ad

453 3313 753 3361 extremum
800 3317 1033 3371 quoque,
1061 3299 1144 3353 vel
1174 3297 1322 3352 falsa:
1351 3299 1462 3369 spei
1491 3298 1907 3377 sedu‘ctionibus,
1939 3299 2017 3354 vel

451 3392 812 3448 obstinatione
839 3394 1046 3444 iniscrze
1074 3387 1486 3458 desperationis,
1515 3388 1804 3443 e'nutritur.

863 3539 870 3550 .
1042 3499 1266 3556 CAPUT
1296 3500 1432 3555 XVI.

683 3571 780 3626 Ubi
807 3587 858 3624 se
881 3570 1044 3623 nudos
1074 3571 1308 3624 viderunt
1342 3571 1509 3623 Adam
1539 3579 1587 3623 et
1613 3570 1776 3626 Hera.

525 3661 754 3730 Cumque
770 3659 1121 3728 cognovissent
1147 3675 1253 3712 esse
1276 3675 1330 3711 se
1352 3651 1540 3724 nudos,
1559 3669 1868 3714 consuerunt
1891 3660 2019 3729 {alia

458 3754 587 3822 ﬁcus
609 3793 622 3817 ,
652 3730 981 3821 feceruntque
1003 3750 1480 3821 sibiperizomata.
1511 3751 1701 3804 Anima
1745 3752 2019 3806 rationalis

463 3843 740 3906 bestialem
758 3850 968 3920 motum
1001 3841 1074 3921 in
1103 3841 1358 3896 membris
1393 3856 1502 3895 sua:
1552 3842 1731 3896 carnis
1774 3833 2031 3918 erubuit,

458 3937 616 4007 eique
653 3935 877 3990 incussit
911 3931 1164 4002 pudorem
1213 3949 1226 3987 :
1271 3946 1376 4018 non
1410 3932 1582 3986 solum
1611 3927 1754 4001 'quia
1809 3933 1910 3987 hoc
1945 3931 2017 3986 ibi

461 4029 750 4092 sentiebat,
774 4027 863 4081 ubi
892 4041 1159 4094 nunquam
1203 4025 1361 4078 antea
1393 4024 1497 4077 tale
1519 4024 1719 4093 aliquid
1746 4032 2018 4087 senserat,

459 4134 644 4174 verum
685 4118 846 4173 etiam
870 4113 1007 4185 quod
1055 4114 1142 4168 ille
1169 4113 1448 4187 pudendus
1477 4121 1652 4171 motus
1679 4112 1743 4166 de
1769 4113 2018 4181 pneccpti

461 4212 882 4285 transgressione
918 4210 1179 4273 veniebat.
1229 4206 1303 4262 lbi
1334 4207 1478 4261 enim
1520 4207 1687 4261 sensit
1721 4222 1826 4276 qua
1871 4207 2020 4275 prius

463 4292 632 4376 gratia
663 4303 970 4367 vestirctur,
998 4299 1213 4369 quando
1243 4298 1294 4351 in
1324 4313 1417 4352 sua
1446 4296 1687 4381 nuditate
1716 4297 1847 4349 nihil
1873 4297 2021 4349 inde-
2050 4337 2099 4394 Β

462 4409 588 4451 cens
614 4393 957 4464 patiebatur;
989 4390 1218 4467 denique
1246 4389 1334 4442 illa
1361 4378 1773 4445 conturbatione
1801 4387 1865 4440 ad
1897 4386 2020 4453 folia

463 4481 700 4549 ﬁculnea:
753 4491 1142 4546 cucurrerunt,
1180 4496 1298 4550 quae
1338 4478 1476 4533 forte
1526 4477 1822 4548 perturbati
1849 4477 2021 4546 prima

462 4578 800 4639 invenerunt,
828 4557 1182 4643 perizomata,
1202 4571 1252 4623 id
1277 4579 1376 4632 est,
1411 4566 1765 4624 suceinctoria
1794 4579 2021 4619 consue-

464 4673 608 4730 runt,
642 4673 697 4718 et
722 4663 846 4732 quia
871 4650 1148 4731 glorianda
1174 4659 1554 4720 deseruerant,
1582 4655 1826 4725 pudenda
1873 4663 2023 4707 texe-

466 4763 606 4809 runt.
639 4753 749 4807 Nec
777 4751 1009 4806 arbitror
1032 4747 1415 4817 eos'cogitasse
1435 4743 1640 4813 aliquid
1670 4744 1722 4797 in
1753 4743 1855 4796 illis
1880 4742 2021 4796 foliis

465 4844 605 4916 quod
637 4843 828 4898 talibus
853 4848 1172 4912 congrueret
1219 4821 1427 4904 contegi
1456 4834 1568 4904 jam
1614 4836 1851 4889 membra
1893 4850 2023 4903 pru-

469 4934 680 4996 rieutia,
710 4929 803 4985 sed
828 4930 1034 4984 occulto
1062 4928 1319 4983 instinctu
1343 4925 1410 4978 ad
1445 4925 1550 4978 hoc
1578 4923 1650 4977 illi
1681 4939 1777 4992 per
1803 4932 2022 4978 contur-

468 5024 736 5080 bationem
786 5018 1042 5089 compulsi
1078 5027 1238 5080 sunt,
1293 5024 1350 5069 ut
1379 5015 1541 5068 etiam
1573 5013 1694 5067 talis
1718 5028 1888 5081 paena:
1916 5028 2023 5067 suae

467 5112 786 5186 signiﬁcatio
831 5125 860 5164 a
910 5107 1268 5163 nescientibus
1305 5107 1489 5169 fieret,
1535 5120 1655 5175 quae
1684 5113 2024 5174 peccatorem

468 5204 606 5260 facta
640 5200 1004 5262 convinceret,
1030 5203 1086 5250 et
1108 5195 1321 5249 doceret
1353 5195 1550 5263 scripta
1581 5194 1854 5248 lectorem.
1887 5193 2024 5262 Mys-

466 5295 660 5350 terium
691 5297 870 5346 autem
907 5287 1064 5357 hujus
1106 5285 1314 5339 arboris
1339 5323 1352 5349 ,
1396 5286 1493 5340 sub
1515 5301 1619 5353 qua
1647 5293 1702 5340 et
1731 5285 2025 5338 Nallianael

468 5386 640 5442 adhuc
667 5383 900 5453 pesitum
949 5377 1227 5431 Dominum
1272 5374 1429 5438 vidit,
1481 5376 1670 5429 beatus
1711 5374 2027 5429 Ambrosius

471 5461 700 5532 breviter
745 5474 957 5544 quidem
985 5511 997 5532 ,
1055 5469 1150 5523 sed
1197 5475 1438 5536 patenter
1474 5469 1718 5535 exposuit
1767 5467 1953 5521 dicens
2011 5487 2021 5519 :

473 5567 617 5623 Beati
647 5567 736 5637 qui
776 5566 874 5622 sub
903 5564 1006 5620 vite
1029 5569 1082 5616 et
1106 5559 1223 5618 olea
1256 5572 1421 5629 equos
1445 5572 1566 5614 suos
1593 5558 1847 5628 alligant,
1881 5560 2025 5614 latio-

2101 1760 2392 1833 ‘colligunt,
2425 1761 2682 1824 facientes
2703 1765 2807 1820 sibi
2839 1767 3098 1838 cinctoria
3125 1771 3405 1838 pravitatis
3423 1812 3438 1837 ,
3469 1787 3593 1825 cum
3622 1773 3688 1827 de

2118 1850 2345 1907 Domino
2367 1853 2450 1906 vel
2483 1839 2718 1907 Ecclesia
2744 1837 3096 1928 mentiuntur.
3126 1837 3137 1838 ί
3330 1859 3335 1865 ’
3596 1884 3605 1887 -

2131 1954 2135 1958 ·
2187 1940 2257 1994 Et
2282 1957 2398 1994 cum
2426 1943 2690 1997 audissent
2726 1960 2896 1999 vocem
2920 1946 3134 2015 Domini
3153 1949 3258 2003 'Dei
3301 1952 3689 2006 deambulantis

2116 2032 2194 2084 in;
2220 2033 2466 2100 paradiso
2509 2026 2576 2085 ad
2615 2045 2799 2086 auram
2838 2044 2952 2104 post
2991 2037 3275 2103 meridiem,
3319 2041 3590 2094 abscondit
3631 2059 3686 2096 se

2116 2105 2285 2172 Adam
2313 2131 2362 2173 et
2383 2137 2516 2173 uxor
2536 2109 2672 2191 ejus.
2705 2121 2834 2176 Post
2873 2125 3330 2192 meridiem-tales
3348 2126 3463 2196 jam
3493 2145 3686 2185 conve-
3777 2138 3781 2141 ’

2117 2207 2522 2278 neratvisitari,
2550 2215 2644 2283 qui
2676 2214 3050 2271 defecerant-a
3080 2217 3198 2272 luce
3233 2209 3496 2291 veritatis.
3535 2224 3689 2281 Unde

2118 2310 2247 2382 apte
2266 2303 2522 2365 Dominus
2543 2308 3006 2374 cruCemgme‘ridie
3033 2310 3297 2376 ascendit,
3316 2321 3387 2376 et,
3417 2315 3684 2383 promissa

2117 2393 2308 2448 latroni
2341 2396 2668 2453 habitatione
2706 2399 2960 2468 paradisi,
2997 2408 3117 2469 post
3143 2387 3450 2470 meridiem,
3482 2406 3542 2460 id
3578 2417 3683 2467 eet,

2117 2500 2258 2538 nona
2306 2487 2459 2551 hora,
2515 2489 2762 2557 spiritum
2812 2490 3049 2561 tradidit,
3098 2497 3156 2545 ut
3198 2494 3444 2549 videlicet
3495 2497 3686 2551 eadem

2118 2574 2272 2640 liora,
2297 2591 2399 2644 qua
2419 2579 2624 2646 primus
2655 2579 2815 2634 homo
2845 2578 3050 2651 lignum
3073 2585 3535 2650 praevaricationis
3558 2589 3683 2642 teti-

2118 2675 2289 2734 gerat,
2320 2670 2584 2724 secundus
2609 2671 2768 2725 homo
2792 2663 2993 2742 lignum
3030 2673 3412 2745 redemptionis
3436 2679 3686 2733 ascende»

2122 2765 2221 2822 ret,
2250 2767 2304 2813 et
2338 2773 2442 2828 qua
2475 2760 2606 2840 hora
2635 2761 2739 2821 diei
2769 2765 3208 2831 prtevaricatores
3232 2768 3481 2835 paradiso
3515 2785 3684 2840 expu-

2121 2847 2277 2914 lerat,
2304 2861 2366 2902 ea
2395 2823 2757 2904 confessorem
2780 2853 2833 2916 in
2857 2853 3162 2922 paradisum
3190 2855 3482 2911 induceret.

2192 2934 2471 2990 Abscondit
2491 2954 2570 3012 se,
2588 2938 2780 3007 inquit,
2809 2941 2974 2994 Adam
2998 2952 3045 2996 et
3071 2959 3204 2998 utr-ar
3223 2945 3336 3014 ejus
3359 2963 3391 2998 a
3418 2947 3553 3015 [acie
3579 2949 3684 3002 Do-

2122 3024 2249 3077 mini
2270 3021 2385 3088 Dei,
2431 3027 2483 3076 in
2527 3027 2692 3079 medio
2718 3021 2844 3096 ligni
2863 3029 3117 3098 paradisi.
3143 3032 3355 3103 (Beda.)
3380 3035 3513 3090 Cum
3544 3038 3682 3102 Deus

2120 3117 2316 3170 avertit
2362 3116 2552 3172 faciem
2583 3133 2734 3173 suam
2769 3120 3106 3188 intrinsecus,
3150 3141 3256 3179 non
3287 3128 3546 3196 miremur
3571 3133 3683 3188 hanc

2119 3205 2232 3259 fieri
2262 3221 2380 3274 quae
2416 3200 2608 3261 similia
2635 3218 2760 3282 sunt
2797 3210 3096 3278 dementite,
3127 3228 3224 3283 per
3258 3215 3480 3271 nimium
3515 3220 3684 3289 pudo-

2119 3310 2233 3348 rem
2267 3309 2330 3349 ac
2357 3296 2623 3353 timorem.
2657 3299 2749 3354 lllo
2773 3316 2982 3370 quoque
3021 3305 3230 3359 occulto
3275 3307 3533 3367 instinctu
3576 3326 3682 3365 non

2118 3383 2445 3450 quiescente,
2475 3393 2534 3438 ut
2560 3402 2621 3440 ea
2647 3389 2946 3445 nescientes
2968 3391 3224 3458 facerent,
3251 3411 3371 3463 quae
3393 3396 3590 3467 aliquid
3617 3400 3686 3454 si-

2119 3472 2455 3543 gniﬁcarent,
2474 3477 2791 3548 quandoque
2818 3481 3030 3535 scituris
3044 3485 3292 3551 posteris,
3311 3495 3530 3556 propter
3550 3503 3685 3557 quos

2120 3569 2221 3620 ista
2251 3570 2550 3638 conscripta
2591 3580 2731 3626 sunt.
2760 3571 3105 3640 Abscondunt
3140 3591 3196 3630 se
3225 3589 3457 3647 namque
3492 3596 3523 3634 a
3548 3562 3686 3636 facie

2119 3659 2234 3720 Dei,
2265 3660 2354 3728 qui
2399 3668 2642 3728 peccant,
2701 3663 2823 3731 quia
2872 3664 3118 3734 indignos
3165 3668 3443 3724 sedivina:
3469 3663 3687 3740 pietatis

2121 3749 2348 3802 reddunt
2368 3751 2703 3819 aspectibus;
2746 3753 3076 3809 abscondunt
3103 3771 3162 3810 se
3191 3771 3222 3810 a
3256 3756 3395 3813 facie
3428 3758 3542 3823 Dei,
3575 3775 3685 3816 non

2119 3847 2180 3892 ut
2202 3839 2434 3908 ipsorum
2458 3830 2839 3896 conscientiam
2861 3844 3104 3900 internus
3129 3847 3332 3900 arbiter
3350 3863 3457 3902 non
3483 3850 3683 3915 videat,

2121 3929 2214 3982 sed
2252 3938 2312 3982 ut
2348 3931 2446 3999 ipsi
2469 3931 2706 4000 gloriam
2729 3931 2906 3986 vultus
2938 3932 3053 4002 ejus
3090 3950 3362 4005 nunquam
3415 3934 3529 3992 nisi
3553 3938 3689 3993 resi-

2121 4019 2376 4087 piscendo
2403 4020 2749 4088 conspiciant.

2675 4133 2898 4190 CAPUT
2956 4137 3112 4192 XVII.

2125 4223 2222 4276 L’bi
2249 4223 2502 4277 Dominus
2529 4225 2654 4278 Adae
2676 4227 2729 4278 in
2746 4229 3237 4309 paradisoloquitur
3258 4241 3371 4299 post
3399 4244 3691 4305 transgres-

2714 4313 2906 4349 sionem
2947 4315 3078 4367 ejus.

2209 4381 2510 4452 Vocavitque
2525 4383 2775 4438 Dominus
2792 4385 2930 4441 Deus
2944 4388 3136 4454 Adam,
3155 4400 3200 4444 et
3222 4371 3353 4445 dixit
3375 4393 3455 4445 ei:
3475 4393 3576 4447 Ubi
3593 4411 3644 4449 es
3662 4396 3692 4448 Ρ

2119 4481 2230 4536 Non
2261 4474 2442 4542 utique
2482 4469 2773 4544 ignorando
2810 4479 3078 4546 quaesivit,
3123 4480 3215 4535 sed
3245 4482 3568 4551 increpando
3592 4483 3691 4538 ad-

2124 4564 2348 4627 monuit,
2387 4573 2445 4617 ut
2490 4567 2788 4621 attenderet
2820 4569 2871 4621 in
2908 4585 3012 4638 quo
3044 4586 3148 4624 non
3193 4582 3335 4625 esset
3380 4575 3541 4628 Deus.
3567 4573 3688 4628 Jam

2126 4653 2266 4705 enim
2295 4654 2417 4722 quia
2451 4654 2516 4707 de
2546 4655 2736 4709 arbore
2760 4658 2920 4710 vetita
2946 4659 3271 4723 comederat,
3300 4669 3546 4715 mortuus
3571 4670 3689 4715 erat

2126 4751 2297 4796 morte
2334 4744 2543 4808 animae,
2576 4760 2698 4799 cum
2731 4760 2850 4799 eam
2884 4745 3210 4800 deseruisset
3236 4748 3343 4800 vita
3383 4763 3480 4802 sua
3524 4749 3685 4804 Deus.

2123 4833 2188 4886 Et
2226 4834 2326 4886 hoc
2369 4847 2497 4886 sane
2530 4834 2594 4887 ad
2647 4834 2875 4901 aliquam
2918 4836 3149 4902 pertinet
3197 4835 3635 4906 significationem
3667 4855 3685 4890 :

2123 4925 2263 4993 quod
2298 4924 2435 4977 sicut
2459 4934 2780 4992 pmeceptum
2812 4925 2925 4977 viro
2950 4924 3130 4982 datum
3158 4935 3259 4989 est,
3291 4941 3385 4995 per
3412 4941 3572 4996 quem
3596 4941 3690 4981 vc.

2125 5015 2263 5067 niret
2293 5014 2358 5067 ad
2386 5012 2654 5076 feminam,
2689 5014 2758 5066 ita
2785 5014 2863 5067 vir
2893 5014 3037 5082 prior
3061 5013 3456 5083 interrogatur;
3483 5029 3686 5086 praece-

2126 5115 2272 5175 ptum
2313 5107 2455 5158 cnim
2486 5120 2514 5158 a
2541 5105 2760 5159 Domino
2787 5119 2881 5173 per
2910 5105 3082 5158 virum
3109 5119 3274 5173 usque
3307 5105 3374 5159 ad
3407 5103 3684 5167 feminam,

2131 5207 2409 5265 peccatum
2446 5208 2623 5253 autem
2681 5214 2708 5251 a
2745 5198 2954 5252 diabolo
2990 5212 3085 5266 per
3117 5196 3371 5251 feminam
3412 5212 3580 5266 usque
3619 5195 3689 5248 ad

2135 5291 2327 5342 virum.
2365 5287 2669 5358 Vocavitque
2689 5287 2829 5342 Deus
2861 5289 3047 5352 Adam,
3089 5285 3186 5341 Ubi
3207 5287 3298 5341 es?
3333 5287 3431 5340 Hic
3455 5284 3690 5339 ostendit

2131 5380 2252 5448 quia
2283 5378 2371 5447 qui
2401 5395 2428 5431 a
2469 5377 2570 5432 fide
2594 5377 2675 5431 vel
2703 5377 2856 5432 bonis
2885 5377 3137 5446 operibus
3164 5377 3230 5429 ad
3272 5373 3549 5428 mendacia
3592 5386 3688 5427 sua

2133 5471 2499 5540 desideriaque
2537 5471 2806 5535 labuntur,
2839 5485 2944 5523 non
2986 5470 3210 5538 despicit
3257 5467 3375 5520 illos
3405 5467 3566 5530 Deus,
3598 5464 3691 5519 sed

2135 5561 2305 5614 adhuc
2350 5569 2404 5613 ut
2437 5561 2654 5614 redeant
2689 5575 2784 5628 per
2811 5560 3176 5628 pmnitentiam
3220 5565 3391 5620 vocat,
3425 5557 3551 5625 quia
3585 5570 3692 5612 non
3751 5599 3757 5604 .
