3968 6338
201 394 311 450 ωδ

1227 376 1574 434 (ΣΟΜΜΕΝΤ.
1615 375 1680 428 ΙΝ
1716 371 2032 427 CENESIM.
2073 401 2141 412 —
2180 370 2305 425 LIB.
2338 366 2379 422 ῐ.

3314 375 3419 431 496

198 507 315 560 vult
345 508 569 558 mortem
596 495 911 567 peccatoris,
945 492 1038 546 sed
1066 498 1123 544 ut
1149 497 1492 544 convertatur
1511 497 1564 540 et
1595 487 1758 538 vivat.
1791 497 1834 555 Α
1867 495 1970 538 tur.
2014 484 2116 550 Qui
2146 499 2267 538 cum
2311 490 2626 552 argueretur
2655 497 2684 534 a
2728 482 2970 548 Domino,
3001 488 3138 555 quod
3167 487 3233 542 de
3273 499 3418 560 tigno

203 602 345 666 Ergo
372 608 476 647 non
499 598 583 644 est
607 585 995 655 desperandum
1023 579 1345 649 quibuslibet
1367 575 1760 663 peccatoribus,

202 702 330 742 eum
354 694 407 738 et
434 681 532 750 ipsi
561 677 710 746 impii
749 675 815 729 ad
844 685 990 742 spem
1019 668 1357 740 indulgentia:
1384 672 1762 736 provocentur.

279 773 378 839 Qui
407 772 478 824 ait
506 787 519 821 :
551 767 734 819 Vocem
767 775 908 816 tuam
938 761 1112 814 audivi
1140 759 1194 810 in
1217 756 1480 826 paradiso,
1511 763 1560 806 et
1594 752 1764 812 timui,

201 882 264 920 eo
290 862 426 932 quod
449 858 621 913 nudus
645 872 826 917 essent,
852 865 898 906 et
926 848 1168 904 abscondi
1198 863 1296 900 me.
1326 844 1471 898 Satis
1495 841 1768 912 probabile

203 931 492 1008 estisolerc
515 948 677 1000 Deum
703 959 797 1013 per
815 949 1117 995 creaturam
1141 934 1232 988 tali
1257 931 1454 987 actioni
1477 945 1767 999 congruam

205 1046 262 1098 in
311 1041 480 1094 forma
509 1038 739 1090 humana
772 1031 961 1102 primis
993 1029 1096 1082 illis
1131 1025 1440 1080 hominibus
1465 1035 1765 1092 apparere:

205 1148 344 1202 quos
388 1141 660 1196 nunquam
685 1123 933 1193 permisit
961 1120 1242 1174 advertere
1272 1114 1568 1168 nuditatem
1597 1127 1768 1172 suam,

205 1201 396 1277 eorum
438 1217 788 1273 intentionem
829 1213 882 1264 in
920 1221 1149 1278 superna
1190 1204 1494 1266 sustollens,
1521 1201 1623 1255 nisi
1653 1208 1774 1269 post

205 1320 524 1380 peccatum,
577 1303 878 1377 pudendum
925 1302 980 1354 in
1025 1295 1281 1362 membris
1332 1305 1534 1347 motum
1575 1290 1773 1360 pmnali

209 1399 574 1468 membrorum
597 1397 710 1464 lege
729 1391 1042 1446 sensissent.
1064 1385 1155 1440 Sic
1183 1398 1311 1453 ergo
1338 1381 1512 1451 affecti
1542 1389 1682 1442 sunt,
1718 1390 1774 1433 ut

208 1495 387 1549 solent
425 1490 668 1545 homines
697 1484 834 1548 aiiici
874 1483 972 1553 sub
1007 1478 1176 1534 oculis
1218 1477 1532 1540 hominum;
1577 1484 1630 1529 et
1659 1474 1775 1528 talis

211 1582 427 1638 affectio
451 1578 654 1648 peccati
667 1577 745 1630 ,de
771 1588 929 1643 pcena
948 1581 1084 1646 erat,
1107 1585 1230 1624 eum
1253 1568 1420 1621 latere
1443 1567 1596 1629 velle,‘
1616 1580 1772 1634 quem

212 1673 348 1730 nihil
388 1672 556 1726 latere
604 1675 799 1737 potest.
846 1664 996 1731 Quod
1040 1659 1318 1728 enimjam
1370 1660 1514 1728 ipsos
1542 1656 1776 1726 pudebat

214 1781 348 1835 erga
391 1762 615 1830 seipsos,
663 1759 803 1812 unde
859 1756 958 1810 sibi
1017 1761 1070 1807 et
1108 1749 1466 1805 succinctoria
1515 1747 1776 1808 fecerant,

1869 577 2030 629 vetito
2055 575 2396 638 comedisset,
2426 574 2592 627 Adam
2621 574 2824 628 scilicet
2859 585 2912 629 et
2951 592 3083 631 uxor
3108 578 3239 646 ejus,
3281 583 3422 636 illico

1867 667 2176 735 respondit:
2205 667 2428 733 Serpens
2471 665 2665 734 decepit
2714 681 2815 734 me,
2863 674 2910 716 et
2951 668 3164 720 comedi.
3197 670 3276 724 Ad
3321 673 3423 728 ltoc

1868 758 2062 826 quippe
2105 756 2347 824 requisiti
2385 755 2625 817 fuerunt,
2658 762 2717 807 ut
2752 737 3030 823 peccatum
3077 758 3215 824 quod
3247 770 3420 814 trans-

1869 848 2158 917 grediendo
2196 847 2600 906 commiserant,
2631 843 2937 898 ceniitendo
2976 844 3231 898 delerent.
3277 848 3428 905 Unde

1871 947 1926 991 et
1953 951 2174 1004 serpens
2204 936 2291 990 ille
2329 951 2637 1003 persuasor,
2667 934 2758 1002 qui
2788 949 2894 987 non
2941 942 3060 987 erat
3103 936 3433 992 revocandus

1873 1028 1939 1081 ad
1968 1028 2205 1090 veniam,
2232 1042 2338 1080 non
2365 1027 2538 1099 estde
2560 1026 2712 1095 culpa
2739 1025 3047 1093 requisitus.
3075 1027 3435 1099 interrogatus

1874 1122 2034 1174 homo
2059 1119 2254 1186 quippe
2297 1127 2382 1170 est
2408 1117 2496 1169 ubi
2546 1125 2706 1180 esset,
2735 1124 2794 1169 ut
2821 1127 3182 1187 perpetratam
3225 1117 3436 1188 culpam

1873 1211 2187 1280 respiceret,
2233 1217 2287 1262 et
2330 1207 2632 1261 conﬁtendo
2659 1216 3012 1277 cognosceret
3037 1224 3198 1277 quam
3225 1209 3380 1279 longe
3408 1227 3438 1264 a

1854 1301 2178 1356 Conditoris
2205 1300 2286 1354 sui
2323 1298 2458 1353 facie
2488 1301 2718 1352 abesset.
2788 1299 2892 1353 Sed
2928 1301 3185 1356 adhibere
3228 1302 3443 1357 sibimet

1878 1393 2092 1461 utrique
2121 1387 2446 1445 defension’is
2473 1390 2668 1444 solatia
2699 1405 2858 1460 quam
2885 1388 3238 1448 cnnfessionis
3269 1394 3443 1463 elege-

1877 1494 2022 1544 runt.
2049 1481 2291 1550 Cumque
2317 1495 2575 1535 excusare
2601 1489 2878 1549 peccatum
2911 1482 3076 1536 voluit
3095 1484 3177 1536 vir
3202 1499 3297 1553 per
3325 1499 3443 1537 mu-

1876 1575 2060 1628 lierem
2080 1611 2096 1636 ,
2137 1573 2339 1642 mulier
2374 1587 2471 1641 per
2504 1583 2803 1642 serpentem
2825 1614 2838 1637 ,
2895 1583 3158 1630 auxerunt
3189 1572 3396 1645 culpam
3423 1619 3439 1637 ,

1878 1655 2038 1731 quam
2086 1662 2222 1714 tueri
2271 1662 2448 1715 conati
2498 1674 2623 1714 sunt
2658 1663 2914 1731 oblique:
2946 1664 3116 1718 Adam
3158 1666 3439 1720 Dominum

1882 1762 2128 1821 tangens,
2165 1750 2305 1818 quod
2345 1751 2459 1818 ipse
2501 1752 2704 1819 peccati
2731 1765 2918 1804 eorum
2946 1762 3132 1806 auctor
3158 1755 3445 1816 exstiterit,

215 1831 390 1910 multo
411 1848 781 1906 vehementius
820 1846 887 1899 ab
912 1844 1003 1897 illo
1029 1843 1192 1895 etiam
1223 1840 1301 1893 sic
1329 1835 1591 1891 succincti
1616 1835 1783 1888 videri
1814 1831 1860 1888 B
1887 1843 1977 1912 qui
2001 1841 2278 1896 mulierem
2304 1839 2464 1903 fecit;
2494 1839 2640 1894 Heva
2668 1841 2878 1910 culpam
2910 1842 2976 1894 ad
3002 1841 3282 1897 Dominum
3313 1844 3452 1898 rere-

215 1946 564 2003 verebantur,
591 1927 683 2007 qui
712 1946 963 2003 tanquam
994 1929 1682 1998 familiaritemperamento
1715 1923 1783 1978 ad

215 2050 315 2090 eos
337 2030 613 2092 videndos,
641 2042 736 2098 per
767 2033 1068 2080 creaturam
1102 2019 1382 2082 visibilem,
1411 2018 1557 2071 velut
1594 2018 1784 2070 huma-

220 2139 324 2178 nos
365 2118 547 2175 oculos
592 2114 863 2170 afferebat.
911 2110 1168 2165 Dominus
1220 2122 1345 2160 vero
1393 2107 1582 2159 volens.
1620 2106 1783 2173 etiam

219 2226 538 2287 peccatores
579 2223 728 2268 more
780 2194 1001 2275 iustitiae
1047 2204 1401 2270 interrogatos
1439 2199 1629 2269 punire
1673 2214 1785 2251 am-

217 2307 364 2376 plius
402 2318 562 2373 quam
612 2307 729 2354 erat
770 2297 857 2350 illa
903 2309 1058 2364 pmna
1117 2294 1182 2346 de
1227 2306 1332 2361 qua
1364 2289 1476 2357 jam
1521 2288 1785 2356 cogeban-

222 2407 316 2452 tur
363 2393 719 2449 erubescere:
765 2388 893 2452 Quis
949 2386 1106 2448 enim,
1163 2382 1353 2450 inquit,
1407 2379 1651 2432 indicavit
1695 2377 1785 2428 tibi

220 2487 364 2558 quod
395 2484 565 2539 nudus
593 2497 747 2542 esses,
774 2479 873 2531 nisi
893 2475 1028 2546 quod
1072 2489 1135 2527 ea:
1163 2473 1300 2543 ligno
1331 2472 1394 2524 de
1413 2487 1513 2540 quo
1537 2483 1788 2537 pra'cepe-

223 2594 343 2630 ram
375 2591 436 2627 ne
480 2571 766 2625 comederes
811 2562 1271 2621 comedisti?ﬂinc
1311 2560 1452 2614 enim
1492 2573 1635 2612 mors
1665 2572 1790 2644 cpn-

221 2676 386 2735 cepta
412 2672 629 2733 propter
657 2661 750 2713 Dei
780 2657 1116 2720 sententiam,
1147 2655 1238 2722 qui
1266 2653 1344 2706 sic
1369 2650 1542 2703 fuerat
1568 2647 1790 2702 commi-

225 2766 409 2818 natus,
449 2753 576 2807 fecit
599 2749 801 2804 adverti
829 2743 1388 2815 concupiscentialiter
1413 2741 1670 2802 membra,
1698 2739 1788 2791 ubi

231 2824 378 2902 ducti
404 2841 578 2916 [dicti]
621 2843 742 2893 sunt
787 2836 958 2907 aperti
994 2835 1157 2899 oculi,
1187 2841 1241 2888 et
1269 2838 1510 2887 secutum
1545 2837 1628 2883 est
1651 2827 1790 2896 quod

228 2934 475 3003 puderet.

304 3021 547 3088 Dixitque
579 3017 743 3070 Adam
769 3033 786 3070 :
816 3015 1005 3070 Mulier
1023 3031 1178 3086 quam
1203 3013 1389 3067 dedisti
1414 3013 1540 3082 nti/ti
1573 3011 1789 3074 sociam,

230 3111 373 3165 dedit
425 3110 550 3162 mihi
584 3108 646 3160 de
691 3107 848 3177 ligno,
883 3117 928 3160 et
957 3105 1172 3158 comedi.
1223 3103 1484 3174 Superbia
1518 3116 1791 3172 nunquam

230 3205 372 3259 dixit
408 3201 857 3256 Peccavizhabet
900 3198 1292 3254 deformitatem
1338 3196 1689 3259 confusionis,
1738 3185 1862 3249 et~C

228 3307 342 3345 non
386 3289 556 3344 habet,
592 3287 944 3342 confessionis
989 3285 1364 3340 humilitatem.
1411 3283 1492 3337 Ad
1539 3285 1641 3342 hoc
1690 3283 1792 3337 ista

228 3381 435 3448 scripta
477 3388 622 3442 sunt,
669 3378 791 3446 quia
824 3385 878 3430 et
905 3377 1030 3445 ipsae
1063 3376 1509 3445 interrogationes
1542 3373 1790 3428 nimirum

231 3471 303 3524 ad
333 3471 440 3525 hoc
463 3467 615 3522 factae
637 3475 775 3527 sunt,
801 3474 859 3520 ut
884 3466 1081 3518 utiliter
1107 3465 1493 3529 scriberentur,
1522 3473 1581 3517 ut
1608 3464 1795 3518 adver-

233 3572 414 3618 tamus
447 3562 713 3631 quomodo
758 3559 1005 3628 superbia
1055 3557 1299 3610 laborent
1331 3557 1577 3610 homines
1618 3553 1793 3619 hodie,

230 3671 344 3710 non
375 3655 475 3708 nisi
511 3654 564 3706 in
592 3653 900 3710 Creatorem
939 3657 1197 3703 conantes
1239 3646 1441 3701 referre
1463 3647 1507 3700 si
1531 3646 1658 3715 quid
1684 3659 1799 3714 ege-

231 3749 342 3801 rint
365 3745 515 3809 mali,
543 3759 662 3798 cum
693 3727 796 3798 sibi
815 3741 978 3795 velint
1009 3740 1168 3793 tribui
1200 3740 1242 3793 si
1267 3739 1394 3808 quid
1424 3738 1631 3807 egerint
1651 3737 1794 3791 boni.

234 3835 450 3899 Mulier,
485 3834 867 3902 inquit,,quam
894 3830 1080 3883 dedisti
1108 3830 1304 3882 sociam
1330 3829 1480 3892 mihi,
1504 3827 1643 3881 dedit
1669 3826 1799 3879 mihi

231 3926 298 3980 de
323 3926 486 3994 tigno,
507 3933 554 3977 et
579 3923 797 3984 comedi,
820 3921 971 3990 quasi
993 3921 1061 3972 ad
1085 3922 1184 3991 hoc
1208 3921 1329 3974 data
1355 3919 1448 3984 sit,
1473 3925 1661 3986 utnon
1687 3917 1799 3987 ipsa

231 4015 416 4084 potius
439 4012 679 4073 obediret
704 4011 842 4074 viro,
873 4018 931 4082 et
959 4009 1117 4078 ambo
1146 4011 1272 4065 Deo.

309 4105 380 4157 Et
417 4104 545 4156 dixit
586 4101 844 4155 Dominus
883 4099 1020 4153 Deus
1057 4101 1125 4152 ad
1170 4099 1437 4153 mulierem
1459 4114 1478 4151 .'
1504 4099 1680 4165 Quare
1706 4101 1801 4152 hoc

233 4196 448 4265 fecisti?
477 4194 605 4259 Qui:
631 4194 890 4261 respondit
918 4208 934 4245 :
966 4193 1187 4263 Serpens
1227 4193 1422 4262 decepit
1450 4210 1547 4257 me,
1571 4203 1618 4247 et
1664 4210 1802 4246 com-

233 4286 341 4339 edi.
396 4284 505 4340 Nec
547 4286 644 4339 ista
676 4280 962 4340 confitetur
1006 4286 1308 4352 peccatum,
1351 4285 1443 4338 sed
1480 4284 1534 4337 in
1571 4284 1802 4342 alterum

234 4375 404 4429 refert
432 4375 624 4444 impari
654 4391 802 4438 sexu,
831 4375 943 4443 pari
973 4374 1133 4427 fastu.
1160 4373 1400 4443 Serpens,
1436 4374 1628 4441 inquit,
1657 4375 1805 4427 dece-

230 4465 310 4532 pit
353 4479 454 4524 me,
478 4471 525 4515 et
561 4462 775 4526 comedi,
815 4462 967 4530 quasi
1011 4460 1284 4530 cujusdam
1315 4462 1494 4516 suasio
1535 4471 1804 4531 precepto

235 4526 332 4605 Dei
367 4550 611 4604 debuerit
632 4526 914 4620 anteponi;
946 4559 1000 4604 et
1023 4526 1135 4618 ipsa
1165 4559 1342 4604 autem
1375 4526 1551 4621 culpis
1579 4526 1799 4608 causam
1833 4526 1879 4583 D

234 4640 290 4694 in
318 4639 628 4695 Creatorem
663 4640 840 4702 refert,
872 4641 963 4709 qui
1003 4649 1305 4708 serpentem
1333 4642 1385 4694 in
1413 4643 1685 4710 paradiso,
1709 4658 1804 4711 per

231 4742 398 4796 quem
419 4728 774 4797 deciperetur,
807 4729 1091 4782 creaverit.
1123 4727 1276 4782 Verte
1305 4729 1622 4783 humilitatis
1651 4732 1801 4784 testi-

235 4821 418 4874 monia
447 4829 586 4882 sunt,
618 4820 954 4889 iniquitatem
982 4835 1132 4873 suam
1163 4833 1427 4888 quemque
1455 4834 1800 4890 cognoscere,

233 4919 289 4963 et
309 4908 582 4977 cognitam
629 4925 758 4963 voce
792 4907 1141 4963 confessionis
1188 4909 1416 4976 aperire.
1460 4909 1546 4961 At
1588 4918 1794 4974 contra,

237 4999 494 5051 usitatum
523 4999 738 5062 humani
762 5000 977 5068 generis
1003 4999 1190 5052 vitium
1213 5007 1315 5063 est,
1338 5007 1393 5053 et
1427 4999 1651 5053 labendo
1679 5015 1800 5068 pec-

233 5097 416 5140 catum
457 5091 813 5155 committere,
851 5099 904 5146 et
947 5091 1289 5144 commissum
1336 5091 1576 5160 negando
1612 5091 1798 5146 defen-

235 5181 387 5241 dere,
412 5189 464 5232 et
499 5183 800 5236 convictum
830 5166 1175 5238 defendendo,
1202 5182 1572 5251 multiplicare.
1607 5184 1682 5237 Ex
1711 5185 1800 5238 illo

221 5269 434 5338 quippe
461 5268 611 5336 lapsu
641 5271 800 5339 primi
822 5271 1076 5334 hominis,
1108 5271 1221 5324 haec
1245 5281 1528 5340 augmenta
1554 5273 1804 5340 nequitia:

235 5358 501 5420 ducimus,
531 5373 594 5409 ex
618 5374 725 5426 quo
754 5359 923 5427 ipsam
955 5361 1189 5414 radicem
1215 5362 1471 5415 traximus
1495 5363 1682 5430 culpae.
1714 5361 1803 5416 Sic

235 5462 472 5517 namque
527 5447 612 5501 ille
656 5448 1021 5518 dumlignum
1052 5454 1271 5506 vetitum
1309 5454 1639 5522 contigisset,
1685 5455 1802 5507 abs-

235 5541 411 5594 condit
439 5537 493 5592 se
535 5556 566 5591 a
602 5540 734 5608 facie
762 5541 968 5593 Domini
1004 5544 1138 5594 inter
1167 5543 1307 5610 ligna
1333 5545 1584 5610 paradisi.
1617 5544 1670 5596 In
1698 5560 1800 5611 qua

237 5627 590 5681 “scansione
621 5628 844 5690 scilicet,
877 5630 1000 5696 quia
1034 5630 1197 5682 Deum
1238 5630 1402 5683 latere
1434 5647 1534 5684 non
1567 5639 1798 5698 poterat,

239 5730 346 5771 non
394 5715 590 5772 latendi
623 5717 842 5772 effectus
869 5718 1211 5782 describitur,
1243 5720 1336 5772 sed
1388 5719 1611 5774 affectus
1652 5731 1801 5774 nota—

1889 1949 2031 1997 reus,
2059 1923 2165 2002 'qui
2212 1933 2515 2003 serpentem
2557 1934 2610 1987 in
2641 1917 2890 2003 para‘disu
2936 1936 3131 2004 posuit.
3159 1936 3258 2003 Qui
3307 1936 3449 1992 enim

1875 2039 1979 2078 ore
2006 2024 2198 2078 diaboli
2240 2023 2473 2093 fallentis
2513 2023 2811 2090 audierant,
2842 2023 3011 2078 Erilis
3040 2026 3172 2080 sicut
3199 2027 3293 2091 dii,
3325 2027 3452 2096 quia

1890 2119 1999 2172 Deo
2023 2133 2141 2173 esse
2176 2117 2379 2198 similes
2403 2118 2455 2170 in
2497 2117 2774 2187 divinitate
2805 2106 3004 2186 nequir»
3065 2125 3176 2182 unt,
3209 2119 3274 2173 ad
3303 2123 3452 2174 erro-

1889 2208 1965 2261 ris
1987 2208 2067 2261 sui
2096 2207 2389 2270 cumulum,
2423 2206 2590 2260 Deum
2617 2205 2717 2259 sibi
2752 2205 2929 2260 facere
2953 2206 3180 2261 similem
3211 2208 3264 2261 in
3294 2209 3450 2279 culpa

1890 2295 2067 2348 conati
2106 2304 2248 2348 sunt.
2279 2294 2369 2350 Sic
2397 2307 2525 2364 ergo
2570 2303 2776 2347 reatum
2818 2308 2976 2348 suum
2999 2295 3124 2348 dum
3165 2294 3454 2352 defendere

1890 2387 2199 2451 moliuntur,
2232 2388 2573 2451 addiderunt,
2602 2395 2660 2440 ut
2687 2386 2840 2457 culpa
2866 2401 3050 2440 eorum
3083 2388 3317 2442 atrocior
3346 2388 3456 2442 dis-

1891 2491 2047 2530 cussa
2095 2476 2267 2541 ﬁeret,
2315 2491 2477 2546 quam
2527 2476 2705 2532 fuerat
2749 2483 3072 2547 perpetrata.
3121 2475 3270 2531 Unde
3309 2492 3452 2530 nunc

1891 2581 2102 2635 quoque
2143 2567 2364 2620 humani
2409 2569 2618 2637 generis
2656 2559 2792 2620 rami
2820 2581 2887 2621 ex
2933 2567 3034 2620 hac
3076 2565 3249 2620 adhuc
3274 2567 3456 2621 radice

1892 2643 2305 2732 amaritudinem
2337 2659 2576 2722 trahunt,
2619 2666 2678 2711 ut
2703 2673 2826 2712 cum
2851 2658 2916 2713 de
2941 2655 3072 2711 vitio
3107 2673 3204 2711 suo
3227 2659 3458 2727 quisque

1892 2751 2159 2821 arguitur,
2186 2751 2284 2805 sub
2314 2752 2641 2818 defensionis
2669 2753 2852 2818 verba,
2881 2752 3034 2821 quasi
3073 2753 3171 2820 Sub
3214 2754 3456 2822 quredam

1893 2858 1951 2898 se
1975 2837 2227 2896 arborum
2245 2841 2379 2905 folia
2409 2843 2709 2908 abscondit,
2736 2852 2791 2896 et
2823 2843 2965 2897 velut
3001 2845 3066 2897 ad
3094 2844 3335 2912 quaedam
3367 2859 3461 2899 ex-

1894 2929 2185 2988 cusationis
2214 2947 2323 2986 sua:
2360 2944 2527 3002 Opaca
2567 2939 2774 2986 secreta
2817 2932 3007 2987 faciem
3035 2931 3342 2988 Conditoris
3380 2933 3459 2987 fu-

1895 3020 2002 3091 git,
2026 3020 2152 3074 dum
2190 3035 2295 3075 non
2321 3020 2435 3074 vult
2469 3021 2717 3090 cOgnosci
2745 3020 2885 3091 quod
2919 3019 3063 3075 fecit.
3093 3020 3149 3074 in
3190 3035 3294 3090 qua
3321 3021 3462 3083 vide-

1895 3112 2021 3166 licet
2048 3111 2408 3171 occultatione
2433 3127 2540 3166 non
2570 3127 2626 3167 se
2644 3111 2887 3185 Domino,
2910 3112 3002 3166 sed
3026 3104 3460 3190 Dominumpabs-

1893 3205 2078 3259 condit
2121 3204 2262 3270 sibi,
2323 3205 2433 3278 agit
2466 3205 2663 3275 quippe
2706 3219 2774 3258 ne
2819 3200 3000 3258 omnia
3067 3189 3336 3258 videntem
3382 3205 3463 3258 vi-

1894 3296 2034 3357 deat,
2060 3311 2164 3350 non
2186 3303 2365 3350 autem
2394 3311 2463 3351 ne
2487 3296 2598 3365 ipse
2626 3296 2888 3371 videatur.
2918 3294 3034 3368 Quo
3062 3304 3246 3349 centra
3270 3296 3463 3364 cuique

1892 3384 2162 3450 peccaturi
2179 3382 2294 3451 jam
2323 3385 2603 3438 exordium
2646 3374 3044 3438 illumina’tionis
3071 3393 3154 3438 est
3189 3385 3461 3438 humilitas

1893 3473 2266 3537 confessionis,
2314 3474 2440 3542 quia
2477 3473 2792 3541 sibimetipsi
2827 3471 2941 3540 jam
2987 3487 3210 3542 parcere
3255 3475 3456 3536 renuit,

1895 3563 1986 3632 qui
2036 3563 2233 3617 malum
2284 3578 2402 3620 non.
2438 3560 2706 3618 erubescit
2751 3563 2994 3617 confiteri
3025 3564 3164 3633 quod
3209 3561 3352 3618 fecit.
3396 3563 3490 3635 Et.

1896 3655 1988 3722 qui
2014 3645 2354 3708 defendendo
2370 3665 2628 3709 excusare
2653 3649 2848 3722 potuit,
2878 3655 3177 3708 accusando
3202 3670 3260 3709 se
3299 3654 3474 3710 celer-

1899 3742 2034 3794 rime
2063 3742 2316 3795 defendit.
2369 3740 2624 3807 Unde'_et
2668 3750 2878 3797 mortuo
2919 3742 3143 3808 Lazaro,
3187 3745 3275 3812 qui
3322 3743 3463 3798 mole

1901 3846 2090 3904 magna
2116 3834 2481 3903 premebatur,
2529 3844 2866 3904 nequaquam
2908 3834 3120 3894 dicitur.
3163 3830 3460 3897 Revivisée,

1901 3923 2014 3987 sed,
2062 3922 2190 3976 Veni
2220 3924 2381 3993 foras.
2414 3923 2627 3996 Ex'qua
2669 3924 2874 3980 scilicet
2908 3925 3316 3988 resurrectione,
3348 3940 3468 3993 qua:

1902 4018 2048 4080 gesta
2076 4019 2156 4065 est
2193 4009 2246 4064 in
2276 4011 2418 4065 illius
2447 4027 2688 4082 corpore,
2722 4012 2962 4082 signatur
2990 4012 3220 4079 qualiter
3244 4027 3342 4065 nos
3371 4027 3461 4065 re.

1902 4104 2226 4159 suscitemur
2260 4104 2312 4157 in
2345 4101 2529 4168 corde,
2557 4119 2676 4158 cum
2704 4093 2951 4158 videlicet
3000 4111 3210 4157 mortuo
3246 4103 3463 4165 dicitur,

1917 4189 2041 4245 Veni
2066 4189 2226 4259 foras.
2261 4191 2330 4247 Ut
2370 4193 2620 4246 nimirum
2668 4182 2828 4246 homo
2854 4193 2906 4245 in
2937 4185 3157 4269 peccato
3184 4207 3280 4245 suo
3316 4207 3466 4246 mor-

1869 4349 1875 4353 ι
1905 4288 2046 4342 tuus,
2075 4286 2129 4332 et
2162 4293 2258 4349 per
2292 4277 2486 4334 molem
2539 4279 2689 4333 malae
2713 4280 3113 4336 consuetudinis
3142 4281 3254 4349 jam
3292 4280 3466 4349 sepul-

1904 4378 2010 4435 tus,
2038 4371 2162 4439 quia
2213 4370 2351 4423 intra
2396 4370 2774 4425 conscientiam
2805 4387 2956 4426 suam
2996 4371 3288 4425 absconsus
3320 4369 3471 4438 jacet

1905 4473 2000 4528 per
2043 4459 2358 4527 nequitiam,
2390 4474 2419 4511 a
2467 4459 2643 4528 seipso
2680 4457 2824 4513 foras
2853 4467 3009 4512 exeat
3050 4473 3147 4527 per
3175 4455 3467 4516 confessio-

1906 4563 2049 4605 nem.
2099 4547 2307 4604 Mortuo
2340 4551 2482 4605 enim
2528 4549 2651 4604 Veni
2681 4550 2824 4621 foras
2851 4551 3065 4614 dicitur,
3094 4559 3152 4604 ut
3204 4550 3271 4604 ab
3307 4565 3470 4605 excu-

1907 4639 2113 4714 satione
2137 4648 2297 4708 atque
2322 4639 2683 4693 occultatione
2717 4640 2924 4710 peccati
2956 4639 3021 4691 ad
3067 4639 3465 4692 accusationem

1905 4745 2054 4783 suam
2083 4745 2176 4784 ore
2195 4732 2412 4800 proprio
2435 4731 2584 4784 exire
2607 4737 2943 4800 provocetur.
2976 4727 3126 4784 Unde
3153 4728 3317 4782 David
3344 4743 3469 4798 pro-

1906 4823 2062 4889 pheta
2091 4822 2158 4875 ab
2189 4821 2274 4876 illa
2303 4823 2436 4875 tanti
2461 4830 2632 4876 morte
2659 4820 2913 4876 facinoris
2942 4818 3264 4873 reviviscens
3284 4817 3349 4871 ad
3377 4833 3470 4871 vo-

1907 4929 2024 4968 cem
2052 4916 2261 4969 Domini
2288 4910 2441 4983 quasi
2469 4914 2613 4969 foras
2633 4913 2783 4978 exiit;
2814 4912 2959 4975 dum,
2987 4926 3083 4981 per
3114 4909 3324 4964 Nathan
3349 4924 3472 4964 cor-

1907 5014 2110 5072 reptus,
2147 5007 2288 5075 quod
2317 5004 2518 5060 fecerat
2546 5003 2834 5058 accusavit.

2451 5115 2687 5170 ‘CAPUT
2735 5113 2918 5167 XVIII.

2185 5186 2284 5240 Ubi
2313 5187 2563 5240 sententia
2584 5185 2752 5253 fertur
2779 5185 2832 5235 in
2868 5192 3166 5252 serpentem.

1977 5276 2043 5329 Et
2085 5277 2156 5329 ait
2198 5276 2449 5328 Dominus
2491 5275 2558 5328 ad
2604 5282 2928 5343 serpentem:
2965 5270 3100 5336 Quia
3142 5271 3309 5340 fecisti
3352 5271 3469 5332 hoc,

1905 5364 2207 5431 maledictus
2245 5381 2297 5416 es
2329 5365 2463 5417 inter
2492 5351 2976 5416 omnia‘animantia
3005 5370 3051 5414 et
3081 5361 3263 5413 bestias
3291 5369 3466 5411 term.

1908 5454 2059 5526 Quod
2096 5467 2316 5521 serpens
2347 5468 2444 5510 cur
2473 5455 2574 5507 hoc
2603 5451 2788 5506 fecerit
2831 5466 2934 5504 non
2965 5459 3048 5503 est
3087 5449 3468 5514 interrogatus,

1908 5550 2082 5611 potest
2104 5543 2271 5594 videri
2308 5543 2449 5610 quod
2494 5559 2600 5595 non
2633 5543 2744 5610 ipse
2771 5541 2952 5608 utique
2979 5539 3029 5592 id
3059 5552 3151 5591 sua
3196 5546 3385 5592 natura
3416 5547 3472 5602 et

1909 5625 2181 5684 uoluntate
2229 5632 2456 5694 fecerat,
2486 5633 2579 5686 sed
2610 5633 2848 5686 diabolus
2890 5631 2952 5682 de
2989 5629 3077 5682 illo
3106 5639 3157 5681 et
3186 5644 3283 5697 per
3318 5627 3470 5682 illum

1911 5721 2082 5774 fuerat
2115 5728 2389 5788 operatus,
2415 5723 2509 5790 qui
2544 5723 2653 5791 jam
2701 5735 2766 5773 ex
2813 5726 3032 5794 peccato
3077 5717 3364 5788 impietatis
3409 5732 3472 5773 ac
