3968 6314
455 338 558 394 .495
1094 328 1157 383 B.
1197 322 1451 382 mnam
1493 320 1711 395 MAURI
1750 299 2066 373 suetum).
2108 310 2411 371 neeum.
2453 310 2737 367 OPERUM
2778 310 2954 383 rans
2993 311 3033 365 ι.

3602 302 3708 358 ιςθ

437 449 715 520 superbiae
745 442 988 517 suae-igni
1024 439 1322 495 destinatus
1348 434 1539 490 fuerat.
1566 432 1718 487 Nunc
1741 446 1869 501 ergo
1889 434 2031 501 quod
2062 440 2107 496 Α
2136 434 2411 494 calcaneo,
2448 443 2576 484 eum
2626 427 2680 481 in
2723 424 2828 479 ﬁne
2877 424 3001 478 vita:
3039 412 3342 492 praesentis,
3380 432 3481 473 nos
3519 430 3714 485 rapere

456 537 693 611 serpenti
729 534 946 595 dicitur,
979 538 1033 586 et
1062 528 1128 583 ad
1166 540 1288 580 eum
1320 523 1410 592 qui
1452 536 1548 592 per
1572 527 1877 589 serpentem
1904 531 2031 588 ope-

457 641 607 689 ratus
644 638 727 685 est
774 626 961 694 utique
1008 620 1260 681 refertur,
1310 613 1496 687 procul
1542 613 1707 667 dubio
1746 612 2033 682 ﬁguratum

456 730 558 778 est.
589 719 726 776 Nam
756 719 811 773 in
840 706 923 781 his
944 709 1125 787 verbis
1156 714 1389 763 lentator
1410 704 1498 760 ille
1525 702 1874 768 describitur,
1896 717 2031 772 qua-

458 812 527 868 lis
554 809 737 883 generi
766 809 999 863 immane
1030 799 1243 854 futurus
1270 804 1441 851 esset.

532 881 705 971 super
747 903 921 971 pectus
951 901 1097 944 tuum
1127 886 1406 958 gradieris,
1458 892 1505 938 et
1555 893 1750 952 terram
1805 881 2037 937 comedcs

460 989 658 1047 cunctis
697 984 877 1049 diebus
925 981 1197 1048 vittatam,
1250 984 1365 1031 etc;
1404 973 1576 1045 Super
1615 980 1801 1044 pectus
1843 972 2039 1042 quippe

462 1096 620 1137 suum
648 1076 891 1151 graditur
929 1074 1175 1140 Serpens,
1205 1068 1335 1138 quia
1368 1079 1557 1124 omnes
1587 1078 1807 1136 gressus
1842 1060 2059 1119 diaboli

464 1149 714 1240 nequitiae
737 1172 862 1222 sunt
887 1171 943 1219 et
971 1160 1206 1216 fraudes.
1254 1156 1390 1240 Nam
1436 1156 1490 1209 in
1518 1163 1736 1225 pectore
1772 1149 2040 1207 callidita-

465 1236 576 1319 teui
602 1267 657 1315 et
690 1254 960 1312 versutias
1003 1236 1392 1322 cogitationum
1418 1245 1535 1316 ejus
1578 1243 1804 1307 indicat,
1847 1239 2042 1310 quibus

468 1362 535 1410 ait
560 1368 655 1409 eos
682 1365 817 1422 quos
854 1346 967 1403 vult
1017 1344 1287 1419 decipere,
1335 1338 1520 1408 serpit.
1554 1336 1660 1391 Pro
1685 1348 1792 1405 quo
1821 1332 2042 1402 antiqua

470 1456 573 1501 trzn
594 1442 761 1500 elatio
796 1441 958 1494 habet
988 1455 998 1489 :
1026 1433 1241 1488 Pectore
1264 1441 1309 1485 et
1337 1439 1506 1485 ventre
1535 1443 1700 1498 repes.
1743 1425 1902 1495 Repit
1945 1439 2043 1479 au~

470 1544 575 1588 tem
596 1536 834 1600 pectore,
859 1540 981 1580 cum
1007 1516 1566 1577 terrenis-hominibus
1590 1529 1725 1585 quos
1747 1529 1845 1569 sua
1870 1527 2041 1567 mem-

472 1621 565 1678 bra
596 1617 774 1674 facere
802 1614 1095 1676 desiderat,
1145 1610 1359 1680 iniquas
1386 1606 1743 1677 cogitationes
1785 1603 2042 1676 suggerit.

474 1709 629 1783 chit
687 1717 741 1764 et
795 1714 1005 1771 ventre,
1065 1716 1189 1758 cum
1241 1714 1336 1757 eos
1385 1697 1618 1770 ingluvie
1662 1688 2047 1767 superatosin

2135 523 2351 594 satagit.
2376 519 2639 575 Calcaneo
2655 527 2909 585 namque,
2935 513 3027 584 qui
3058 512 3181 570 ﬁnis
3207 519 3291 567 est
3311 508 3577 579 corporis,
3602 520 3713 560 non

2135 594 2407 668 immerito
2430 609 2552 663 linis
2578 607 2703 661 vita:
2727 600 3267 672 nostrse'designatnr
3292 620 3305 656 :
3330 598 3474 671 quod
3494 604 3715 653 utrum-

2136 714 2240 775 que
2277 690 2388 773 ipsa
2418 694 2940 771 quoqueserpentis
2967 694 3203 763 conditio
3242 693 3470 764 ﬁgurate
3512 692 3736 752 denum.

2138 786 2375 865 tiat,’qui
2404 801 2458 848 et
2485 790 2690 847 conteri
2717 788 2855 845 solet
2876 788 2961 843 ab.
2982 786 3234 841 omnibus
3261 787 3353 855 qui
3382 792 3631 856 possunt,
3661 789 3721 837 et

2138 889 2253 958 ipse
2283 882 2536 940 feriendis
2577 882 2861 937 hominum
2880 876 3124 948 vestigiis
3154 876 3399 931 insidiari
3441 890 3549 931 non
3578 874 3723 929 desi-

2140 979 2236 1033 nit.
2279 974 2460 1050 (Isid.)
2510 974 2741 1043 Quidam
2786 972 2964 1053 autem
3012 969 3114 1023 hoc
3159 968 3303 1037 quod
3343 967 3555 1023 dictum
3594 975 3718 1021 est:

2122 1060 2455 1126 Inimicitias
2484 1084 2674 1139 ponam
2721 1067 2855 1120 inter
2895 1072 2944 1119 te
2972 1072 3021 1118 et
3064 1060 3357 1125 mulierem,
3398 1059 3465 1115 de
3498 1058 3724 1129 Virgine

2141 1163 2209 1217 de
2236 1176 2340 1232 qua
2386 1156 2644 1214 Dominus
2680 1164 2861 1224 natus,
2886 1160 2970 1210 est
3016 1150 3432 1208 intellexerunt:
3466 1148 3533 1205 eo
3578 1147 3726 1230 quod

2142 1250 2233 1306 illo
2256 1227 2501 1319 tempore
2532 1262 2597 1303 ex
2633 1260 2698 1302 ea
2725 1240 2985 1301 Dominus
3011 1241 3318 1319 nasciturus
3345 1238 3414 1293 ad
3442 1227 3723 1292 inimicum

2144 1314 2552 1401 devincendum,
2583 1345 2638 1392 et
2685 1336 2751 1391 ad
2798 1341 3047 1397 mortem,
3075 1314 3228 1400 cuius
3253 1330 3345 1385 ille
3391 1318 3726 1383 auctorerat

2144 1430 2548 1495 destruendam,
2570 1427 3002 1499 promittebatur,
3025 1424 3166 1480 sicut
3190 1422 3244 1476 in
3272 1418 3440 1474 David
3461 1415 3726 1484 scriptum

2145 1529 2229 1579 est
2257 1535 2271 1575 :
2296 1520 2372 1574 De
2417 1518 2592 1589 fmctst
2624 1518 2821 1572 ventris
2847 1516 2924 1571 tui
2955 1522 3144 1586 ponam
3185 1527 3341 1580 super
3370 1507 3543 1563 sedem
3579 1514 3728 1558 tuam

2148 1611 2318 1687 (Psal.
2359 1607 2488 1685 clx).
2515 1608 2652 1663 Nam
2683 1615 2737 1662 et
2765 1606 2894 1661 illud
2921 1604 3064 1675 quod
3094 1600 3433 1670 subiunctum
3459 1590 3545 1650 est
3565 1612 3578 1646 :
3601 1592 3725 1661 Ipsa

2150 1712 2371 1760 conteret
2397 1711 2552 1773 caput
2575 1711 2745 1765 tuum,
2770 1708 2816 1754 et
2850 1707 2904 1752 tu
2940 1694 3273 1773 insidiaberis
3305 1690 3550 1745 calcaneo
3586 1686 3726 1756 ejus,

470 1778 663 1860 assium
688 1797 925 1854 libidinis
952 1794 1175 1851 excitat.
1200 1788 1391 1848 Omnia
1435 1803 1669 1859 namque
1694 1802 1815 1859 quae
1855 1792 2051 1858 repunt

2171 1816 2256 1856 ioc
2275 1799 2343 1854 de
2363 1793 2760 1859 iructulv'entris
2781 1790 2981 1855 Mariae,
3012 1788 3102 1860 qui
3125 1796 3210 1842 est
3230 1784 3497 1843 Christus,
3530 1778 3728 1834 intelli-

473 1904 667 1960 corpus
710 1902 808 1959 per
844 1886 1046 1941 terram
1090 1882 1331 1961 trahunt.
1377 1880 1590 1951 Corpus
1632 1888 1813 1961 autem
1853 1875 2052 1932 diaboli

474 1988 600 2035 sunt
639 1958 825 2035 omnes
862 1975 1114 2047 reprobi;
1146 1958 1202 2029 et
1228 1974 1342 2042 ipse
1387 1980 1607 2042 pectore
1630 1980 1685 2025 et
1720 1958 1910 2023 ventre
1956 1981 2054 2033 suo

478 2072 633 2142 repit,
672 2084 792 2125 cum
830 2082 930 2139 per
965 2067 1180 2135 iniquas
1223 2064 1597 2135 cogitationes,
1643 2062 1727 2117 vel
1775 2061 2054 2116 illecebras

473 2159 882 2219 eomessationis
920 2172 985 2214 ac
1030 2156 1282 2222 luxuria,
1309 2155 1374 2209 ad
1415 2153 1609 2209 inﬁma
1643 2152 1915 2224 deprimit.
1957 2151 2054 2205 De-

478 2261 629 2308 vorat
646 2257 825 2306 autem
858 2255 1078 2313 terram,
1113 2261 1236 2328 cum
1263 2259 1448 2301 errore
1495 2243 1835 2315 peccantium
1871 2240 2050 2313 pasci-

478 2352 563 2398 tur
598 2356 662 2398 ac
695 2339 1013 2404 delectatur,
1061 2350 1263 2407 eosque
1306 2330 1624 2390 scducentes
1660 2332 1727 2388 ad
1774 2330 2055 2387 interitum

480 2436 638 2506 rapit.
669 2433 823 2491 Sicut
843 2433 987 2488 enim
1021 2429 1192 2487 sancti
1230 2442 1373 2500 saepe
1395 2425 1681 2490 caelorum,
1715 2424 1790 2479 ita
1836 2421 2056 2477 nomine

480 2537 639 2586 terrae
664 2527 729 2583 hi
747 2526 839 2598 qui
863 2534 1078 2581 terrena
1107 2522 1323 2593 sapiunt
1345 2519 1672 2575 indicantur.
1699 2514 1976 2584 Quomodo
1999 2512 2054 2566 in

482 2604 829 2688 sequentibus
853 2615 978 2670 Adae
1006 2614 1240 2683 dicitur:
1270 2610 1430 2666 Terra
1457 2627 1534 2676 es,
1562 2618 1612 2664 et
1634 2609 1909 2675 interram
1936 2603 2055 2668 ibis,

484 2707 626 2778 quod
658 2715 839 2763 nostra
881 2704 1159 2760 translatio
1200 2703 1363 2759 habet
1384 2718 1405 2755 ιε
1434 2700 1573 2767 Quia
1609 2697 1775 2771 pulvis
1819 2714 1894 2761 es,
1933 2704 1979 2751 et
2006 2696 2061 2748 in

484 2796 758 2868 pulverem
786 2794 1067 2850 reverteris.
1122 2793 1181 2847 in
1222 2791 1372 2861 cujus
1405 2791 1618 2862 signum
1661 2786 2058 2851 devorationis,

488 2886 784 2958 spiritualis
824 2886 936 2957 ipse
963 2884 1377 2953 etiamserpens
1421 2878 1771 2945 irrationalis,
1800 2878 1943 2948 quod
1972 2878 2064 2932 de-

490 2963 794 3045 cipiendum
824 2972 1095 3028 hominem
1125 2970 1269 3025 velut
1308 2984 1513 3040 organo
1547 2983 1645 3023 suo
1685 2982 1818 3027 usus
1844 2974 1927 3021 est
1953 2964 2066 3020 dia-

494 3065 667 3131 bolus,
708 3079 851 3119 nunc
883 3072 1084 3119 terram
1129 3060 1468 3118 materialem
1518 3056 1803 3114 comedere
1822 3055 2063 3125 iubetur,

2155 1899 2302 1964 gunt,
2338 1889 2389 1945 id
2425 1896 2529 1953 est,
2557 1879 2621 1942 tu
2643 1897 2787 1940 eum
2810 1869 3269 1952 supplantabisut
3308 1872 3609 1959 moriatur;
3639 1868 3733 1923 ille

2155 1958 2332 2035 autem
2366 1986 2416 2033 te
2443 1978 2585 2031 victo
2632 1980 2895 2042 resurget,
2942 1979 2998 2025 et
3043 1968 3205 2041 caput
3256 1958 3407 2021 tuum
3462 1967 3729 2021 conteret,

2154 2070 2294 2142 quod
2326 2076 2410 2124 est
2448 2082 2622 2131 mors;
2666 2064 2807 2120 sicut
2837 2071 2891 2118 et
2925 2061 3095 2118 David
3138 2059 3349 2114 dixerat
3390 2072 3455 2111 ex
3497 2067 3731 2125 persona

2153 2159 2333 2217 Patris
2362 2156 2429 2213 ad
2469 2156 2666 2212 Filium
2697 2174 2709 2208 :
2739 2150 2908 2224 Super
2936 2151 3167 2222 aspidem
3210 2158 3256 2213 et
3287 2146 3587 2200 basiliscum
3614 2158 3733 2195 am-

2156 2250 2377 2316 bulabis,
2406 2245 2793 2304 etconculcabis
2816 2243 3015 2298 leonem
3038 2251 3085 2295 ct
3108 2234 3386 2293 draconem
3413 2233 3583 2307 (Psal.
3616 2232 3729 2300 xc).

2156 2342 2410 2417 Aspidem
2452 2338 2588 2394 dixit
2626 2342 2877 2417 mortem,
2922 2331 3234 2388 basiliscum
3258 2322 3730 2407 peccatumpleo-

2159 2433 2281 2491 nem
2310 2431 2720 2494 Antichristum,
2753 2416 3043 2482 draconem
3069 2420 3362 2479 diabolum.

2734 2534 2960 2592 CAPUT
3003 2520 3143 2588 XIX.

2292 2612 2393 2669 Ubi
2422 2608 2626 2667 mulieri
2647 2623 2844 2663 necnon
2880 2604 3009 2658 Adte
3039 2600 3302 2671 corruptio
3333 2598 3599 2652 indicitur.

2236 2705 2446 2761 Mulieri
2479 2715 2680 2772 quoque
2707 2697 2879 2752 dixit:
2909 2691 3271 2765 Multiplicabo
3296 2680 3555 2744 cernmnds
3582 2695 3738 2751 tuas,

2164 2807 2210 2852 et
2239 2801 2510 2863 conceptus
2539 2800 2652 2844 tuos
2675 2804 2691 2842 :
2715 2788 2770 2841 in
2795 2784 2973 2839 dolore
2998 2784 3166 2855 paries
3194 2780 3349 2853 ﬁlios.
3376 2774 3499 2833 Haec
3519 2788 3741 2846 quoque

2167 2889 2219 2943 in
2250 2885 2531 2941 mulierem
2561 2879 2657 2936 Dei
2677 2876 2839 2933 verba
2872 2874 3098 2946 ﬁgurate
3134 2887 3195 2927 ac
3232 2869 3545 2942 prophetiee
3566 2865 3743 2921 multa

2167 2974 2499 3035 commodius
2522 2969 2919 3039 intelliguntur;
2952 2970 3322 3020 verumtamen
3345 2958 3470 3029 quia
3498 2956 3743 3012 nondum

2167 3073 2453 3140 pepererat
2497 3062 2716 3124 femina,
2767 3072 2869 3113 nec
2914 3056 3066 3111 dolor
3096 3061 3151 3109 et
3195 3050 3427 3123 gemitus
3474 3046 3745 3115 parientis

493 3156 577 3210 cui
606 3154 757 3225 prius
782 3167 887 3206 una
917 3166 1037 3207 cum
1059 3150 1271 3206 caeteris
1294 3149 1657 3204 animantibus
1697 3154 1855 3203 terra:
1884 3145 2069 3202 herbis
2096 3129 2139 3190 C
2172 3129 2275 3211 ξιίέί
2298 3168 2365 3209 εχ
2392 3164 2617 3221 corpore
2646 3146 2837 3203 mortis
2863 3139 3187 3217 [morientis]
3217 3148 3322 3202 est,
3345 3149 3465 3206 quae
3489 3133 3575 3190 illa
3602 3148 3747 3204 prae-

496 3257 550 3302 et
577 3246 843 3313 lignorum
868 3241 1131 3297 fructibus
1158 3240 1302 3295 vesci
1330 3255 1646 3295 concessum
1671 3247 1808 3295 erat.

569 3333 876 3388 Inimicitias
917 3347 1108 3402 ponam
1140 3330 1274 3383 inter
1316 3337 1364 3382 te
1401 3338 1446 3383 et
1474 3327 1761 3391 mulierem,
1805 3337 1853 3383 et
1896 3343 2069 3382 semen

495 3430 717 3495 tuamet
746 3436 919 3475 semen
967 3420 1128 3475 iuius.
1160 3419 1357 3474 Semen
1390 3418 1632 3473 mulieris
1659 3426 1829 3473 totum
1870 3426 1954 3481 est
1981 3432 2070 3489 ge-

499 3528 603 3568 nus
644 3513 939 3567 humanum
961 3551 975 3575 ,
1006 3525 1189 3575 semen
1234 3508 1452 3569 diaboli,
1476 3510 1920 3581 praevaricatores
1944 3517 2071 3565 sunt

498 3603 697 3675 angeli,
726 3602 815 3672 qui
853 3601 1098 3671 exemplo
1126 3607 1250 3663 sunt
1272 3600 1536 3670 superbia
1557 3599 1700 3655 illius
1732 3616 1796 3655 ac
1825 3599 2072 3655 rebellio-

500 3698 587 3754 nis
629 3695 923 3765 depravati.
965 3692 1160 3754 Semen
1196 3692 1339 3746 illius
1362 3699 1446 3747 est
1471 3706 1731 3762 perversa
1760 3690 2068 3762 suggestio;

504 3800 688 3843 semen
728 3782 989 3845 mulieris,
1022 3781 1230 3847 fructus
1266 3780 1395 3836 boni
1436 3780 1635 3850 operis,
1666 3794 1771 3849 quo
1807 3794 2074 3846 perversae

506 3872 837 3947 suggestioni
867 3872 1156 3926 resistitur.
1190 3869 1360 3940 Hujus
1386 3879 1566 3926 autem
1606 3870 1873 3947 serpentis
1902 3880 1965 3923 ac
1992 3883 2075 3923 se-

505 3965 668 4022 minis
719 3960 836 4031 ejus
874 3959 1209 4018 inimicitiam
1256 3960 1571 4025 memorati,
1602 3942 1863 4030 quantum
1907 3940 2090 4029 genus

507 4059 823 4135 humanum.
848 4051 1080 4116 tolleret,
1107 4058 1367 4121 quantum
1395 4050 1653 4105 adversus
1688 4062 1807 4104 eam
1850 4048 2079 4112 inimici-

402 4126 435 4243 λλ
505 4148 638 4202 tiam
666 4126 855 4201 omnes
883 4142 1040 4198 electi
1088 4151 1232 4196 recte
1262 4140 1490 4215 vivendo
1533 4145 1843 4204 exerceant,
1872 4136 2079 4192 cunctis

512 4236 624 4292 sole
653 4234 851 4289 clarius
890 4230 1135 4287 ﬁdelibus
1155 4238 1383 4286 constat.
1413 4228 1580 4298 Cujus
1603 4228 1817 4299 signum
1850 4226 2080 4281 inimici-

515 4329 602 4384 tia!
638 4327 689 4381 in
722 4332 915 4378 natura
955 4322 1117 4377 etiam
1163 4330 1386 4390 apparet
1422 4318 1753 4375 irrationalis
1792 4318 2083 4388 serpentis,

513 4419 636 4489 quia
667 4415 874 4481 cunctis
899 4412 1259 4468 animantibus
1280 4420 1335 4467 et
1360 4412 1549 4467 bestiis
1576 4419 1756 4475 terra},
1794 4424 1892 4480 pro
1921 4408 2082 4464 insita

516 4507 616 4567 sibi
644 4514 792 4576 peste
818 4502 1008 4557 veneni
1049 4500 1337 4572 generalis,
1361 4515 1573 4569 semper
1599 4500 1783 4554 existit
1814 4498 2083 4563 inimicus,

519 4601 661 4672 quod
687 4598 938 4655 videlicet
962 4598 1011 4651 ei
1043 4611 1073 4650 a
1113 4586 1353 4665 tempore
1391 4592 1788 4648 maledictionis
1813 4590 1988 4660 hujus,
2034 4601 2089 4645 et

523 4708 624 4747 non
650 4701 791 4752 ante,
824 4688 1043 4741 insitum
1064 4700 1185 4741 esse
1207 4683 1538 4738 credendum
1569 4693 1663 4737 est.

596 4778 715 4843 Ipsa
746 4785 973 4841 conteret
999 4785 1153 4845 caput
1189 4783 1357 4838 tuum,
1395 4782 1443 4825 ct
1482 4782 1539 4825 tu
1567 4771 1895 4825 insidiaberis
1926 4769 2092 4824 calca-

528 4888 620 4926 nco
642 4872 774 4941 ejus.
792 4867 993 4923 Mulier
1007 4874 1250 4922 conteret
1271 4872 1432 4934 caput
1452 4862 1737 4941 serpentis,
1766 4877 1884 4917 cum
1902 4860 2087 4916 Eccle-

529 4963 606 5016 sia
644 4968 828 5015 sancta
857 4958 1076 5013 insidias
1121 4955 1339 5019 diaboli,
1366 4964 1421 5010 et
1467 4937 1752 5008 suasiones
1775 4966 2092 5015 venenosas,

534 5053 584 5105 in
606 5051 719 5119 ipso
748 5064 871 5103 mox
897 5047 1049 5103 initio
1086 5047 1447 5115 deprehensas
1481 5042 1672 5112 abigit,
1703 5050 1758 5099 et
1784 5043 1935 5113 quasi
1967 5056 2095 5095 con—

534 5136 752 5193 culcans
774 5136 839 5189 ad
870 5134 1097 5199 nihilum,
1128 5134 1357 5188 deducit.
1399 5131 1655 5194 Conteret
1685 5139 1847 5201 caput
1873 5144 2095 5199 serpen-

536 5229 622 5290 tis,
657 5209 778 5281 ctim
806 5224 1067 5293 superbia:
1103 5236 1197 5291 per
1227 5237 1384 5290 quam
1412 5206 1559 5276 lleva
1601 5221 1826 5291 decepta
1852 5228 1955 5285 est,
1980 5234 2099 5274 sese

537 5320 636 5374 sub
665 5313 868 5388 potenti
914 5331 1077 5370 manu
1108 5314 1201 5368 Dei
1249 5314 1577 5371 humiliando
1609 5315 1835 5371 resistit.
1882 5312 2100 5367 Initium

535 5413 678 5465 enim
720 5410 887 5465 omnis
927 5408 1124 5478 peccati
1156 5406 1414 5476 superbia.
1457 5407 1524 5461 Et
1554 5421 1776 5475 serpens
1820 5404 2104 5461 insidiatur

540 5494 790 5559 calcar-eo
839 5501 1110 5565 mulieris,
1153 5499 1277 5568 quia
1331 5483 1625 5556 Ecclesiam
1671 5499 1917 5555 diabolus
1964 5497 2107 5553 velut

543 5596 620 5651 leo
659 5576 863 5665 rugiens
889 5593 1097 5655 circuit,
1140 5606 1377 5660 qurerens
1401 5604 1551 5657 quem
1592 5590 1814 5652 deraret,
1840 5588 2108 5658 quomodo

546 5700 758 5754 gressus
807 5684 957 5739 bona:
1004 5692 1200 5752 nostra:
1253 5680 1484 5737 actionis
1540 5689 1767 5735 avertat.
1822 5680 2106 5737 lusitliatur

2169 3242 2309 3312 cepti
2341 3292 2344 3294 ν
2372 3236 2795 3309 transgressione
2850 3239 3106 3300 concepta
3171 3237 3283 3293 est,
3342 3224 3577 3280 refertur
3626 3224 3748 3278 haec

2169 3344 2330 3403 poena
2357 3336 2413 3383 et
2433 3328 2499 3382 ad
2522 3324 2905 3397 proprietatem
2936 3320 3146 3397 litteraz.
3178 3316 3312 3371 Nam
3341 3314 3475 3370 etin
3504 3328 3572 3368 eo
3601 3312 3750 3384 quod

2172 3423 2433 3493 sequitur,
2469 3418 2533 3472 Et
2554 3418 2648 3477 sub
2674 3417 2770 3471 viri
2795 3421 3044 3486 potestate
3071 3412 3194 3476 eris,
3225 3418 3271 3463 et
3301 3410 3409 3479 ipse
3445 3404 3749 3460 dominabi-

2173 3514 2391 3579 κατ-ωε,
2415 3524 2539 3567 cum
2572 3516 2628 3564 et
2664 3515 2788 3562 ante
2834 3511 3113 3576 peccatum
3144 3500 3303 3556 aliter
3343 3498 3542 3553 factam
3574 3495 3754 3549 fuisse

2175 3620 2283 3660 non
2313 3603 2502 3658 deceat
2532 3596 2755 3654 credere
2778 3593 3079 3657 mulierem,
3105 3590 3208 3646 nisi
3234 3598 3295 3644 ut
3317 3589 3399 3642 vir
3428 3586 3479 3641 ei
3499 3585 3751 3640 domina—

2177 3692 2346 3757 retur,
2378 3699 2435 3747 et
2463 3690 2562 3745 sub
2587 3686 2701 3756 eius
2748 3686 2860 3755 ipsa
2890 3689 3159 3753 potestate
3200 3680 3439 3750 degeret,
3470 3682 3618 3731 recte
3661 3688 3758 3755 ae-

2178 3784 2282 3855 cipi
2303 3790 2484 3855 potest
2509 3780 2653 3834 hanc
2673 3776 2985 3833 servitutem
3018 3772 3399 3844 signiﬁcatam,
3429 3782 3551 3838 quas
3571 3764 3758 3835 cujus-

2180 3877 2304 3932 dam
2359 3870 2681 3931 conditionis
2734 3878 2817 3924 est
2866 3868 3045 3937 potius
3089 3879 3251 3935 quam
3307 3860 3643 3923 dilectionis,
3696 3870 3761 3914 ut

2180 3967 2344 4022 etiam
2385 3965 2501 4034 ipsa
2555 3960 2679 4015 talis
2729 3958 2962 4015 servitus
2996 3970 3102 4026 qua
3152 3954 3396 4020 homines
3445 3950 3759 4007 hominibus

2183 4061 2364 4128 postea
2392 4053 2539 4111 servi
2562 4068 2684 4111 esse
2722 4056 3020 4121 creperum,
3068 4048 3136 4103 de
3159 4058 3320 4123 pretia
3359 4043 3565 4115 peccati
3597 4055 3759 4111 nepe-

2184 4148 2353 4202 riatur
2380 4150 2587 4199 exorta.
2616 4140 2762 4196 Dixit
2785 4138 2998 4209 quidem
3033 4132 3321 4206 Apostolus
3346 4150 3359 4184 :
3392 4129 3494 4184 Per
3519 4130 3761 4183 Charita-

2185 4248 2286 4291 tem
2312 4235 2495 4289 servire
2517 4233 2736 4286 invicem
2766 4228 2964 4299 (Galat.
2992 4226 3070 4295 v),
3098 4225 3191 4279 sed
3218 4235 3553 4291 nequaquam
3592 4220 3756 4281 dixit,

2188 4325 2418 4402 Invicem
2464 4319 2827 4376 dominamini.
2870 4317 3103 4372 Possunt
3144 4314 3326 4383 itaque
3372 4310 3626 4381 eonjuges
3664 4324 3765 4381 per

2190 4415 2508 4493 cliaritatem
2535 4411 2740 4469 servire
2768 4409 3019 4473 invicem,
3061 4409 3154 4462 sed
3182 4405 3460 4460 mulierem
3504 4418 3610 4458 non
3638 4418 3767 4472 per-

2194 4504 2357 4560 mittit
2390 4501 2677 4572 Apostolus
2713 4498 2977 4555 dominsri
3020 4498 3075 4553 in
3103 4498 3299 4551 virum.
3332 4494 3444 4550 Hoc
3468 4495 3614 4551 enim
3643 4494 3767 4547 viro

2190 4594 2369 4664 potius
2398 4590 2658 4645 sententia
2695 4588 2790 4645 Dei
2826 4586 3034 4652 detulit,
3063 4593 3118 4642 et
3145 4582 3638 4641 maritumbabere
3660 4580 3767 4635 do-'

2194 4686 2395 4739 minum
2423 4683 2619 4738 meruit
2638 4680 2877 4736 mulieris
2907 4677 3013 4734 non
3041 4687 3255 4742 natura,
3285 4676 3378 4731 sed
3399 4672 3552 4744 culpa
3580 4692 3594 4726 :
3618 4672 3763 4742 quod

2197 4784 2371 4830 tamen
2400 4774 2507 4829 nisi
2533 4780 2799 4854 servetur,
2819 4769 3196 4841 depravahitur
3216 4766 3450 4837 amplius
3471 4772 3683 4825 natura,
3712 4775 3767 4817 et

2198 4864 2479 4933 augebitur
2504 4852 2957 4931 culpa..Figurate
2987 4866 3165 4913 autem
3209 4856 3371 4911 verba
3415 4856 3539 4910 haec
3561 4852 3628 4908 ad
3656 4852 3767 4907 Ec-

2198 4956 2449 5022 clesiam,
2494 4953 2775 5024 coniugem
2820 4950 3069 5005 videlicet
3107 4947 3339 5010 Christi,
3393 4943 3764 5001 conveniunt:

2201 5047 2352 5116 cujus
2381 5060 2632 5102 aerumna:
2672 5051 2795 5116 post
2828 5052 3038 5097 reatum
3080 5037 3537 5112 praevaricationis
3582 5034 3769 5091 multi-

2200 5140 2464 5210 plicantur
2488 5138 2554 5191 in
2582 5138 2683 5191 hac
2710 5136 2838 5198 vita,
2876 5141 2935 5187 ut
2955 5131 3021 5187 ad
3063 5132 3229 5210 vitam
3270 5138 3583 5199 perpetuam
3609 5126 3772 5182 casti-

2202 5202 2324 5299 gata
2361 5227 2659 5299 perveniat.
2706 5224 3125 5294 Multiplicantur
3160 5202 3213 5278 et
3259 5228 3550 5289 conceptus
3574 5259 3589 5273 .
3645 5209 3770 5273 cum

2204 5319 2537 5389 spiritualcm
2585 5316 2695 5371 Deo
2746 5313 2985 5370 sobolem
3027 5311 3368 5381 praedicando
3410 5324 3477 5366 ac
3514 5317 3660 5364 recte
3695 5306 3775 5359 vi-

2210 5412 2402 5477 vendo,
2431 5409 2647 5480 gignere
2685 5405 2897 5475 satagit.
2930 5401 3079 5459 llnde
3112 5402 3285 5458 eidem
3330 5415 3447 5455 suae
3473 5396 3643 5454 soboli
3679 5409 3779 5465 per

2208 5500 2477 5571 egregium
2510 5496 2913 5567 praedicatorem
2942 5493 3110 5548 dicit.
3145 5490 3325 5546 Fitioli
3368 5490 3494 5552 mei,
3522 5503 3649 5558 quos
3678 5486 3779 5539 itc-

2212 5602 2323 5643 rum
2357 5591 2614 5660 parturio,
2652 5572 2811 5640 donec
2838 5584 3074 5639 Christus
3103 5584 3358 5649 formetur
3383 5583 3439 5634 in
3483 5577 3625 5633 vobis
3654 5572 3781 5644 (Ga-

2215 5684 2302 5736 [αι.
2337 5683 2435 5748 tv).
2469 5681 2614 5734 Parit
2652 5680 2704 5733 in
2729 5677 2910 5733 dolore
2940 5677 3099 5744 alios,
3142 5691 3263 5730 cum
3306 5671 3538 5729 sollicita
3571 5668 3786 5731 metuit,
