3968 6346
244 353 254 360 ’
307 332 427 389 ’497

1365 292 1715 383 canitur.
1759 323 1822 377 ιιι
1864 324 2180 379 CENESIM.
2222 356 2292 364 —
2328 324 2453 377 LIB.
2491 322 2531 376 ι.

3402 300 3409 308 ’
3455 320 3555 379 ius

310 460 393 500 ne
420 444 560 499 sicut
581 454 802 511 serpens
833 434 1045 493 seduxit
1070 438 1270 494 llevam
1300 440 1495 493 astutia
1526 453 1641 501 sua,
1671 437 1743 490 ita
1772 451 1885 490 cor-
1911 444 1957 498 Λ
1987 439 2261 493 sciendum
2285 444 2387 500 cst,
2444 435 2588 505 quod
2627 433 2901 501 Scriptura
2951 448 3101 486 sacra
3150 433 3352 486 duobus
3391 433 3561 487 modis

315 544 640 605 rumpantur
664 546 853 587 sensus
884 546 1090 597 eorum,
1125 540 1178 586 et
1206 530 1457 604 excidant
1484 543 1513 582 a
1545 526 1886 597 simplicitate

314 642 438 696 qua:
466 633 549 681 est
570 625 622 678 in
652 622 885 679 Christo.
912 621 1161 703 Agitsub
1188 620 1289 675 viri
1321 626 1606 689 potestate,
1629 617 1753 685 quia
1773 630 1889 669 ser—

313 717 399 771 vit
427 714 653 771 Domino
679 712 731 766 in
769 712 992 779 timore,
1015 721 1069 765 et
1105 710 1340 787 exsultat
1376 709 1426 763 ei
1456 724 1560 775 non
1589 707 1644 760 in
1686 706 1888 761 securi-

314 816 454 873 tate,
498 805 592 861 sed
619 820 739 859 cum
782 806 1046 869 tremore;
1079 802 1166 857 cui
1194 802 1239 856 si
1282 815 1551 869 nunquam
1588 794 1883 868 peccasset,

316 900 435 954 Solo
462 894 763 954 dilectionis
789 894 1135 967 copularetur
1176 892 1443 961 amplexu.
1475 890 1542 943 Et
1572 890 1685 959 ipse
1714 889 1885 944 domi-

314 987 536 1065 nabitur
562 987 633 1051 ei,
656 984 898 1040 carnales
924 984 1041 1053 ejus
1066 981 1323 1038 cohibens
1348 989 1546 1042 motus,
1572 992 1798 1047 eamque
1818 977 1886 1031 ad

314 1067 889 1145 redemptionem'vitm
911 1071 1148 1127 caelestis
1174 1067 1434 1141 continu'o
1459 1081 1705 1137 superna:
1732 1066 1883 1119 insti-

315 1166 537 1221 tutionis
559 1163 818 1220 exercitio
852 1162 1174 1232 provehens,
1206 1174 1235 1215 a
1265 1172 1369 1227 qua
1409 1156 1453 1211 si
1493 1167 1765 1224 nunquam
1795 1168 1882 1209 re-

312 1256 588 1320 cessisset,
631 1255 775 1310 socia
805 1267 926 1307 cum
957 1251 1047 1308 illo
1092 1263 1303 1317 semper
1329 1245 1579 1301 libertate
1616 1251 1881 1313 regnaret.

312 1345 589 1401 Moraliter
623 1355 804 1397 autem
839 1341 903 1396 de
944 1354 1101 1410 pruna
1141 1323 1421 1401 mulieris,
1445 1335 1573 1405 quid
1619 1332 1886 1404 signiﬁcat

309 1435 458 1506 quod
485 1434 537 1489 ei
561 1432 776 1497 dicitur,
811 1429 878 1485 In
903 1428 1085 1495 dolore
1105 1428 1278 1500 paries
1298 1426 1460 1496 ﬁlios,
1503 1425 1607 1481 nisi
1633 1424 1761 1495 quia
1791 1439 1886 1480 v0-

310 1524 493 1596 luptas
519 1522 753 1597 carnalis
780 1536 899 1592 qua:
929 1512 1067 1575 cum
1100 1518 1284 1575 dolore
1312 1517 1675 1572 reluctaverat
1700 1523 1759 1569 ut
1805 1514 1883 1569 fa-

310 1625 463 1673 ceret
493 1614 933 1671 consuetudinem
972 1612 1191 1677 bonam,
1230 1624 1351 1665 cum
1387 1608 1619 1678 aliquam
1660 1621 1883 1660 consue-
1932 1680 1935 1681 γ

308 1708 551 1762 tudinem
580 1704 775 1781 malam
803 1704 917 1758 vult
954 1702 1191 1765 vincere,
1223 1699 1423 1769 patitur
1451 1698 1505 1750 in
1534 1694 1879 1750 exordio'do—

1992 529 2329 584 maledictum
2361 533 2644 588 memorat,
2676 523 2818 577 aliud
2844 522 3091 576 videlicet
3112 520 3251 589 quod
3281 522 3556 590 approbat,

1991 617 2132 673 aliud
2156 610 2295 687 quod
2321 611 2556 670 damnat.
2599 613 2766 667 Aliter
2794 611 2937 666 enim
2970 610 3308 665 maledictum
3350 608 3556 678 profer-

1993 718 2079 762 tur
2125 705 2328 775 judicio
2377 703 2619 774 justitize,
2666 698 2821 755 aliter
2868 699 3034 769 livore
3082 698 3348 752 vindictae.
3394 697 3555 750 Male-

1988 799 2189 853 dictum
2219 797 2415 866 quippe
2454 794 2659 865 judicio
2680 791 2919 861 iustitiae,
2964 790 3092 859 ipso
3128 785 3304 857 primo
3344 786 3561 849 homine

1989 898 2251 961 peccante
2272 886 2539 957 prolatum
2575 893 2659 939 est
2686 898 2809 938 eum
2839 872 3079 937 audivit:
3110 878 3393 933 Maledicta
3420 886 3560 931 terra
3590 873 3593 876 ⁴

1986 983 2041 1037 in
2061 997 2211 1052 opere
2243 990 2351 1034 tuo.
2396 963 2737 1046 Maledictum
2774 975 2996 1046 justitia:
3028 973 3229 1043 judicio
3266 969 3555 1041 profertur,

1986 1091 2107 1130 cum
2134 1073 2198 1128 ad
2223 1072 2498 1127 Abraham
2528 1069 2723 1125 dicitur
2749 1086 2761 1122 :
2794 1066 3106 1121 Maledicam
3136 1058 3558 1119 maledicentiam

1983 1168 2096 1221 tibi.
2145 1166 2487 1234 Rursumque
2518 1161 2644 1231 quia
2670 1158 3010 1214 maledictum
3044 1171 3149 1210 non
3176 1156 3321 1224 justo
3358 1152 3559 1222 judicio

1986 1258 2081 1312 sed
2104 1256 2269 1311 livore
2287 1254 2538 1309 vindictze
2560 1251 2843 1322 promitur,
2874 1261 3007 1303 voce
3033 1245 3181 1301 Pauli
3209 1245 3559 1299 admonemur

1986 1344 2344 1418 pradicantis,
2373 1344 2465 1414 qui
2491 1343 2602 1396 ait:
2635 1340 2949 1403 Beaedicite,
2988 1347 3035 1391 et
3058 1335 3215 1390 nolite
3252 1332 3557 1387 maledicere

1987 1436 2157 1509 (Rom.
2184 1435 2302 1508 xu).
2340 1435 2408 1489 Et
2431 1449 2646 1488 rursum
2675 1431 2891 1486 Veritas
2913 1428 3039 1484 dicit
3067 1446 3079 1480 :
3113 1424 3293 1495 Neque
3315 1423 3556 1477 maledici

1988 1543 2199 1597 regnum
2227 1526 2325 1580 Dei
2344 1523 2695 1596 possidebunt.
2746 1522 2887 1576 Deus
2930 1534 3057 1589 ergo
3104 1516 3425 1573 maledicere
3471 1514 3555 1567 di-

1986 1619 2146 1681 citur,
2186 1623 2241 1672 et
2267 1623 2446 1671 tamen
2498 1615 2657 1669 homo
2685 1613 2997 1683 prohibetur
3033 1608 3368 1671 maledicere,
3428 1603 3555 1672 quia

1988 1709 2131 1781 quod
2157 1709 2319 1763 homo
2345 1708 2456 1777 agit
2478 1706 2679 1760 malitia
2701 1704 2967 1766 vindictae,
2991 1703 3134 1756 Deus
3160 1715 3267 1753 non
3289 1697 3420 1751 facit
3451 1696 3554 1759 nisi

308 1800 475 1865 lores,
516 1809 677 1868 atque
712 1799 785 1851 ita
825 1811 924 1867 per
963 1794 1237 1850 meliorem
1279 1788 1720 1847 consuetudinem
1746 1785 1883 1855 parit

1987 1798 2233 1855 examine
2289 1805 2340 1851 et
2363 1797 2559 1851 virtute
2583 1795 2827 1866 justitiae.
2872 1791 3005 1845 Nam
3029 1801 3081 1845 et
3111 1788 3282 1844 sancti
3311 1788 3408 1849 viii
3428 1792 3554 1840 cum

306 1889 510 1945 bonum
558 1902 695 1956 opus
741 1885 894 1955 quasi
942 1882 1081 1938 ﬁlios
1111 1873 1308 1950 τριλοά
1359 1892 1489 1933 vero
1550 1875 1780 1945 adjecit:
1814 1872 1882 1927 Et

308 1983 574 2036 conversio
593 1991 684 2034 tua
710 1980 779 2033 ad
804 1979 969 2041 uirum
991 1981 1158 2040 tuum,
1188 1984 1235 2028 et
1256 1974 1377 2043 ipse
1407 1972 1484 2027 t'ui
1507 1969 1880 2037 dominabitur,

308 2073 414 2127 hoc
444 2070 725 2143 signiﬁcat,
758 2067 903 2141 quod
948 2066 1039 2122 illa
1068 2066 1316 2135 voluptas
1345 2061 1721 2129 carnalisquae
1759 2073 1881 2113 cum

307 2162 495 2219 dolore
536 2163 915 2225 ,rcluctavcrat,
948 2165 1009 2213 ut
1046 2156 1247 2212 faceret
1300 2152 1745 2210 consuetudinem
1782 2150 1879 2204 bo-

307 2266 465 2317 nam,
488 2245 602 2321 jani
634 2251 763 2323 ipsis
808 2248 1084 2304 doloribus
1127 2234 1335 2313 erudita
1366 2242 1574 2299 cautior
1612 2239 1693 2303 ﬁt,
1721 2246 1777 2294 et
1816 2243 1884 2299 ne

306 2355 531 2399 corruat
568 2330 900 2412 obtemperat
930 2338 1155 2404 rationi,
1180 2343 1233 2391 et
1278 2334 1511 2391 libenter
1534 2330 1703 2386 servit
1729 2330 1881 2399 quasi

299 2435 516 2503 jubcuti
545 2436 682 2489 viro.
1764 2478 1765 2481 η

380 2528 513 2582 Atta!
540 2543 655 2581 vero
678 2524 810 2578 dixit
839 2540 857 2577 .'
884 2522 1020 2589 Quia
1050 2521 1245 2594 audisti
1271 2534 1440 2573 vocem
1464 2516 1644 2569 uxoris
1680 2522 1808 2577 tutu,-
1831 2520 1881 2565 et

305 2618 579 2674 eamcdisti
610 2617 672 2670 de
697 2616 836 2685 ligno
861 2630 925 2668 ex
952 2628 1053 2683 quo
1076 2616 1418 2682 prdeceperam
1441 2606 1533 2661 tibi
1560 2621 1622 2658 ne
1651 2602 1881 2657 comede-

307 2727 413 2772 res,
444 2706 721 2763 maledicta
752 2714 891 2758 terra
922 2703 976 2755 in
1014 2716 1165 2770 opere
1206 2709 1315 2753 tuo.
1354 2695 1421 2749 In
1449 2694 1710 2778 laboribus
1737 2708 1879 2744 com-

303 2800 430 2865 ede:
454 2816 519 2854 ex
544 2807 603 2865 ea
628 2797 827 2859 cunctis
862 2794 1040 2849 diebus
1077 2775 1356 2868 uitwtuie';
1386 2775 1561 2857 spinas
1588 2794 1634 2837 et
1664 2780 1880 2836 tribulos

303 2890 614 2965 geminabit
653 2888 765 2954 tibi,
812 2896 860 2940 et
904 2882 1138 2938 comede:
1181 2879 1366 2934 herbas
1406 2887 1579 2940 terra,
1623 2885 1727 2929 etc.
1772 2871 1882 2929 llos

303 2964 428 3037 esse
457 2982 509 3035 in
544 2989 689 3035 terra
723 2978 934 3032 labores
982 2971 1201 3028 humani
1234 2968 1452 3041 generis
1478 2966 1600 3037 quis
1640 2964 1882 3043 ignorat?

305 3072 401 3142 qui
449 3086 554 3125 non
586 3058 801 3140 essent,
846 3066 893 3121 si
936 3063 1164 3119 felicitas
1205 3066 1324 3132 quae
1362 3060 1417 3113 i'n
1463 3057 1713 3130 paradiso
1760 3056 1876 3111 fue-

305 3138 394 3216 rat
440 3167 740 3215 teneretur.
772 3138 883 3211 Per
926 3162 1203 3227 peccatum
1260 3151 1405 3206 enim
1457 3149 1690 3203 hominis
1732 3156 1875 3203 terra
1906 3138 1949 3201 C

304 3252 597 3329 maledicta
660 3256 743 3304 est
795 3256 855 3302 ut
907 3247 1091 3317 spinas
1142 3249 1394 3314 pareret,
1466 3254 1572 3293 non
1649 3246 1709 3293 ut
1766 3238 1880 3308 ipsa

302 3356 495 3415 paruas
540 3339 786 3405 sentiret,
829 3351 949 3408 qua
1002 3335 1118 3390 sine
1157 3344 1318 3415 sensu
1371 3338 1477 3395 est,
1513 3329 1609 3384 sed
1648 3337 1707 3381 ut
1749 3342 1875 3398 pee-

303 3412 415 3489 cati
448 3431 667 3487 humani
705 3430 908 3492 crimen
942 3412 1165 3498 semper
1195 3422 1503 3499 hominibus
1540 3428 1663 3475 ante
1698 3419 1883 3475 oculos

304 3530 553 3595 poneret,
600 3504 709 3591 quo
734 3519 1153 3575 admonerentur
1198 3510 1485 3583 aliquando
1508 3511 1677 3565 averti
1707 3526 1735 3564 a
1758 3524 1881 3579 pec.

303 3614 467 3679 catis,
521 3620 577 3667 et
603 3612 669 3668 ad
695 3609 791 3666 Dei
832 3615 1098 3680 praecepta
1126 3605 1387 3661 converti.
1437 3602 1573 3657 Nam
1606 3610 1661 3657 et
1702 3601 1883 3659 herbae

306 3694 591 3760 venenosae
628 3703 696 3757 ad
731 3691 966 3773 penam
995 3698 1081 3754 vel
1110 3698 1177 3775 ad
1211 3695 1650 3752 exercitationem
1681 3701 1883 3748 morta-

304 3800 442 3854 lium
488 3805 683 3853 creata:
705 3804 871 3860 sunt;
913 3792 1092 3848 ethoc
1115 3800 1283 3847 totum
1326 3797 1547 3860 propter
1574 3794 1877 3859 peccatum,

306 3892 436 3963 quia
488 3886 743 3943 mortales
788 3882 1005 3957 propter
1030 3866 1310 3954 peccatum
1358 3881 1484 3937 facti
1521 3896 1722 3936 sumus.
1772 3879 1883 3934 Per

306 3977 670 4034 iul‘ructuosas
710 3989 920 4045 quoque
949 3973 1169 4028 arbores
1219 3971 1505 4039 insultatur
1552 3969 1877 4035 hominibus,

305 4077 369 4124 ut
420 4056 717 4138 intelligant
744 4079 917 4144 quam
957 4063 1028 4144 sit
1068 4060 1491 4119 erubescendum
1542 4060 1660 4139 sine
1700 4056 1880 4113 fructu

306 4161 575 4216 bonorum
619 4141 840 4227 oper'um
877 4138 1076 4211 essein
1098 4162 1228 4224 agro
1256 4151 1378 4217 Dei,
1407 4152 1512 4207 hoc
1550 4138 1652 4216 est,
1686 4151 1741 4205 in
1774 4151 1881 4221 Ec-

306 4254 501 4327 clesia,
554 4258 689 4306 etut
724 4248 947 4305 timeant
972 4263 1040 4302 ne
1069 4247 1279 4303 deserat
1302 4243 1420 4300 illos
1460 4245 1622 4310 Deus,
1665 4244 1791 4314 quia
1824 4251 1883 4298 ct

308 4345 417 4416 ipsi
434 4326 500 4398 in
530 4341 670 4413 agris
698 4342 809 4399 suis
837 4338 1198 4406 infructuosus
1222 4336 1440 4391 arbores
1467 4326 1739 4401 deserunt,
1783 4346 1882 4409 nec

308 4441 547 4509 aliquam
581 4424 841 4493 culturam
866 4434 945 4491 eis
970 4417 1239 4499 adhibent,
1286 4431 1425 4503 Ante
1451 4439 1728 4505 peccatum
1752 4442 1882 4501 ergo

312 4508 549 4588 hominis
580 4524 697 4588 non
728 4538 807 4593 est
827 4518 1100 4612 scriptum
1130 4525 1271 4597 quod
1295 4508 1439 4581 terra
1463 4512 1748 4595 protulerit
1776 4523 1877 4578 nisi

310 4631 537 4687 herbam
582 4627 757 4698 pabuli
805 4634 860 4699 et
888 4625 1037 4706 ligna
1080 4623 1385 4688 fructuosa;
1418 4629 1553 4692 post
1602 4626 1878 4695 peccattIm

310 4729 496 4776 autem
521 4720 760 4773 videmus
793 4715 957 4787 multa
992 4713 1208 4775 horrida
1254 4721 1308 4769 et
1332 4710 1662 4777 infructuosa
1703 4709 1875 4774 nasci,

306 4818 549 4882 propter.
577 4800 696 4863 eam
723 4805 972 4861 videlicet
1018 4818 1179 4875 quam
1205 4802 1437 4857 diximus
1474 4814 1713 4855 causam.
1771 4796 1881 4869 My-

305 4900 453 4955 Stice
481 4896 629 4963 vero,
677 4906 819 4952 terra
852 4894 970 4964 quae
996 4886 1051 4947 in
1082 4880 1241 4961 opere
1268 4889 1722 4960 praevaricationis
1754 4886 1883 4942 Adae

308 4991 601 5049 maledicta
646 5003 767 5043 esse
817 4982 1148 5061 perhibetur,
1210 4979 1679 5054 uenalia-melius
1717 4992 1879 5046 quam

308 5096 448 5137 caro
486 5076 745 5149 accipitur
787 5084 991 5151 nostra,
1033 5089 1151 5144 quae
1191 5072 1371 5141 spinas
1411 5069 1523 5139 jam
1574 5079 1628 5124 et
1660 5068 1883 5123 tribulos

307 5172 582 5245 germinat
627 5168 802 5233 nobis,
861 5168 982 5236 quia
1038 5182 1135 5237 per
1182 5164 1358 5219 carnis
1400 5160 1883 5232 conCUpiscentiam

306 5262 613 5337 prepagati,
664 5258 979 5330 punctiones
1007 5266 1061 5310 et
1086 5255 1349 5311 incentiva
1379 5254 1628 5307 vitiorum
1672 5249 1739 5316 de
1770 5249 1882 5319 ipsa

307 5370 481 5413 carne
529 5352 777 5425 patimur.
827 5349 959 5403 Cum
997 5346 1383 5407 maledictionis
1414 5344 1651 5422 iaculum
1701 5342 1878 5398 divina

306 5464 423 5503 vox
453 5446 599 5517 gravi
622 5446 865 5499 instruat
890 5440 1091 5496 ultione
1137 5441 1495 5511 plectendum,
1541 5439 1613 5493 ita
1647 5446 1703 5492 ut
1731 5437 1879 5506 regni

308 5555 529 5611 quoque
550 5535 782 5593 cmlestis
812 5534 1013 5588 aditum
1036 5532 1269 5597 claudat,
1299 5532 1425 5599 quid
1455 5538 1537 5584 est
1565 5530 1705 5599 quod
1739 5544 1880 5584 nunc

308 5639 571 5700 peccante
598 5625 826 5689 homine,
886 5622 938 5677 in
968 5631 1124 5677 terrae
1150 5619 1521 5675 maledictionc
1550 5619 1725 5673 divina
1753 5632 1881 5673 voce

308 5728 415 5783 hoc
455 5722 595 5795 quod
650 5722 808 5776 homo
863 5717 1034 5773 facere
1077 5714 1389 5785 prohibetur
1438 5710 1718 5769 infertur?
1770 5710 1876 5767 Sed

1906 4472 1959 4532 D

1986 1886 2376 1953 maledictionis
2404 1885 2725 1945 sententiam
2757 1882 3058 1954 proferunt,
3098 1894 3204 1934 non
3234 1877 3308 1937 ad
3326 1877 3463 1933 haec
3488 1889 3552 1929 ex

1984 1988 2109 2035 voto
2140 1976 2375 2043 ultionis,
2432 1976 2529 2036 sed
2578 1990 2645 2030 ex
2688 1973 2911 2046 justltice
2948 1970 3196 2027 examine
3241 1974 3553 2045 erumpunt.

1982 2068 2128 2122 Intus
2153 2067 2298 2144 enim
2344 2065 2537 2145 subtile
2570 2065 2670 2119 ‘Dei
2695 2063 2956 2138 judicium
2988 2060 3275 2130 aspiciunt,
3324 2065 3377 2135 et
3412 2055 3568 2125 mala

1938 2182 1941 2185 π
1983 2156 2113 2213 loris
2149 2140 2489 2227 cxisnrgen‘tia
2541 2156 2665 2225 quia
2700 2137 2981 2209 maledicto
3016 2153 3247 2207 debeant
3277 2137 3438 2214 ferire
3464 2164 3554 2203 co-

1982 2258 2281 2320 gnoscunt;
2318 2257 2371 2304 ct
2398 2263 2462 2303 eo
2492 2248 2545 2302 in
2570 2246 2853 2302 maledicto
2882 2260 2986 2298 non
3016 2249 3287 2319 peccant,‘
3314 2241 3454 2309 quod
3485 2240 3560 2294 ab

1982 2340 2192 2396 interno
2212 2338 2415 2408 judicio
2435 2348 2540 2392 non
2572 2335 2900 2391 discordant.
2934 2333 3067 2387 Hinc
3094 2340 3175 2389 est
3196 2332 3334 2401 quod
3364 2329 3555 2383 Petrus

1982 2433 2035 2486 in
2074 2427 2383 2485 offerentem
2422 2428 2523 2481 sibi
2577 2426 2829 2495 pecunias
2877 2423 3169 2486 Simonem,
3236 2420 3553 2478 sententiam

1982 2520 2375 2578 maledictionis
2406 2510 2636 2596 intorsit,
2693 2517 2877 2572 dicens
2919 2533 2932 2568 :
2976 2512 3209 2568 Pecunia
3255 2522 3344 2565 tua
3388 2520 3553 2567 tecum

1981 2615 2047 2669 sit
2089 2616 2144 2668 in
2172 2612 2508 2683 perditionem
2535 2608 2670 2681 (Act.
2704 2609 2843 2678 vni).
2896 2606 2995 2673 Qui
3025 2604 3165 2659 enim
3194 2618 3295 2656 non
3327 2602 3419 2663 ait,
3452 2609 3549 2659 est,

1982 2707 2075 2761 sed
2112 2707 2200 2771 sit,
2244 2720 2350 2758 non
2396 2702 2704 2764 indicativo,
2755 2699 2846 2753 sed
2893 2697 3129 2766 optativo
3174 2694 3331 2747 modo
3357 2707 3415 2746 se
3443 2692 3553 2745 lucc

1982 2796 2180 2852 dixisse
2208 2793 2458 2867 signavit.
2506 2791 2644 2846 Hinc
2680 2789 2823 2845 Elias
2852 2788 3059 2843 duobus
3088 2787 3153 2841 ad
3184 2799 3243 2839 sc
3288 2783 3551 2852 quinqua-

1980 2878 2213 2960 genariis
2239 2882 2573 2939 venientibus
2599 2880 2772 2937 dixit:
2805 2878 2864 2935 Si
2888 2880 3037 2933 Iconio
3066 2876 3161 2930 Dei
3183 2891 3319 2937 sinu,
3343 2874 3552 2926 descen-

1980 2979 2067 3033 dat
2100 2990 2234 3034 nunc
2255 2977 2387 3049 ignis
2408 2974 2471 3028 de
2492 2973 2639 3040 calo,
2662 2981 2708 3027 et
2732 2980 3110 3031 consumat'vos
3159 2965 3261 3038 (IV
3290 2964 3415 3035 Reg.
3434 2966 3554 3031 vn).

1982 3070 2220 3138 Quorum
2252 3076 2605 3137 utrorumque
2623 3063 2887 3123 sententia
2913 3069 3171 3130 quantum
3196 3057 3432 3129 veritatis
3463 3071 3550 3108 ra-

1984 3161 2127 3215 tione
2152 3157 2442 3223 convaluit,
2470 3138 2929 3211 termiuuseausae
2952 3148 3285 3204 monstravit.
3329 3145 3461 3200 Nam
3502 3153 3556 3198 et

1984 3252 2170 3307 Simon
2206 3259 2408 3305 mterna
2453 3247 2757 3320 perditione
2784 3244 2944 3314 periit
2986 3250 3040 3296 et
3067 3242 3201 3295 duos
3228 3238 3553 3307 quinquage-

1980 3342 2163 3413 narios
2214 3340 2444 3409 desuper
2489 3336 2712 3392 veniens
2744 3329 2953 3387 ﬂamma
2982 3328 3343 3397 consumpsit,
3382 3325 3555 3380 virtus

1980 3448 2106 3504 ergo
2134 3433 2464 3502 subsequens
2498 3427 2836 3504 testificatur,
2885 3438 2990 3494 qua
3021 3429 3199 3477 mente
3228 3418 3555 3487 maledictio-
3612 3444 3615 3447 -

1983 3520 2369 3593 nis‘Sententia
2424 3523 2707 3594 promitur.
2753 3494 2887 3575 Cum
2916 3519 3063 3573 enim
3102 3525 3158 3572 et
3186 3510 3553 3570 maledicentia

1983 3605 2287 3687 innocentia
2313 3622 2617 3685 permanet,
2640 3624 2643 3625 '
2663 3621 2719 3668 et
2737 3623 2917 3667 tamen
2944 3624 3068 3664 eum
3097 3607 3199 3677 qui
3217 3602 3554 3663 maledicitur

1984 3722 2155 3777 usque
2188 3702 2558 3761 adinteritum
2586 3700 2896 3756 maledictio
2925 3698 3195 3761 absorbet,
3222 3765 3226 3773 γ
3252 3706 3316 3749 ex
3348 3692 3550 3746 utrius,

1982 3810 2087 3870 que
2115 3795 2286 3870 partis
2308 3793 2412 3850 line
2434 3792 2727 3864 colligitur,
2763 3789 2889 3862 quia
2916 3803 2945 3842 a
2975 3788 3117 3842 bono
3147 3793 3201 3840 et
3228 3783 3418 3839 intimo
3458 3781 3551 3851 ju-

1981 3887 2100 3943 dice
2132 3885 2189 3942 in
2211 3900 2360 3941 reum
2376 3876 2641 3943 sententia
2671 3888 2897 3952 sumpta:
2908 3878 3195 3950 iaculatur.

2052 3974 2120 4042 In
2140 3976 2329 4039 sudore
2357 3958 2524 4034 vultus
2550 3975 2635 4028 tui
2652 3973 2868 4027 vesceris
2903 3987 3037 4042 pane
3055 3980 3163 4034 tuo,
3200 3968 3361 4023 donec
3388 3953 3585 4021 γενεῦ.

1982 4069 2110 4123 laris
2143 4068 2197 4121 in
2221 4076 2430 4131 terram,
2462 4066 2527 4120 de
2552 4081 2654 4137 qua
2674 4072 2913 4135 sumptus
2933 4078 3003 4126 es,
3048 4062 3172 4133 quia
3201 4058 3366 4132 pulvis
3392 4068 3469 4125 es,
3505 4068 3554 4112 et

1981 4161 2035 4213 in
2054 4157 2311 4229 pulverem
2334 4156 2616 4210 reverteris.
2651 4154 2824 4209 ‘lllum
2855 4153 2942 4207 hic
2968 4148 3162 4221 panem
3187 4148 3422 4220 intelligo
3460 4146 3553 4217 qui

1982 4250 2057 4303 ait
2088 4266 2099 4302 :
2127 4246 2238 4319 Ego
2266 4264 2378 4302 sum
2398 4246 2550 4317 panis
2581 4244 2697 4299 uiue
2745 4243 2835 4321 qui
2863 4238 2927 4295 de
2949 4239 3073 4295 caelo
3098 4238 3339 4294 descendi
3348 4234 3549 4308 '(Joan.

1982 4340 2085 4413 vi).
2132 4339 2247 4407 Quo
2277 4339 2329 4394 in
2356 4338 2551 4395 sudore
2572 4336 2751 4391 vultus
2778 4334 2947 4390 nostri
2989 4332 3276 4395 vescimur,
3325 4328 3449 4398 quia
3484 4328 3551 4382 ad

1984 4441 2327 4505 conspectum
2350 4428 2540 4495 divina:
2570 4428 2901 4499 celsitudinis
2924 4443 3029 4482 non
3053 4425 3153 4479 nisi
3191 4438 3285 4494 per
3309 4421 3550 4476 laborem

1984 4527 2297 4584 necessaria:
2327 4524 2630 4579 aﬂictionis
2656 4510 3015 4577 ascendimus.
3043 4517 3257 4571 Primus
3287 4516 3446 4569 homo
3474 4514 3550 4567 ita

1982 4620 2227 4676 conditus
2258 4602 2375 4684 fuit,
2422 4626 2479 4672 ut
2505 4620 2753 4673 manente
2794 4612 2882 4679 illo
2919 4610 3238 4667 decederent
3284 4589 3547 4676 tempora,

1984 4727 2083 4767 nec
2141 4725 2259 4767 cum
2299 4707 2629 4779 temporibus
2675 4707 2788 4775 ipse
2835 4702 3108 4758 transiret.
3171 4698 3359 4754 Stabat
3402 4698 3549 4752 enim

1984 4801 2268 4857 momentis
2296 4797 2723 4860 decurrentibus,
2766 4795 2889 4865 quia
2919 4790 3342 4860 nequaquamad
3369 4798 3550 4843 extre-

1986 4909 2129 4949 mum
2170 4892 2292 4946 vitae
2340 4905 2437 4960 per
2458 4890 2661 4944 dierum
2692 4887 3019 4941 incrementa
3056 4880 3321 4937 tendebat.
3356 4877 3545 4934 Stabat

1985 4978 2133 5038 tanto
2157 4981 2446 5045 robustior,
2488 4986 2692 5048 quanto
2720 4989 2928 5044 semper
2952 4973 3113 5029 stanti
3139 4973 3338 5027 arctius
3382 4971 3547 5024 inhae-

1987 5076 2155 5133 rebat.
2185 5074 2253 5127 At
2283 5072 2372 5126 ubi
2397 5070 2618 5123 vetitum
2641 5065 2884 5135 contigit,
2914 5078 3034 5118 mox
3061 5062 3261 5117 oﬂ‘e’nso
3281 5071 3544 5124 creatore,

1988 5165 2151 5235 coepit
2191 5164 2269 5220 ire
2326 5176 2446 5216 cum
2495 5170 2755 5228 tempore.
2820 5156 2969 5212 Unde
3009 5154 3135 5209 etei
3167 5154 3377 5208 dictum.
3420 5159 3543 5206 est:

1990 5255 2149 5309 Terra
2181 5264 2257 5317 es,
2310 5262 2357 5305 et
2402 5253 2455 5304 in
2483 5260 2675 5302 terram
2703 5249 2832 5313 ibis;
2856 5255 2999 5302 statu
3041 5238 3297 5300 videlicet
3328 5244 3523 5297 immor

1987 5344 2206 5402 talitatis
2243 5341 2458 5401 amiss’o,
2488 5352 2679 5393 cursus
2711 5346 2832 5392 eum
2873 5335 3213 5390 mortalitatis
3232 5333 3502 5387 abSorbuit
3523 5368 3543 5397 ν

1986 5445 2039 5493 et
2082 5436 2205 5491 dum
2236 5432 2514 5503 juventute
2556 5430 2623 5485 ad
2663 5428 2887 5487 senium.
2944 5429 3094 5482 senio
3133 5426 3433 5480 traheretur
3473 5422 3543 5477 ad

1984 5538 2231 5589 mortem,
2264 5521 2591 5578 transeundo
2620 5521 2805 5577 didicit
2854 5518 3045 5575 stando
3073 5516 3197 5584 quid
3226 5515 3342 5568 fuit.
3376 5512 3545 5583 Cujus

1982 5635 2078 5673 nos
2116 5616 2239 5686 quia
2262 5615 2326 5669 de
2351 5612 2645 5683 propagine
2676 5611 2963 5671 nascimur,
3004 5607 3197 5660 radicis
3227 5602 3542 5658 amaritudi-

1982 5725 2123 5777 nem,
2156 5706 2307 5778 quasi
2338 5706 2390 5761 iu
2422 5696 2650 5775 virgulto
2683 5702 2992 5773 retinemus.
3042 5698 3173 5754 Nam
3206 5697 3327 5765 quia
3362 5711 3423 5749 ex
3449 5693 3539 5750 illo
