3968 6336
479 290 589 346 ιω
641 290 648 295 ’

1107 286 1168 340 Β.
1211 285 1459 343 ΒΛΒΑΝΙ
1500 286 1724 344 ωυιιι
1754 277 2043 340 ARClllEP

2142 280 2419 339 IOGUN'I‘.
2459 250 2742 350 centium
2781 281 2959 337 rans
3000 282 3040 339 l.
3152 324 3156 328 .

3601 282 3708 339 500

474 403 734 475 originem
763 403 1029 467 ducimus,
1066 400 1432 469 ‘ejuscursum
1461 399 1733 455 nascendo
1760 392 2036 462 sortimur,
2066 398 2118 455 A
2143 375 2436 458 Quomodo,
2459 387 2668 476 inquii,
2693 371 2810 459 hoc
2858 405 2955 460 per
2973 392 3247 460 quodlibet
3294 391 3738 476 vellvquomodo'.

475 504 534 549 ut
561 510 627 550 eo
647 494 764 570 ipso
788 493 1097 564 quotidiano
1127 499 1398 548 momento
1434 504 1543 559 quo
1555 489 1813 554 vivimus,
1869 489 2044 553 inces-

472 595 658 642 santer
682 600 712 641 a
738 585 846 640 vita
874 593 1225 647 transeamus,
1269 589 1324 637 et
1347 580 1565 635 vivendi
1615 579 1777 637 nobis
1807 578 2038 648 spatium

470 677 614 733 unde
639 691 884 733 crescere
909 676 1166 740 creditur,
1215 672 1340 727 inde
1379 672 1680 735 decrescat,
1737 669 1865 739 quia
1913 669 2038 724 dum

471 769 696 826 infantia
725 771 794 839 ad
831 769 1133 839 pueritiam,
1182 763 1563 820 adolescentia.
1589 760 1659 816 ad
1677 759 2036 834 iuventutem,

450 835 804 925 juventus'ad
825 835 1178 917 senectutem,
1197 861 1448 908 senectus
1476 852 1672 906 transit
1691 851 1761 906 ad
1787 859 2036 915 mortem,

471 949 619 1002 etoin
643 944 806 1003 cursu
824 943 1272 1018 vitm'pmentis,‘
1315 943 1460 1012 ipsis
1496 942 1614 995 suis
1637 941 1938 1016 augmentis
1971 939 2038 998 ad

471 1040 792 1094 detrimenta
842 1038 1130 1108 impellitur
1150 1052 1166 1097 ;
1189 1044 1242 1089 et
1271 1033 1395 1087 inde
1423 1047 1638 1102 semper
1659 1020 1863 1096 deﬁcit,
1886 1029 2039 1086 unde
2077 1102 2084 1108 _

471 1119 736 1198 prolicere
777 1143 836 1183 se
865 1128 917 1182 in
939 1126 1181 1197 spatium
1201 1123 1325 1177 vitm
1351 1121 1547 1187 credit,
1594 1121 1788 1195 Fixum
1835 1118 2037 1176 etenim

409 1212 413 1216 ”
469 1227 670 1275 statum
708 1220 796 1275 hic
847 1218 1045 1276 habere
1095 1230 1201 1269 non
1233 1226 1535 1283 possumus,
1567 1211 1686 1266 -ubi
1716 1208 2039 1281 transitoria

466 1311 717 1375 vivimus,
769 1318 928 1377 atque
961 1309 1064 1362 hoc
1089 1305 1263 1374 ipsum
1290 1309 1536 1357 nostrum
1558 1302 1759 1366 vivere,
1802 1298 2042 1369 quotidie

427 1408 436 1417 ‘
469 1414 501 1453 a
523 1399 630 1452 vita
678 1399 912 1452 transire
949 1404 1051 1449 est.
1109 1395 1279 1460 Quem
1300 1379 1808 1459 videlicet'lapsum,
1832 1388 2039 1457 primus

469 1490 631 1543 homo
670 1495 791 1541 ante
811 1485 1020 1554 culpam
1045 1484 1243 1538 habere
1268 1496 1373 1535 non
1398 1481 1592 1550 potuit,
1644 1481 1770 1549 quia
1795 1487 2038 1548 tempora

468 1595 535 1635 eo
563 1588 737 1634 stante
768 1577 1086 1632 transibant.
1113 1573 1218 1628 Sed
1252 1581 1538 1643 postquam
1555 1571 1801 1640 deliquit,
1816 1571 1880 1638 in
1907 1585 2039 1639 quo—

2143 481 2273 538 libet
2304 465 2504 543 dictuin
2533 461 2803 559 sit,_Deus
2817 489 2998 535 tamen
3024 479 3184 546 dixit,
3241 497 3349 552 non
3372 471 3529 536 aliter
3555 461 3718 554 intel-

2141 565 2412 642 ligendum
2435 581 2519 627 est
2566 567 2834 650 quod’ait,
2869 580 3007 625 unus
3033 589 3099 626 ex
3124 574 3294 639 nobis,
3349 569 3452 630 nisi
3493 567 3720 644 propter

2141 664 2440 727 trinitatem
2479 657 2732 733 numerus
2753 662 2977 732 pluralis
3000 663 3319 733 accipiatur,
3345 664 3486 719 sicut
3514 665 3717 725 dictum

2139 763 2291 832 erat:
2325 737 2904 826 Faciamusmominem
2949 755 3017 808 ad
3043 756 3319 825 imaginem
3374 766 3423 811 et
3471 744 3718 828 similitu-

2138 843 2312 896 dinem
2334 851 2587 907 nostram,
2623 843 2765 896 sicut
2787 843 2951 896 etiam
2982 843 3239 899 Dominus
3266 832 3416 913 de'se
3437 856 3494 902 et
3518 845 3713 912 Patre:

2146 934 2421 990 Veniemus
2447 935 2515 989 ad
2551 952 2689 1000 eum,
2713 946 2760 990 et
2791 936 3112 991 mansionem
3147 938 3288 1003 apud
3314 955 3430 991 eum
3459 934 3717 1009 faciemus

2139 1022 2319 1094 (locis.
2352 1024 2485 1096 xiv).
2534 1011 2869 1096 Replicatuni
2906 1025 3184 1095 estigitur
3217 1025 3268 1078 in
3303 1036 3462 1096 caput
3496 1027 3716 1098 superbi

2137 1133 2244 1188 quo
2267 1117 2417 1172 exitu
2446 1095 2800 1188 concupierit
2844 1116 3004 1187 quod
3039 1132 3071 1170 a
3105 1123 3356 1184 serpente
3399 1095 3715 1187 suggestum

2135 1205 2259 1264 est':
2285 1208 2450 1262 Eritis
2469 1209 2602 1262 sicut
2767 1196 2926 1272 Ecce,
2968 1207 3158 1281 inquit,
3207 1205 3377 1259 Adam
3407 1201 3603 1274 Iactus
3639 1217 3718 1261 est

2103 1320 2108 1324 ·
2135 1301 2268 1354 sicut
2291 1315 2425 1352 unus
2455 1315 2518 1352 ex
2543 1299 2713 1358 nobis.
2763 1285 2951 1373 Verba
2973 1299 3118 1352 enim
3142 1306 3268 1364 sunt
3300 1297 3416 1351 haec
3452 1295 3572 1361 Dei,
3607 1313 3716 1374 non

2138 1397 2246 1442 tam
2294 1386 2421 1459 huic
2447 1386 2775 1451 insultantis,
2831 1402 2996 1456 quam
3027 1394 3252 1441 exteros
3297 1400 3364 1439 ne
3403 1385 3477 1438 ita
3532 1399 3720 1453 supeh

2135 1479 2285 1534 biant
2313 1479 2657 1553 deteri-cutis,
2701 1487 2919 1548 propter
2937 1495 3076 1558 quos
3108 1479 3210 1534 ista
3236 1480 3544 1547 conseripta
3568 1489 3714 1532 sunt.

2137 1567 2335 1623 Factus
2361 1577 2455 1635 est,
2511 1569 2704 1637 inquit,
2756 1577 3003 1638 tanquam
3043 1585 3177 1622 unus
3222 1585 3285 1621 ex
3320 1569 3490 1633 nobis,
3550 1569 3718 1621 sciens

471 1673 593 1726 dam
616 1685 674 1724 se
696 1668 849 1739 quasi
889 1657 1093 1720 lubrico
1137 1662 1545 1742 temporalitatis
1579 1660 1792 1730 pOSuit;
1830 1668 1888 1714 et
1915 1660 2039 1728 quia
2070 1738 2103 1742 Α
2141 1659 2330 1713 bonum
2375 1669 2423 1712 et
2466 1658 2681 1714 malum.
2732 1658 2870 1726 Quid
2930 1658 3072 1716 aliud
3125 1643 3553 1728 intelligendum.
3611 1658 3716 1712 nisi

470 1760 650 1814 cibum
678 1738 911 1816 comedit
943 1738 1192 1820 vetitum,
1232 1761 1407 1808 status
1442 1752 1524 1826 sui
1547 1751 1794 1822 protinus
1825 1750 2039 1809 invenit
2069 1738 2113 1796 Β
2139 1749 2441 1819 exemplum
2471 1749 2679 1805 timoris
2722 1749 3012 1804 incutiendi
3033 1763 3152 1804 esse
3175 1747 3543 1820 prepositum?
3565 1745 3717 1813 Quod
3802 1825 3805 1828 _

466 1847 754 1902 defectum.
1033 1877 1084 1910 ,α

539 1936 607 1989 Et
631 1935 824 1988 vocavit
848 1949 1033 2009 nomen
1059 1931 1237 1984 uxoris
1265 1946 1376 1983 sua:
1405 1927 1579 1991 Heva,
1619 1945 1680 1981 eo
1708 1927 1846 1997 quod
1873 1935 2039 1980 mater

465 2028 532 2082 sit
550 2021 859 2080 cunctorum
886 2024 1181 2078 viventium.
1204 2021 1272 2081 Et
1291 2020 1394 2074 hoc
1423 2033 1618 2073 nomen
1646 2018 1827 2090 vAdam
1856 2008 2037 2093 divino

469 2118 724 2174 instinctu
782 2123 995 2170 constat
1024 2113 1178 2167 uxori
1203 2127 1314 2166 suae
1339 2110 1604 2179 posuisse,
1637 2099 1646 2116 ³
1659 2107 1802 2178 quod
1827 2107 2039 2176 aptissi-

471 2220 560 2261 me
601 2203 844 2274 congruit
893 2201 1143 2264 Ecclesia:
1189 2207 1390 2255 sancte
1425 2206 1569 2265 sate
1599 2198 1655 2252 in
1680 2196 1833 2266 cujus
1863 2196 2036 2270 solum

470 2295 698 2359 unitate,
753 2307 871 2363 qua:
899 2290 1162 2347 catholica
1189 2297 1430 2354 vocatur,
1471 2287 1594 2346 vita:
1620 2286 1829 2343 cunctis
1870 2283 2036 2354 ianua

469 2393 638 2456 patet.

541 2471 687 2528 Fecit
723 2476 921 2544 quoque
970 2471 1224 2526 Dominus
1269 2469 1412 2523 Deus
1454 2455 1602 2532 Adae,
1651 2478 1700 2522 et
1921 2465 2036 2535 ejus

472 2566 678 2618 tunicas
715 2542 978 2633 pellicem,
1022 2571 1072 2616 et
1103 2560 1291 2618 induit
1316 2577 1423 2613 eos.
1461 2556 1529 2615 Et
1563 2559 1668 2613 hoc
1692 2542 2038 2628 signiﬁcatior-

470 2657 558 2711 nis
596 2642 774 2725 gratia
827 2653 1028 2707 factum
1065 2659 1177 2706 est.
1207 2649 1343 2704 Nam
1371 2647 1675 2718 huiusmodi
1729 2647 2038 2701 indumento

471 2745 730 2800 Dominus
775 2757 869 2800 eos
915 2741 1171 2798 mortales
1212 2741 1324 2811 iam
1368 2739 1542 2796 iactos
1577 2739 1744 2796 fuisse
1779 2737 2034 2794 insinuat.

472 2839 644 2895 Pelles
687 2852 809 2905 quas
857 2833 1078 2892 nonnisi
1110 2830 1333 2886 mortuis
1377 2829 1671 2899 pecudibus
1712 2827 2040 2893 subtrahun-

471 2924 574 2982 tur,
603 2917 791 2973 mortis
820 2914 1046 2986 ﬁguram
1078 2913 1372 2968 continent.
1404 2913 1507 2984 Ita,
1538 2927 1662 2967 cum
1687 2919 1872 2967 contra
1900 2924 2043 2982 prmo

470 3022 707 3084 ceptum,
734 3013 840 3066 neu
879 3002 1178 3072 imitatione
1221 3004 1479 3076 legitima,
1511 3005 1605 3059 sed
1645 3000 1830 3081 illicita
1864 2993 2051 3068 super-

2141 1855 2246 1894 non
2272 1838 2442 1895 solum
2473 1853 2577 1894 non
2608 1837 2770 1892 fuerit
2790 1837 2962 1892 factus
2994 1839 3167 1907 qualis
3193 1837 3306 1892 ﬁeri
3329 1836 3582 1900 voluerit,
3617 1835 3714 1889 sed

2141 1944 2239 1984 nec
2290 1927 2422 1993 illud
2444 1925 2587 1995 quod
2629 1925 2804 1980 factus
2833 1925 3010 1980 fuerat
3038 1926 3458 1982 conservaverit.
3517 1925 3591 1979 De
3616 1925 3720 1978 hoc

2139 2018 2244 2073 alio
2270 2017 2424 2072 loco:
2454 2017 2568 2071 Nec
2609 2016 2702 2070 Dei
2739 2015 3068 2079 confitentis,
3123 2016 3315 2084 inquit,
3365 2015 3530 2074 verba
3571 2023 3722 2078 sunt,

2139 2110 2233 2165 sed
2257 2109 2433 2179 potius
2475 2107 2850 2178 exprobrantis
2879 2125 2890 2159 :
2917 2105 3051 2161 Ecce
3091 2105 3262 2160 Adam
3291 2106 3463 2173 [actus
3487 2113 3563 2158 est
3608 2115 3722 2159 tan-

2137 2217 2295 2268 quam
2325 2216 2456 2254 unus
2479 2213 2542 2252 ex
2565 2197 2733 2262 nobis,
2775 2181 2912 2250 sicut
2932 2194 3221 2264 Apostolus
3241 2194 3370 2250 dicit
3395 2209 3411 2248 :
3443 2193 3572 2247 Date
3590 2192 3720 2246 mihi

2138 2291 2271 2345 hanc
2297 2291 2545 2360 injuriam
2572 2287 2658 2360 (II
2684 2287 2806 2343 Cor.
2835 2286 2957 2358 xu),
3002 2287 3190 2356 utique
3228 2301 3260 2342 e
3285 2284 3559 2341 contrario
3603 2270 3743 2337 vult

2141 2381 2385 2452 intelligi.

2212 2471 2368 2526 Nunc
2403 2487 2526 2540 ergo
2575 2487 2638 2524 ne
2655 2469 2792 2539 forte
2821 2470 2994 2523 mittat
3015 2483 3225 2522 manum
3246 2482 3423 2533 suam,
3465 2474 3514 2520 et
3542 2473 3718 2518 uiuat

2139 2564 2292 2618 etiam
2317 2564 2381 2619 de
2410 2562 2549 2632 ligno
2576 2563 2712 2625 vita,
2739 2570 2796 2622 .et
2829 2559 3085 2625 comedat,
3123 2567 3172 2613 et
3196 2559 3330 2613 vivat
3353 2559 3411 2612 in
3431 2552 3706 2617 aeternum,

2141 2656 2310 2709 emisit
2330 2671 2448 2708 eum
2485 2653 2741 2719 Dominus
2763 2651 2903 2706 Deus
2929 2651 2994 2705 de
3021 2647 3267 2721 paradiso
3289 2649 3587 2722 voluptatis,
3645 2657 3699 2700 ut

2141 2755 2442 2822 operaretur
2489 2749 2702 2809 terram,
2747 2743 2810 2797 de
2844 2760 2947 2811 qua
2987 2750 3220 2811 sumptus
3271 2751 3369 2806 est.
3421 2738 3716 2807 Superiora

2141 2834 2305 2890 verba
2357 2834 2452 2888 Dei
2501 2841 2669 2890 sunt:
2709 2834 2811 2887 hoc
2855 2839 3036 2885 autem
3082 2827 3289 2885 factum
3329 2837 3550 2898 propter
3573 2826 3713 2896 ‘ips'a

2141 2915 2304 2989 verba
2335 2935 2574 2982 secutum
2606 2935 2707 2979 est.
2755 2924 3036 2977 Alienatus
3081 2922 3222 2976 enim
3253 2935 3282 2974 a
3322 2921 3455 2985 vita,
3482 2934 3600 2972 'non
3624 2931 3714 2984 so—

2143 3020 2249 3073 lum
2279 3027 2438 3088 quam
2460 3017 2673 3080 fueran,
2689 3016 2734 3070 si
2763 2999 3084 3086 praeceptum
3112 3020 3402 3078 servasset,
3452 3025 3571 3064 cum
3609 3023 3711 3061 au-

471 3076 560 3159 bia
607 3076 752 3158 Deus
794 3115 914 3157 esse
959 3099 1165 3169 appetit
1202 3099 1395 3163 homo,
1427 3110 1597 3165 usque
1640 3094 1708 3148 ad
1754 3076 2043 3181 belluarum

2144 3109 2280 3181 gelis
2297 3076 2644 3176 accepturus,
2688 3076 2780 3162 sed
2803 3106 2870 3159 ab
2896 3076 2985 3158 illa
3009 3103 3171 3177 etiam
3196 3118 3356 3172 quam
3387 3076 3614 3179 ducebat
3649 3099 3710 3152 in

471 3193 854 3262 mortalitatem
878 3189 1115 3257 dejectus
1138 3195 1240 3242 est.
1287 3187 1354 3241 Et
1385 3185 1602 3255 quidem
1630 3182 1732 3252 ipsi
1763 3180 1874 3252 sibi
1907 3175 2047 3232 iece-

472 3291 603 3338 runt
643 3281 972 3352 perizomata
1017 3279 1084 3332 de
1126 3277 1267 3332 foliis
1305 3275 1411 3338 ﬁci,
1449 3274 1651 3344 quibus
1685 3262 1935 3340 pudenda
1974 3276 2050 3322 te-

475 3376 703 3442 gerent;
749 3370 844 3424 sed
890 3367 1146 3422 Dominus
1183 3365 1311 3420 fecit
1356 3363 1462 3418 illis
1497 3362 1713 3426 tunicas
1765 3359 2040 3430 pelliceas,

477 3461 672 3531 quibus
681 3458 847 3514 omne
865 3471 1058 3526 corpus
1082 3455 1294 3512 illorum
1321 3451 1515 3517 induit,
1537 3451 1663 3520 quia
1689 3449 1809 3520 ipsi,
1839 3447 2048 3520 perdita

475 3530 576 3620 per
611 3547 1108 3618 praevaricationem
1145 3544 1316 3614 gloria
1363 3530 1708 3620 innocentiae,
1755 3537 2052 3608 prtetende-

479 3618 606 3693 runt
647 3638 750 3692 sibi
785 3622 1026 3690 velamen
1068 3634 1448 3698 excusationis,
1500 3618 1606 3700 qua
1643 3637 1796 3684 suam
1839 3628 2052 3696 culpam

478 3729 536 3784 in
563 3728 902 3794 Conditorem
929 3724 1396 3786 transfunderent;
1430 3730 1486 3776 et
1513 3722 1627 3790 ipse
1655 3718 1911 3798 Conditor
1935 3715 2055 3772 illos

477 3832 578 3886 per
606 3815 928 3871 sententiam
948 3814 1080 3888 justi
1097 3811 1317 3881 iudicii,
1345 3811 1525 3866 ablato
1549 3817 1692 3864 statu
1714 3809 1838 3863 vita:
1863 3807 2056 3860 immu-

483 3905 681 3970 tabilis,
717 3905 772 3959 in
805 3892 982 3961 anima
1006 3903 1166 3960 simul
1189 3910 1247 3957 et
1273 3915 1435 3956 carne
1462 3888 1686 3964 mutavit
1719 3913 1880 3968 pmna
1907 3910 2050 3950 mor-

478 3992 724 4053 talitatis.
772 3997 966 4072 Narrat
1011 4003 1203 4068 autem
1233 3993 1541 4063 evangelica
1583 3991 1842 4062 parabola
1891 3988 2050 4061 (Luc.

476 4086 569 4157 xv)
611 4087 736 4157 quia
778 4087 901 4154 pius
923 4094 1078 4157 pater
1124 4086 1416 4142 revertenti
1455 4086 1524 4141 ad
1550 4101 1610 4141 se
1657 4099 1753 4156 per
1775 4087 2041 4156 paeniten—

478 4179 614 4234 tiam,
631 4177 738 4231 lilio
759 4177 1049 4241 luxurioso,
1100 4176 1241 4231 inter
1267 4176 1370 4232 alia
1389 4192 1634 4242 munera,
1664 4177 1828 4231 etiam
1849 4176 2038 4231 stolam

473 4270 705 4342 primam
751 4268 980 4339 proferri
1008 4278 1066 4325 et
1095 4284 1217 4324 eum
1246 4268 1394 4323 indui
1440 4270 1772 4338 praeceperit,
1817 4269 2041 4339 mystice

471 4348 754 4419 insinuans
787 4361 912 4432 quia
947 4361 1103 4424 electi
1132 4361 1369 4416 habitum
1397 4360 1832 4424 immortalitatis,
1877 4366 2038 4429 “quem

471 4459 528 4512 in
584 4456 752 4525 Adam
802 4430 856 4508 in
911 4455 1133 4510 exordio
1186 4453 1369 4509 saeculi
1423 4453 1786 4522 perdiderunt,
1841 4452 1895 4504 in
1933 4453 2037 4504 line
2068 4430 2116 4487 Ι)

472 4545 652 4601 saeculi
677 4544 787 4599 sint
807 4544 1072 4613 recepturi
1100 4544 1153 4598 in
1177 4542 1413 4608 Christo,
1454 4551 1508 4595 et
1534 4541 1750 4610 quidem
1785 4541 2040 4610 ampliore

473 4633 666 4705 gratia.
699 4631 834 4686 Nam
857 4631 1028 4688 Adam
1063 4632 1136 4685 ita
1166 4631 1487 4689 immortalis
1511 4632 1683 4688 factus
1703 4640 1809 4696 est,
1841 4640 1897 4685 ut
1918 4646 2039 4701 pos-

473 4732 559 4778 set
615 4739 721 4778 non
759 4723 893 4778 mori
943 4721 989 4778 si
1043 4729 1367 4792 praeceptum
1394 4730 1674 4786 servaret;
1717 4722 1809 4776 lilii
1862 4731 2038 4776 autem

473 4811 884 4865 resurrectionis
939 4810 1014 4866 ita
1049 4818 1210 4865 erunt
1253 4809 1603 4876 immortales,
1651 4819 1712 4864 ut
1755 4827 1855 4864 nec
1901 4813 2036 4866 mori

477 4915 735 4972 unquam,
780 4913 880 4954 nec
918 4909 1059 4957 metu
1104 4901 1292 4956 mortis
1322 4901 1550 4970 .possint
1585 4901 1741 4958 allici.
1774 4902 1852 4956 De
1887 4903 2040 4971 cujus

478 4989 783 5054 receptione
801 4988 951 5044 stola:
973 4989 1102 5044 dicit
1131 4988 1416 5063 Apostolus
1443 5008 1455 5046 :
1491 4988 1705 5060 Oportet
1750 4992 1888 5048 enim
1925 4979 2041 5044 cor-

479 5081 719 5152 ruptioile
779 5079 876 5133 hoc
936 5079 1150 5134 induere
1191 5082 1626 5151 incorruptionem
1663 5123 1678 5146 ,
1725 5092 1774 5138 et
1824 5082 2042 5139 mortale

477 5177 576 5228 hoc
622 5173 839 5227 induere
879 5170 1319 5226 immortalitatem
1357 5171 1420 5242 (1
1456 5171 1578 5226 Cor.
1631 5172 1755 5243 xv).
1807 5173 1908 5229 Ubi
1956 5175 2037 5229 in-

479 5265 646 5318 duere
685 5270 862 5326 sonat,
917 5261 1151 5315 ablatam
1189 5262 1371 5331 utique
1411 5262 1682 5332 signiﬁcat
1723 5266 2036 5329 nuditatem,

478 5367 638 5422 quam
667 5351 839 5406 Adam
865 5350 922 5406 in
956 5363 1014 5404 se
1056 5356 1112 5404 et
1143 5348 1289 5404 Hera
1319 5357 1438 5418 post
1467 5361 1749 5420 peccatum
1801 5354 2040 5426 agnitam

475 5441 882 5500 etnbescebant.

554 5532 618 5586 Et
655 5533 728 5586 ait
758 5546 776 5584 :
800 5529 934 5588 Ecce
960 5518 1130 5585 Adam
1149 5531 1320 5602 factus
1343 5539 1416 5584 est
1445 5533 1595 5601 quasi
1629 5550 1760 5586 unus
1784 5549 1847 5586 ex
1873 5535 2038 5598 nobis,

481 5627 640 5688 sciens
664 5625 850 5681 bonum
872 5634 918 5680 et
942 5623 1155 5709 malum;
1200 5624 1273 5678 De
1303 5622 1404 5678 hoc
1433 5631 1649 5679 sanctus
1676 5623 2002 5696 Augustinus
2026 5647 2038 5678 τ

2139 3199 2410 3269 paradiso,
2473 3197 2614 3252 felici
2663 3196 2897 3266 quodam
2944 3195 3188 3264 corporis
3233 3202 3400 3257 statu,
3467 3191 3708 3261 separari

2139 3292 2325 3360 utique
2346 3290 2529 3344 debuit
2557 3304 2587 3341 a
2609 3288 2752 3358 ligno
2771 3287 2912 3348 vita},
2941 3287 3053 3341 sive
3082 3272 3317 3355 quodex
3344 3284 3460 3354 ipso
3484 3281 3556 3337 illi
3582 3281 3714 3339 sub-

2139 3382 2354 3436 sisteret
2396 3379 2519 3433 felix
2561 3378 2648 3433 ille
2673 3379 2787 3447 ipse
2825 3385 2998 3431 status
3043 3375 3284 3444 corporis
3321 3390 3390 3429 ex
3419 3390 3478 3428 re
3509 3371 3712 3427 visibili

2140 3473 2338 3525 virtute
2375 3469 2650 3532 invisibili,
2695 3468 2807 3521 sive
2849 3465 2991 3536 quod
3039 3466 3092 3520 in
3126 3470 3192 3520 eo
3241 3475 3389 3519 esset
3429 3473 3486 3518 et
3526 3477 3712 3517 saera-

2141 3568 2379 3616 mentum
2432 3556 2638 3612 visibile
2684 3555 2967 3610 invisibilis
3021 3555 3318 3624 sapientiae.
3379 3551 3712 3606 Alienandus

2141 3650 2265 3706 inde
2311 3649 2494 3718 utique
2541 3646 2716 3701 fuerat
2768 3645 2850 3699 vel
2885 3644 2998 3713 jam
3055 3637 3372 3706 moriturus,
3427 3640 3715 3694 veletiam

2141 3746 2396 3808 tauquam
2424 3737 2936 3799 excommunicatus,
2978 3729 3120 3790 sicut
3147 3735 3308 3789 etiam
3335 3732 3388 3786 in
3419 3733 3541 3786 hoc
3554 3745 3717 3799 para-

2140 3829 2278 3892 diso,
2324 3827 2376 3880 id
2407 3835 2509 3891 est,
2561 3826 2615 3879 in
2654 3825 2910 3886 Ecclesia,
2951 3824 3125 3879 solent
3161 3839 3192 3877 a
3225 3821 3578 3878 sacramentis
3627 3819 3715 3872 al-

2142 3919 2273 3974 taris
2331 3915 2629 3971 visibilibus
2685 3899 2935 3983 homines
2990 3913 3293 3986 disciplina
3338 3910 3714 3967 ecclesiastica

2142 4005 2426 4060 removeri.
3155 4052 3159 4058 .

2723 4093 2948 4149 CAPUT
2984 4093 3101 4150 xx.
3138 4164 3143 4168 .
3249 4125 3262 4140 .

2365 4182 2617 4254 Expulsio
2652 4181 3087 4252 protoplastorum
3116 4182 3181 4234 de
3199 4181 3462 4252 paradiso.

2212 4275 2481 4346 Ejecitque
2517 4274 2707 4338 Adam,
2758 4282 2804 4326 et
2827 4268 3243 4333 collocavitante,
3273 4269 3577 4342 paradisum
3619 4289 3712 4325 vo-

2140 4363 2355 4434 luptatis
2390 4363 2651 4422 cherubim
2693 4372 2739 4416 et
2766 4364 3060 4432 ﬂammeum
3091 4362 3322 4432 gladium
3349 4373 3504 4434 atque
3527 4377 3710 4415 versa-

2141 4455 2279 4509 tilem
2327 4455 2396 4507 ad
2432 4451 2820 4507 custodiendam
2855 4453 2986 4506 viam
3029 4451 3154 4520 ligni
3191 4454 3326 4508 ritas.
3357 4452 3509 4505 Hunc
3531 4452 3708 4507 locum

2143 4546 2359 4613 antiqua
2420 4543 2699 4598 translatio
2747 4544 2824 4597 sic
2877 4544 3087 4598 habet:
3123 4543 3377 4613 Et'ejecit
3421 4543 3608 4606 Adam,
3657 4556 3710 4597 et

2140 4633 2407 4688 collocavit
2456 4650 2573 4687 eum
2617 4644 2796 4686 contra
2843 4633 3148 4703 paradisum
3189 4632 3502 4702 voluptatis;
3532 4644 3583 4687 et
3626 4651 3712 4687 or-

2140 4724 2334 4777 dinauit
2357 4722 2616 4775 cherubim
2637 4732 2684 4776 et
2709 4723 3002 4790 ﬂammeam
3025 4722 3392 4792 rhompltteam,
3408 4733 3514 4777 etc.
3531 4719 3708 4789 Quam

2141 4813 2184 4866 si
2215 4812 2510 4885 sequimur,
2552 4821 2607 4866 et
2639 4812 2752 4865 hoc
2767 4811 3103 4880 significandi
3133 4813 3302 4881 gratia
3342 4811 3539 4866 factum
3587 4827 3707 4866 ere.

2140 4907 2265 4959 dere
2290 4903 2582 4970 debemus;
2621 4905 2714 4959 sed
2744 4913 2921 4958 tamen
2969 4902 3168 4956 factum
3221 4911 3280 4957 ut
3302 4914 3498 4972 contra
3547 4919 3707 4973 para-

2141 4995 2337 5060 disum,
2369 5008 2474 5062 quo
2494 4995 2647 5047 beata
2674 4993 2782 5046 vita
2808 4993 2971 5046 etiam
2995 4977 3343 5066 spiritualiter
3369 4995 3706 5065 signiﬁcaba-

2142 5091 2250 5146 tur,
2300 5081 2563 5134 habitaret
2588 5082 2773 5149 utique
2796 5091 3043 5149 peccator
3068 5082 3120 5137 in
3141 5083 3380 5141 miseria.
3429 5084 3580 5150 Quod
3603 5102 3704 5139 au-

2145 5179 2250 5224 tem
2307 5171 2502 5225 dicitur
2537 5171 2825 5225 collocasse
2871 5165 3010 5226 Deus
3071 5182 3196 5228 ante
3243 5175 3548 5244 paradisum
3601 5191 3702 5230 vo-

2145 5260 2364 5328 luptatis
2408 5261 2686 5318 cberubim
2730 5271 2786 5316 et
2809 5261 3111 5317 ﬂammeum
3160 5265 3417 5335 gladium,
3460 5267 3562 5321 hoc
3603 5283 3706 5336 per

2139 5356 2386 5411 cmlestes
2410 5357 2590 5424 utique
2616 5364 2907 5424 potestates
2928 5357 2981 5410 in
3015 5359 3262 5427 paradiso
3281 5361 3475 5414 visibili
3502 5359 3702 5421 factum

2142 5461 2260 5501 esse
2299 5446 2621 5500 credendum
2656 5454 2758 5508 est.
2791 5455 2851 5500 ut
2887 5462 2984 5516 per
3005 5449 3302 5516 angelicum
3342 5448 3702 5502 ministerium

2141 5547 2282 5592 esset
2309 5536 2414 5591 illic
2435 5536 2588 5607 ignea
2613 5524 2854 5605 quaedam
2877 5538 3146 5603 custodia;
3175 5553 3281 5593 non
3305 5545 3479 5592 tamen
3506 5535 3706 5593 frustra

2145 5630 2341 5686 factum
2390 5642 2530 5693 esse,
2585 5627 2684 5682 nisi
2722 5627 2846 5699 quia
2888 5628 3154 5701 signiﬁcat
3189 5629 3386 5700 aliquid
3429 5629 3590 5688 etiam
3637 5627 3704 5686 de
