3968 6330
308 330 407 388 501

1319 319 1664 383 COMMENT.
1703 321 1766 379 ΙΝ
1800 322 2116 380 GENESIM.
2157 357 2225 366 —
2261 319 2388 380 LIB.
2428 324 2489 378 ll.

3421 325 3527 382 Ili!

317 443 585 516 spirituali
608 442 874 514 paradiso,
899 435 1025 495 ~non
1049 447 1130 494 est
1158 427 1525 494 dubitandum.
1555 439 1682 506 Qua:
1704 439 1866 492 etiam
1894 440 1944 497 Α
1968 448 2092 492 ante
2149 437 2456 507 paradisum
2501 448 2619 489 esse
2650 434 2965 516 collocatum
2989 477 3003 500 ,
3059 446 3116 490 ut
3155 435 3417 494 feriendus
3475 441 3528 494 in

308 534 554 591 custodia
589 534 726 587 bene
766 545 884 586 esse
925 532 1190 587 versatilis
1238 538 1596 593 asseveratur,
1649 544 1746 598 pro
1796 541 1862 582 eo

309 625 458 695 quod
484 623 809 693 quandoque
829 623 1041 681 veniret
1073 631 1282 691 tempus
1323 629 1389 679 ut.
1407 620 1567 674 etiam
1603 619 1863 673 removeri

307 711 590 786 potuisset.
622 712 842 766 Remota
867 720 949 767 est
985 728 1213 782 namque
1240 711 1417 765 Enoch
1442 725 1471 763 a
1497 710 1868 778 peccatoribus

313 802 596 865 translato,
631 809 829 855 remota
856 801 971 857 Elia
996 801 1149 870 igneo
1171 800 1223 852 in
1255 815 1414 853 curru
1439 807 1630 868 rapto;
1664 804 1866 851 remota

198 882 201 883 ⁷
309 874 562 945 omnibus
591 889 791 952 electis,
819 905 941 944 cum
974 889 1194 944 Domino
1219 889 1509 956 baptizato,
1559 887 1721 957 aperti
1746 894 1868 940 sunt

309 984 362 1038 ei
380 983 534 1047 calt;
572 991 776 1057 remota
807 983 934 1036 item
960 981 1181 1051 singulis
1198 979 1403 1043 electis,
1450 995 1570 1033 cum
1614 977 1868 1057 baptismi

311 1074 464 1147 fonte
479 1052 752 1139 lavantur;
783 1083 987 1128 remota
1017 1073 1206 1126 iisdem
1225 1069 1529 1139 perfectius,
1561 1083 1681 1122 cum
1709 1055 1867 1121 suluti

303 1179 345 1218 a
371 1164 608 1228 'vinculis
631 1165 826 1227 carnis,
875 1164 940 1218 ad
979 1162 1211 1218 caelestis
1235 1160 1468 1230 paradisi
1492 1159 1718 1226 gloriam
1751 1158 1862 1225 qui-

311 1267 419 1321 que
441 1268 539 1307 sno
565 1261 799 1322 tempore
823 1250 1208 1307 conscendunt.
1261 1248 1389 1302 item
1420 1248 1544 1317 quia
1590 1247 1868 1302 cherubim

310 1343 542 1396 scientic
579 1341 877 1405 multitudo,
915 1342 1018 1394 sive
1068 1339 1282 1392 scientia
1321 1337 1662 1408 multiplicata
1700 1337 1867 1392 inter-

309 1439 579 1500 pretatur,
631 1431 766 1483 bene
799 1428 1078 1485 cherubim
1115 1437 1170 1482 et
1213 1426 1488 1482 flammeus
1539 1427 1747 1497 gladius
1797 1426 1863 1480 ad

308 1521 714 1575 custodiendam
751 1521 891 1574 viam
919 1518 1046 1590 ligni
1073 1519 1196 1573 vitae
1244 1519 1533 1583 collocatus
1568 1534 1686 1573 esse
1739 1535 1864 1588 per-

311 1590 727 1679 ιιὶδειαξῳιίε
764 1610 1012 1664 nimirum
1059 1625 1156 1679 per
1180 1610 1471 1679 disciplina:
1515 1611 1667 1665 nobis
1693 1611 1867 1664 scien-

310 1698 445 1751 tiam
472 1688 726 1761 cmléstis,
751 1704 808 1752 et
833 1711 930 1766 per
949 1696 1184 1750 laborem
1210 1696 1575 1764 temporalium
1619 1695 1863 1750 afﬂictio-

1966 527 2118 580 nobis
2151 527 2433 581 illecebras
2471 525 2916 595 concupiscentia:
2952 526 3258 595 temporalis
3298 528 3530 584 insinuet

1962 615 2139 684 gladio
2168 617 2382 685 spiritus
2418 615 2556 687 quod
2587 626 2663 670 est
2709 615 2916 669 "verbum
2957 613 3050 669 Dei
3087 615 3299 687 (Ephes.
3329 619 3463 688 vn),/
3484 621 3526 674 si

1964 705 2029 758 ad
2053 706 2250 776 lignum
2276 708 2414 774 vitae,
2430 707 2571 777 quod
2591 716 2675 762 est
2688 706 2944 761 Dominus
2963 706 3229 775 Christus,
3250 721 3530 778 penetrare

1964 795 2410 864 concupiscimus.
2457 797 2603 851 Bene
2651 797 2900 852 eumdem
2938 796 3171 870 gladium
3226 799 3527 854 versatilem

1963 899 2084 940 esse
2125 883 2311 951 refert,
2342 894 2403 941 ut
2449 887 2650 961 indicet
2702 886 2927 957 mystice
2976 900 3082 942 non
3116 886 3272 956 nobis
3319 903 3531 956 semper

1964 976 2108 1031 hunc
2153 978 2518 1050 necessarium
2545 994 2664 1034 esse
2704 979 2964 1050 gladium,
3005 979 3121 1044 sed,
3174 987 3230 1032 ut
3271 981 3526 1050 scriptum

1964 1073 2065 1128 est,
2093 1071 2303 1135 tempus
2321 1048 2441 1132 esse
2460 1068 2604 1132 belli,
2637 1048 2850 1138 tempus
2879 1068 3029 1138 pacis
3060 1070 3340 1124 denuntiet
3366 1048 3527 1126 {belli

1966 1154 2233 1220 videlicet,
2265 1167 2386 1210 cum
2414 1157 2470 1210 in
2494 1157 2653 1226 hujus
2682 1159 2804 1213 vita:
2823 1147 3001 1216 studio
3031 1160 3312 1215 adversum
3343 1177 3540 1226 aereas,

1963 1251 2281 1312 potestates,
2331 1245 2415 1299 vel
2468 1247 2631 1302 etiam
2679 1259 2876 1305 nostra:
2936 1251 3136 1310 mentis
3173 1259 3226 1305 et
3275 1253 3528 1322 corporis

1966 1335 2118 1400 vitia,
2148 1345 2450 1414 certamus;
2479 1341 2633 1410 pacis
2664 1350 2868 1406 autem,
2897 1359 3018 1399 cum
3043 1344 3283 1414 perfecta
3305 1335 3530 1400 victoria

1965 1411 2305 1486 coronamur.
2340 1427 2464 1483 Hzec
2511 1445 2640 1500 ergo
2691 1432 2756 1486 de
2806 1411 3081 1496 creatione
3125 1436 3307 1490 mundi
3365 1443 3541 1504 atque.
3635 1459 3640 1462 ·

1965 1515 2196 1571 hominis
2215 1514 2596 1595 constitutione
2635 1521 2688 1574 in
2728 1524 2977 1594 paradiso
3022 1525 3374 1582 historialiter
3413 1528 3528 1594 sive

1965 1606 2334 1674 spiritualiter,
2394 1610 2684 1664 secundum
2728 1613 2986 1683 majorum
3034 1625 3338 1688 nostrorum
3387 1618 3528 1672 dicta

1967 1708 2032 1748 ac
2072 1691 2286 1750 sensum
2332 1697 2570 1752 breviter
2603 1700 2970 1769 explanantes,
3044 1703 3239 1757 librum
3296 1705 3530 1786 primum

314 1801 466 1850 num,
515 1785 723 1840 reditus
754 1786 824 1840 ad
849 1800 1132 1854 supernam
1167 1785 1394 1853 patriam
1439 1792 1602 1852 patet,
1648 1798 1717 1839 ex
1755 1801 1861 1855 qua
1889 1783 1937 1841 Β
1964 1785 2120 1870 hujus
2159 1788 2337 1868 operis
2364 1789 2464 1863 bqe
2485 1789 2604 1844 loco
2641 1791 2917 1870 terminari
2948 1794 3293 1860 censuimus;
3334 1803 3392 1848 ut
3426 1783 3530 1852 tan-

307 1889 408 1944 per
449 1874 731 1928 stultitiam
784 1873 1258 1942 praevaricationis,
1316 1889 1516 1944 perque
1575 1876 1867 1945 appetitum

303 1963 610 2017 carnalium
655 1963 986 2033 voluptatum
1040 1963 1400 2018 discessimus.
1456 1963 1522 2017 Et
1570 1966 1731 2019 bene.
1758 1980 1866 2018 non

305 2052 626 2121 simpliciter
652 2051 936 2116 flammam,
993 2053 1085 2108 sed
1115 2051 1345 2122 gladium
1385 2053 1516 2108 dicit
1561 2053 1878 2108 flammeum.

1968 1868 2083 1930 tera
2122 1892 2240 1946 quae
2295 1876 2572 1948 Scriptura
2619 1868 2773 1937 sacra
2816 1892 2937 1951 post
2962 1883 3311 1971 dejectionem
3357 1885 3527 1942 Adam

1967 1966 2035 2020 de
2073 1967 2324 2034 paradiso
2358 1980 2746 2034 commemorat
2779 1971 2932 2027 initio
2959 1966 3231 2053 sequentis
3257 1974 3377 2042 libri
3401 1991 3528 2034 con-

1966 2055 2293 2113 sideremus.

1338 2200 3518 2230 *Μή

1460 2297 1749 2375 LIBER
1806 2238 2363 2382 SECUNDUS.

592 2640 594 2644 τ
818 2577 1044 2638 CAPUT
1069 2564 1353 2638 paruum.

345 2691 422 2746 De
443 2690 666 2754 duobus,
702 2690 756 2742 id
781 2699 874 2753 est,
912 2689 1039 2743 Cain
1065 2701 1111 2744 et
1133 2690 1258 2744 Abel
1277 2691 1558 2764 fratribus;
1595 2701 1643 2747 et
1677 2711 1827 2764 quens

680 2769 854 2828 typum
883 2775 1058 2812 eorum
1081 2769 1290 2830 uterque
1313 2762 1485 2830 gessit.

411 2830 558 2922 (ἁλι).
604 2851 704 2921 ιν.)
752 2849 920 2905 Adam
964 2867 1088 2906 vero
1130 2856 1379 2924 cognovit
1419 2833 1613 2911 [levant
1651 2845 1862 2913 uxorem

303 2962 493 3009 suam;
521 2961 637 3014 quae
660 2947 889 3014 concepit
925 2954 975 2999 et
1003 2946 1194 3015 peperit
1221 2945 1368 3009 Cain,
1412 2946 1584 3002 dicens
1605 2962 1625 2999 :
1647 2943 1865 3020 Possedi

1969 2586 2086 2639 erit.
2114 2586 2220 2641 Sed
2250 2589 2345 2646 sub
2372 2599 2422 2644 te
2452 2591 2548 2651 erit
2570 2594 2825 2669 appetitus
2854 2595 2991 2666 ejus,
3013 2606 3059 2650 et
3095 2606 3150 2651 tu
3182 2599 3526 2659 dominaberis

1967 2675 2128 2731 illius.
2173 2677 2509 2736 Necessitate
2554 2684 2924 2753 compellimur
2969 2686 3023 2741 in
3070 2687 3290 2759 singulis
3328 2692 3526 2749 diutius

1971 2767 2264 2824 immorari.
2301 2769 2578 2841 Siquidem
2611 2780 2665 2826 et
2685 2789 2828 2828 nunc
2854 2774 3020 2829 multo
3051 2775 3105 2829 in
3135 2775 3356 2834 llebrmo
3392 2769 3527 2838 alius

1968 2874 2130 2928 quam
2170 2861 2224 2914 in
2258 2861 2605 2933 Septuaginta
2645 2865 3060 2923 translatoribus
3097 2869 3410 2926 sensus’est.
3439 2872 3529 2929 Ait

1967 2950 2113 3018 enim
2138 2951 2279 3006 Deus
2310 2954 2377 3007 ad
2404 2952 2535 3008 Cain
2558 2972 2572 3007 :
2607 2953 2783 3020 Quare
2822 2959 3083 3023 irasceris,
3107 2969 3154 3013 et
3175 2975 3333 3030 quare
3356 2962 3526 3016 conci-

304 3034 562 3087 lronsinem
585 3049 676 3101 per
698 3033 880 3086 Deum.
908 3031 1039 3087 Cain
1069 3034 1338 3103 (requisitio
1363 3034 1750 3127 thema-uestio
1783 3037 1865 3090 in-
1890 3027 1933 3087 C
1964 3043 2039 3096 dit
2072 3041 2241 3098 uultus
2269 3053 2389 3100 tuus
2406 3046 2432 3099 7
2465 3043 2653 3101 Nonne
2685 3048 2732 3101 si
2760 3048 2884 3104 bene
2906 3051 3069 3127 egeris
3090 3027 3375 3108 dimittetur
3396 3053 3528 3106 tibi?

305 3127 651 3188 terpretatur,
688 3118 741 3172 id
768 3129 879 3185 est,
913 3120 1266 3192 κτῆπς,αυάθ
1290 3119 1664 3190 etymologiam
1695 3122 1863 3191 ipsius

300 3209 634 3276 exprimens,
666 3208 776 3261 ait:
808 3208 1011 3262 canithi
1038 3216 1217 3274 mina,
1265 3209 1318 3265 id
1341 3217 1446 3276 est,
1471 3198 1676 3279 possedi
1692 3213 1864 3280 Ιιωιιε-

303 3310 424 3348 stem
456 3311 547 3364 pe;
569 3295 756 3354 Deum.
776 3301 781 3308 ⁷
1723 3356 1732 3365 ,

379 3385 706 3456 Rursumque
737 3392 929 3458 peperit
962 3391 1076 3462 ejus
1107 3392 1321 3461 fratrem
1351 3393 1496 3448 Abel.
1537 3394 1669 3449 Abel
1698 3396 1863 3452 inter-

257 3468 262 3472 ’
298 3484 550 3545 pretatur
591 3477 783 3549 luctus,
823 3480 936 3535 sive
972 3482 1191 3547 vanitas,
1220 3482 1305 3536 vel
1326 3499 1491 3560 paper
1518 3493 1609 3540 aut
1647 3487 1862 3542 misera-

299 3565 446 3618 bilis.
1639 3583 1646 3590 ’

377 3654 428 3725 Γ
431 3657 507 3709 uit
534 3666 707 3711 autem
741 3657 866 3712 Abel
901 3669 1080 3728 pastor
1117 3662 1306 3726 ovium,
1347 3671 1395 3716 et
1433 3662 1583 3717 Cain
1609 3666 1860 3734 agricola.

309 3741 532 3797 Factum
566 3754 641 3800 est
679 3755 848 3800 autem
878 3757 990 3816 post
1027 3748 1216 3803 mullus
1255 3751 1384 3816 dies,
1413 3761 1468 3805 ut
1497 3754 1702 3827 olferret
1732 3756 1865 3811 Cain

303 3832 373 3884 de
384 3832 636 3900 fructibus
663 3843 814 3888 teme
832 3853 1046 3891 munera
1069 3838 1288 3893 Domino
1304 3858 1323 3905 ;
1341 3842 1466 3896 Abel
1488 3853 1658 3897 autem
1682 3845 1864 3898 obtulit

301 3918 372 3972 de
391 3905 748 3988 'primogenitis
775 3924 941 3998 gregis
968 3925 1082 3989 sui,
1124 3937 1172 3978 et
1205 3927 1268 3980 de
1296 3929 1532 3997 adipibus
1569 3947 1781 3997 eorum;
1816 3943 1866 3986 et

303 4009 526 4086 respexit
565 4008 818 4065 Dominus
867 4013 934 4064 ad
970 4012 1096 4067 Abel
1150 4024 1197 4068 et
1246 4016 1313 4069 ad
1355 4034 1569 4071 munera
1611 4022 1765 4089 ejus:
1794 4023 1864 4075 ad

302 4083 439 4151 Cain
467 4114 581 4151 vero
615 4109 663 4151 et
683 4101 752 4152 ad
775 4117 990 4155 munera
1017 4102 1128 4172 ejus
1157 4121 1256 4158 non
1284 4109 1518 4176 respexit.
1550 4083 1701 4165 Unde
1720 4112 1865 4166 scire

297 4186 481 4254 potuit
516 4185 647 4241 Cain
687 4188 827 4257 quod
868 4181 1050 4244 fratris
1086 4207 1305 4248 munera
1354 4198 1676 4267 suscepisset
1701 4198 1860 4264 Deus,

300 4283 363 4327 et
395 4289 503 4328 sua
526 4275 875 4343 repudiasset,
911 4277 1012 4332 nisi
1053 4280 1140 4336 illa
1183 4282 1550 4353 interpretatio
1586 4304 1713 4343 vera
1755 4298 1862 4356 est,

1962 3140 2014 3185 et
2047 3132 2098 3186 si
2134 3147 2237 3187 non
2263 3134 2403 3211 bene
2446 3137 2644 3206 egeris,
2710 3144 2829 3192 ante
2885 3138 3022 3207 [ores
3068 3152 3332 3209 peccatum
3379 3151 3523 3196 tuum

1962 3223 2176 3291 sedebit,
2203 3240 2252 3279 et
2280 3227 2350 3280 ad
2377 3213 2432 3281 te
2451 3230 2670 3289 societas
2698 3230 2834 3300 ejus,
2861 3232 2951 3286 sed
2984 3241 3040 3298 tu
3065 3236 3234 3308 magis
3260 3235 3525 3288 dominare

1960 3312 2093 3381 ejus.
2126 3313 2278 3380 Quod
2316 3324 2495 3370 autem
2532 3318 2680 3390 dicit,
2723 3317 2897 3386 Quare
2917 3321 3176 3387 irasceris,
3216 3332 3272 3377 et
3315 3323 3525 3382 invidia:

1965 3400 2017 3454 in
2051 3391 2272 3457 fratrem
2309 3403 2476 3460 livore
2515 3397 2807 3480 cruciatus,
2843 3407 3045 3463 vultum
3076 3409 3314 3466 demittis
3332 3411 3385 3466 in
3414 3419 3521 3477 ter-

1965 3491 2114 3560 ram?
2147 3489 2335 3546 Nonne
2360 3494 2404 3547 si
2426 3494 2549 3548 bene
2579 3489 2778 3564 fecerii,
2804 3497 3092 3557 dimittetur
3119 3500 3209 3553 tibi
3237 3516 3396 3556 omne
3423 3501 3522 3560 de-

1963 3577 2188 3633 lictum?
2225 3583 2357 3646 sive,
2399 3591 2458 3636 ut
2483 3583 2810 3640 Theodotion
2852 3588 2948 3653 ait,
2970 3589 3279 3658 acccptabile
3314 3592 3430 3657 erit,
3469 3593 3522 3645 id

1965 3677 2067 3735 est,
2099 3663 2470 3725 munus-tuum
2512 3674 2823 3742 suscipiam,
2855 3685 2914 3729 ut
2943 3678 3148 3746 suscepi
3189 3693 3380 3734 munus
3401 3676 3520 3754 ns-

1961 3760 2067 3815 tris
2096 3761 2201 3814 tui.‘
2242 3759 2394 3828 Quod
2421 3763 2468 3816 si
2505 3763 2642 3817 male
2670 3765 2866 3834 egeris,
2889 3766 3040 3821 illico
3067 3776 3342 3837 peccatum
3373 3777 3536 3824 tuum

1965 3857 2089 3904 ante
2114 3851 2435 3906 vestibulum
2463 3854 2686 3920 sedebit,
2717 3863 2772 3909 et
2796 3855 2886 3910 tali
2908 3856 3141 3925 janitore
3165 3859 3534 3914 comitaberisa

1967 3941 2162 3997 Verum
2207 3945 2331 4012 quia
2377 3944 2529 3999 liberi
2584 3944 2792 3999 arbitrii
2824 3963 2916 4012 tes,
2962 3964 3153 4002 moneo
3196 3957 3255 4004 ut
3293 3966 3399 4004 non
3447 3952 3531 4005 tui

1943 4041 2264 4100 .peccatum,
2295 4035 2388 4089 sed
2425 4043 2480 4089 tu
2504 4046 2727 4106 peccato
2773 4038 3081 4096 domineris.
3130 4040 3281 4106 Quod
3304 4056 3432 4096 vero
3469 4042 3520 4095 in

1964 4117 2310 4191 Septuaginta
2340 4124 2536 4193 legitur
2563 4142 2574 4177 :
2601 4125 2746 4178 Dixit
2772 4125 3025 4180 Dominus
3061 4128 3128 4181 ad
3157 4128 3288 4182 Cain
3305 4142 3323 4179 :
3349 4128 3528 4194 Quare

1963 4209 2123 4261 tristis
2142 4209 2310 4277 [actus
2345 4213 2436 4264 es?
2467 4223 2516 4265 et
2547 4229 2708 4281 quare
2734 4214 2955 4268 concidit
2983 4215 3142 4284 facies
3177 4216 3306 4268 tua?
3334 4213 3524 4270 Nonne

1962 4296 2009 4351 si
2047 4286 2179 4351 recte
2215 4299 2424 4367 offeras,
2469 4311 2603 4355 recte
2640 4311 2812 4369 autem
2860 4319 2961 4358 non
2998 4305 3224 4370 dividas,
3261 4308 3523 4376 peccasti!

290 4355 468 4431 quam
497 4362 841 4460 "l‘heodotion‘
856 4370 1031 4460 posuit
1070 4388 1084 4424 :
1126 4370 1193 4423 Et
1236 4372 1574 4458 inﬂammavit
1605 4355 1859 4433 Dominus
1889 4381 1937 4454 β
1962 4386 2086 4455 quia
2130 4355 2451 4443 nonueluce't
2495 4405 2590 4443 cur
2631 4390 2714 4444 vel
2760 4355 3524 4460 unde—

299 4469 462 4521 super
483 4453 609 4506 Abel
636 4464 685 4507 et
705 4456 1016 4523 sacriﬁcium
1044 4459 1190 4528 ejus;
1216 4478 1367 4531 super
1385 4451 1518 4520 Cain
1551 4483 1665 4521 vero
1694 4479 1742 4522 et
1770 4485 1860 4523 su-

299 4560 400 4612 per
433 4547 748 4614 sacri/icium
779 4548 891 4616 ejus
931 4566 1033 4604 non
1060 4552 1419 4621 inﬂammavit.
1464 4558 1648 4628 ignem
1680 4569 1859 4616 autem

300 4636 375 4688 ad
401 4635 718 4690 sacrificium
753 4639 1113 4695 devorandum
1149 4643 1361 4697 solitum
1390 4649 1574 4703 venire
1603 4650 1666 4704 de
1699 4651 1854 4712 cmlo,

299 4735 363 4778 ct
402 4724 455 4777 in
493 4725 824 4780 dedicatione
870 4729 1050 4798 templi
1089 4731 1189 4784 sub
1212 4731 1492 4789 Salomone
1530 4737 1775 4807 legimus,
1803 4749 1858 4794 et

299 4813 517 4880 quando
540 4813 683 4869 Elias
731 4815 784 4868 in
832 4825 1012 4872 monte
1057 4818 1302 4874 Carmelo
1339 4827 1637 4879 construxit
1664 4827 1854 4883 altare.

297 4901 388 4954 Ab
432 4903 793 4971 omnipotente
837 4921 1066 4978 namque
1102 4909 1208 4964 Deo
1235 4926 1426 4966 munus
1462 4928 1529 4966 ex
1552 4931 1711 4971 manu
1751 4935 1857 4974 non

299 4989 587 5058 accipitur,
623 4993 765 5060 quod
801 4995 962 5048 corde
990 4996 1217 5065 obligato
1250 4999 1302 5052 in
1337 5001 1536 5056 malitia
1567 5005 1867 5073 profertur.

299 5076 559 5132 llundare
609 5082 806 5135 etenim
852 5085 1002 5152 prius
1047 5086 1202 5141 debet
1246 5091 1501 5157 animum,
1531 5095 1622 5162 qui
1665 5099 1860 5154 munus

293 5162 496 5251 oderre
542 5170 654 5222 vult
699 5171 830 5236 Deo,
883 5174 1003 5241 quia
1051 5191 1210 5232 omne
1253 5167 1394 5248 quod
1437 5181 1596 5237 datur
1630 5185 1759 5251 Deo,
1789 5202 1859 5245 ex

296 5252 484 5308 dantis
509 5266 687 5311 mente
713 5271 986 5328 pensatur.

319 5336 324 5340 ⁷
373 5343 649 5417 [ratusque
682 5358 757 5401 est
793 5348 924 5404 Cain
965 5355 1294 5421 vehementer,
1339 5370 1387 5412 et
1426 5364 1646 5416 concidit
1689 5369 1856 5422 vultus

295 5435 436 5504 ejus.
475 5436 544 5490 Et
573 5438 706 5492 dixit
728 5439 981 5496 Dominus
1011 5446 1082 5498 ad
1103 5429 1220 5501 eum
1244 5462 1261 5498 :
1288 5449 1462 5514 Quare
1497 5456 1662 5510 iratus
1705 5475 1777 5521 es,
1805 5470 1855 5512 et

295 5533 399 5578 cur
421 5528 643 5582 concidit
664 5529 822 5597 facies
839 5540 930 5593 tua
946 5533 971 5584 1'
998 5533 1050 5586 Ν
1053 5552 1184 5589 anne
1207 5540 1252 5590 si
1272 5539 1395 5594 bene
1419 5546 1582 5612 egeris
1608 5549 1856 5616 recipies?

289 5619 381 5668 sin
403 5628 578 5671 autem
600 5619 751 5688 male,
775 5622 947 5674 statim
975 5627 1029 5676 in
1055 5626 1252 5694 foribus
1273 5641 1538 5703 peccatum
1575 5644 1721 5689 tuum
1759 5639 1855 5692 atl-

1957 4480 2149 4528 sensus
2183 4465 2390 4548 peperit
2423 4477 2504 4532 eis
2539 4478 2863 4547 obscuritas,
2891 4495 3012 4535 cum
3038 4481 3338 4537 divinarum
3371 4484 3518 4538 Scri-

1958 4571 2237 4632 pturarum
2264 4567 2490 4636 quisque
2519 4574 2782 4624 tractator
2809 4571 3101 4626 secundum
3130 4571 3251 4627 ﬁdei
3280 4574 3517 4647 regulam

1959 4650 2014 4732 id
2037 4653 2263 4707 conatur
2287 4669 2574 4725 exponere.
2626 4656 2792 4713 Recte
2825 4661 3019 4731 quippe
3059 4660 3281 4732 oll'ertur
3313 4665 3521 4730 sacril-

1959 4725 2099 4811 cium
2124 4731 2410 4809 Deo—vero,
2454 4745 2540 4799 cui
2572 4747 2663 4799 uni
2701 4725 3066 4808 tantummodo
3108 4727 3518 4808 sacrificandum

1957 4839 2071 4896 est;
2109 4845 2216 4886 non
2244 4840 2425 4887 autem
2455 4842 2604 4889 recte
2627 4835 2898 4900 dividitur,
2928 4838 3051 4893 dum
3076 4853 3181 4893 non
3206 4839 3515 4896 discernun-

1960 4929 2048 4974 tur
2087 4923 2233 4976 reete
2265 4920 2348 4975 vel
2387 4923 2521 4987 loca,
2560 4923 2644 4978 vel
2689 4931 2946 4995 tempora,
2992 4925 3073 4982 vel
3110 4927 3238 4996 ipsa:
3275 4943 3360 4984 res
3395 4944 3515 4998 qum

1957 5008 2285 5078 oleruntur;
2337 5011 2422 5066 vel
2464 5013 2556 5082 qni
2601 5012 2774 5079 offert,
2815 5023 2872 5068 et
2914 5016 3000 5070 cui
3044 5015 3294 5085 offertur;
3331 5019 3414 5075 vel
3461 5020 3515 5075 in

1957 5099 2148 5168 quibus
2175 5101 2244 5155 ad
2267 5103 2588 5156 vescendum
2616 5103 2952 5158 distribuitur
2980 5106 3120 5175 quod
3145 5107 3379 5164 oblatum
3408 5119 3511 5175 est,

1942 5196 2016 5242 -ut
2049 5187 2364 5244 divisionem
2407 5191 2496 5246 hic
2538 5192 2918 5259 discretionem
2969 5195 3357 5269 intelligamus;
3398 5201 3511 5256 sive

1956 5293 2075 5332 etim
2099 5276 2321 5358 oﬂertnr
2351 5279 2440 5356 ubi
2473 5296 2580 5334 non
2609 5290 2836 5352 oportet,
2860 5294 2953 5340 aut
2978 5288 3119 5355 quod
3157 5303 3260 5343 non
3296 5290 3394 5358 ibi,
3416 5291 3509 5344 sed

1956 5370 2083 5425 alibi
2111 5353 2351 5440 oportet;
2383 5353 2497 5427 sive
2524 5390 2647 5430 cum
2671 5375 2892 5430 oﬂ’ertur
2913 5353 3124 5448 quando
3150 5396 3254 5434 non
3277 5353 3507 5450 oportet,

1957 5462 2216 5530 autquod
2254 5478 2362 5522 non
2399 5473 2543 5530 tunc,
2563 5467 2665 5532 sed
2706 5468 2840 5523 alias
2866 5479 3102 5539 oportet;
3139 5471 3254 5540 sive
3291 5485 3411 5525 cum
3457 5472 3508 5525 id

1954 5548 2176 5606 oﬂ‘ertur
2201 5552 2349 5620 quod
2368 5564 2630 5630 nusquam
2665 5564 2718 5610 et
2753 5546 3018 5627 nunquam
3055 5560 3266 5630 penitus
3287 5560 3502 5626 debuit;

1957 5640 2068 5697 sive
2094 5647 2215 5710 cum
2244 5629 2509 5700 electiora‘
2529 5646 2628 5714 sibi
2656 5645 2890 5716 ejusdem
2919 5649 3128 5718 generis
3152 5665 3331 5709 rerum
3363 5660 3521 5708 tenet
