3968 6340
506 304 609 361 8ϋῦ

1142 312 1199 365 Β.
1243 313 1496 369 ΒΑΒΑΝΙ
1539 315 1757 371 MAUH
1792 317 2044 370 ARCHIE

2154 317 2457 377 MOGUNT.
2500 323 2779 380 OPERUM
2815 326 2991 382 PARS
3040 327 3079 381 1.
3151 325 3155 329 ’

3612 333 3724 388 ’ὅθ-ἰ

497 411 658 469 homo
697 430 857 487 quam
898 426 1023 472 sunt
1060 436 1121 474 ea
1165 438 1285 493 qua:
1324 422 1484 505 offert
1512 424 1649 489 Deo;
1683 425 1795 478 sive
1830 423 1944 492 ejus
1987 425 2063 478 rei
2091 429 2141 486 Α
2168 437 2368 489 rentur.
2426 430 2576 487 Nunc
2619 444 2797 488 autem
2848 438 3155 504 ignorantes
3205 440 3288 496 Dei
3339 437 3626 508 justitiam,
3674 456 3727 500 et

490 521 618 585 qua:
655 509 835 565 oblata
873 518 956 565 est
994 511 1054 565 fit
1090 514 1358 589 particeps
1403 514 1658 584 profanus
1694 525 1785 568 aut
1820 515 2059 584 quilibet,

497 614 655 670 quem
684 597 771 669 fas
795 615 901 654 non
932 610 1015 665 est
1050 600 1184 665 fieri.
1226 595 1283 656 In
1308 619 1414 672 quo
1449 612 1628 658 autem
1660 604 1848 659 horum
1879 605 2062 674 displi-

492 688 668 742 cuerit
711 687 845 744 Cain
892 688 1053 757 Deo,’
1081 691 1236 747 facile
1280 702 1384 748 nco
1428 702 1606 762 potest
1649 686 1892 749 inveniri.
1955 695 2061 750 Sed

422 832 423 835 η
492 777 748 847 quoniam
796 778 1029 858 Joannes
1072 782 1360 852 apostolus,
1413 784 1643 839 cumde
1688 784 1772 839 his
1805 782 2060 854 fratribus

490 866 822 943 loqueretur.
862 870 984 925 Non
1011 872 1166 937 sicut,
1198 873 1389 940 inquit,
1418 870 1549 927 Cain
1580 887 1646 927 ex
1673 872 1901 943 maligno
1926 883 2057 934 erat.

492 952 554 1009 et"
578 959 763 1013 occidit
798 959 1012 1028 fratrem
1047 978 1217 1014 suum.
1250 956 1319 1014 Et
1347 962 1498 1030 cujus
1526 962 1599 1015 rei
1624 962 1800 1033 gratia
1834 963 2060 1017 occidit?

494 1050 622 1119 quia
653 1065 809 1128 Opera
830 1049 986 1105 illius
1015 1050 1243 1120 maligna
1272 1050 1503 1119 fuerunt,
1533 1049 1714 1120 fratris
1743 1061 1913 1105 autem
1946 1053 2058 1121 ejus

485 1139 635 1208 justa
666 1140 732 1211 '(I
760 1137 919 1194 Joan.
960 1128 1065 1211 tu).
1110 1138 1276 1195 Datur
1319 1136 1449 1211 ergo
1502 1139 1727 1214 intelligi
1775 1148 2059 1210 propterea

492 1245 601 1285 non
650 1229 1257 1298 respexisse‘Dominum
1302 1230 1357 1282 in
1393 1244 1588 1284 munus
1632 1228 1766 1298 ejus,
1798 1229 1935 1299 quia.
1958 1230 2059 1284 hoc

490 1324 611 1391 ipso
650 1322 791 1377 male
834 1321 1295 1396 dividebatudans
1336 1315 1465 1376 Deo'
1493 1321 1693 1390 aliquid
1729 1321 1907 1385 suum,
1956 1319 2059 1375 sibi

492 1422 672 1468 autem
714 1401 967 1482 scipsum.
1015 1411 1167 1480 Quod
1199 1410 1387 1468 Omnes
1427 1411 1773 1484 faciunt,‘qui
1809 1428 1913 1468 non
1940 1412 2055 1478 Dei,

491 1503 585 1557 sed
627 1494 777 1557 suam
823 1510 1091 1556 seetantes
1128 1499 1480 1566 voluntatem,
1530 1502 1719 1571 idest,
1759 1503 1881 1557 non
1909 1488 2058 1556 recto

489 1592 582 1647 seti
625 1606 880 1663 perverso
922 1587 1083 1647 corde
1126 1585 1417 1655 venientes,
1459 1589 1689 1646 offerunt
1732 1602 1910 1647 tamen
1946 1591 2056 1647 Deo

490 1699 705 1749 munus,
736 1698 842 1755 quo
872 1691 1059 1755 putant
1088 1686 1211 1738 eum
1252 1682 1463 1747 redimi,
1493 1690 1552 1737 ut
1575 1697 1764 1737 eorum
1802 1697 1906 1737 non
1941 1683 2059 1752 opi-

490 1770 698 1847 tuletur‘
737 1770 1213 1859 sanandis'pravis
1250 1770 1653 1859 cupiditatibus,
1693 1773 1788 1828 sed
1830 1772 2056 1843 explen-
2083 1762 2129 1821 Β

491 1868 575 1922 dis
606 1886 619 1924 :
654 1875 709 1921 et
754 1866 856 1921 hoc
888 1857 973 1923 esi
1000 1852 1229 1927 terrena:
1272 1856 1550 1936 proprium
1596 1866 1851 1931 civitatis,
1897 1866 2053 1924 deum

490 1958 577 2014 vel
599 1944 930 2014 deos‘colere
967 1957 1161 2027 quibus
1187 1958 1563 2027 adjuvantibus
1591 1966 1778 2031 regnet
1808 1959 1864 2013 in
1892 1959 2057 2013 victo-

490 2052 587 2106 riis
614 2058 667 2105 et
706 2065 836 2120 pace
865 2044 1099 2113 terrena,
1141 2065 1246 2105 non
1292 2051 1552 2107 charitate
1598 2051 1927 2117 consulendi,
1960 2052 2054 2106 sed

488 2140 794 2197 dominandi
835 2140 1146 2211 cupiditate.
1196 2140 1327 2196 Buni
1362 2140 1558 2211 quippe
1591 2139 1657 2194 ad
1698 2141 1799 2195 hoc
1832 2148 2055 2195 utuntur

491 2224 711 2295 mundo,
735 2241 791 2291 ut
812 2230 1057 2287 fruantur
1071 2230 1211 2297 Deo;
1241 2230 1366 2288 mali
1394 2239 1572 2285 autem
1595 2239 1780 2287 contra
1801 2239 1860 2285 ut
1878 2230 2055 2285 fruan-

470 2309 578 2380 tur
596 2324 818 2390 mundo,
854 2325 932 2380 uti
957 2325 1141 2380 volunt
1164 2323 1295 2391 Deo,
1319 2324 1411 2393 qui
1442 2332 1622 2379 tamen
1651 2339 1772 2379 eum
1801 2322 1882 2377 vel
1911 2314 2051 2388 esse,

483 2416 571 2471 vel
596 2431 683 2470 res
711 2416 973 2472 humanas
1002 2429 1192 2471 curare
1222 2431 1328 2469 non
1351 2414 1593 2473 credunt.

526 2505 800 2576 -Dixitque
826 2504 959 2559 Cain
1000 2504 1069 2558 ad
1101 2503 1227 2559 Abel
1265 2503 1482 2573 fratrem
1524 2518 1697 2568 suum,
1738 2503 2053 2558 subauditur

485 2613 549 2653 ea
577 2613 697 2670 qua:
728 2597 937 2652 locutus
969 2604 1053 2651 est
1078 2596 1353 2651 Dominus.
1404 2593 1743 2664 Superﬂuum
1782 2603 1865 2651 est
1902 2609 2050 2665 ergo,

488 2688 632 2759 quod
678 2687 731 2741 in
754 2683 1218 2752 Samaritanorum
1263 2695 1316 2740 et
1345 2691 1527 2745 nostro
1552 2683 1822 2740 volumine
1851 2684 2053 2763 reperi-

487 2791 577 2834 tur
597 2792 612 2832 :
638 2776 981 2831 Transeamus
1004 2777 1059 2831 in
1088 2791 1345 2845 campum.
1532 2773 1536 2776 ’
1832 2790 1835 2794 ‘

563 2866 792 2937 Cumque
815 2877 978 2921 essent
1004 2868 1058 2923 in
1086 2882 1232 2935 agro,
1258 2864 1482 2919 surrexit
1510 2861 1640 2923 Cain
1661 2863 1907 2918 adversus
1929 2862 2053 2917 Abel

491 2960 708 3030 fratrem
744 2949 989 3021 suum,-et
1017 2955 1271 3024 interfecit
1303 2970 1441 3019 eum,
1460 2959 1523 3008 "et
1547 2961 1761 3015 caetera.
1792 2953 2053 3011 Nativitas

489 3051 713 3105 duorum
743 3046 969 3101 ﬁliorum
994 3043 1185 3110 Adam,
1214 3042 1616 3105 similitudinem
1645 3042 1805 3103 habet
1826 3040 2052 3098 duorum

2163 532 2314 572 suam
2351 520 2589 576 volentes
2627 524 2982 591 constituere,
3028 528 3150 582 elati
3186 529 3251 583 de
3294 532 3535 598 operibus
3572 532 3723 601 legis,

2161 624 2267 663 non
2307 611 2568 665 humiliati
2595 613 2660 667 de
2683 615 2920 682 peccatis
2959 617 3092 681 suis,
3126 633 3233 672 non
3261 620 3596 690 quieverunt,
3630 623 3727 677 sed

2160 698 2494 757 offenderunt
2539 703 2589 757 in
2638 704 3252 776 lapidem-offensionis,
3308 722 3361 767 et
3402 724 3724 770 exarserunt

2160 790 2431 846 iracundia
2478 793 2732 848 adversus
2766 785 3249 866 Christum,.‘Ciijus
3278 816 3437 870 opera
3481 805 3723 859 videntes

2161 879 2272 935 Deo
2315 890 2533 949 accepta
2575 898 2714 948 esse,
2762 884 3063 940 doluerunt.
3129 887 3328 962 (Greg.)
3374 876 3725 965 'lropolng'iee

2161 978 2339 1025 autem
2387 982 2541 1029 recte
2568 975 2811 1043 olfertur,
2840 995 2960 1034 cum
3002 990 3145 1036 recta
3190 984 3481 1043 intentione
3523 988 3725 1057 aliquid

2160 1063 2366 1132 agitur;
2399 1065 2491 1119 sed
2521 1082 2626 1121 non
2662 1077 2806 1124 recte
2831 1070 3101 1135 dividitur,
3133 1075 3176 1128 si
3208 1091 3312 1138 non
3338 1077 3439 1133 hoc
3468 1080 3611 1150 quod
3635 1082 3724 1150 pie

2162 1152 2357 1229 agitur,
2407 1156 2571 1210 etiam
2618 1159 2883 1229 subtiliter
2925 1161 3281 1219 discernatur.
3342 1166 3533 1225 Oblata
3577 1172 3722 1231 enim

2160 1251 2306 1297 recte
2332 1245 2583 1310 dividere,
2615 1256 2697 1303 est
2726 1249 2975 1319 quaelibet
2995 1254 3131 1307 bona
3158 1262 3343 1309 nostra
3369 1259 3541 1312 studia
3572 1261 3722 1315 solli-

2160 1332 2642 1418 citerdiscernendo
2680 1352 2906 1407 pensare
2938 1356 2951 1392 :
2987 1334 3129 1411 quod
3159 1342 3409 1397 nimirum
3440 1348 3531 1415 qui
3562 1363 3726 1418 agere

2160 1415 2478 1495 dissimulat,
2518 1421 2679 1475 etiam
2706 1432 2849 1477 recte
2875 1423 3107 1480 offerens
3132 1416 3348 1495 peccat-3
3388 1427 3543 1499 Saepe
3567 1415 3724 1485 nam-

2159 1519 2265 1574 que
2301 1516 2356 1560 et
2398 1508 2539 1575 quod
2571 1509 2711 1565 bono
2752 1513 2929 1567 studio
2972 1515 3225 1583 gerimus,
3254 1516 3378 1570 dum
3414 1518 3725 1578 discernere

2159 1608 2316 1653 caute
2337 1600 2672 1671 negligimus,
2687 1617 2795 1671 quo
2806 1602 3077 1671 judicetur
3092 1607 3206 1661 sine
3220 1607 3323 1663 ﬁne
3343 1608 3642 1673 nescimus;
3668 1620 3725 1663 ct

2159 1700 2541 1759 nonnunquam
2578 1690 2679 1746 hoc
2717 1692 2775 1745 ﬁt
2809 1702 2988 1749 reatus
3022 1696 3285 1761 criminis,
3332 1698 3475 1767 quod
3505 1707 3728 1768 putatur

2158 1792 2320 1832 causa
2344 1777 2576 1832 virtutis.
2613 1779 2777 1851 Recte
2804 1797 2931 1851 ergo
2965 1781 3257 1849 offerimus,
3285 1778 3408 1840 cum
3444 1786 3586 1840 bono
3611 1797 3725 1840 stu-

2160 1869 2247 1922 dio
2277 1870 2474 1924 bonum
2511 1884 2644 1939 opus
2680 1872 2918 1943 agimus;
2966 1873 3073 1927 sed
3102 1884 3247 1930 recte
3280 1889 3383 1929 non
3413 1874 3721 1940 dividimus,

2159 1960 2203 2015 si
2231 1961 2429 2038 habere
2454 1960 2829 2017 discretionem
2874 1963 2926 2016 in
2963 1962 3103 2020 bono
3128 1978 3289 2034 opere
3314 1974 3720 2033 postponamus.

2155 2051 2337 2119 Itaque
2374 2061 2494 2121 post
2522 2052 2634 2107 haec
2662 2054 2923 2108 occiditur
2946 2047 3078 2110 A'bel
3113 2056 3287 2109 minor
3314 2065 3463 2120 nutu,
3496 2071 3527 2108 a
3553 2054 3726 2111 fratre

2156 2138 2357 2207 majore
2382 2149 2532 2194 natu.
2578 2139 2851 2196 Occiditur
2877 2142 3122 2199 Christus
3161 2154 3323 2214 caput
3365 2145 3593 2199 minoris
3630 2148 3719 2215 ρο.

2154 2229 2264 2301 puli
2295 2240 2444 2296 natu,
2485 2247 2515 2285 a
2539 2233 2736 2302 populo
2756 2232 3060 2289 Iudaeorum
3102 2237 3320 2306 majoris
3346 2228 3491 2290 natu.
3552 2236 3642 2309 ille
3666 2237 3723 2291 in

2154 2335 2383 2398 campo,
2434 2321 2533 2389 iste
2580 2325 2631 2377 in
2675 2323 2933 2379 Calvaria:
2982 2325 3118 2381 loco.
3188 2316 3371 2398 (Ιείάζ)
3425 2326 3726 2397 lnterrogat
3796 2390 3811 2405 ‘

2154 2411 2295 2467 Deus
2317 2411 2468 2480 Cain,
2503 2428 2605 2469 non
2640 2423 2893 2484 tanquam
2928 2416 3143 2487 ignarus
3171 2431 3293 2471 eum
3322 2432 3351 2471 a
3384 2432 3489 2485 quo
3527 2416 3720 2481 discat,

2155 2503 2249 2559 sed
2286 2513 2537 2574 tanquam
2571 2503 2733 2573 judex
2770 2521 2941 2571 reum,
2972 2520 3129 2576 quem
3165 2506 3369 2575 puniat,
3396 2505 3485 2559 ubi
3517 2505 3587 2560 sit
3618 2503 3724 2560 fra-

2158 2604 2237 2651 ter
2267 2594 2397 2665 ejus.
2434 2598 2725 2667 Respondit
2767 2598 2858 2653 ille
2885 2600 3092 2655 nescire
3126 2613 3206 2666 se,
3234 2614 3335 2655 nec
3370 2601 3486 2669 ejus
3512 2614 3570 2653 se
3600 2613 3724 2657 esse

2154 2688 2449 2742 custodem.
2478 2687 2657 2757 Usque
2681 2702 2823 2743 nunc
2849 2689 2976 2760 quid
3007 2674 3329 2758 respondent
3354 2689 3509 2743 nobis
3527 2687 3721 2754 Judaei,

2156 2793 2278 2833 cum
2308 2791 2401 2832 eos
2426 2777 2541 2844 Dei,
2574 2778 2678 2834 hoc
2707 2774 2791 2833 est
2822 2761 3130 2835 sanctarum
3160 2778 3562 2847 Scripturarum
3593 2792 3722 2834 voce

2157 2868 2550 2938 interrogamus
2587 2868 2652 2923 de
2685 2868 2932 2924 Christo?
2974 2868 3050 2922 Illi
3094 2869 3305 2924 nescire
3349 2882 3406 2921 se
3444 2866 3722 2922 Christum

2156 2958 2499 3028 respondent.
2554 2958 2732 3014 Fallax
2775 2960 2917 3015 enim
2954 2957 3094 3014 Cain.
3120 2957 3719 3030 ignoratioJudaeorum

2156 3055 2239 3103 est
2268 3042 2401 3103 falsa
2428 3050 2657 3119 negatio.
2683 3048 2877 3104 Essent
2900 3059 3075 3103 autem
3103 3038 3493 3117 quodammddo
3515 3047 3718 3102 Christi

486 3137 825 3213 populorum,
852 3134 945 3205 qui
983 3142 1138 3209 erant
1164 3133 1392 3189 diversis
1432 3118 1761 3209 temporibus
1794 3130 1861 3191 ad
1894 3130 2051 3187 ﬁdem
2080 3121 2122 3183 C
2154 3135 2422 3201 custodes,
2455 3118 3068 3192 siChristianam'ﬁdem
3096 3136 3338 3206 accipere
3365 3143 3420 3191 et
3443 3136 3719 3192 custodire

487 3230 721 3295 venturi,
748 3230 863 3299 pari
889 3242 1048 3299 opere
1073 3236 1128 3285 et
1152 3226 1397 3291 dissimili
1429 3225 1694 3291 charitate
1718 3234 1842 3280 ante
1860 3226 2048 3281 Deum.

487 3320 616 3376 Fuit
653 3330 825 3375 autem
859 3317 985 3372 Abel
1014 3326 1193 3389 pastor
1216 3318 1406 3396 ovium,
1429 3326 1476 3372 et
1498 3314 1627 3371 Cain
1660 3307 1910 3386 agricola.
1946 3316 2052 3371 Sed

487 3412 628 3467 sicut
678 3410 807 3465 Cain
854 3400 1176 3471 sacriﬁcium
1238 3422 1302 3461 ex
1351 3414 1505 3461 terrae
1553 3406 1815 3463 fructibus
1865 3420 2051 3477 repro-

483 3504 660 3566 batur,
694 3499 822 3555 Abel
871 3508 1049 3554 autem
1095 3494 1420 3552 sacriﬁcium
1458 3512 1532 3552 rex
1560 3484 1757 3555 ovibus
1776 3504 1830 3553 et
1863 3510 2048 3551 earum

486 3591 640 3661 adipe
675 3588 983 3658 suscipitur,
1027 3587 1099 3641 ita
1139 3585 1273 3641 Novi
1308 3576 1647 3647 Testamenti'
1674 3584 1827 3652 ﬁdes,
1870 3600 1936 3639 ex
1967 3587 2047 3641 in-

487 3681 747 3736 nocentia:
798 3679 971 3750 gratia
996 3679 1161 3733 Deum
1209 3678 1453 3741 laudans,
1482 3678 1689 3734 Veteris
1718 3678 2047 3737 'l‘estamenti

483 3772 713 3827 terrenis
738 3768 989 3839 operibus
1022 3768 1382 3837 anteponitur.
1425 3767 1591 3829 Dixit
1620 3766 1758 3822 Deus
1786 3768 1855 3820 ad
1884 3767 2069 3823 Cirim.

482 3863 542 3918 Si
573 3871 702 3916 recte
730 3861 939 3929 offeras,
968 3868 1013 3914 et
1034 3868 1166 3912 recte
1187 3876 1289 3912 non
1313 3858 1537 3924 dividas,
1563 3860 1806 3928 peccasti,
1839 3859 2043 3929 utique,

481 3953 605 4023 quia
634 3961 687 4005 et
724 3948 766 4006 Si
799 3951 954 4003 antea
981 3946 1148 4004 ιιιάωί
1196 3956 1526 4004 recterecta
1571 3948 1658 4002 illa
1699 3948 1960 4015 fecerunt,
1994 3951 2045 4012 in

483 4059 544 4098 ea
573 4052 749 4097 tamen
773 4038 1098 4093 inﬁdelitatis
1126 4038 1201 4093 rei
1216 4046 1358 4103 sunt,
1373 4040 1518 4108 quia,
1543 4037 1757 4094 Christo
1778 4041 2043 4107 veniente,

453 4160 459 4165 -
476 4132 588 4201 jam
605 4140 808 4200 tempus
825 4128 958 4191 Novi
972 4128 1297 4187 Testamenti
1326 4146 1356 4184 a
1387 4139 1625 4199 tempore
1641 4130 1849 4186 Veteris
1861 4132 2050 4187 Testa-

479 4221 648 4275 menti
689 4236 793 4273 non
818 4219 1192 4277 distinxerunt.
1224 4216 1359 4285 Quia
1386 4219 1525 4274 sicut
1550 4220 1594 4274 si
1621 4221 2046 4293 obtemperasset

479 4310 613 4364 Cain
633 4306 743 4362 Deo
772 4300 1011 4361 dicenti:
1042 4306 1255 4372 Quiesce
1274 4349 1288 4374 ,
1318 4308 1414 4363 sub
1442 4317 1489 4362 te
1509 4310 1606 4363 erit
1629 4311 1882 4381 appetitus
1907 4312 2040 4381 ejus,

480 4408 527 4453 et
565 4396 908 4452 dominaberis
932 4407 987 4451 tu
1012 4397 1174 4475 illius,
1215 4398 1280 4454 ad
1309 4414 1368 4478 se
1394 4401 2043 4475 convertissetpeccatum

480 4503 631 4553 suum
663 4487 764 4541 sibi
794 4486 894 4541 hoc
921 4486 1181 4553 tribuens,
1222 4497 1276 4542 et
1301 4488 1573 4544 conﬁdens
1612 4490 1667 4543 in
1702 4490 1839 4555 Deo;
1873 4505 1937 4545 ac
1962 4491 2040 4546 sic

478 4580 690 4647 adjutus
727 4592 822 4646 per
854 4576 1192 4648 indulgentiae
1232 4578 1482 4648 gratiam,
1524 4578 1638 4649 ipse
1682 4588 1904 4649 peccato
1944 4595 2040 4634 suo

478 4671 862 4735 dominaretur,
890 4685 995 4729 non
1023 4669 1112 4723 illo
1140 4669 1240 4723 sibi
1270 4669 1591 4734 dominante,
1620 4685 1807 4725 servus
1832 4672 2037 4739 peccati

478 4764 699 4818 fratrem
737 4760 1002 4815 occideret
1043 4748 1396 4814 innocentem.
1430 4758 1518 4814 Sic
1546 4768 1597 4814 et
1623 4758 1790 4815 Judtei
1822 4761 1873 4822 in
1908 4769 2041 4830 quoé

478 4866 597 4905 rum
648 4850 761 4903 lucc
804 4848 973 4918 ﬁgura
1010 4847 1354 4916 gerebantur,
1396 4849 1441 4907 si
1481 4848 1817 4917 quiescerent
1869 4864 1899 4903 a
1938 4864 2035 4903 sua

474 4922 898 5013 perturbatione,
927 4947 981 4991 ct
1012 4947 1221 5007 tempus
1249 4936 1434 4991 salutis
1464 4951 1559 5005 per
1582 4938 1807 5007 gratiam
1836 4939 1887 4991 in
1912 4955 2037 5009 pec-

478 5041 721 5087 catorum
766 5029 1131 5093 remissionem
1177 5036 1582 5099 cognoscentes,
1616 5029 1860 5101 audirent
1889 5030 2039 5086 Chri-

477 5130 621 5177 stum
648 5122 911 5175 dicentem
940 5136 953 5172 :
981 5117 1099 5174 Non
1123 5104 1236 5173 ueni
1262 5134 1445 5172 vocare
1464 5106 1657 5188 justas,
1688 5102 1784 5190 sed"
1804 5132 2037 5191 peccato-

478 5229 559 5267 res
594 5211 660 5263 ad
686 5209 1054 5280 paenitentiam,
1093 5217 1221 5262 tunc
1252 5209 1317 5263 ad
1351 5223 1409 5283 se
1441 5216 1819 5283 converterent
1845 5225 2035 5278 pecca—

478 5313 591 5356 tum
629 5313 782 5353 suum
813 5297 865 5351 in
896 5296 1245 5362 confessione,
1284 5297 1421 5352 sicut
1456 5298 1509 5352 in
1536 5290 1757 5368 psalm'o
1777 5300 2033 5369 scriptum

476 5396 579 5448 est,
623 5386 878 5457 propheta
916 5385 1160 5439 dicente:
1202 5384 1313 5456 Ego
1348 5382 1750 5453 dia‘i,'Domine,
1796 5389 2035 5443 miserere

476 5480 577 5531 inci
606 5497 623 5533 :
664 5494 791 5530 sana
834 5476 1062 5529 animam
1103 5492 1289 5541 meum,
1316 5474 1453 5546 quia'
1479 5468 1680 5545 peccari
1725 5478 1817 5534 tibi
1859 5476 2028 5551 (Psal.

477 5572 586 5638 λι),
636 5570 914 5639 eidemque
967 5580 1184 5644 peccato
1243 5569 1480 5639 quandiu
1534 5579 1713 5631 essent
1764 5572 1937 5626 adhuc
1979 5572 2029 5627 in

480 5661 688 5714 mortali
729 5676 969 5733 corpore,
1021 5677 1115 5737 per
1160 5674 1305 5731 spem
1358 5659 1542 5731 gratia:
1590 5652 1740 5717 liberi
1790 5660 2032 5718 domina-

2153 3223 2460 3279 voluissent.

2220 3314 2365 3369 Dixit
2387 3315 2527 3371 Deus
2559 3318 2629 3369 ad
2658 3313 2790 3371 Cain
2812 3333 2830 3371 :
2854 3315 2994 3383 Quid
3023 3316 3232 3387 fecisti?
3278 3304 3398 3371 Vox
3443 3318 3714 3388 sanguinis

2149 3404 2327 3474 fratris
2352 3406 2429 3459 tui
2456 3405 2647 3459 clamat
2677 3406 2745 3460 ad
2774 3424 2853 3462 me
2878 3408 2943 3461 de
2970 3417 3129 3461 terra.
3158 3406 3249 3462 Sic
3272 3408 3451 3482 arguit
3478 3409 3532 3462 in
3562 3407 3712 3463 Scri-

2148 3494 2319 3564 pturis
2356 3495 2557 3550 sanctis
2588 3511 2689 3551 vox
2721 3496 2899 3565 divina
2924 3494 3169 3562 Iudaeos;
3221 3496 3385 3553 habet
3411 3498 3560 3553 enim
3598 3513 3713 3553 ma-

2148 3597 2308 3651 gnam
2328 3599 2513 3639 vocem
2539 3584 2734 3641 Christi
2776 3587 2995 3656 sanguis
3028 3587 3081 3642 in
3108 3594 3250 3647 terra
3281 3599 3422 3652 eum,
3468 3602 3535 3643 eo
3563 3603 3713 3644 acce-

2148 3680 2263 3743 pto,
2296 3671 2364 3725 ab
2399 3673 2648 3728 omnibus
2694 3675 2938 3745 gentibus
2986 3668 3545 3745 respondeturamen.
3588 3675 3713 3731 Hace

2149 3775 2233 3820 est
2264 3780 2364 3820 vox
2400 3765 2565 3831 clara,
2605 3781 2709 3821 vox
2738 3832 2743 3836 _
2768 3766 3073 3839 sanguinis,
3130 3783 3292 3845 quam
3338 3769 3557 3841 sanguis
3600 3770 3712 3840 ipse

2150 3859 2402 3927 exprimit
2445 3874 2511 3914 ex
2557 3875 2651 3916 ore
2687 3844 2918 3916 ﬁdelium
2964 3862 3151 3916 eodem
3198 3861 3458 3931 sanguine
3504 3862 3712 3917 redem-

2147 3954 2359 4017 ptorum
2379 3964 2391 4001 :
2538 4020 2540 4023 λ
3405 4007 3409 4010 ν

2217 4038 2357 4091 Dicit
2383 4037 2523 4093 Deus
2549 4040 2617 4093 ad
2639 4040 2705 4095 Cc.
2717 4045 2771 4099 in
2792 4057 2810 4093 :
2844 4039 3155 4095 Maledictus
3179 4040 3280 4095 eris
3310 4057 3465 4111 super
3490 4049 3708 4114 terram,

2144 4142 2261 4196 qua:
2300 4128 2500 4196 aperuit
2542 4144 2598 4182 os
2624 4145 2796 4194 suum,
2834 4140 2879 4183 et
2908 4130 3129 4199 suscepit
3169 4133 3475 4201 sanguinem
3524 4130 3710 4199 fratris

2145 4215 2223 4267 tui
2255 4216 2319 4269 de
2344 4232 2503 4270 manu
2535 4226 2647 4271 tua.
2687 4216 2837 4273 Unde
2864 4216 2993 4272 Cain
3031 4218 3365 4281 maledicitur
3397 4219 3450 4273 in
3487 4218 3711 4288 peccato

2126 4309 2271 4370 suo,
2313 4306 2367 4359 in
2403 4315 2626 4374 peccato
2662 4320 2790 4360 vero
2813 4304 2940 4358 Adae
2986 4313 3130 4364 terra
3176 4304 3551 4361 maledicitnr?
3592 4306 3708 4361 nisi

2144 4395 2272 4464 quia
2319 4394 2450 4449 Cain
2519 4394 2723 4463 sciebat
2788 4394 3181 4449 damnationem
3224 4386 3709 4462 praevaricationis

2144 4489 2363 4557 primis,
2410 4497 2464 4541 et
2506 4502 2612 4541 non
2650 4488 2827 4541 timuit
2871 4486 3115 4557 originali
3159 4497 3381 4556 peccato
3424 4479 3706 4542 fratricidii

2142 4578 2501 4646 superaddere
2527 4577 2717 4641 scelus,
2752 4575 2869 4631 ideo
2890 4576 3093 4646 majore
3114 4575 3485 4630 maledictione
3513 4576 3706 4647 dignus

2141 4667 2458 4723 habebatur.
2495 4666 2804 4721 Maledictus
2837 4674 2920 4720 est
2955 4667 3097 4721 enim
3142 4665 3369 4743 populus
3399 4663 3704 4721 Judaeorum

2134 4753 2370 4813 inﬁdelis
2411 4773 2441 4810 a
2472 4766 2631 4822 terra,
2662 4757 2712 4811 id
2746 4765 2847 4821 est,
2881 4757 2947 4811 ab
2975 4755 3220 4821 ecclesia,
3252 4771 3372 4826 qum
3404 4757 3615 4825 aperuit
3640 4771 3705 4810 os

2140 4863 2295 4903 suum
2327 4848 2377 4900 in
2405 4847 2736 4902 confessione
2760 4856 3099 4917 peccatorum
3123 4838 3363 4916 accipere
3388 4846 3703 4916 sanguinem

2139 4936 2361 5000 Christi,
2394 4936 2487 5005 qui
2516 4935 2715 4989 effusus
2743 4944 2825 4989 est
2872 4936 2925 4989 in
2956 4926 3703 5003 remissionem‘peccatorum

2139 5025 2409 5089 omnium,
2452 5025 2517 5079 de
2561 5041 2717 5078 manu
2754 5024 3112 5094 persecutoris
3155 5022 3388 5077 nolentis
3430 5036 3549 5077 esse
3599 5022 3702 5077 sub

2140 5116 2328 5185 gratia,
2355 5117 2447 5169 sed
2474 5117 2569 5170 sub
2594 5115 2726 5182 lege,
2753 5123 2812 5168 ut
2839 5109 3073 5168 essetab
3098 5106 3335 5167 Ecclesia
3362 5111 3699 5179 maledictus,
3737 5126 3743 5133 '

2140 5207 2193 5260 id
2220 5214 2321 5272 est,
2351 5214 2409 5259 u't
2440 5213 2789 5276 responderet
2826 5220 2946 5261 eum
2980 5204 3047 5258 ab
3077 5198 3310 5258 Ecclesia
3357 5203 3699 5259 maledictum

2142 5294 2457 5353 testiﬁcante
2490 5297 2787 5367 Apostolo:
2834 5283 3142 5365 Quicunque
3181 5297 3315 5349 enim
3352 5312 3417 5349 ex
3459 5294 3699 5365 operibus

2136 5390 2261 5457 legis
2289 5397 2428 5451 sunt,
2460 5388 2554 5441 sub
2582 5386 2851 5439 maledicto
2874 5395 2991 5438 sunt
3027 5384 3151 5455 legis
3178 5384 3482 5456 (Hebr.‘vr).

2208 5475 2336 5532 Cum
2380 5487 2620 5547 aperatus
2652 5476 2813 5545 fueris
2853 5493 2996 5539 eam,
3039 5493 3140 5529 non
3184 5475 3325 5529 dabit
3364 5473 3457 5527 tibi
3494 5474 3699 5547 fructus

2135 5586 2272 5624 suos.
2316 5568 2371 5622 in
2411 5544 2525 5638 ipsa
2562 5544 2703 5621 enim
2736 5576 2875 5621 terra
2905 5582 3062 5636 quam
3093 5556 3335 5637 Christus
3360 5544 3626 5640 portavit:
3644 5564 3699 5618 id

2135 5671 2235 5728 est,
2268 5661 2317 5717 in
2346 5658 2460 5729 ejus
2486 5674 2668 5726 carne,
2700 5659 2797 5729 ipsi
2826 5659 3024 5729 operati
3055 5667 3177 5713 sunt
3202 5656 3426 5715 salutem
3457 5664 3698 5712 nostram
