3968 6398
271 384 391 449 833

1309 381 1659 441 COMMENT.
1701 383 1766 438 IN
1802 382 2122 451 GENESIM.
2160 415 2231 426 —
2269 385 2397 441 LIB.
2440 386 2503 444 ιι.

3425 404 3528 460 506

278 497 644 577 crucifigendo
672 496 962 565 Christum,
999 499 1090 567 qui
1129 509 1373 557 mortuus
1402 508 1483 558 est
1510 510 1729 571 propter
1759 499 1847 553 de-
1875 499 1925 560 Α
1951 500 2113 555 (Ποη
2158 502 2350 556 mortis
2391 500 2546 558 finire
2597 502 2859 566 cruciatu,
2919 520 3017 560 nec
3068 488 3282 563 tradens
3330 523 3525 579 poen:e,

280 591 413 649 licta
434 600 645 657 nostra;
684 605 784 645 nec
813 585 988 645 tamen
1019 592 1099 647 eis
1125 592 1271 648 dedit
1300 593 1486 648 eadem
1516 601 1659 647 terra
1683 591 1856 647 virtu-

280 694 392 740 tem
427 699 602 751 suam,
631 683 755 754 quia
790 697 896 737 nan
926 682 1203 753 justificati
1240 694 1363 739 sunt
1383 685 1583 745 virtute
1611 696 1855 739 resurre-

279 775 476 831 Ctianis
519 771 655 843 ejt'm,
692 773 783 847 qui
814 776 1106 831 resurrexit
1148 786 1367 846 propter
1408 774 1852 845 juStiiicatianem

277 874 543 919 nostram.
577 864 676 932 Qui
708 873 765 919 et
791 866 844 919 si.
865 866 1153 940 cruciﬁxus
1178 873 1261 919 est
1294 880 1359 918 ex
1391 864 1725 928 inﬁrmitate,
1757 864 1851 920 sed

278 957 416 1011 vivit
447 958 500 1011 in
524 957 721 1011 virtute
748 954 861 1011 Dei.
895 955 1017 1010 Haec
1040 966 1123 1011 est
1150 970 1278 1025 ergo
1306 957 1477 1037 virtus
1502 962 1660 1011 terra:
1688 954 1848 1020 illius,

278 1060 443 1115 quam
488 1062 595 1101 non
627 1046 859 1109 ostendit
908 1048 1084 1117 impiis
1133 1054 1187 1101 et
1226 1045 1534 1103 incredulis.
1574 1045 1725 1105 Unde
1752 1060 1851 1101 nec

281 1151 570 1207 resurgens
620 1140 699 1193 eis
754 1155 785 1193 a
831 1139 1024 1208 quibus
1074 1147 1191 1192 erat
1239 1136 1529 1191 cruciﬁxus
1578 1138 1845 1206 apparuit,

283 1240 538 1300 tanquam
584 1231 719 1288 Cain
772 1230 1012 1300 aperanti
1060 1238 1293 1307 terram,
1342 1236 1400 1281 ut
1447 1243 1673 1298 granum
1720 1228 1847 1287 illud

277 1321 661 1380 remitteretur.

358 1413 533 1483 Vagus
576 1424 623 1468 et
662 1414 935 1484 profugus,
964 1412 1094 1475 sive,
1130 1421 1189 1466 ut
1230 1412 1286 1467 in
1322 1409 1669 1486 Septuaginta
1719 1412 1848 1466 scri—

276 1489 549 1574 ptum-est,
577 1504 793 1557 Gemens
821 1514 867 1561 et
898 1514 1116 1557 tremens
1142 1504 1244 1558 eris
1274 1503 1328 1555 in
1354 1506 1519 1559 terra.
1540 1501 1694 1560 Nunc
1721 1517 1847 1558 ecce

275 1597 401 1666 quis
438 1610 542 1650 non
574 1594 784 1658 videat,
824 1595 943 1664 quis
985 1610 1097 1673 non,
1131 1601 1388 1665 agnoscat
1424 1592 1476 1653 in
1520 1602 1632 1673 tata
1679 1603 1845 1659 terra,

274 1703 595 1758 quacunque
633 1688 906 1757 dispersus
936 1696 1020 1741 est
1052 1686 1138 1741 ille
1174 1686 1434 1756 populus,
1476 1672 1742 1761 quomoda
1777 1687 1847 1741 sit

271 1793 443 1850 vagus
490 1778 542 1835 in
592 1776 959 1848 gentibus,‘et
996 1775 1250 1845 profugus
1280 1791 1309 1829 a
1335 1773 1666 1831 Jerusalem?
1711 1789 1842 1844 qua-

1956 604 2069 665 qua
2088 591 2263 661 seipse
2289 592 2637 649 damnaverat
2688 594 2765 649 ait
2791 613 2803 647 :
2829 593 2952 650 Non
2978 597 3071 663 sic,
3108 598 3158 652 id
3178 608 3282 663 est,
3318 617 3422 655 non
3453 602 3523 655 ita

1953 692 2013 743 ut
2037 683 2273 739 aestimas
2319 684 2586 752 morieris,
2614 694 2668 749 et
2702 684 2929 745 mortem
2965 704 3064 762 pra
3111 692 3344 745 remedio
3388 694 3523 747 acci-

1953 773 2088 843 pies,
2116 789 2303 829 verum
2331 775 2479 830 vives
2504 792 2673 851 usque
2700 776 2765 831 ad
2795 778 3074 847 septimam
3106 774 3522 848 generatianeai,
3586 784 3605 847 χ

1952 871 2007 917 et
2032 865 2372 942 conscientia:
2398 875 2503 931 tuae
2540 866 2661 938 igne
2694 867 3052 943 torqueberis,
3087 864 3161 923 ita
3199 878 3257 921 ut
3296 870 3523 939 quicun-

1951 964 2141 1025 quete
2170 957 2449 1023 occiderit,
2482 958 2774 1018 secundum
2807 960 3072 1031 duplicem
3099 961 3529 1033 intelligentiam,

1950 1054 2044 1100 aut
2092 1046 2146 1101 in
2189 1046 2416 1115 septima
2470 1050 2835 1118 generatione,
2876 1059 2963 1105 aut
3009 1062 3203 1121 magna
3242 1060 3295 1106 te
3338 1051 3526 1107 liberet

1950 1136 2366 1195 cruciatu:non
2416 1140 2557 1208 quod
2607 1140 2720 1211 ipse
2773 1140 2863 1214 qui
2914 1142 3243 1210 percusserit
3269 1142 3400 1197 Cain
3443 1156 3526 1198 se-

1947 1237 2093 1310 ptem
2148 1225 2445 1285 ultianibus
2489 1229 2853 1298 subjiciendus
2891 1232 2980 1295 sit,
3009 1234 3101 1288 sed
3130 1236 3272 1310 quod
3318 1243 3520 1304 septem

1949 1306 2214 1379 vindictas
2244 1335 2361 1393 quae
2409 1321 2463 1375 in
2488 1318 2619 1376 Cain
2659 1328 2805 1382 tanta
2858 1328 3099 1392 tempore
3141 1306 3521 1390 cucurrerunt,

1948 1409 2119 1465 salvat
2161 1410 2213 1465 in
2251 1410 2568 1478 interfecta,
2618 1413 2869 1471 accidens
2906 1429 3029 1469 eum
3058 1415 3148 1485 qui
3184 1412 3360 1469 fuerat
3402 1417 3525 1470 vita:

1946 1500 2234 1556 derelictus
2274 1503 2341 1557 ad
2382 1519 2619 1573 pinnam.
2664 1501 2923 1575 Majatum
2964 1516 3271 1561 nostrarum
3314 1507 3415 1561 ista
3447 1518 3530 1561 est

1946 1592 2231 1657 sententia,
2259 1595 2398 1663 quod
2422 1603 2613 1663 putant
2652 1595 2705 1653 in
2744 1597 2968 1669 septima
2999 1599 3343 1670 generatione
3370 1614 3398 1653 a
3428 1598 3527 1654 La-

1946 1681 2100 1738 mecb
2138 1682 2473 1746 interfectum
2516 1682 2667 1740 Cain.
2714 1685 2885 1740 Adam
2913 1688 3110 1757 quippe
3139 1688 3323 1759 genuit
3349 1688 3520 1753 Cain;

1946 1768 2080 1825 Cain
2111 1772 2293 1843 genuit
2321 1772 2535 1840 Enach;
2568 1774 2753 1829 Enach
2781 1777 2963 1847 genuit
2996 1777 3147 1843 lrad;
3196 1777 3315 1832 irad
3344 1780 3527 1848 genuit

270 1868 434 1924 modo
476 1877 655 1938 gemat
692 1882 924 1923 mmrare
964 1866 1146 1923 amissi
1190 1865 1359 1933 regni,
1404 1872 1460 1921 et
1500 1871 1692 1917 tremat
1736 1871 1840 1917 tre—
1872 1851 1916 1909 Β
1945 1861 2239 1930 Mahuiael;
2276 1864 2539 1920 Mabuiael
2568 1868 2754 1936 genuit
2794 1868 3083 1931 Matusael;
3144 1855 3405 1925 illatusael
3437 1872 3526 1941 ge-

268 1976 424 2015 mare
456 1960 555 2014 sub
585 1958 1060 2013 innumerabilibus
1084 1955 1291 2027 populis
1319 1952 1673 2009 Christianis?
1697 1952 1845 2023 Hea-

266 2065 375 2119 que
411 2048 683 2117 respondit
710 2047 843 2105 Cain
875 2048 1058 2109 dicens
1086 2065 1123 2102 ;’

343 2140 520 2210 Major
552 2150 627 2195 est
662 2140 910 2211 iniquitas
939 2156 1076 2204 mea,
1107 2156 1265 2211 quam
1304 2148 1363 2193 ut
1394 2140 1593 2213 veniam
1620 2154 1837 2210 merear.

271 2230 407 2287 Ecce
447 2230 593 2301 ejicis
634 2248 713 2287 me
745 2230 897 2287 hodie
942 2247 975 2286 ιε
1018 2230 1153 2297 facie
1187 2240 1374 2296 terrae,
1426 2240 1474 2284 et
1516 2246 1549 2283 a
1575 2230 1711 2299 facie
1750 2221 1842 2283 tua

268 2324 595 2388 abscondar;
638 2332 688 2379 et
713 2340 800 2380 ero
829 2339 988 2394 vagus
1018 2332 1065 2377 et
1095 2322 1345 2391 profugus
1372 2322 1426 2374 in
1458 2332 1619 2374 terra.
1664 2319 1842 2390 Igitur

266 2414 435 2468 omnis
454 2414 542 2483 qui
571 2414 816 2469 invenerit
856 2429 964 2473 mea
987 2412 1184 2469 occidet
1216 2427 1315 2464 me.
1367 2409 1709 2479 Desperanda
1741 2408 1841 2462 hac

265 2506 419 2565 dixit.
451 2505 739 2575 Postquam
766 2506 909 2562 enim
934 2503 1065 2562 Cain
1093 2504 1365 2558 acciderat
1398 2500 1640 2565 fratrem,
1673 2499 1839 2553 inter-

265 2605 485 2665 rogatus
518 2612 548 2649 a
570 2595 828 2661 Domina,
869 2592 967 2649 Ubi
989 2604 1061 2653 est
1092 2593 1218 2647 Abel
1253 2593 1420 2661 frater
1457 2590 1617 2644 tuus?
1651 2597 1839 2644 cantu-

264 2688 488 2743 meliase
530 2687 877 2757 responderat
903 2685 1123 2744 Nescio:
1156 2681 1409 2754 numquid
1450 2691 1619 2735 custos
1657 2680 1837 2749 fratris

262 2780 367 2833 mei
394 2779 551 2833 sum?
574 2784 741 2851 Quam
772 2784 843 2835 ob
886 2792 999 2835 rem
1036 2775 1748 2835 maledictionedamnatus,
1780 2778 1837 2823 ut

263 2868 485 2937 gemens
513 2874 567 2919 et
594 2868 833 2921 tremens
856 2864 1060 2924 viveret
1104 2874 1264 2932 super
1295 2870 1517 2925 terram,
1546 2860 1712 2915 voluit
1741 2876 1831 2916 ve—

262 2956 409 3010 niam
440 2955 743 3024 deprccari;
782 2956 875 3009 sed
914 2954 1146 3024 peccatis
1180 2960 1401 3023 peccata
1432 2951 1832 3021 congeminans,

262 3054 474 3100 tantum
502 3047 709 3114 putavit
762 3044 941 3107 nefas,
961 3046 1045 3105 cui
1078 3060 1106 3099 a
1132 3044 1241 3101 Dea
1269 3059 1373 3098 non
1402 3052 1585 3113 posset
1607 3043 1850 3120 ignosci.

261 3134 504 3205 Denique
547 3136 823 3206 respondit
856 3136 925 3191 ad
946 3136 1228 3193 Dominum
1257 3153 1270 3189 :
1300 3134 1478 3205 Major
1514 3150 1673 3187 causa
1698 3149 1829 3195 mea,

259 3195 494 3295 quam-ut
516 3195 769 3289 dimittar,
800 3200 857 3278 id
889 3235 991 3288 est,
1023 3226 1139 3295 plus
1166 3195 1406 3295 peccavi:
1440 3240 1599 3294 quam
1627 3233 1686 3278 ut
1722 3239 1831 3279 me—

257 3330 389 3374 rear
414 3315 637 3371 absolvi.
671 3314 811 3373 Ecce
837 3317 980 3385 ejicis
1014 3332 1095 3369 me
1131 3333 1163 3369 α
1189 3316 1325 3384 facie
1352 3325 1525 3380 terrm,
1568 3327 1616 3369 et
1644 3332 1676 3369 a
1698 3314 1833 3385 facie

256 3414 357 3459 tua
390 3405 720 3469 abscondar;
762 3414 808 3459 et
837 3421 923 3465 ero
952 3422 1155 3475 gemens
1200 3416 1247 3458 et
1280 3414 1499 3461 tremens
1542 3420 1697 3475 super
1730 3415 1830 3457 ter-

257 3510 397 3548 ram.
444 3492 516 3549 Et
557 3494 677 3550 erit.
724 3494 889 3547 omnis
913 3494 1001 3563 qui
1042 3494 1288 3548 invenerit
1328 3509 1440 3558 me,
1491 3492 1684 3547 occidet
1728 3509 1824 3545 me.

256 3583 480 3654 Ejiciar,
511 3584 700 3654 inquit,
725 3600 755 3636 a
785 3593 1072 3659 conspectu
1096 3594 1203 3649 tua,
1232 3594 1286 3639 et
1306 3585 1633 3640 conscientia
1658 3584 1828 3639 scele-

256 3678 339 3731 ris
367 3677 538 3732 lucem
586 3677 755 3746 ipsam
799 3674 942 3737 ferre
979 3691 1083 3731 non
1132 3679 1423 3740 sustinens,
1449 3674 1747 3731 abscondar
1773 3684 1830 3729 ut

256 3769 467 3823 latitem
493 3786 505 3821 :
536 3769 766 3845 eritque,
782 3769 957 3849 omnis
980 3769 1069 3838 qui
1095 3768 1359 3829 invenerit
1382 3784 1468 3823 me
1485 3768 1693 3824 accidet
1720 3782 1827 3833 me,

254 3858 387 3913 dum
416 3874 483 3912 ex
514 3866 748 3914 tremore
776 3859 1018 3933 corporis
1047 3866 1102 3915 et
1136 3857 1343 3913 furiatis
1382 3859 1579 3914 mentis
1604 3858 1825 3929 agitata,

252 3962 317 4004 se
346 3962 465 4001 esse
492 3948 753 4018 intelligat
775 3949 863 4017 qui
896 3961 1169 4003 mereatur
1194 3949 1443 4005 interfici.
1481 3947 1659 4020 (Ιοίά.)
1688 3948 1829 4003 Alle—

251 4036 437 4109 gorice
476 4047 672 4099 autem,
716 4053 845 4091 vere
887 4036 1010 4093 inde
1052 4054 1219 4109 vagus
1263 4045 1320 4093 et
1363 4038 1621 4109 profugus
1664 4039 1827 4109 gemit

250 4126 482 4195 populus
504 4124 775 4190 Iudaicus,
818 4140 884 4179 ne
924 4143 1087 4197 regna
1125 4128 1287 4185 etiam
1338 4136 1555 4185 terrena
1592 4122 1822 4200 perdita,

250 4215 357 4270 ista
398 4216 594 4271 visibili
644 4226 815 4271 morte
851 4218 1143 4277 occidatur.
1200 4216 1349 4274 lianc
1394 4218 1525 4274 dicit
1566 4218 1822 4291 majorem

251 4320 477 4359 causam
517 4322 676 4375 quam
727 4307 869 4361 illam
915 4309 1057 4376 quod
1102 4310 1152 4363 ei
1198 4317 1338 4371 terra
1380 4318 1561 4366 nostra
1600 4324 1706 4368 non
1732 4310 1823 4364 dat

245 4396 502 4452 virtutem
531 4413 705 4463 suam,
736 4415 803 4454 ne
838 4400 1189 4468 spiritualiter
1212 4405 1490 4465 moriatur.
1521 4402 1821 4458 Camaliter

1949 1953 2067 2007 nuit
2096 1952 2367 2020 Lamech;
2405 1955 2498 2024 qui
2541 1958 2800 2025 septimus
2838 1958 2905 2012 ab
2935 1958 3127 2022 Adam,
3162 1972 3268 2015 non
3315 1967 3523 2029 sponte,

1947 2045 2088 2100 sicut
2110 2046 2164 2100 in
2194 2046 2425 2116 quadam
2455 2047 2681 2103 liebraco
2706 2048 2977 2104 volumine
3006 2047 3292 2114 scribitur,
3312 2048 3528 2104 interie-

1945 2134 2017 2189 cit
2046 2133 2193 2193 Cain.
2228 2135 2295 2189 Et
2321 2136 2437 2205 ipse
2464 2121 2653 2212 postea
2692 2136 3020 2191 confitetur:
3050 2136 3186 2202 Quia
3218 2138 3385 2192 virum
3434 2155 3525 2191 oc-

1944 2224 2138 2291 cidiin
2166 2223 2371 2280 vulnere
2407 2242 2540 2291 meo,
2584 2236 2631 2279 et
2663 2226 2909 2295 juvenem
2943 2226 2998 2280 in
3032 2226 3369 2301 livore’mea,‘
3396 2244 3527 2297 quo-

1943 2315 2083 2367 niam
2124 2314 2310 2385 septies
2347 2315 2695 2369 vindicabitur
2724 2314 2787 2368 de
2814 2312 2965 2379 Cain,
2993 2316 3055 2370 de
3076 2314 3300 2370 Lamech
3347 2324 3521 2369 autem

1940 2410 2229 2479 septuagies
2268 2410 2468 2487 septies.
2509 2400 2797 2464 Referebat
2842 2409 2973 2463 mihi
3021 2409 3234 2479 quidem
3266 2407 3521 2463 licia-reus

1940 2501 1995 2555 in
2024 2501 2343 2571 apacrypbis
2366 2515 2551 2557 eorum
2596 2500 2768 2565 libris,
2797 2500 3133 2569 septuaginta
3172 2506 3375 2567 septem
3408 2496 3523 2551 ani-

1942 2610 2055 2649 mas
2083 2610 2149 2650 ex
2178 2595 2413 2649 Lamecli
2454 2594 2706 2664 progenie
2743 2592 2997 2664 reperiri,
3048 2607 3164 2661 qua)
3202 2591 3401 2644 diluvia
3429 2590 3520 2643 de—

1937 2686 2055 2742 letae
2083 2688 2219 2752 sint;
2244 2694 2308 2740 et
2348 2686 2401 2740 in
2435 2688 2536 2743 hac
2566 2699 2792 2739 numera
2827 2683 3027 2737 factam
3071 2697 3190 2737 esse
3222 2680 3514 2734 vindictam

1938 2778 2003 2833 de
2029 2777 2285 2843 Lamecb,
2330 2776 2471 2847 quad
2521 2791 2689 2847 genus
2738 2776 2903 2845 ipsius
2943 2789 3111 2843 usque
3148 2774 3213 2827 ad
3258 2771 3520 2840 cataclys-

1937 2886 2083 2924 mum
2116 2886 2268 2939 aquae
2296 2868 2746 2939 perseveraverit.
2784 2866 2889 2920 Alii
2924 2864 2989 2920 de
3028 2872 3231 2933 septem
3269 2861 3516 2917 vindictis

1936 2961 2068 3017 Cain
2110 2962 2257 3014 varia
2308 2960 2688 3032 suspicantur,
2737 2965 2792 3011 et
2837 2957 3070 3026 primum
3115 2951 3228 3022 ejus
3271 2958 3517 3006 asserunt

1934 3058 2215 3120 peccatum
2246 3048 2413 3104 fuisse
2440 3048 2581 3117 quod
2608 3062 2723 3103 non,
2743 3053 2889 3100 recte
2920 3044 3191 3109 diviserit;
3226 3042 3516 3097 secundum

1936 3140 2078 3210 quod
2125 3140 2378 3194 inviderit
2428 3138 2611 3205 fratri;
2662 3136 2881 3192 tertium
2932 3134 3073 3207 quod
3123 3132 3303 3188 dolose
3343 3132 3512 3202 egerit

1938 3230 2122 3288 dicens
2150 3248 2161 3281 :
2191 3228 2539 3290 Transeamus
2580 3228 2633 3280 in
2660 3241 2933 3295 campum;
2961 3231 3211 3293 quartum
3243 3221 3385 3295 quod
3434 3222 3517 3274 in-

1936 3316 2243 3383 terfecerit;
2274 3317 2521 3387 quintum
2550 3315 2692 3386 quod
2736 3316 3045 3384 procaciter
3075 3312 3369 3382 negaverit,
3404 3309 3511 3363 Ne-

1932 3409 2074 3473 scio;
2103 3415 2315 3463 sextum
2340 3408 2479 3475 quod
2506 3406 2741 3475 seipsum
2764 3403 3131 3459 damnaverit:
3161 3400 3338 3469 Major
3358 3398 3511 3469 culpa

1931 3516 2044 3556 mea
2066 3508 2139 3553 est
2160 3514 2317 3568 quam
2342 3505 2397 3555 ut
2420 3497 2661 3549 dimittar
2676 3512 2696 3560 ;
2745 3495 3037 3565 septimum
3068 3494 3210 3562 quod
3238 3507 3337 3545 nec
3360 3492 3508 3545 dam-

1931 3598 2090 3645 natus
2155 3578 2325 3661 egerit
2378 3587 2776 3658 paenitentiam,
2834 3586 3126 3641 secundum
3159 3582 3425 3637 Ninivitas
3456 3591 3509 3638 et

1931 3679 2216 3745 Ezechiam
2263 3694 2442 3751 regem
2488 3678 2655 3744 indas,
2706 3678 2797 3751 qui
2851 3676 3219 3731 imminentem
3275 3682 3505 3730 mortem

1930 3770 2183 3842 lacrytnis
2232 3770 2579 3835 distulerunt,
2628 3778 2689 3823 ut
2735 3770 2829 3843 qui
2876 3769 3113 3824 damnati
3154 3767 3365 3822 fuerant
3400 3782 3504 3821 non

1928 3862 2190 3931 perirent,
2220 3862 2326 3918 sed
2348 3869 2569 3935 agentes
2598 3860 2970 3931 paenitentiam
3011 3860 3365 3928 impetrarent
3404 3857 3507 3911 mi-

1930 3950 2277 4011 sericardia‘m
2320 3950 2444 4017 Dei;
2486 3958 2542 4005 et
2587 3950 2772 4005 dicunt
2827 3948 2972 4003 illum
3022 3963 3052 4001 a
3088 3947 3504 4002 clementissima

1927 4042 2038 4101 Dea
2074 4054 2246 4111 usque
2287 4040 2353 4094 ad
2390 4048 2596 4110 septem
2634 4027 3010 4109 generatianes
3058 4037 3221 4091 fuisse
3257 4036 3497 4101 dilatum,

1926 4132 2046 4187 ideo
2086 4140 2148 4187 ut
2191 4131 2380 4191 saltem
2426 4130 2580 4186 malis
2620 4130 2750 4202 ipsis
2804 4138 2860 4184 et
2895 4130 3064 4199 longae
3095 4129 3221 4183 ~vita:
3264 4142 3499 4202 maerore

1925 4206 2660 4291 compulsus,ipmnitentiam
2703 4227 2915 4289 ageret,
2966 4227 3021 4273 et
3067 4226 3367 4273 mereretur
3404 4221 3498 4274 ab-

1923 4308 2074 4364 solvi.
2112 4307 2415 4365 Sccundum
2446 4303 2727 4380 mysticam
2770 4324 2897 4380 ergo
2940 4308 3344 4379 intelligentiam
3384 4308 3497 4362 btec

1922 4400 2195 4474 responsio
2239 4399 2450 4461 Domini
2500 4400 2566 4453 ad
2611 4398 2772 4464 Cain,
2824 4392 2897 4452 ita
2954 4399 3021 4453 ad
3063 4396 3275 4452 Judaeas
3324 4406 3497 4467 potest

244 4488 396 4543 enim
428 4489 567 4556 sapit
593 4498 649 4543 et
684 4489 961 4549 abscondit
999 4505 1057 4547 se
1086 4506 1116 4545 a
1154 4492 1289 4546 faeie
1320 4489 1435 4555 Dei,
1469 4492 1522 4546 id
1562 4500 1669 4558 est,
1712 4492 1817 4546 ira-
1850 4529 1897 4587 Β
1926 4489 2227 4553 transferri,-
2263 4489 2617 4544 trementibus
2646 4503 2744 4557 pra
2769 4487 3057 4542 amissione
3107 4487 3253 4553 regni
3289 4495 3494 4554 tempo-

244 4583 364 4631 tum
395 4576 593 4631 habere
615 4577 778 4631 Deum
806 4593 967 4647 grave
986 4594 1091 4635 non
1114 4587 1293 4649 putat;
1328 4580 1423 4635 sed
1438 4581 1540 4643 hoc
1557 4581 1729 4644 timet,
1754 4596 1821 4636 ne

242 4663 553 4718 inveniatur
591 4672 645 4720 et
678 4665 973 4721 occidatur.
1018 4666 1316 4721 Carnaiiter
1342 4668 1486 4723 enim
1507 4668 1664 4739 sapit,
1700 4680 1817 4723 tan-

238 4766 410 4822 quam
446 4767 675 4821 operans
715 4762 938 4819 terram,
973 4756 1126 4825 cujus
1153 4757 1409 4814 virtutem
1455 4774 1561 4812 non
1588 4760 1814 4828 accipit;

237 4857 438 4912 sapere
478 4852 656 4909 autem
704 4845 992 4905 secundum
1034 4860 1274 4911 carnem,
1326 4863 1473 4903 mars
1510 4857 1610 4903 est.
1646 4848 1813 4915 Quam

238 4930 340 4986 ille
365 4946 471 4987 nan
512 4933 834 5002 intelligens.
866 4934 1066 4991 amissa
1097 4947 1261 5002 regna
1305 4937 1469 5004 gemit
1495 4956 1506 4989 ε
1536 4948 1588 4993 et
1628 4953 1818 4997 carno-

237 5022 415 5077 ralem
434 5031 668 5081 mortem
698 5025 895 5081 tremit.
932 5025 1037 5080 Sed
1062 5026 1189 5094 quid
1215 5025 1263 5079 ei
1296 5029 1573 5095 respondit
1602 5028 1780 5089 Deus?

321 5113 661 5184 Nequaquam
702 5116 773 5175 ita
810 5116 895 5184 ﬁet
914 5134 932 5181 ;
973 5118 1061 5171 sed
1088 5119 1253 5175 omnis
1281 5120 1368 5187 qui
1396 5122 1640 5175 occiderit
1662 5122 1811 5188 Cain,

234 5202 527 5270 septuplum
545 5204 803 5273 punietur,
822 5205 949 5269 sive,
970 5214 1029 5260 ut
1046 5205 1389 5277 Septuaginta
1409 5210 1810 5275 transtulerunt,

230 5297 447 5361 septem
478 5292 737 5348 vindictas
786 5295 1044 5349 exsolvet.
1098 5294 1245 5351 Solet
1289 5298 1431 5351 enim
1479 5302 1812 5367 septenarius

235 5396 501 5436 numerus
532 5384 825 5451 srepissime
866 5386 916 5443 in
947 5384 1240 5457 Seripturis
1277 5388 1477 5441 sanctis
1519 5403 1615 5456 pro
1648 5389 1810 5456 pleni-

238 5470 427 5527 tudine
457 5470 743 5539 cujuslibet
771 5474 843 5525 rei
878 5474 1022 5543 pani,
1054 5476 1206 5545 quasi
1238 5475 1461 5535 dixisset
1490 5477 1805 5546 gravissima

236 5561 441 5620 ultione
468 5562 797 5631 puniendum
836 5581 974 5629 esse,
1001 5568 1091 5636 qui
1122 5584 1220 5622 nec
1258 5577 1418 5637 tanta:
1448 5569 1806 5625 damnationis

236 5653 543 5711 acerbitate.
581 5652 902 5717 admonitus,
947 5672 976 5709 a
1015 5658 1273 5727 sanguine
1320 5656 1587 5712 fundendo
1641 5659 1807 5715 valuit

236 5759 430 5801 manus
458 5744 731 5807 cohibere.
782 5743 973 5800 Verum
1008 5747 1147 5821 Deus
1183 5748 1368 5803 nolens
1398 5763 1517 5804 eum
1551 5765 1803 5821 compen-

1924 4570 2071 4635 ralis.
2120 4578 2235 4635 Non
2280 4574 2376 4644 sic,
2416 4578 2608 4649 inquit,
2643 4578 2854 4632 eveniet
2887 4577 3151 4647 qnamada
3198 4576 3351 4637 dicis,
3386 4593 3490 4631 non

1922 4668 2184 4739 corporali
2218 4676 2403 4722 marte
2446 4666 2685 4722 interibit
2747 4680 2913 4736 genus
2960 4664 3246 4733 impiarum
3304 4679 3490 4719 carna-

1921 4758 2047 4812 lium
2078 4756 2401 4821 Judzearum,
2450 4756 2753 4825 quicunque
2801 4768 2894 4808 eas
2934 4754 3009 4807 ita
3048 4752 3361 4832 perdiderit,
3399 4767 3484 4807 sc-

1919 4834 2061 4918 ptem
2099 4849 2361 4903 vindictas
2404 4846 2663 4910 exsolvet,
2712 4846 2764 4901 id
2794 4854 2897 4911 est,
2940 4844 3147 4899 auferet
3187 4846 3252 4898 ab
3282 4844 3360 4898 eis
3404 4858 3491 4899 se-

1920 4950 2061 5011 ptem
2094 4941 2377 5007 vindictas,
2408 4940 2603 5010 quibus
2633 4938 2839 5010 alligati
2867 4946 2991 4992 sunt
3031 4946 3250 5006 prapter
3277 4946 3484 4990 reatum

1916 5031 2078 5085 occisi
2133 5031 2350 5095 Christi,
2398 5030 2499 5089 hoc
2546 5038 2658 5084 toto
2701 5038 2939 5098 tempore
2980 5030 3120 5095 quod
3178 5028 3486 5095 septenario

1916 5120 2122 5174 dierum
2172 5135 2395 5175 numera
2425 5118 2676 5183 volvitur,
2726 5119 2894 5186 magis
2940 5118 3063 5185 quia
3122 5132 3226 5170 nan
3281 5117 3485 5171 interiit

1915 5226 2045 5281 gens
2070 5209 2247 5289 Judma
2286 5210 2417 5264 satis
2448 5212 2702 5279 appareat
2744 5206 2989 5261 ﬁdelibus
3014 5204 3356 5271 Christianis,
3389 5209 3483 5260 sed

1914 5301 2080 5355 solam
2114 5302 2497 5370 dispersionem
2531 5300 2848 5364 meruerint,
2887 5299 3039 5369 juxta
3066 5298 3206 5366 quad
3237 5297 3313 5351 ait
3335 5298 3481 5351 Scri—

1914 5402 2066 5463 ptura
2092 5412 2103 5445 :
2133 5393 2212 5447 Ne
2240 5394 2485 5447 occideris
2513 5409 2684 5458 cas,ne
2704 5392 2913 5461 quando
2949 5391 3311 5443 obliviscantur
3352 5390 3478 5457 legis

1908 5496 2030 5537 tum.
2062 5484 2309 5554 Disperge
2340 5501 2425 5539 eos
2462 5486 2515 5538 in
2541 5486 2725 5537 virtute
2746 5494 2858 5548 tua,
2888 5492 2936 5537 et
2962 5482 3163 5536 destrue
3191 5496 3277 5534 eos
3302 5478 3473 5549 (Psal.

1910 5573 2080 5641 Lvttt).

1979 5662 2159 5717 Posuit
2184 5664 2436 5719 Dominus
2483 5669 2534 5720 in
2562 5666 2690 5720 Cain
2721 5671 2941 5739 signum,
2973 5675 3024 5718 ut
3051 5681 3148 5717 non
3175 5680 3287 5716 cum
3319 5665 3476 5715 inter-

1902 5754 2074 5821 ﬁt't’l'Cl
2112 5756 2275 5811 anmis
2316 5760 2400 5826 qui
2435 5760 2701 5830 int-mussri
2734 5773 2881 5821 cam;
2926 5757 3095 5826 ipsum
3127 5754 3369 5808 videlicet
3402 5754 3475 5806 si-
