3968 6322
561 272 670 341 ³07.

1170 307 1200 347 λλ
1226 270 1294 327 n.
1330 268 1582 326 uanam
1621 268 1840 335 muni
1875 256 2186 341 suculae.
2228 269 2531 358 uocum.
2570 272 2856 331 ornavit
2892 223 3070 358 rtus
3102 277 3144 334 ι.

559 352 745 459 gnum,
771 383 916 454 quod
954 395 1191 453 tremens
1228 393 1285 439 et
1314 396 1556 453 gemens,
1582 394 1747 453 vagus
1779 390 1835 438 et
1868 378 2122 453 profugus
2147 386 2197 445 Α
2223 352 2380 445 istam
2404 386 2697 453 civitatem,
2723 394 2780 443 et
2800 353 3009 444 initium
3034 398 3088 445 et
3110 390 3270 448 tinem
3298 393 3496 453 habere
3516 407 3787 460 terrenum

558 490 771 548 semper
795 476 1021 540 viveret,
1048 488 1147 531 nec
1175 472 1375 528 audere
1400 487 1523 528 eum
1548 471 1759 542 uspiam
1777 470 1926 527 orbis
1954 479 2131 542 terra-5

518 580 531 587 ‘
556 582 677 624 rum
706 566 862 621 sedes
882 565 1082 620 habere
1108 563 1349 633 quietas;
1381 569 1435 635 et
1464 561 1598 617 forte
1622 562 1822 617 idcirco
1848 560 2118 616 civitatem

555 656 796 712 condidit
831 656 885 709 in
912 671 1017 726 qua
1052 653 1249 709 salvari
1283 660 1486 723 posset.
1523 650 1637 706 Hoc
1662 666 1849 707 revera
1878 649 2121 707 mirabile

555 756 660 811 est,
701 744 1148 831 quemadmodum
1193 750 1381 797 omnes
1427 747 1614 810 gentes
1647 756 1777 810 quae.
1802 755 1842 825 pa
1867 738 2120 803 Romanis

544 836 854 907 subiugata:
902 832 1066 900 sunt,
1116 835 1170 888 in
1216 834 1380 887 ritum
1429 832 1796 886 Romanorum
1843 839 2119 890 sacrorum

555 929 869 985 transierint
887 953 930 993 ,ι-
947 936 1117 996 eaque
1163 924 1441 992 sacrilegia
1490 922 1823 997 observanda
1848 928 1925 987 ﬂet
1973 918 2152 975 celo?

444 998 449 1003 ἴ
553 1017 759 1075 branda
808 1016 1170 1086 susceperint;
1226 1029 1359 1084 gens
1414 1021 1592 1067 autem
1634 1012 1817 1067 Judaza
1863 1012 1975 1067 sive
2019 1011 2120 1067 sub

552 1110 776 1181 paganis
820 1109 1067 1180 regibus,
1118 1108 1231 1162 sive
1274 1106 1374 1161 sub
1412 1104 1755 1169 Christianis,
1795 1118 1902 1158 non
1939 1103 2121 1157 amisit

550 1201 764 1272 signum
808 1201 939 1271 legis
972 1211 1025 1256 et
1062 1197 1487 1255 circumcisionis
1532 1213 1661 1263 sum,
1708 1212 1815 1267 quo
1849 1212 1878 1251 a
1908 1196 2119 1252 caeteris

550 1293 801 1366 gentibus
830 1291 1142 1362 populisque
1189 1290 1565 1359 distinguitur;
1608 1290 1701 1344 sed
1728 1298 1782 1344 et
1809 1289 1984 1344 omnis
2015 1289 2117 1344 im-

546 1391 766 1452 perator
817 1382 901 1437 vel
941 1381 1051 1436 “rex
1093 1382 1184 1449 qui
1235 1393 1331 1436 eos
1377 1381 1429 1433 in
1478 1394 1657 1450 regnor
1689 1394 1788 1445 suo
1836 1393 1959 1433 cum
2000 1381 2117 1448 ipso

547 1472 702 1542 signo
730 1485 828 1525 suo
857 1470 1083 1534 invenit,
1113 1483 1211 1523 nec
1243 1468 1457 1523 occidit.

490 1562 499 1571 ’
611 1558 758 1617 Exiit
782 1563 904 1628 ergo
935 1556 1065 1611 Cain
1093 1576 1124 1611 a
1154 1557 1287 1626 facie
1307 1556 1534 1621 Domini,
1561 1565 1609 1610 et
1630 1556 1879 1612 habitavit
1900 1558 1955 1611 in
1973 1564 2115 1610 terra

545 1647 710 1703 Naid.
746 1649 898 1717 Quod
949 1648 1090 1702 LXX
1139 1647 1277 1702 Naid
1324 1646 1731 1714 transtulerunt,
1781 1647 1837 1701 in
1888 1646 2114 1711 Hebrum

2223 473 2312 528 ubi
2357 475 2491 531 nihil
2524 471 2803 546 plusquam
2830 477 2971 549 quod
3001 479 3239 536 cernitur
3277 481 3545 557 speratur.
3584 486 3785 565 (θηρσὶ

2219 565 2541 647 Ιηίίιυῑὰυω
2568 568 2730 645 corde
2774 569 3006 625 transire
3049 570 3117 625 ad
3154 579 3356 633 interna
3397 578 3697 652 negligant,
3737 576 3794 640 et

2220 660 2410 711 cuneta
2444 660 2730 728 praesentia
2773 658 3006 730 fugitiva
3028 675 3145 719 esse
3186 678 3292 720 non
3318 665 3615 740 intuentur,
3640 688 3790 730 men-

2220 754 2340 839 tem
2365 748 2631 839 in‘amore
2657 750 2779 805 vita:
2815 751 3096 839 praesentis
3139 751 3328 824 ﬁgunt,
3355 766 3409 813 et
3435 763 3589 830 quasi
3619 763 3788 834 long:

2219 837 2567 895 habitationis
2612 838 2668 895 in
2714 854 2806 895 ea-
2827 838 2928 920 sibi
2971 837 3389 905 fundamentum
3432 860 3786 919 construunt,

2216 926 2343 994 quia
2370 927 2427 981 in
2441 927 2659 1001 aeternis
2681 929 2842 985 rebus
2868 944 2966 1000 per
2991 930 3312 1006 desiderium
3334 926 3438 1001 non
3466 941 3784 998 solidantur.

2219 1014 2371 1076 Unde
2396 1022 2453 1071 et
2478 1017 2685 1089 primus
2716 1017 2847 1083 Cain
2873 1019 3140 1075 civitatem
3179 1026 3549 1081 construxisse
3582 1029 3787 1086 descri-

2216 1105 2383 1172 bitur,
2426 1114 2499 1166 ut
2528 1112 2714 1177 aperte
2755 1117 3164 1175 monstraretur,
3214 1111 3338 1180 quia
3390 1114 3504 1183 ipse
3549 1118 3606 1171 in
3645 1126 3787 1178 terra

2216 1195 2619 1253 fundamentum
2652 1187 2853 1268 posuit,
2883 1200 2975 1269 qui
3002 1214 3033 1255 a
3066 1199 3332 1256 soliditate
3358 1211 3575 1259 aeterna:
3603 1209 3787 1277 patria

2215 1285 2421 1341 alienus
2433 1285 2549 1341 ﬁnit.
2564 1286 2887 1363 Peregrinus
2896 1291 3089 1361 quippe
3108 1306 3137 1345 a
3158 1306 3367 1348 summo
3379 1291 3784 1353 fundamentum

2212 1375 2393 1443 posuit
2429 1374 2495 1429 in’
2512 1375 2735 1443 inﬁmis,
2772 1378 2897 1447 quia
2940 1381 3222 1445 stationem
3254 1382 3428 1439 cordis
3469 1383 3523 1437 in
3574 1391 3783 1442 terrena

2214 1462 2569 1539 delectatione
2591 1466 2890 1525 collocavit.
2916 1468 3069 1525 Unde
3093 1480 3147 1525 et
3167 1470 3221 1524 in
3246 1469 3362 1540 ejus
3384 1475 3553 1543 stirpe
3578 1475 3781 1541 Enoch,

2213 1555 2305 1625 qui
2329 1555 2594 1629 dedicatio
2619 1557 3020 1630 interpretatur,
3052 1561 3257 1630 primus
3287 1564 3555 1629 nascitur;
3585 1565 3639 1618 in
3679 1565 3783 1620 ele-

2214 1654 2424 1703 ctorum
2450 1663 2585 1704 vero
2606 1644 2863 1734 progenie
2888 1650 3071 1731 Enocb
3096 1652 3360 1723 septimus
3384 1654 3550 1712 fuisse
3580 1672 3783 1713 memo-

542 1743 650 1798 nod
671 1753 753 1803 τω
783 1729 1002 1806 dicitur,
1032 1751 1086 1797 et
1120 1743 1501 1811 interpretatur
1536 1744 1880 1815 σαλινὸμινος,
1917 1742 1971 1798 id
2003 1751 2105 1821 est,
2141 1722 2384 1805 Bratur,
2434 1733 2562 1811 quia
2605 1722 2854 1797 videlicet
2892 1727 3103 1811 reprobi
3132 1722 3185 1797 in
3215 1744 3318 1801 hac
3346 1744 3456 1800 vita
3492 1761 3619 1816 qua:
3659 1754 3782 1804 ante

521 1825 806 1893 instabilis
838 1848 892 1891 et
917 1835 1197 1897 ﬂuctuans,
1229 1842 1283 1889 et
1311 1836 1453 1891 selis
1482 1832 1868 1912 incertm.'Non
1897 1843 1980 1891 est
2013 1835 2113 1907 igi-

538 1932 633 1997 tur
654 1923 787 1979 Naid
824 1932 988 1989 terra,
1017 1932 1076 1977 ut
1112 1924 1299 1993 vulgus
1341 1933 1648 1979 nostrorum
1688 1932 1862 1993 putat,
1902 1926 1994 1979 sed
2016 1938 2111 1978 ex-

535 2013 714 2083 pletur
743 2014 1006 2069 sententia
1034 2013 1155 2079 Dei,
1186 2014 1329 2083 quod
1359 2015 1465 2069 huc
1506 2024 1669 2083 atque
1712 2012 1837 2068 illuc
1864 2029 2030 2083 vagus
2043 2022 2109 2074 et

535 2103 815 2176 profugus,
837 2105 1126 2177 oberravit.
1175 2103 1373 2159 Contra
1418 2106 1583 2175 quod.
1612 2102 1813 2159 malum
1854 2102 2109 2159 Dominus

539 2200 757 2267 rogatur
782 2194 838 2249 in
862 2193 1112 2251 Psalmo:
1141 2192 1224 2248 Ne
1257 2194 1461 2248 dederis
1499 2194 1554 2249 in
1591 2203 1735 2249 motu
1764 2193 1918 2264 pedes
1945 2211 2107 2271 meos,

532 2296 583 2340 et
613 2303 799 2347 magnus
826 2294 1152 2357 peccatorum
1193 2302 1295 2339 non
1320 2294 1558 2340 moveant
1600 2301 1680 2338 me
1717 2283 1889 2355 (Psal.
1917 2283 2103 2357 xxxv).

530 2374 690 2432 Nunc
723 2391 853 2451 ergo
877 2385 932 2433 et
950 2373 1138 2460 Iudaei,
1166 2386 1221 2431 et
1247 2391 1434 2432 omnes
1457 2374 1565 2445 qui‘
1583 2375 1809 2430 diversis
1833 2368 2133 2461 erroribqs'

460 2455 467 2462 ’
534 2478 885 2529 contumaces
909 2455 1057 2532 sunt,
1088 2466 1393 2546 resistendo
1420 2466 1635 2521 veritati
1659 2473 1861 2522 exeunt
1903 2480 1935 2519 a
1966 2455 2105 2522 facie

535 2558 653 2622 Dei,
703 2556 757 2621 id
778 2563 882 2623 est,
928 2556 1369 2635 aqmisericordia
1414 2554 1715 2611 dilectionis
1764 2556 1904 2625 ejus,
1940 2555 2026 2615 vel
2060 2572 2103 2635 _a

535 2648 946 2718 participatione
965 2646 1113 2702 'lucls
1139 2645 1275 2715 ejus,
1295 2654 1350 2702 et
1375 2646 1626 2705 habitant
1644 2648 1854 2719 profugi
1880 2649 1933 2703 in
1960 2658 2105 2704 terra

539 2732 939 2801 commntlonis,
980 2737 1032 2791 id
1061 2746 1165 2804 est,
1202 2737 1256 2792 in
1285 2736 1690 2813 perturbatione
1717 2738 1943 2803 carnali,
1975 2754 2104 2793 con-

539 2840 628 2887 tra
656 2831 1045 2903 iucunditatem
1088 2826 1209 2894 Dei,
1248 2824 1353 2885 boc
1397 2838 1482 2885 est
1524 2839 1710 2885 contra
1756 2830 1926 2904 Edon,
1962 2830 2106 2900 quod

535 2921 924 2992 interpretatur
948 2910 1201 2989 epulatio,
1225 2919 1277 2976 id
1309 2906 1421 2985 est,
1437 2917 1709 2989 piantatus
1732 2919 2034 2988 paradisus.
2050 2909 2081 2987 μ

591 3009 855 3081 .Cognovit
878 3018 1048 3063 autem
1073 3006 1203 3062 Cain
1231 2997 1444 3079 uxorem
1473 3006 1645 3073 suam,
1667 3025 1783 3078 qua:
1805 3009 2105 3077 concepit“

532 3096 729 3168 peperit
774 3094 978 3160 Enoclt,
1007 3096 1067 3148 et
1100 3094 1379 3164 tediﬂcavit
1422 3084 1555 3150 Cain
1599 3096 1876 3149 civitatem.
1924 3094 2105 3168 (Aug!)

535 3182 807 3249 Quaeritur
832 3181 1096 3250 quomodo
1129 3178 1260 3235 Cain
1290 3182 1525 3252 potuerit
1554 3184 1785 3245 condere
1808 3183 2100 3245 civitatem,

534 3286 660 3325 cum
687 3262 878 3351 civitas
903 3268 1059 3323 alicui
1083 3270 1265 3339 utique
1289 3270 1647 3326 constituatur
1666 3263 1941 3337 hominum
1970 3271 2106 3325 mul-

531 3361 788 3426 titudini;
832 3360 907 3414 illi
951 3368 1128 3427 autem
1171 3360 1278 3416 duo
1318 3369 1651 3430 parenteset
1672 3361 1901 3418 duo‘tilii
1938 3362 2105 3417 fuisse

534 3449 861 3515 referuntur,
890 3438 1122 3518 quorum
1164 3437 1493 3517 lllio’rum‘lb
1517 3450 1689 3507 altero
1724 3451 1862 3507 alter
1891 3452 2104 3507 occisus

528 3550 630 3597 est.
661 3541 719 3595 In
748 3540 899 3609 cujus
926 3540 1089 3595 occisi
1114 3540 1295 3596 locum
1331 3541 1469 3597 alius
1497 3549 1656 3597 natus
1682 3558 1802 3598 esse
1828 3551 2099 3597 narratur.

535 3634 618 3689 An
647 3636 765 3691 ideo
793 3635 1016 3706 qnmstio
1037 3642 1141 3699 est,
1164 3633 1417 3702 quoniam
1446 3633 1537 3702 qui
1561 3633 1764 3703 legunt,
1791 3640 1981 3701 putant
2011 3648 2103 3688 βοά

536 3724 617 3780 los
644 3716 771 3779 tunc
792 3724 957 3797 fuisse
982 3722 1248 3790 homines,
1278 3737 1414 3795 quos
1441 3722 1621 3776 divina
1649 3720 1933 3789 Scriptura
1958 3736 2106 3777 com-

535 3822 818 3878 memorat,
847 3828 947 3868 nec
968 3814 1251 3870 advertunt
1281 3828 1378 3868 eos
1418 3812 1531 3885 qui.
1557 3810 1709 3879 prius
1752 3810 1861 3863 sint
1903 3808 2103 3865 conditi

532 3903 688 3966 duos,
716 3902 798 3957 vel
830 3903 989 3958 etiam
1018 3918 1110 3959 eos
1133 3917 1268 3973 quos
1297 3909 1601 3973 genuerunt
1626 3907 1735 3954 tam
1765 3901 1854 3955 diu
1879 3901 2101 3968 vixisse,

535 3999 597 4046 ut
622 3992 817 4047 multos
841 3992 1165 4063 gignerent?
1191 3992 1308 4047 Non
1343 3993 1487 4048 enim
1518 4001 1574 4048 et
1606 3990 1779 4046 Adam
1817 3991 1932 4063 ipse
1957 3992 2103 4047 solos

531 4097 627 4161 eos
665 4083 867 4153 genuit,
896 4098 1122 4152 quorum
1165 4084 1691 4155 nomina‘leguntur,
1735 4099 1858 4139 cum
1902 4083 1968 4157 de
2010 4083 2101 4139 illo

533 4170 810 4241 Scriptura
837 4171 1076 4240 loquens,
1100 4172 1174 4226 ita
1195 4172 1498 4237 concludat,
1526 4174 1669 4243 quod
1688 4173 1932 4244 genuerit
1962 4171 2101 4229 ﬁlios

530 4274 589 4323 et
624 4253 781 4317 ﬁlias.
811 4262 1042 4318 Proinde
1078 4278 1199 4317 cum
1242 4262 1411 4319 multo
1455 4263 1697 4332 pluribus
1734 4263 1807 4318 illi
1850 4264 2101 4343 vixerunt

442 4386 446 4390 Α
518 4356 689 4455 laenis
731 4370 891 4426 quam
1226 4352 1551 4455 infE‘gypto
1576 4353 1810 4454 luerunt,
1839 4355 1959 4425 quis
1990 4372 2094 4455 non
2127 4396 2175 4455 υ

532 4446 731 4515 videat,
770 4458 928 4516 qnam
967 4442 1121 4498 multi
1166 4443 1411 4505 homines
1441 4442 1592 4515 nasci
1620 4452 1929 4513 potuerunt,
1955 4444 2095 4498 unde

535 4535 625 4607 illa
649 4535 838 4607 civitas
864 4533 1191 4605 impleretur,
1221 4535 1266 4589 si
1294 4533 1500 4604 Hebraei
1537 4534 1706 4595 multo
1735 4534 1940 4591 minore
1962 4543 2097 4589 tem-

533 4610 664 4695 pore
695 4624 770 4680 ita
804 4623 1145 4694 multiplicari
1181 4626 1507 4693 potuerunt?
1554 4624 1737 4696 (Isid.)
1782 4625 1929 4693 Quid,
1967 4628 2095 4696 ergo

531 4715 636 4771 sibi
660 4730 757 4785 per
784 4714 1008 4787 ligurem
1039 4713 1169 4776 vult,
1197 4713 1339 4783 quod
1377 4714 1661 4783 impiorum
1698 4715 1980 4785 progenies
2014 4716 2096 4770 ci-

517 4800 751 4867 .vitatem
795 4804 850 4860 in
890 4805 1003 4876 ipsa
1044 4804 1227 4860 mundi
1251 4805 1459 4883 origine
1482 4805 1803 4867 construxit,
1824 4806 1928 4860 nisi
1954 4806 2095 4875 quod

535 4896 753 4959 noveris
790 4897 981 4968 impios
1014 4897 1069 4951 in
1110 4897 1213 4952 hac
1254 4896 1367 4950 'vita
1410 4910 1532 4950 esse
1571 4893 1841 4959 fundatas,
1883 4904 2099 4950 sanctos

531 4999 663 5040 rem
683 4985 922 5056 hospites
940 4993 1135 5055 esseet
1152 4985 1500 5057 peregrinos?
1522 4985 1672 5042 Unde
1690 4983 1825 5040 Abel
1844 4994 2098 5055 tanquam

531 5073 928 5149 peregrinusin
955 5070 1131 5141 terris,
1159 5074 1389 5152 populus
1412 5073 1758 5130 Christianus
1786 5088 1894 5127 non
1918 5072 2099 5129 condi-

532 5165 612 5225 dit
638 5165 932 5237 civitatem.
961 5164 1205 5235 Superna
1230 5166 1503 5229 estetiam
1538 5174 1843 5240 saan
1884 5162 2096 5229 civitas,

531 5244 777 5329 quamvis
802 5255 891 5311 hic
912 5255 1101 5327 pariat
1115 5256 1260 5311 cives
1286 5257 1341 5311 in
1359 5258 1559 5326 quibus
1578 5256 1972 5329 peregrinatur,
2004 5255 2098 5315 do—

533 5358 632 5399 nec
658 5343 808 5415 regni
829 5342 946 5413 eius
972 5353 1182 5415 tempus
1214 5338 1480 5399 adveniat.
1580 5336 1585 5342 ’
1643 5402 1646 5405 λ
1764 5371 1771 5377 -
1876 5360 1883 5370 -
2085 5370 2089 5374 ι

599 5430 668 5488 Et
698 5428 890 5488 uocauit
913 5446 1028 5489 eam
1056 5451 1120 5489 es;
1138 5436 1344 5489 nomine
1373 5436 1471 5503 ﬁlii
1494 5438 1575 5490 sui
1602 5436 1800 5492 Enoclt.
1828 5436 1933 5493 Iste
1952 5435 2097 5492 ﬁlius

532 5522 585 5579 lu
613 5523 766 5594 cuius
789 5526 1005 5582 nomine
1041 5516 1254 5591 condita
1280 5536 1367 5583 est
1392 5526 1597 5608 Euoch,
1627 5528 1680 5584 id
1707 5539 1792 5584 est
1826 5529 2097 5586 terrestris

531 5610 844 5687 Jerusalem,
894 5617 1033 5690 quod
1078 5617 1459 5689 interpretatur
1495 5620 1785 5689 possessio,
1829 5619 2095 5691 signiﬁcat

2212 1840 2316 1897 est,
2683 1833 2995 1910 aediﬁcando
3023 1835 3290 1903 dedicant,
3316 1834 3472 1894 electi
3496 1854 3628 1894 vero
3653 1841 3783 1896 aedi-

2210 1919 2474 1986 ficationis
2506 1936 2617 1976 sua:
2638 1922 3026 1979 dedicationem
3052 1925 3105 1978 in
3145 1925 3252 1981 line
3285 1929 3560 1997 temporis,
3595 1928 3649 1982 id
3676 1938 3778 1993 est,

2208 2008 2268 2063 in
2314 2009 2543 2080 septimo
2600 2020 2931 2082 exspectant.
2992 2013 3184 2069 Videas
3234 2030 3466 2085 namque
3522 2016 3780 2087 plurimos

2208 2100 2519 2170 temporalia
2551 2089 2943 2173 solaﬁcogitare,
2974 2104 3207 2171 honores
3238 2121 3500 2175 quaerere,
3536 2108 3779 2164 ambien-

2207 2187 2290 2243 dis
2311 2188 2475 2244 rebus
2501 2178 2729 2257 inhiare,
2753 2191 2884 2247 nihil
2910 2200 3104 2262 praeter
3122 2194 3261 2253 hanc
3281 2195 3445 2251 vitam
3474 2194 3774 2266 requirere.

2206 2279 2345 2347 Quid
2366 2279 2551 2349 itaque
2576 2281 2679 2336 ista
2710 2282 2812 2336 nisi
2841 2283 2893 2337 in
2918 2283 3092 2351 prima
3121 2284 3463 2353 generatione
3488 2284 3780 2340 dedicant?

2204 2378 2262 2423 et
2277 2369 2458 2426 videas
2486 2370 2686 2429 electos
2706 2371 2838 2427 nihil
2856 2374 3135 2442 praesentis
3160 2375 3282 2429 vita:
3302 2375 3483 2446 gloriae
3510 2390 3775 2449 querere,

2205 2457 2437 2531 libenter.
2464 2456 2698 2529 inopiam
2738 2461 3020 2526 sustinere,
3069 2462 3209 2517 mala
3246 2464 3429 2519 mundi
3456 2464 3775 2534 mquanimi-

2206 2557 2291 2604 ter
2314 2551 2545 2621 perpeti,
2574 2560 2632 2605 ut
2657 2554 2862 2622 possint
2897 2553 2951 2607 in
2980 2553 3087 2609 ﬁne
3108 2555 3386 2610 coronari.
3413 2554 3619 2610 Electis
3645 2570 3777 2625 ergo

2204 2637 2385 2709 Bnoch
2416 2639 2723 2719 in‘septima
2742 2643 3099 2721 generatione
3126 2644 3385 2708 nascitur,
3412 2643 3545 2715 quia
3567 2643 3649 2699 sui
3679 2644 3776 2697 de.

2204 2728 2526 2807 dicationem
2557 2724 2749 2801 gaudii
2786 2731 2842 2807 in
2879 2740 3133 2797 extremae
3177 2723 3546 2788 retributionis
3605 2731 3777 2804 gloria

2205 2819 2515 2889 requirunt-

2778 2902 3018 2976 CAPUT
3054 2912 3118 2969 ll.
3154 2904 3171 2917 “

2208 2984 2434 3073 Βεζβιϋε
2459 2999 2680 3073 Lam’eclz
2718 3002 2808 3073 qui
2848 3002 3180 3073 ostenderunt
3208 3003 3483 3073 musicam,
3519 3013 3568 3057 et
3610 3012 3778 3073 artem

2254 3062 2556 3154 ‘ﬁrrarians
2579 3062 3021 3152 atque'mrariatn,
3042 3082 3089 3125 et
3113 3062 3176 3137 de
3207 3071 3432 3126 vindicta
3456 3062 3699 3127 Lameclt.

2274 3180 2449 3237 Porro.
2472 3181 2653 3255 Enoch
2674 3164 2849 3253 genuit
2884 3183 3034 3251 Irad,
3063 3184 3119 3238 et
3144 3184 3273 3238 ιναό
3301 3186 3493 3256 genuit
3512 3183 3776 3249 Helisei;

2200 3268 2506 3359 etgﬂaoiael
2541 3272 2718 3342 genuit
2758 3272 3054 3339 Hatusael;
3089 3284 3139 3329 et
3168 3273 3427 3355 Magnae!
3455 3276 3631 3345 genuit
3666 3275 3779 3329 ιι-

2203 3362 2369 3427 nteclt,
2391 3364 2492 3429 qui.
2520 3365 2715 3432 accepit
2758 3380 2943 3419 uxores
2969 3365 3103 3432 duas
3145 3381 3163 3420 :
3203 3364 3386 3420 nonien
3423 3365 3517 3432 uni
3550 3365 3689 3430 Ade,
3718 3375 3775 3420 es

2203 3469 2389 3511 nomen
2416 3453 2569 3508 alteri
2598 3430 2769 3510 Sella.
2792 3430 3080 3527 Genuitque
3107 3455 3420 3520 Adu‘laltei,
3439 3430 3532 3526 ᾳχυὶ
3557 3456 3659 3525 fuit
3679 3472 3778 3527 pa-

2203 3555 2282 3599 ter
2298 3546 2644 3624 habitantium
2666 3547 2721 3599 in
2748 3548 2979 3602 tentoriis
3001 3557 3153 3618 atque
3174 3557 3441 3617 pastorum
3466 3561 3485 3598 :
3506 3556 3557 3601 et
3582 3563 3776 3601 nam

2189 3634 2383 3705 fratris
2409 3634 2750 3719 ejna'anal:
2771 3624 2880 3705 ipse
2919 3636 3020 3706 [ait
3058 3646 3208 3706 pater
3236 3637 3530 3691 canentium
3571 3636 3777 3689 cithara

2201 3731 2251 3776 et
2278 3724 2494 3791 organo.
2532 3724 2744 3780 Debo‘c
2774 3722 3033 3794 Iosephus
3067 3724 3525 3796 historiograpbus
3562 3723 3777 3779 Judao-
3832 3793 3847 3801 γ’

2204 3825 2321 3864 rum
2349 3810 2422 3864 ita
2447 3809 2652 3865 refert:
2679 3809 2833 3867 Jubal
2860 3820 3055 3877 autem,
3085 3813 3277 3883 inquit,
3300 3802 3563 3886 musicam
3582 3810 3771 3877 coluit,

2200 3907 2255 3953 et
2282 3899 2604 3969 Jmalwrium
2635 3899 3005 3977 citharamque
3047 3900 3277 3967 laudavit
3318 3918 3333 3965 ;
3378 3908 3433 3955 et
3469 3915 3539 3954 ne
3558 3899 3775 3955 dilabe-

2202 3991 2389 4044 rentur
2414 3989 2484 4043 ab
2508 3988 2835 4056 hominibus,
2864 4005 2983 4060 qua
3008 3991 3075 4045 ab
3099 4004 3164 4044 eo
3189 3990 3403 4044 inventa
3425 3985 3771 4054 videbantur,

2201 4087 2295 4134 aut
2328 4089 2620 4148 antequam
2648 4079 2893 4137 venirent
2934 4081 3004 4135 ad
3046 4076 3398 4150 cognitionem
3435 4079 3768 4149 deperirent,

2200 4186 2322 4226 cum
2348 4169 2681 4240 praedixisset
2714 4170 2883 4225 Adam
2913 4170 3413 4228 exterminationem
3447 4184 3625 4225 rerum
3653 4186 3774 4226 ont-

2199 4262 2370 4328 nium,
2396 4273 2558 4321 unam
2587 4261 2726 4333 ignis
2755 4260 2970 4325 virtute,
3014 4259 3235 4314 alteram
3266 4275 3393 4316 vero
3421 4275 3689 4334 aquarum
3714 4261 3770 4315 vi

2200 4370 2263 4412 ac
2295 4351 2636 4408 multitudine
2679 4335 2794 4406 fore
2834 4358 3133 4415 venturam,
3161 4351 3293 4405 duas
3329 4349 3530 4405 faciens
3556 4350 3767 4406 colum-

2198 4458 2318 4507 nas,
2344 4442 2506 4497 aliam
2526 4440 2741 4512 quidem
2779 4456 2843 4496 ex
2873 4441 3152 4515 lateribus,
3187 4440 3346 4496 aliam
3371 4455 3503 4496 vero
3536 4456 3607 4496 ex
3634 4441 3770 4512 lapi-

2201 4535 2376 4599 dibus,
2421 4534 2475 4588 in
2521 4534 2779 4589 ambabus
2806 4549 2926 4605 qua:
2955 4533 3229 4589 invenerat
3263 4532 3682 4601 conscripserat,
3708 4540 3767 4586 ut

2199 4634 2254 4679 et
2280 4625 2325 4681 si
2350 4615 2654 4681 constructa
2692 4624 2947 4685 lateribus
2987 4622 3435 4681 exterminaretur
3473 4623 3541 4677 ab
3579 4610 3767 4677 imbri—

2198 4715 2316 4779 bus,
2349 4713 2554 4789 lapidea
2578 4728 2900 4785 permanens
2936 4715 3201 4785 praeberet
3230 4712 3533 4770 hominibus
3562 4710 3761 4781 scripta

2197 4819 2539 4875 cognoscere,
2567 4804 2723 4863 simul
2757 4814 2813 4860 et
2830 4806 2956 4875 quia
2984 4804 3253 4859 lateralem
3285 4804 3448 4858 aliam
3474 4802 3757 4873 posuisset,

2198 4902 2260 4948 ut
2276 4896 2391 4950 hate
2414 4894 2482 4949 ab
2507 4888 2708 4966 ignium
2732 4894 2924 4950 ardore
2943 4902 3270 4959 servaretur,
3293 4893 3456 4948 etiam
3478 4892 3524 4946 si
3550 4890 3759 4960 lapidea

2198 4983 2519 5051 solveretur;
2542 4965 2681 5055 qua
2723 4993 2901 5040 tamen
2929 4983 3148 5054 .lapidea
3191 4990 3467 5053 permanet
3500 4982 3760 5036 hactenus

2198 5072 2419 5128 interra
2447 5058 2623 5144 Syria.
2650 5073 2943 5128 Tubaleain
2978 5068 3109 5145 vero
3146 5071 3239 5141 qui
3285 5085 3351 5125 ex
3391 5069 3560 5125 altera
3600 5076 3765 5123 natus

2198 5172 2281 5219 est
2308 5179 2494 5230 uxore,
2526 5163 2837 5230 fortitudine
2863 5161 3071 5218 cunctis
3097 5159 3381 5226 excellens,
3427 5174 3515 5213 res
3539 5157 3766 5212 bellicas
3853 5188 3859 5194 —

2199 5246 2450 5312 decenter
2473 5246 2731 5311 exercuit.
2765 5252 2944 5326 (Isid.)
2984 5252 3062 5306 Ex
3100 5252 3185 5306 his
3211 5250 3371 5306 etiam
3398 5263 3521 5319 qua:
3545 5247 3616 5301 ad
3639 5246 3763 5301 libi-

2198 5348 2377 5403 dinem
2401 5347 2635 5403 attinent
2672 5342 2910 5414 eorporis
2935 5342 3208 5406 enutrivit,
3256 5338 3539 5395 ferrariam
3582 5344 3761 5391 artem

2199 5440 2402 5509 primus
2430 5432 2647 5494 ihvenit.
2689 5436 3001 5496 Notandum
3030 5439 3202 5488 autem
3248 5430 3393 5502 quod
3419 5433 3474 5483 in
3500 5426 3759 5497 progenie

2180 5517 2352 5599 'Seth,
2396 5530 2537 5586 nulla
2568 5529 2639 5585 ibi
2668 5527 2943 5599 pregenita
2988 5524 3181 5580 femina
3234 5518 3550 5590 nominatim
3577 5512 3762 5585 expri-

2170 5648 2173 5652 ·
2200 5625 2377 5691 mitur,
2411 5620 2511 5677 nisi
2540 5629 2744 5675 tantum
2775 5618 2828 5673 in
2855 5617 3106 5689 progenie
3132 5613 3266 5672 Cain
3292 5608 3492 5667 festina
3519 5618 3761 5662 comme-
