3968 6332
1365 93 1524 102 -“-ν-

267 335 385 394 δον

1255 401 1257 404 ⁴
1290 331 1638 401 cenarem.
1677 329 1745 382 l‘N
1784 328 2103 406 usuusu.
2141 298 2214 372 -;
2249 328 2373 402 us.
2412 330 2474 384 ιι.

266 466 551 512 moratur:
590 451 730 522 quod
768 448 1034 521 signiﬁcat
1059 457 1333 503 terrenam
1358 448 1631 502 civitatem
1665 439 1832 513 usque
1860 449 1906 503 Α
1935 442 2102 496 Adam
2227 422 2516 511 imaginem
2552 453 2607 497 et
2633 444 3036 513 similitudinem
3063 448 3160 514 Dei
3196 450 3368 533 factus
3400 464 3502 520 est,

199 567 207 582 =
268 539 344 600 iu'
365 543 524 599 ﬁdem
550 542 634 597 sui
667 540 910 596 carnales
951 539 1254 594 habituram
1295 534 1686 606 generationes,
1710 550 1836 606 qua:

267 635 592 690 maritorum
613 646 678 687 ac
696 625 1014 687 feminarum
1037 629 1409 701 conjunctione
1427 628 1765 699 proveniunt.
1784 667 1788 669 »

259 769 268 776 .
343 721 830 798 υεαξὶιςιιάιιααεεὴ
863 721 1110 776 uxoribus
1140 720 1250 798 suis
1278 718 1406 772 Ade
1429 727 1478 772 ct
1505 715 1661 785 Sella:
1687 729 1704 766 .'
1731 715 1839 766 Au-

271 817 382 869 dite
407 829 580 869 uocem
611 815 811 878 meum;
839 828 1028 868 uxores
1055 797 1302 873 Lameclt,
1326 807 1615 862 auscultate
1641 822 1840 860 sermo-

272 897 393 958 nem
433 919 626 976 meum,
669 903 912 974 quoniam
950 901 1115 973 oxidi
1150 902 1316 954 uirum
1345 900 1399 952 in
1419 897 1610 952 evulsus
1647 912 1835 958 meum,

271 983 325 1050 et
355 993 792 1048 adolescentulum
819 995 875 1047 in
899 992 1059 1047 liuore
1080 1008 1209 1068 meo,
1226 989 1517 1060 septuplum
1539 988 1670 1053 ultio
1690 987 1839 1042 dabi-

273 1095 367 1140 tur
386 1084 450 1139 de
470 1082 602 1137 Cirin
623 1099 643 1138 :
662 1084 728 1138 de
753 1081 995 1147 Lamech,
1019 1081 1306 1151 s'eptuagies
1323 1080 1524 1150 septies.
1546 1078 1837 1155 (Albinum)

272 1175 414 1242 Quia
438 1174 707 1230 homicidii
731 1182 1007 1244 peccatum
1032 1170 1256 1240 septima
1277 1169 1623 1239 generatione
1641 1168 1840 1225 diluvio

273 1259 604 1328 vintﬁcatum
629 1243 748 1318 esse
775 1259 998 1330 legitur,
1020 1243 1267 1314 adiriterii
1304 1271 1430 1311 vero
1461 1256 1658 1328 scelus,
1699 1257 1841 1326 quod

254 1338 512 1412 [Lamech
536 1355 742 1425 primus
771 1352 1007 1407 omnium
1041 1350 1094 1404 in
1128 1348 1333 1403 duabus
1360 1345 1630 1403 commisit
1655 1344 1842 1423 uxori-

275 1445 404 1512 bus,
430 1460 537 1501 non
565 1444 672 1499 nisi
697 1442 956 1512 mgume
979 1439 1178 1495 Christi
1219 1436 1543 1513 expiandum.
1574 1449 1723 1501 esse,
1749 1434 1841 1504 qui

277 1535 668 1607 septuagesima
727 1541 816 1598 et,
852 1531 1077 1601 septima
1141 1529 1484 1599 generatione
1547 1526 1844 1588 secundum

276 1620 440 1684 Luae
482 1625 823 1698 Evangelium
859 1623 1004 1679 venit
1047 1623 1102 1676 in
1138 1621 1391 1675 mundum
1419 1617 1649 1691 ,(Isid.);
1683 1618 1846 1688 igitur

1933 533 2180 589 homines
2205 543 2385 588 autem
2416 534 2484 588 ad
2511 534 2910 592 similitudinem
2935 535 3064 592 Adae
3094 539 3228 594 lacti.
3251 550 3396 595 sunt.

2006 625 2076 680 Et
2100 626 2226 696 facti
2255 636 2375 680 sunt
2398 627 2508 680 dies
2543 627 2708 684 Adam
2731 637 3002 699 postquam
3033 631 3207 700 genuit
3240 630 3388 698 Setll,
3413 649 3505 688 oc-

1937 717 2155 786 tingenti
2189 718 2334 782 anni,
2360 719 2637 789 genuitqu‘e'
2662 719 2801 787 ﬁlios
2836 731 2884 773 et
2911 707 3071 788 ﬁlias.
3101 722 3166 775 Et
3201 723 3400 790 [πιαι-
3433 733 3508 780 est

1938 824 2086 891 omne
2110 818 2310 884 tempus
2333 808 2470 878 quod
2496 809 2618 871 visit
2642 809 2831 878 Adam,
2857 812 2982 865 anni
3006 815 3251 883 nongenti
3272 814 3508 888 triginta,

1936 910 1986 955 et
2027 911 2262 956 mortuus
2303 908 2403 982 est.
2446 898 2587 957 γιπει
2624 919 2824 973 quoque
2868 903 2996 961 Sella
3033 913 3237 972 centum
3285 907 3510 979 quinque
3591 927 3605 978 ᾗ

1938 1006 2120 1058 annos,
2166 1001 2220 1049 et
2249 991 2430 1060 genuit
2473 991 2640 1045 Enos.
2683 990 2816 1045 Itan
2866 991 3006 1048 Enos
3050 995 3226 1064 genuit
3267 993 3521 1063 Cainan;

1939 1077 2144 1133 Cainun
2161 1089 2332 1136 autem
2350 1079 2524 1149 genuit
2548 1077 2820 1144 Halaleel;
2849 1079 3090 1138 Παιαλωί
3103 1085 3278 1152 genuit
3290 1083 3474 1141 Jaretlt
3489 1129 3507 1153 ,

1936 1166 2125 1222 larem
2170 1167 2344 1243 genuit
2389 1165 2595 1230 Enoclt,
2630 1176 2685 1222 et
2720 1168 2944 1237 reliqua.
2969 1169 3149 1242 (Isid.)
3187 1172 3288 1228 llic
3329 1182 3509 1240 autem

1941 1257 2127 1339 Enoch‘
2160 1258 2420 1328 septimus
2451 1258 2520 1312 ah
2545 1257 2737 1323 Adam,
2768 1258 2860 1328 qui
2889 1257 3088 1330 placuit
3123 1260 3232 1315 Deo
3257 1271 3312 1316 et
3337 1271 3512 1329 trans-
3618 1284 3622 1287 ·

1939 1346 2077 1402 latus
2101 1351 2204 1408 est,
2236 1346 2517 1414 septimam
2547 1347 2786 1415 requiem
2808 1346 3100 1417 signiﬁcat,
3138 1350 3204 1404 ad
3235 1365 3396 1419 quam
3429 1368 3514 1407 re-

1940 1435 2112 1492 fertur
2153 1437 2329 1493 omnis
2362 1437 2455 1507 qui
2502 1447 2755 1507 tanquam
2799 1446 2950 1492 sexta
2993 1439 3102 1504 die,
3133 1439 3185 1502 id
3220 1448 3323 1506 est,
3351 1452 3516 1521 sexta

1919 1513 2320 1592 instate-saeculi,
2350 1526 2986 1604 per-Christi’adventum
3009 1529 3293 1596 formatur.
3319 1517 3519 1588 Trans-

1920 1611 2084 1674 °abtis
2107 1616 2252 1671 enim
2281 1631 2379 1671 sex
2411 1618 2658 1698 aetatibus
2687 1619 3063 1690 smculi,.facto
3095 1608 3513 1693 etiamjudicio,

279 1719 352 1774 ab
374 1719 540 1773 Adam
569 1731 738 1787 usque
784 1717 852 1785 ad
879 1714 1149 1770 Christum
1177 1711 1511 1786 septuaginta
1548 1719 1604 1766 et
1638 1719 1842 1778 septem
1879 1785 1900 1787 Α
1945 1711 1999 1761 et
2032 1705 2300 1760 renovatis
2327 1706 2464 1761 caelo
2505 1722 2570 1763 ac
2612 1715 2777 1773 terra,
2808 1708 3204 1787 transferuntur
3217 1714 3417 1782 iuncti
3461 1714 3516 1768 in

259 1785 667 1880 generationes?
703 1804 1047 1860 inveniuntur
1087 1799 1142 1856 in
1185 1803 1380 1871 quibus
1422 1805 1718 1870 peccatum
1743 1801 1845 1854 La-
1872 1785 1919 1844 Β
1946 1796 2112 1850 vitam
2168 1804 2439 1877 perpetua:
2485 1792 2922 1864 immortalitatis.
2977 1795 3137 1868 Quod,
3187 1785 3367 1861 autem
3420 1819 3518 1874 per

277 1897 462 1960 mech,‘
509 1895 685 1950 id-est
717 1893 880 1950 totius
906 1892 1107 1954 mundi,
1131 1885 1433 1961 'sanguinis
1474 1883 1672 1946 Christi
1711 1889 1844 1945 etfu-

277 1987 449 2041 sione
467 1984 696 2039 solutum
727 1992 827 2039 est.
854 1982 1130 2052 Siquidem
1155 1991 1210 2036 et
1236 1982 1288 2037 in
1319 1982 1840 2052 populoJudzeorum

273 2086 500 2148 propter
541 2075 958 2130 interfectionem
1011 2073 1238 2137 Christi,
1259 2073 1592 2143 septuaginta
1637 2080 1842 2142 septem

274 2175 405 2222 sunt
442 2165 686 2240 vindicta:
731 2160 1149 2230 statuta:,‘juxta
1183 2162 1311 2216 illud
1347 2161 1617 2232 Evangelii
1649 2161 1702 2215 in
1735 2176 1841 2232 quo

273 2256 479 2312 dictum
517 2263 602 2310 est
639 2253 796 2308 Petro
838 2253 1120 2322 apostolo:
1155 2251 1278 2306 Non
1314 2251 1482 2306 solum
1525 2252 1729 2320 septies,
1753 2253 1842 2305 sed

272 2345 432 2399 diem
459 2345 744 2414 septuagies
776 2344 979 2414 septies,
1021 2342 1068 2396 si
1107 2343 1436 2411 paenituerit,
1469 2341 1620 2396 fratri
1659 2343 1844 2418 remit-

275 2435 497 2488 tendum
541 2431 752 2504 (Matth.
801 2431 975 2503 xvm),
1016 2431 1072 2487 id
1101 2439 1184 2486 est
1210 2429 1449 2486 Judmum
1490 2439 1842 2485 revertentem

272 2532 400 2592 post
423 2522 768 2597 septuaginta
794 2530 997 2597 septem
1021 2521 1285 2579 vindictas
1325 2529 1555 2576 statutas
1583 2521 1843 2590 recipien-

276 2613 407 2667 dum
428 2613 494 2666 ad
527 2595 917 2688 indulgentiam.
927 2609 1160 2668 Christi.

350 2699 592 2771 Cognovit
618 2699 1014 2772 quoqueAdam’
1031 2700 1200 2755 adhuc
1230 2691 1444 2756 uxorem
1472 2718 1642 2768 suam,
1669 2713 1725 2757 et
1755 2719 1843 2773 pe-

273 2781 410 2868 perit
451 2795 638 2864 filium,
676 2796 972 2864 oocavitque
1018 2811 1203 2848 nomen
1251 2793 1392 2849 illius
1435 2793 1578 2861 Setlr,
1621 2795 1796 2852 dicens
1821 2813 1841 2849 :

278 2885 466 2940 Posuit
490 2885 616 2937 mitti
637 2879 895 2957 Dominus
916 2900 1089 2958 semen
1109 2883 1253 2938 aliud
1276 2900 1370 2952 pro
1392 2883 1518 2937 Abel
1536 2901 1688 2954 quem
1704 2886 1844 2939 occi-

275 2976 357 3028 dit
395 2972 841 3045 Cain.—(Hieron.)
879 2972 1009 3048 Seth
1049 2972 1441 3041 proprietis'ese,
1473 2965 1527 3027 id
1553 2983 1636 3028 est
1656 2975 1842 3044 positio

275 3067 495 3131 dicitur,
545 3066 670 3136 quia
714 3067 880 3135 igitur
923 3065 1166 3134 posuerit
1211 3077 1332 3119 eum
1373 3066 1515 3120 Deus
1554 3059 1651 3134 pro
1685 3065 1839 3132 Abel,

275 3167 558 3230 prapterea
581 3156 732 3220 Seth,
755 3156 808 3210 id
831 3164 911 3211 est
926 3155 1112 3224 positio
1133 3155 1448 3226 appellatur.
1474 3155 1602 3210 Seth
1622 3144 1840 3226 quippe,

277 3257 338 3303 ut
362 3249 574 3320 quidam
599 3255 812 3318 putant.
861 3247 1253 3317 interpretatur.
1276 3248 1596 3310 resurrectio,
1639 3248 1731 3316 qui
1761 3255 1844 3302 est

273 3340 558 3404 Christus;
584 3347 640 3392 et
664 3339 805 3394 Enos
838 3337 978 3392 ﬁlius
1001 3338 1118 3407 ejus
1138 3337 1520 3405 interpretatur
1545 3337 1733 3400 homo,
1751 3337 1842 3406 qui

273 3431 444 3501 erepit
483 3431 730 3508 invocare
767 3444 958 3484 nomen
1007 3428 1237 3484 Domini.
1266 3427 1416 3482 Licet
1446 3427 1688 3497 plerique
1731 3425 1839 3483 He-

275 3521 545 3576 braeorum
587 3519 729 3574 aliud
778 3518 1125 3584 arbitrentur,
1166 3518 1316 3588 quod
1362 3526 1488 3586 tunc
1519 3520 1752 3586 primum
1784 3519 1841 3572 in

274 3612 494 3667 nomine
539 3604 786 3675 Dornini,
833 3619 888 3665 et
921 3611 976 3664 in
1024 3610 1371 3694 similitudine
1415 3611 1532 3681 ejus
1582 3609 1841 3694 fabricata

275 3702 388 3756 sint
431 3701 587 3757 idola.
635 3699 998 3773 (Isid.)AQuid
1040 3691 1219 3755 autém
1247 3716 1342 3769 per
1367 3702 1469 3756 boo
1508 3691 1840 3770 intelligitur,

265 3790 422 3862 quod
448 3793 588 3848 Enos
617 3793 1305 3861 dicitur'invocsrenomen
1330 3793 1562 3857 Domini,
1590 3793 1693 3848 nisi
1717 3794 1842 3862 quia

276 3886 331 3939 in
375 3882 707 3939 confessione
749 3873 842 3938 Dei
881 3884 1012 3937 vivit
1050 3884 1225 3937 omnis
1257 3884 1435 3946 homo,
1465 3884 1555 3952 qui
1578 3891 1665 3937 est
1701 3882 1843 3938 ﬁlius

274 3973 706 4037 resurrectionis,
735 3973 968 4042 quandiu
994 3973 1368 4043 peregrinatur
1399 3973 1451 4026 in
1489 3973 1680 4026 terris?
1711 3973 1840 4027 item

272 4077 344 4117 ex
367 4062 573 4116 duobus
613 4061 715 4119 illis
756 4061 1060 4116 hominibus
1095 4061 1245 4127 Abel,
1281 4062 1420 4131 quod
1458 4062 1840 4130 interpretatur

272 4153 471 4217 luctus,
517 4163 572 4207 et
617 4153 732 4223 ejus
775 4150 940 4206 fratre
969 4152 1121 4217 Seth,
1158 4152 1299 4221 quod
1338 4153 1722 4222 interpretatur
1751 4169 1836 4207 re-

271 4242 575 4305 surrectio,
616 4225 1036 4306 mors'Christi,
1085 4249 1141 4296 et
1181 4242 1291 4295 vita
1341 4240 1454 4309 ejus
1503 4257 1570 4297 ex
1615 4245 1840 4299 mortuis

270 4330 554 4399 ﬁguratur.
585 4330 741 4400 Ergo,
764 4340 824 4385 ut
845 4330 1058 4385 brevius
1089 4331 1290 4397 dicam,
1323 4331 1450 4387 Abel
1483 4332 1678 4396 luctus,
1705 4332 1837 4387 Seth

1944 1885 2076 1945 Seth
2116 1888 2188 1941 ab
2210 1886 2588 1958 Adamrrcque
2617 1889 2685 1942 ad
2725 1888 2846 1944 Noe
2862 1890 3114 1955 denarius
3139 1908 3396 1959 numerus
3437 1896 3516 1948 in-

1942 1979 2207 2040 sinuatur,
2245 1976 2698 2052 complementum
2739 1980 3114 2037 mandatorum
3165 1983 3220 2039 in
3263 1965 3520 2051 Ecclesia:

1940 2069 2193 2139 operibus
2223 2069 2503 2139 ﬁguratur.
2546 2069 2644 2126 Cui
2696 2086 2920 2148 numero
2958 2072 3005 2126 si
3046 2071 3372 2141 adjiciuntur
3407 2081 3518 2134 tres

1941 2159 2036 2214 ﬁlii
2064 2158 2196 2223 Noe,
2224 2157 2400 2216 medio
2430 2161 2746 2230 reprobato,
2779 2162 3141 2224 duodenarius
3179 2171 3517 2231 consumma-

1941 2258 2052 2314 tur,
2080 2250 2183 2318 τιυῇ
2225 2250 2277 2303 in
2315 2250 2746 2330 patriarcth
2785 2260 2840 2305 et
2870 2251 3245 2321 apostolorum
3289 2269 3517 2310 numero

1942 2340 2169 2410 insignis
2206 2333 2462 2405 habetur,
2496 2350 2714 2410 propter
2755 2342 3042 2421 septenarii
3075 2331 3257 2421 partes
3296 2344 3516 2410 alteras,

1941 2443 2038 2499 per
2061 2428 2268 2483 alteras
2284 2428 2698 2498 multiplicatae;
2725 2446 2849 2484 nam
2879 2424 2963 2486 ter
2982 2417 3257 2507 quaterni,
3279 2433 3362 2489 vel
3386 2449 3518 2503 qua-

1941 2527 2025 2575 ter
2065 2520 2217 2575 terni
2254 2520 2431 2589 ipsum
2485 2521 2710 2585 faciunt.
2769 2521 2919 2588 Quod
2965 2539 3091 2580 vero
3130 2526 3411 2596 progenies
3448 2543 3516 2582 ex

1942 2606 2109 2670 Adam
2131 2621 2226 2678 per
2247 2607 2378 2663 Cain
2407 2610 2461 2663 in
2489 2608 2710 2665 denario
2734 2625 2959 2666 numero
2985 2612 3190 2690 ﬁnitur,
3212 2625 3516 2689 transgres-

1938 2700 2026 2778 sio
2033 2700 2419 2756 mandatorum
2444 2699 2856 2781 sivepeccatum
2879 2703 3197 2771 intenditur.
3218 2702 3359 2760 Nam
3388 2706 3514 2762 dum

1940 2786 2184 2847 Lamech'
2211 2791 2472 2859 septimus
2501 2792 2570 2846 ab
2602 2790 2772 2845 ‘Adam
2811 2793 3112 2861 reperiatur
3137 2794 3390 2865 scriptus,
3423 2797 3519 2852 ad-

1943 2881 2140 2943 duntur
2164 2881 2212 2936 ei
2256 2890 2366 2936 tres
2397 2881 2489 2935 lilii
2517 2889 2573 2938 et
2599 2897 2704 2936 una
2733 2883 2859 2961 ﬁlia,
2884 2892 2945 2940 ut
2973 2887 3294 2942 undeuarius
3321 2904 3512 2944 nume-

1939 2987 2037 3026 rus
2073 2961 2424 3041 compleatur,
2471 2989 2569 3042 per
2601 2975 2746 3044 quod
2781 2975 3179 3058 demonstretur
3211 2989 3510 3051 peccatum.

1944 3060 2080 3115 Nam
2117 3071 2176 3130 et
2214 3063 2326 3131 ipse
2362 3077 2621 3117 numerus
2660 3062 2864 3129 femina
2895 3064 3145 3132 cluditur,
3186 3064 3351 3136 aquo
3381 3084 3516 3124 sexu

1947 3153 2157 3210 initium
2204 3153 2410 3224 peccati
2459 3147 2828 3212 commissum"
2854 3165 2956 3239 est,
3003 3145 3100 3233 per
3142 3147 3282 3229 quod
3330 3168 3518 3221 omnes

1927 3247 2227 3312 morimur,
2255 3246 2462 3302 scilicet
2488 3255 2548 3302 ut
2575 3248 2816 3318 voluptas
2839 3249 3017 3305 carnis
3040 3265 3160 3320 qua:
3189 3240 3412 3322 spiritui
3434 3269 3512 3309 re-
3556 3254 3562 3264 '
3590 3289 3596 3296 ο

1943 3336 2196 3426 sisteret,
2238 3346 2586 3426 sequeretur.-
2640 3337 2790 3396 Unde
2846 3348 2902 3394 et
2953 3341 3067 3410 ipsa
3118 3341 3248 3426 ﬁlia
3281 3342 3517 3411 Lamech

1905 3467 1912 3471 .
1940 3423 2162 3490 Noema,
2194 3425 2247 3480 id
2284 3435 2368 3480 est
2396 3427 2662 3496 voluptas,
2696 3428 3098 3498 interpretatur.
3141 3412 3519 3490 Ᾰάδιιιλυιθτ-

1939 3515 2180 3581 pretatur
2206 3513 2358 3567 homo
2396 3515 2508 3568 sive
2551 3525 2797 3571 terrenus
2839 3526 2931 3572 aut
2957 3517 3226 3589 indigena,
3255 3515 3517 3584 aut-terra

1942 3598 2121 3657 rubra.
2146 3603 2523 3674 Interpretatio
2545 3615 2720 3662 autem
2743 3609 3048 3677 earumdem
3071 3611 3348 3683 nominum
3371 3628 3518 3669 eam-

1942 3695 2062 3749 dem
2095 3710 2208 3750 rem
2233 3696 2519 3766 signiﬁcat.
2569 3697 2700 3753 Seth
2741 3714 2955 3769 quoque
2985 3701 3385 3770 interpretatur
3411 3722 3509 3776 po-

1941 3787 2083 3850 sitio,
2109 3787 2224 3841 sive
2246 3790 2576 3860 resurrectio,
2600 3798 2659 3843 ut
2676 3790 2942 3847 diximus:
2969 3792 3113 3850 Enos
3134 3794 3516 3865 interpretatur

1945 3875 2369 3940 homo;Cainan
2415 3878 2796 3948 interpretatur
2824 3879 3164 3948 lamentatio,
3209 3883 3293 3938 vel
3327 3887 3514 3954 positio
3577 3936 3596 3951 ,

1940 3981 2122 4019 eorum
2137 3983 2156 4030 ;
2184 3965 2420 4021 Malaleel
2447 3967 2830 4036 interpretatur
2849 3968 3075 4026 laudans
3102 3971 3301 4038 Deum;
3326 3973 3513 4036 Jareth

1940 4055 2432 4138 roboram;-Enoch
2476 4057 2859 4127 interpretatur
2894 4061 3184 4127 dedicatio;
3213 4053 3512 4121 Mathusala
3556 4092 3562 4106 -'

1938 4147 2120 4199 mortis
2140 4147 2381 4210 emissio;
2407 4147 2637 4204 Lamecb
2671 4149 3005 4216 humiliatus;
3046 4151 3157 4207 Noe
3187 4155 3385 4222 requies
3424 4155 3511 4210 in-

1940 4245 2282 4305 terpretatur.
2331 4237 2470 4307 Ergo
2513 4239 2809 4307 procedens
2853 4238 3012 4302 homo
3040 4256 3107 4295 ex
3146 4248 3287 4296 terra
3328 4243 3507 4310 rubra,

1939 4342 2226 4396 resurgens
2255 4342 2284 4380 a
2307 4328 2562 4396 peccatis,
2585 4337 2635 4382 et
2664 4331 2938 4404 appositus
2961 4331 3122 4384 coetui
3149 4333 3505 4398 credentium,

269 4424 615 4488 resurrectio,
647 4424 787 4480 Enos
820 4424 997 4490 homo,
1043 4426 1167 4496 quia
1204 4435 1328 4496 post
1359 4425 1562 4482 luctum
1593 4444 1836 4484 resurre-
1859 4445 1912 4504 D
1935 4418 2040 4473 εΐίι
2086 4417 2246 4472 homo
2287 4419 2544 4474 invocans
2580 4419 2766 4484 Deum.
2814 4429 2869 4474 θι
2906 4419 3103 4475 deﬂens
3139 4431 3360 4490 Ρθοεδιει
3399 4424 3506 4491 Pri-

269 4513 398 4574 ctio,
431 4513 497 4568 de
525 4516 918 4570 resurrectione
944 4516 1104 4571 homo
1128 4517 1381 4574 invocans
1409 4520 1594 4576 Deum.

883 4641 1106 4699 CAPUT
1141 4645 1227 4700 ΙΙΙ.

266 4752 348 4808 De
389 4751 554 4807 Adam
603 4755 856 4825 quomodo
899 4771 1109 4830 rursum
1143 4756 1282 4823 filios
1317 4762 1620 4829 susceperit,
1646 4772 1694 4814 et
1731 4763 1835 4830 ﬁne

913 4826 1029 4880 vita:
1061 4826 1192 4895 ejus.

338 4956 486 5026 (Cn.
517 4954 594 5026 v.)
625 4955 723 5010 Hic
765 4966 838 5011 est
876 4957 1006 5011 liber
1034 4960 1377 5026 generationis
1412 4961 1580 5015 Adam
1605 4964 1707 5016 :in
1749 4963 1833 5017 die

253 5065 371 5119 qua
405 5049 592 5101 creavit
620 5047 760 5102 Deus
795 5049 1070 5115 hominem,
1111 5050 1180 5103 ad
1213 5052 1607 5106 similitudinem
1643 5053 1734 5107 Dei
1762 5055 1833 5122 fe-

253 5140 335 5193 ci:
358 5137 856 5218 illum;.masculum
883 5151 928 5194 et
961 5141 1204 5210 feminam
1245 5143 1432 5195 creavit
1458 5160 1575 5208 eos;
1607 5152 1656 5197 et
1681 5143 1832 5197 bene-

252 5230 398 5285 dixit
433 5228 556 5294 illis,
587 5243 634 5286 et
665 5235 858 5288 vocavit
892 5251 1075 5288 nomen
1102 5252 1279 5289 eorum
1309 5235 1476 5291 Adam
1515 5240 1569 5292 in
1609 5240 1695 5293 die
1724 5257 1829 5309 qua

267 5321 437 5378 creati
465 5330 605 5374 sunt.
637 5322 904 5395 (Πίθωνι.)
939 5325 1002 5378 Et
1026 5325 1256 5390 vocavit,
1286 5326 1474 5395 inquit,
1506 5344 1699 5383 nomen
1739 5343 1829 5382 eo-

254 5425 384 5464 rum
405 5408 594 5473 Adam,
626 5406 678 5466 id
701 5420 784 5466 est
817 5414 995 5470 homo.
1025 5416 1268 5471 Hominis
1295 5424 1472 5471 autem
1495 5432 1688 5474 nomen
1721 5427 1828 5473 tam

253 5498 381 5552 viro
401 5513 557 5566 quam
584 5495 794 5554 femina:
821 5504 1088 5558 convenit.

345 5583 481 5639 Vixit
502 5597 676 5641 autem
711 5589 876 5642 Adam
906 5601 1110 5646 centum
1138 5594 1347 5665 triginta
1383 5596 1552 5656 annis,
1579 5604 1627 5647 et
1651 5595 1828 5664 genuit

256 5673 334 5730 ad
361 5673 748 5730 similitudinem
790 5685 836 5730 et
879 5677 946 5731 ad
987 5680 1264 5750 imaginem
1311 5697 1478 5736 suam.
1526 5681 1662 5738 Nota
1704 5683 1826 5753 quia

1936 4507 2105 4584 stina;
2136 4508 2372 4576 possidet
2398 4508 2634 4564 animam
2656 4523 2808 4562 suam
2838 4523 2934 4579 per
2955 4510 3297 4578 patientiam;
3320 4512 3509 4581 sicque

1939 4594 2038 4649 rite
2068 4594 2290 4676 laudans
2323 4596 2510 4660 Deum,
2537 4598 2823 4652 roboratur
2847 4597 3052 4668 Spiritu
3080 4600 3204 4665 Dei;
3231 4601 3506 4671 dedicatur

1935 4688 2002 4740 ad
2043 4687 2204 4740 vitam
2249 4695 2536 4752 aeternam;
2582 4695 2746 4758 atque
2785 4689 2957 4743 victor
2999 4689 3191 4755 martis
3232 4691 3505 4766 subjectus

1937 4775 2066 4842 Deo,
2090 4777 2328 4848 possidet
2357 4778 2598 4847 requiem
2625 4773 3028 4848 sempiternam.

2544 4887 2772 4944 CAPUT
2806 4889 2891 4942 IV.
2994 4879 3000 4886 ’

2343 4955 2424 5010 De
2453 4955 2753 5010 Hathusala
2778 4968 2826 5010 et
2851 4957 3094 5015 Lamech.

2007 5044 2154 5116 (Car.
2188 5046 2266 5116 v.)
2301 5041 2440 5099 Vixit
2458 5063 2659 5116 quoque
2684 5046 2984 5101 Hathusala
3013 5058 3214 5104 centum
3241 5056 3498 5124 octoginta

1933 5145 2123 5203 septem
2165 5153 2351 5200 annos,
2387 5146 2434 5188 et
2455 5138 2630 5205 genuit
2668 5135 2911 5202 Lamech,
2942 5147 3045 5193 etc.
3071 5139 3370 5197 Notandum
3398 5160 3495 5197 au-

1934 5234 2040 5280 tem
2066 5225 2208 5295 quod
2237 5227 2289 5279 in
2328 5225 2675 5296 Septuaginta
2720 5228 3100 5297 interpretibus
3133 5232 3221 5285 hic
3250 5232 3398 5288 locus
3420 5234 3494 5287 ita

1933 5317 2160 5371 habetur
2186 5333 2201 5369 ;
2233 5315 2302 5368 Et
2325 5315 2450 5368 uixit
2477 5314 2777 5370 Mathusala
2823 5318 2974 5372 annis
2997 5329 3199 5372 centum
3225 5321 3491 5390 sexaginta

1929 5419 2139 5478 septem,
2179 5419 2227 5462 et
2261 5410 2437 5478 genuit
2469 5408 2707 5463 Lameclt.
2751 5410 2819 5463 Et
2857 5410 2982 5464 vixit
3021 5410 3322 5466 Hathusula
3343 5418 3494 5483 post-

1927 5515 2082 5570 quam
2104 5500 2279 5568 genuit
2305 5498 2526 5552 Lamecls
2547 5514 2711 5554 annos
2734 5500 3044 5570 octingentos
3067 5502 3218 5565 duos,
3241 5512 3289 5556 et
3313 5506 3488 5572 genuit

1928 5588 2062 5657 ﬁlios
2091 5597 2138 5641 et
2157 5587 2330 5655 ﬁlias;
2352 5599 2402 5642 et
2426 5588 2634 5653 fuerunt
2665 5606 2838 5643 omnes
2881 5591 2988 5643 dies
3029 5590 3337 5646 lat/tuscis:
3359 5611 3488 5664 quos

1928 5679 2048 5734 sirit
2091 5677 2214 5734 anm'
2257 5679 2497 5748 nongenti
2535 5679 2801 5749 sexaginta
2833 5696 3029 5745 norem,
3054 5689 3098 5733 et
3122 5692 3352 5737 mortuus
3389 5696 3462 5739 cst
