3968 6314
530 314 628 371 δη

1163 302 1224 357 Β.
1264 297 1520 355 RABANI
1557 295 1776 352 MAURI
1814 289 2145 370 ARCIilEP.
2174 286 2477 345 MOCUNT.
2519 284 2797 342 OPERUM
2838 286 3014 342 PARS
3049 286 3090 342 I.

3667 78 3848 109 -γ-
3907 78 3916 79 ,

3660 279 3764 334 51?.

529 423 755 478 Famosa
774 415 999 489 quaistio
1019 425 1073 469 et
1096 413 1452 482 disputatione
1477 409 1838 466 Ecclesiarum
1859 405 2094 460 omnium
2125 407 2172 463 Α
2199 403 2414 473 quippe,
2449 412 2504 456 et
2551 401 2622 456 dii
2670 400 2916 456 similiter
2956 401 3310 470 appellantur.
3359 388 3587 470 Propter
3624 395 3766 465 quod

527 509 805 572 ventilata,
834 505 975 576 quod
998 505 1148 574 juxta
1176 502 1483 572 diligentem
1511 489 2096 568 supputationem’qua-

532 597 827 659 tunrdecim
877 609 1046 649 annos
1088 602 1210 664 post
1252 580 1506 645 diluvium
1569 583 1862 640 Mathusala
1902 583 2099 636 vixisse

531 688 818 750 referatur.
868 685 1078 739 Etenim
1135 697 1257 737 cum
1307 687 1450 734 esset
1493 673 1787 730 Mathusala
1837 686 2098 727 annorum

531 788 747 833 rentum
779 775 1051 846 sexaginta
1085 780 1310 840 septem,
1351 767 1535 839 genuit
1578 763 1843 828 Lamech;
1885 776 2099 842 rursum

525 867 764 926 Lamech
792 880 913 920 cum
943 873 1084 920 esset
1115 874 1373 915 annorum
1410 866 1622 911 centum
1649 853 1919 924 octoginta
1938 857 2098 915 octo,

534 959 717 1028 genuit
741 957 879 1021 Noe;
906 963 959 1010 et
985 955 1116 1008 fiunt
1155 950 1313 1006 simul
1346 963 1514 1017 usque
1539 947 1604 1001 ad
1635 946 1773 1000 diem
1804 941 2102 997 nativitatis

532 1045 645 1100 Noe
665 1049 788 1099 anni
803 1043 926 1098 vita:
948 1039 1276 1102 Mathusalm,
1298 1036 1523 1092 trecenti
1547 1033 1930 1104 quinquaginta
1955 1032 2106 1099 quin—

533 1151 658 1208 que.
699 1134 1100 1191 Sexcentesimo
1139 1139 1318 1185 autem
1362 1143 1502 1183 anno
1540 1127 1662 1180 vita:
1691 1124 1820 1188 Noe,
1847 1121 2100 1177 diluvium

433 1233 438 1237 “
534 1225 732 1282 factum
763 1235 864 1291 est,
895 1240 958 1280 ac
994 1236 1089 1294 per
1114 1222 1216 1276 hoc
1241 1219 1425 1296 habita
1453 1216 1828 1286 supputatione
1857 1229 1955 1284 per
1983 1226 2098 1281 par-

534 1324 635 1380 tes,
679 1314 1086 1386 nongentesimo
1119 1307 1561 1380 quinquagesimo
1598 1306 1785 1376 quinto
1821 1318 1960 1357 anno
1992 1301 2103 1355 Ma-

534 1406 778 1470 thusalze,
802 1403 1057 1460 diluvium
1088 1400 1287 1456 factum
1317 1397 1817 1454 esse-convincitur.
1848 1394 1980 1448 Cum
2005 1407 2100 1447 au-

535 1503 642 1549 tem
684 1508 844 1564 super
885 1492 1168 1563 nongentis
1195 1489 1475 1560 sexaginta
1506 1502 1696 1541 novem
1731 1485 1888 1540 annis
1910 1478 2108 1537 vixisse

535 1587 607 1641 sit
631 1585 824 1649 dictus,
850 1584 978 1638 nulli
1001 1568 1220 1637 dubium
1247 1590 1329 1636 est
1355 1577 1761 1649 quatuordecim
1789 1589 1955 1628 annos
1982 1587 2106 1627 eum

535 1675 734 1730 vixisse
758 1682 886 1744 post
919 1673 1195 1729 diluvium.
1237 1671 1303 1725 Et
1344 1668 1609 1740 quomodo
1649 1681 1830 1721 verum
1859 1672 1942 1719 est
1967 1663 2108 1733 quod

2198 493 2385 564 Aquila
2409 491 2847 562 plurali-numero
2868 489 3008 544 filios
3029 491 3249 546 deorum
3275 497 3436 547 ausus
3458 497 3543 545 est
3567 485 3765 546 dicere,

2198 587 2326 642 deos
2348 585 2648 653 intelligens
2671 592 2886 638 sanctos
2908 583 3022 638 sive
3046 584 3283 652 angelos.
3313 583 3448 638 Deus
3472 582 3608 636 enim
3631 578 3768 633 stetit

2198 681 2253 733 in
2281 691 2542 747 synagoga
2578 676 2788 729 deorum
2816 690 2839 736 :_
2869 673 3116 735 inmedio
3156 684 3326 739 autem
3366 670 3772 746 deos’discernit

2199 767 2371 839 (Psal.
2395 765 2599 835 um).
2619 764 2797 837 (Δις.)
2826 764 2979 819 Unde
3007 773 3062 819 et
3087 763 3446 836 Symmachus
3470 759 3772 839 istiusmodi

2199 836 2414 912 sensum
2462 836 2696 925 sequens
2746 855 2857 909 ait:
2899 852 3139 907 Vide‘ntes
3179 839 3280 922 ﬁlii
3321 863 3586 924 potentum
3635 836 3774 919 ﬁlias

2200 947 2487 1010 hominum,
2530 954 2585 1000 et
2629 943 2851 1014 reliqua.
2887 943 2994 999 Sed
3028 944 3132 999 hoc
3171 951 3367 1006 movet,
3398 943 3670 1013 quomodo
3696 942 3775 994 vel

2201 1050 2266 1088 ex
2290 1035 2565 1088 hominum
2585 1035 2868 1090 concubitu
2891 1034 3001 1088 nati
3023 1034 3283 1105 gigantes,
3312 1032 3528 1088 feminis
3551 1032 3778 1088 miscere

2202 1133 2589 1193 potuerunt-se,
2613 1125 2657 1180 si
2681 1139 2784 1182 non
2809 1124 3054 1180 homines
3081 1125 3174 1180 sed
3204 1123 3378 1194 angeli
3408 1122 3646 1181 fuerunt.
3673 1121 3779 1178 Sed

2203 1213 2270 1268 de
2298 1213 2622 1285 gigantibus,
2658 1212 2712 1267 id
2733 1221 2835 1278 est,
2874 1213 3096 1272 nimium
3119 1209 3412 1284 grandibus
3441 1220 3604 1280 atque
3626 1209 3782 1265 forti-

2200 1307 2324 1385 bus,
2354 1315 2485 1377 puto
2526 1321 2633 1360 non
2673 1319 2792 1361 esse
2834 1305 3134 1360 mirandum
3177 1305 3320 1375 quod
3361 1319 3427 1358 ex
3476 1302 3782 1357 hominibus

2207 1396 2354 1451 nasci
2382 1403 2690 1465 potuerunt,
2732 1396 2856 1466 quia
2883 1405 2936 1451 et
2969 1403 3092 1467 post
3121 1395 3377 1451 diluvium
3402 1393 3625 1464 quidam
3647 1392 3784 1448 tales

2208 1485 2372 1540 fuisse
2407 1485 2776 1553 reperiuntur;
2804 1495 2862 1539 et
2887 1472 3384 1554 quaedamcorpora
3408 1481 3692 1539 hominum
3730 1481 3783 1536 in

2210 1575 2573 1632 incredibilem
2598 1575 2814 1630 modum
2841 1574 3074 1645 ingentia
3104 1574 3305 1630 nostris
3333 1586 3546 1643 quoque
3579 1579 3782 1641 tempo-

2211 1669 2358 1722 ribus
2409 1667 2760 1729 exstiterunt,
2809 1682 2915 1721 non
2961 1665 3135 1721 solum
3180 1665 3438 1727 virorum,
3480 1662 3576 1720 sed
3621 1663 3781 1717 etiam

537 1779 660 1824 octo
698 1740 906 1823 tantum
933 1769 1124 1823 anima:
1151 1768 1204 1821 in
1232 1782 1357 1822 arca
1386 1766 1545 1820 salvae
1570 1762 1724 1817 facta:
1748 1762 1904 1817 sunt?
1927 1762 2112 1816 Restat
2141 1740 2186 1798 Β
2213 1754 2554 1810 feminarum.
2605 1754 2758 1810 Unde
2806 1754 3115 1811 credibilius
3159 1760 3258 1810 est
3311 1753 3558 1810 homines
3611 1749 3785 1820 justas

536 1873 666 1928 ergo
695 1866 755 1912 ut
787 1857 1051 1927 quomodo
1086 1857 1137 1912 in
1168 1855 1454 1926 plerisque,
1483 1854 1556 1907 ita
1585 1863 1637 1906 et
1667 1853 1717 1906 in
1742 1849 1841 1906 hcc
1875 1851 1944 1905 sit
1963 1865 2116 1903 error

538 1949 593 2002 in
631 1961 873 2002 numero.
907 1946 1179 2016 Siquidem
1215 1945 1279 2011 in,
1299 1945 1537 1999 Hebreis
1567 1955 1620 1997 et
1650 1942 2112 1997 Samaritanorum

535 2036 689 2092 libris
711 2036 780 2089 ita
811 2034 1067 2104 scriptum
1094 2033 1268 2102 reperi
1299 2051 1313 2085 :
1346 2032 1414 2085 Et
1439 2033 1562 2084 vixit
1586 2027 1885 2082 Mat/insula
1911 2037 2113 2085 centum

537 2126 796 2195 octoginta
820 2133 1010 2194 septem
1035 2123 1205 2184 annis,
1231 2133 1276 2176 et
1301 2111 1474 2192 genuit
1498 2118 1754 2183 Lamech;
1781 2127 1827 2170 et
1852 2117 1974 2171 vixit
1998 2115 2116 2169 Ma-

537 2215 745 2270 thusala
786 2225 1058 2286 postquam
1097 2214 1285 2287 genuit
1311 2212 1551 2274 Lamech,
1594 2211 1933 2280 septingentos
1977 2217 2117 2262 octo-

541 2307 682 2374 ginta
709 2279 838 2357 duos
869 2279 1054 2367 annos,
1085 2279 1131 2357 et
1168 2282 1349 2372 genuit
1377 2301 1512 2368 ﬁlios
1547 2310 1593 2354 et
1623 2300 1794 2367 ﬁlias;
1829 2308 1875 2353 et
1905 2279 2136 2366 fueruntc

539 2409 715 2447 onmes
753 2393 862 2446 dies
898 2390 1234 2455 Mathusalae,
1277 2393 1401 2444 anni
1433 2391 1672 2458 nongenti
1716 2389 1984 2458 sexaginta
2027 2403 2118 2440 uo-

539 2499 669 2547 cem,
693 2492 740 2536 et
768 2493 1000 2536 mortuus
1023 2495 1114 2536 est.
1143 2482 1211 2534 Et
1234 2482 1356 2535 vixit
1382 2481 1599 2533 anech
1629 2491 1833 2532 rentum
1854 2480 2117 2547 octoginta

541 2574 672 2625 duos
701 2589 887 2636 annos,
918 2580 964 2625 et
991 2572 1164 2641 genuit
1192 2571 1325 2624 Noe.
1361 2572 1405 2624 Α
1431 2571 1515 2623 die
1540 2584 1666 2638 ergo
1690 2568 1984 2622 nativitatis
2010 2567 2118 2620 Ma-

544 2663 766 2718 thusalie
797 2675 964 2729 usque
995 2662 1060 2713 ad
1084 2661 1224 2714 diem
1253 2670 1403 2714 ortus
1429 2659 1558 2723 Noe,
1589 2667 1711 2712 sunt
1735 2659 1858 2711 anni
1893 2657 2116 2711 trecenti

543 2752 820 2820 sexaginta
864 2766 1073 2804 novem.
1119 2749 1212 2803 llis
1264 2750 1398 2803 adde
1442 2759 1724 2804 sexcentos
1763 2765 1932 2802 annos
1977 2749 2113 2811 Noe,

543 2843 669 2910 quia
691 2844 744 2896 in
768 2842 1157 2897 sexcentesimo
1179 2843 1300 2895 vita:
1318 2841 1432 2908 ejus
1467 2858 1606 2895 anno
1639 2843 1893 2896 diluvium
1916 2841 2118 2896 factum

544 2939 647 2997 est,
676 2933 835 3000 atque
868 2933 939 3001 ita
977 2932 1035 2986 fit
1073 2940 1131 2986 ut
1169 2933 1572 3003 nongentesimo
1603 2933 1935 3002 sexagtsimo
1978 2949 2118 2987 nono

547 3039 689 3078 anno
713 3026 835 3078 vitae
861 3041 969 3080 sure
999 3025 1291 3080 Mathusala
1341 3033 1581 3078 mortuus
1608 3025 1698 3089 sit,
1728 3038 1792 3078 eo
1828 3039 1967 3076 anno
2012 3037 2119 3092 quo

546 3117 710 3187 coepit
739 3131 856 3171 esse
885 3117 1165 3172 diluvium.
1198 3117 1378 3189 (Isid.)
1413 3116 1544 3170 Nam
1583 3116 1892 3173 Mathusalae
1929 3131 2121 3171 secun-

548 3209 672 3261 dum
705 3207 1052 3279 Septuag‘nta
1096 3209 1237 3262 ultra
1275 3208 1530 3262 diluvium
1581 3217 1927 3263 numerantur
1972 3209 2119 3268 anni.

548 3306 608 3350 ut
649 3298 898 3366 quoniam
949 3298 1093 3352 solus
1129 3307 1211 3352 est
1257 3296 1524 3361 Christus,
1574 3298 1725 3368 cujus
1765 3298 1873 3352 vita
1920 3297 2119 3352 nullam

549 3395 713 3448 sentit
738 3402 970 3459 retalem,
993 3395 1046 3448 in
1076 3394 1369 3465 majoribus
1395 3409 1603 3463 quoque
1628 3393 1734 3448 illis
1759 3408 1861 3448 non
1889 3393 2121 3447 sensisse

548 3484 806 3538 diluvium
836 3485 1127 3539 videretur.

632 3571 772 3633 Vixit
802 3583 972 3627 autem
1000 3572 1224 3626 Lamech
1249 3583 1452 3626 centum
1494 3572 1753 3642 octoginta
1789 3572 1988 3626 duobus
2025 3589 2121 3624 an—

553 3665 654 3728 nis,
684 3673 730 3717 et
758 3665 929 3734 genuit
957 3663 1156 3733 ﬁlium;
1196 3662 1488 3731 vocavitque
1517 3679 1700 3715 nomen
1723 3662 1836 3731 ejus
1867 3660 2001 3724 Noe,
2045 3661 2126 3713 di-

552 3771 710 3808 cens:
751 3753 856 3806 Iste
885 3751 1236 3812 consolabitur
1273 3768 1364 3804 nos
1395 3751 1458 3803 ab
1497 3751 1734 3820 operibus
1775 3759 1822 3804 et
1863 3749 2126 3803 laboribus

553 3862 805 3902 manuum
837 3856 1152 3908 nostrarum,
1191 3844 1244 3896 in
1284 3852 1422 3895 terra
1446 3841 1529 3895 cui
1558 3840 1828 3894 maledixit
1851 3835 2124 3894 Dominus.

555 3931 845 4003 (liieron.)
893 3931 1004 3985 Noe
1051 3929 1248 3999 requies
1295 3930 1695 3999 interpretatur.
1741 3929 1820 3982 'Ab
1860 3942 1925 3983 eo
1969 3928 2129 3993 igitur

556 4022 699 4091 quod
726 4023 832 4098 sub
866 4020 954 4076 illo
986 4020 1162 4075 omnia
1201 4028 1345 4075 retro
1375 4035 1535 4088 opera
1579 4020 1897 4088 quieverunt
1933 4033 2029 4087 per
2051 4018 2129 4071 di-

554 4111 776 4176 luvium,
806 4111 1097 4180 appellatus
1132 4120 1215 4166 est
1246 4111 1459 4181 requies.
1497 4109 1776 4180 Significat
1809 4116 1984 4164 autem
2017 4108 2128 4163 Nec

555 4217 650 4272 per
677 4217 863 4256 omnes
893 4210 1044 4256 actus
1072 4215 1197 4255 suos
1227 4186 1517 4254 Christum.
1555 4186 1667 4255 Nec
1708 4201 1873 4264 enim,
1907 4207 1965 4252 ut
1992 4200 2128 4254 dixi-

559 4309 698 4357 mus,
731 4293 925 4362 requies
956 4293 1353 4361 interpretatur.
1389 4291 1643 4345 Dominus
1673 4290 1840 4345 dicit:
1874 4290 2067 4344 Discite
2096 4309 2128 4344 a

2216 1845 2506 1916 appellatus
2542 1844 2680 1899 ﬁlios
2721 1843 2837 1909 Dei,
2862 1844 3291 1914 concupiscentia
3333 1843 3512 1912 lapsos
3533 1855 3786 1910 peccasse

2213 1924 2334 1991 cuin
2377 1934 2614 2002 feminis,
2650 1949 2810 2004 quam
2843 1934 3062 2004 angelos
3108 1949 3324 2006 carnem
3366 1949 3470 1989 non
3503 1930 3784 1995 habentes,

2213 2039 2383 2094 usque
2401 2013 2470 2079 ad
2493 2023 2619 2080 illud
2645 2027 2922 2094 peccatum
2948 2022 3275 2078 descendere
3297 2023 3534 2092 potuisse
3558 2041 3572 2075 ;
3599 2035 3785 2090 quam-

2216 2118 2296 2173 vis
2321 2117 2386 2171 de
2410 2115 2729 2187 quibusdam
2773 2114 3106 2172 daemonibus
3133 2117 3222 2184 qui
3253 2115 3357 2169 sint
3397 2111 3624 2183 improbi
3671 2123 3788 2166 mu-

2214 2206 2456 2272 lieribus,
2484 2222 2514 2260 a
2543 2205 2724 2260 multis
2753 2214 2861 2260 tam
2890 2205 3058 2259 multa
3093 2205 3358 2269 dicantur,
3393 2213 3451 2260 ut
3483 2218 3589 2258 non
3616 2201 3789 2257 facilis

2215 2299 2282 2354 sit
2311 2299 2377 2352 de
2406 2300 2504 2356 hac
2531 2314 2588 2353 re
2616 2295 2848 2353 ﬁnienda
2877 2298 3159 2355 sententia;
3196 2295 3414 2369 (Albim)
3448 2295 3620 2350 Aliter
3651 2288 3800 2350 filias

2218 2391 2492 2445 hominum
2533 2388 2839 2459 progeniem
2886 2387 3073 2452 Cham,
3122 2396 3178 2442 et
3227 2386 3364 2441 ﬁlios
3408 2385 3501 2441 Dei
3551 2384 3791 2441 sobolem

2220 2478 2351 2540 Seth
2389 2478 2655 2548 appellare
2702 2477 2871 2532 voluit
2925 2475 3224 2547 Scriptura,
3278 2477 3332 2531 bi
3381 2476 3520 2552 avita
3568 2473 3793 2530 benedi-

2170 2621 2174 2625 .
2218 2571 2394 2626 ctione
2418 2571 2670 2639 religiosi,
2724 2569 2795 2623 illi
2838 2576 3061 2638 paterna
3105 2555 3480 2623 maledictione
3515 2567 3794 2637 impudici.

2220 2663 2325 2717 Sed
2352 2672 2634 2732 postquam
2666 2657 2758 2716 lilii
2795 2661 2948 2726 Seth,
2987 2659 3420 2730 concupiscentia
3445 2659 3593 2724 victi,
3620 2673 3689 2714 ex
3728 2658 3795 2713 fi-

2219 2755 2392 2821 L'Zabus
2433 2753 2600 2808 (ibam
2647 2753 2912 2807 connubia
2961 2751 3377 2821 coniunxerunt,
3418 2765 3484 2805 ex
3526 2748 3617 2804 tali
3665 2764 3799 2804 con-

2215 2844 2490 2914 junctione
2513 2843 2756 2896 homines
2780 2840 3042 2895 immenso
3060 2853 3303 2910 corpore,
3329 2839 3532 2893 viribus
3555 2837 3797 2908 superbi,

2220 2935 2460 2990 moribus
2492 2933 2767 2998 inconditi,
2801 2948 2936 3003 quos
2961 2931 3240 3003 Scriptura
3269 2932 3516 3003 gigantes
3545 2930 3797 3001 appellat,

2221 3027 2486 3095 procreati
2514 3036 2656 3079 sunt.
2995 3090 2999 3094 _

2292 3117 2537 3188 Dixitque
2575 3115 2714 3170 Deus
2743 3131 2760 3168 :
2794 3114 2915 3168 Non
2949 3115 3266 3185 permanebit
3310 3116 3524 3182 spiritus
3565 3120 3709 3168 meus
3735 3115 3804 3176 in

2222 3211 2427 3266 homine
2451 3212 2504 3263 in
2527 3219 2796 3274 internum,
2820 3208 2942 3278 quia
2967 3223 3092 3266 caro
3112 3217 3185 3261 est
3207 3225 3223 3271 ;
3250 3218 3499 3277 eruntque
3520 3207 3631 3260 dies
3655 3206 3804 3260 illius

2222 3311 2425 3356 ceruum
2473 3301 2650 3370 uiginti
2687 3299 2832 3353 anni.
2863 3296 3131 3369 (Hierom)
3174 3297 3234 3351 In
3284 3296 3508 3351 Hebraeo
3540 3297 3806 3366 scriptum

2222 3398 2350 3445 est:
2393 3388 2513 3444 Non
2549 3388 2806 3458 judicabit
2851 3389 3062 3458 spiritus
3120 3403 3264 3440 meus
3303 3386 3534 3440 homines
3575 3386 3698 3441 istos
3751 3387 3807 3439 in

2224 3472 2492 3544 a'ternum,
2534 3481 2657 3548 quia
2687 3494 2807 3532 caro
2847 3489 2997 3542 sunt;
3046 3479 3149 3532 hoc
3181 3489 3282 3541 est,
3323 3478 3449 3547 quia
3479 3476 3682 3548 frag'lis
3719 3487 3809 3532 est

2226 3573 2279 3626 in
2327 3572 2543 3626 homine
2591 3568 2857 3632 conditio,
2907 3583 3009 3623 non
3055 3583 3150 3628 eos
3195 3569 3262 3622 ad
3307 3578 3538 3623 teternos
3579 3569 3812 3624 servabo

2227 3664 2515 3725 cruciatus,
2563 3660 2658 3716 sed
2704 3660 2794 3715 hic
2833 3659 2936 3713 illis
2982 3661 3271 3715 restituam
3318 3661 3461 3729 quod
3506 3667 3806 3714 merentur.

2228 3753 2368 3823 Ergo
2395 3767 2499 3805 non
2523 3750 2884 3813 severitatem,
2907 3758 2966 3822 ut.
2993 3749 3047 3802 in
3070 3749 3267 3804 nostris
3293 3748 3565 3804 codicibus
3585 3749 3809 3819 legitur,

2229 3848 2322 3903 sed
2353 3839 2688 3900 clementiam
2716 3837 2813 3896 Dei
2845 3850 3020 3906 sonat,
3050 3842 3174 3895 dum
3201 3848 3453 3911 peccator
3471 3841 3565 3896 .hic
3589 3854 3689 3909 pro
3706 3855 3813 3895 suo

2228 3936 2428 3991 scelere
2471 3935 2735 3987 visitatur.
2786 3931 2937 3986 Unde
2985 3939 3039 3986 et
3087 3931 3256 3985 iratus
3278 3930 3419 3985 Deus
3451 3928 3691 3999 loquitur
3738 3930 3811 3984 ad

2227 4024 2487 4094 quosdam
2517 4042 2528 4076 ς
2559 4021 2684 4076 Non
2715 4020 2929 4075 uisitabo
2957 4019 3097 4088 ﬁlias
3127 4036 3305 4074 eorum
3327 4037 3443 4073 cum
3467 4020 3664 4088 fuerint
3692 4020 3813 4088 for-

2229 4116 2434 4178 nicativ,
2467 4124 2513 4168 et
2540 4130 2756 4183 sponsas
2795 4128 2975 4166 eorum
3013 4127 3129 4165 cum
3177 4111 3588 4165 adulteraverint
3632 4107 3813 4182 (Osca:

2228 4207 2322 4278 IV).
2356 4207 2422 4260 Et
2442 4206 2500 4260 in
2529 4190 2635 4259 alio
2660 4205 2815 4263 loco:
2859 4202 3086 4257 Visitabo
3126 4204 3178 4255 in
3219 4202 3360 4272 uirga
3387 4202 3687 4272 iniquitates
3715 4215 3807 4256 ω-

2231 4317 2368 4364 rum,
2405 4310 2451 4352 et
2481 4299 2538 4351 in
2566 4296 2786 4367 ﬂagellis
2830 4304 3042 4364 peccata
3080 4311 3277 4348 eorum.
3317 4292 3683 4348 Verumtamen
3711 4295 3812 4347 nsi-

558 4397 638 4436 ine
657 4382 778 4450 quia
802 4382 939 4437 mitis
973 4396 1086 4432 sum
1116 4388 1172 4433 'et
1217 4380 1426 4433 humilis
1455 4380 1626 4445 corde,
1662 4390 1710 4434 et
1741 4381 2007 4434 invenietis
2046 4398 2128 4434 re-
2158 4415 2206 4473 Β
2232 4392 2565 4446 “montium
2595 4404 2760 4442 meam
2795 4405 2899 4441 non
2923 4387 3163 4456 auferam
3193 4386 3257 4439 ab
3280 4387 3354 4439 eis
3378 4383 3496 4454 (Ps.
3518 4385 3810 4456 tum“).

557 4473 728 4539 quiem
769 4470 1038 4522 animabus
1079 4470 1254 4523 vestris
1283 4469 1494 4541 (Matth.
1540 4469 1635 4542 χι).
1669 4470 1824 4525 Solus
1845 4471 2128 4540 justusin-

558 4561 772 4615 venitur
799 4559 908 4615 Noe
931 4561 983 4613 in
1011 4560 1096 4613 illa
1125 4572 1302 4630 gente,
1327 4561 1411 4615 cui
1438 4570 1638 4630 septem
1669 4555 1909 4617 homines
1931 4555 2129 4617 donan—

563 4660 651 4705 tur
686 4662 902 4722 propter
945 4651 1205 4722 justitiam
1253 4667 1420 4706 suam.
1469 4652 1625 4707 Solus
1662 4654 1838 4722 justus
1882 4653 2129 4708 Christus

563 4751 647 4797 est
686 4752 845 4811 atque
894 4741 1193 4810 perlectus,
1238 4744 1323 4796 cui
1372 4752 1574 4812 septem
1616 4744 1868 4800 Ecclesiae
1911 4755 2128 4813 propter

567 4833 960 4902 septemplicem
987 4831 1241 4902 Spiritum
1267 4831 1654 4886 illuminantem
1685 4833 1737 4887 in
1762 4849 1924 4888 unam
1946 4833 2129 4889 Eccle-

567 4925 701 4978 siam
728 4924 1113 4978 condonantur.

1234 5015 1457 5070 CAPUT
1493 5018 1555 5071 V.

638 5107 715 5160 De
734 5107 1048 5176 gigantibus,
1085 5118 1130 5160 et
1161 5110 1222 5160 de
1244 5119 1442 5162 centum
1468 5110 1643 5178 viginti
1672 5111 1821 5165 annis
1842 5109 2131 5164 hominibus

879 5178 946 5230 ad
973 5179 1317 5246 poenitentiam
1339 5197 1368 5231 a
1399 5181 1502 5233 Deo
1527 5183 1801 5234 concessis.

641 5286 790 5356 (CAP.
828 5287 929 5355 vr.)
961 5287 1188 5357 Cumque
1236 5290 1497 5357 coepissent
1532 5292 1762 5344 homines
1803 5289 2134 5360 multiplicari

568 5393 723 5447 super
752 5387 966 5441 terram,
996 5361 1043 5430 et
1065 5377 1202 5444 ﬁlios
1239 5391 1611 5447 procreassent,
1646 5383 1869 5435 ridentes
1911 5380 2010 5448 lilii
2045 5380 2137 5433 Dei

572 5469 709 5536 ﬁlias
749 5470 1037 5533 hominum,
1059 5469 1196 5540 quod
1222 5482 1386 5524 essent
1409 5472 1655 5541 pulchrae,
1686 5483 1988 5544 acceperunt
2013 5490 2140 5526 uxo-

575 5573 653 5612 res
695 5558 793 5612 sibi
829 5576 892 5614 ea:
917 5561 1150 5616 omnibus
1187 5577 1318 5631 quas
1358 5561 1632 5631 elegerant.
1658 5561 1890 5617 Verbum
1922 5562 2143 5616 Hebrai-

577 5664 694 5702 cunt
721 5651 914 5706 cluliini
942 5637 1117 5711 ε’τιὸκ
1161 5653 1460 5708 communis
1505 5662 1582 5706 est
1634 5654 1855 5719 numeri,
1899 5664 1951 5709 et
2004 5653 2142 5708 Deus

2235 4483 2401 4537 Porro
2431 4498 2494 4546 ne
2526 4481 2794 4534 videretur
2823 4479 2880 4548 in
2908 4492 2972 4532 eo
2996 4492 3116 4532 esse
3141 4477 3390 4542 crudelis,
3417 4477 3560 4546 quod
3583 4492 3814 4547 peccan-

2234 4575 2372 4629 tibus
2405 4574 2574 4628 locum
2614 4572 2943 4641 paenitentiae
2983 4586 3086 4624 non
3133 4571 3392 4634 dedisset,
3422 4568 3660 4638 adjecit:
3702 4568 3814 4623 Sed

2197 4703 2200 4705 μ
2232 4673 2380 4717 erum
2408 4662 2515 4716 dies
2537 4678 2714 4715 eorum
2743 4671 2943 4714 centum
2965 4660 3143 4730 viginti
3170 4660 3317 4725 anni,
3340 4660 3442 4714 hoc
3464 4667 3568 4723 est,
3592 4668 3810 4713 centum

2232 4750 2418 4821 viginti
2459 4763 2628 4803 annos
2672 4748 2944 4802 habebunt
2990 4749 3056 4801 ad
3105 4748 3363 4817 agendam
3410 4747 3807 4818 pmnitentiam.

2232 4840 2346 4893 Non
2379 4840 2538 4909 igitur
2566 4840 2796 4893 humana
2825 4840 2957 4902 vita,
2987 4846 3043 4890 ut
3074 4837 3226 4891 multi
3268 4844 3472 4900 errant,
3515 4837 3567 4890 in
3594 4845 3810 4890 centum

2234 4931 2417 5001 viginti
2445 4946 2613 4984 annos
2637 4936 2917 4984 contracta
2951 4939 3055 4993 est,
3089 4930 3181 4983 sed
3211 4928 3543 4998 generationi
3579 4927 3651 4981 illi
3679 4943 3810 4982 cen-

2233 5029 2346 5076 tum
2367 5020 2564 5090 viginti
2584 5021 2707 5073 anni
2737 5017 2804 5072 ad
2827 5019 3196 5088 paenitentiam
3222 5019 3332 5072 dati
3359 5030 3500 5072 sunt.
3531 5017 3810 5088 Siquidem

2236 5110 2536 5164 invenimus
2557 5107 2697 5178 quod
2721 5117 2840 5178 post
2875 5108 3133 5166 diluvium
3162 5108 3435 5162 Abraham
3475 5108 3673 5163 vixerit
3708 5123 3807 5163 an-

2237 5215 2332 5254 nos
2361 5208 2572 5252 centum
2617 5198 2948 5267 septuaginta
2987 5197 3241 5265 qninque,
3272 5205 3326 5250 et
3368 5197 3549 5251 caeteri
3582 5196 3814 5267 amplius

2242 5290 2487 5344 ducentis
2532 5288 2783 5342 trecentis
2830 5288 3001 5341 annis.
3066 5287 3199 5354 Quia
3255 5302 3383 5342 vero
3433 5287 3810 5356 paenitentiam

2244 5394 2401 5448 agere
2430 5387 2882 5446 contempserant,
2908 5377 3076 5433 noluit
3099 5378 3236 5432 Deus
3265 5386 3588 5448 exspectare
3603 5385 3814 5446 tempus

2246 5458 2536 5530 decretum,
2567 5467 2661 5523 sed
2688 5468 2872 5538 viginti
2903 5484 3164 5524 annomm
3192 5471 3376 5540 spatiis
3398 5466 3711 5540 amputatis,
3736 5467 3814 5520 ir-

2247 5560 2398 5613 duxit
2427 5560 2679 5614 diluvium
2727 5570 2864 5614 anno
2907 5562 3196 5618 centesimo
3235 5560 3452 5632 agenda:
3484 5556 3815 5630 poenitentia:

2251 5654 2532 5707 destinato.
3795 5655 3802 5662 '
