3968 6364
240 312 361 373 il;

1307 326 1659 385 (ΖΟΜΜΕΝΤ.
1698 324 1766 380 IN
1805 323 2124 381 GENESIM.
2164 357 2232 366 —
2263 327 2388 382 LIB.
2426 326 2486 383 ll.

3408 346 3514 403 5M

348 446 536 502 “de,”
595 453 769 498 αηεεηι
804 442 953 514 ,θεας
1009 440 1144 514 quod
1192 439 1355 495 multa
1390 439 1613 494 {malitia
1667 437 1838 491 homi—
1869 442 1915 499 Λ
2014 434 2126 491 Fac
2165 439 2256 491 tibi
2297 456 2475 492 arcam
2501 440 2564 495 de
2612 439 2766 512 lignis
2814 442 3080 515 lerig’atis;
3128 455 3518 513 amasiunculos

249 552 389 591 nam
418 543 545 590 esset
571 532 628 589 in
655 543 829 598 terra,—
856 538 902 587 et
946 541 1131 586 cuncta
1154 528 1401 600 cogitatio
1440 526 1614 583 cordis
1639 528 1837 581 intenta

1912 571 1919 578 .
1944 528 1997 581 in
2028 545 2153 581 arca
2183 528 2363 598 facies.
2399 528 2530 596 Qum
2556 539 2682 586 sunt
2705 547 2833 604 ergo
2861 534 3002 606 ligna
3033 536 3283 609 levigata,
3315 543 3381 599 de
3401 546 3518 615 qui-

246 638 392 681 esset
412 626 482 679 ad
507 610 703 679 malum
732 624 873 677 omni
895 631 1139 689 tempore,
1180 622 1416 693 panituit
1435 618 1712 689 eumguod
1748 620 1840 671 ho-
1942 619 2043 673 bus
2070 635 2193 674 arca
2220 621 2531 692 przecipit'ur
2560 622 2700 688 ﬁeri,
2730 623 2835 679 nisi
2868 624 3028 682 fortia
3055 638 3111 684 et
3138 610 3440 692 insolubilia
3461 645 3517 694 et

248 719 453 770 minem
476 714 677 785 fecisset
698 714 763 767 in
781 723 953 779 terra;
982 724 1032 772 et
1054 724 1226 768 tactus
1254 711 1437 766 dolore
1452 711 1625 765 cordis
1648 696 1836 763 intrin-

244 824 432 863 aecus.
460 804 669 869 Delebo,
707 806 891 876 inquit,
922 786 1178 862 hominem
1216 819 1366 875 quem
1401 803 1594 867 creari,
1628 819 1661 857 a
1703 802 1836 857 facie

246 906 441 962 terra,
465 896 528 950 ab
551 895 756 951 homine
777 910 935 969 usque
968 896 1036 950 ad
1063 894 1374 960 animantia,
1399 910 1434 948 a
1464 892 1639 964 reptili
1674 910 1836 963 usque
1866 950 1873 954 _

246 988 331 1039 ad
376 986 606 1042 uolucres
651 985 793 1052 caeli;
841 989 1047 1057 paenitet
1078 986 1213 1041 enim
1240 1001 1321 1039 me
1357 984 1538 1055 fecisse
1560 1000 1665 1039 eos.
1696 983 1835 1052 Quid

184 1110 189 1117 ς
246 1082 345 1129 est
371 1075 515 1144 quod
533 1075 599 1131 de
619 1076 728 1132 Deo
747 1076 941 1133 dicitur
970 1094 993 1130 ε·
1012 1074 1234 1129 Paenitet
1255 1090 1333 1129 me
1352 1076 1610 1129 hominem
1629 1074 1841 1143 fecisse,

247 1174 316 1218 et
341 1165 537 1222 iterum
560 1184 574 1221 :
604 1166 793 1221 Tactus
812 1164 990 1220 dolore
1012 1164 1183 1219 cordis
1211 1164 1561 1218 intrinsecus?
1585 1160 1835 1233 Nubquid

248 1254 315 1309 in
340 1256 508 1312 Deum
544 1257 867 1329 pmnitentia.
892 1264 985 1311 aut
1011 1255 1164 1311 dolor
1204 1254 1382 1331 cordis
1404 1255 1597 1312 cadere
1628 1255 1835 1326 potest?

245 1342 344 1398 Ira
372 1344 466 1400 Dei
496 1362 600 1400 non
624 1346 957 1416 perturbatio
988 1343 1153 1398 animi
1180 1343 1296 1413 ejus
1317 1352 1421 1409 est,
1450 1345 1543 1399 sed
1569 1342 1833 1411 judicium

245 1448 368 1502 quo
406 1436 675 1507 irrogatur
702 1450 856 1505 poena
881 1442 1126 1505 peccato,
1161 1434 1419 1507 cegitatio
1457 1450 1590 1490 vero
1632 1433 1747 1503 ejus
1778 1442 1833 1491 et

247 1526 575 1596 recogitatio
597 1513 976 1580 mutandarum
997 1540 1177 1580 rerum
1198 1535 1283 1581 est
1302 1526 1652 1581 immutabilis
1673 1526 1829 1581 ratio.

247 1616 378 1673 Non
404 1619 546 1674 Deus
572 1618 636 1673 de
658 1618 799 1674 facto
824 1634 922 1673 suo
949 1618 1177 1689 paenitet
1205 1627 1299 1673 aut
1323 1618 1465 1674 dolet
1489 1618 1630 1674 sicut
1646 1618 1827 1681 homo,

244 1710 344 1763 cui
370 1717 453 1765 est
478 1710 543 1764 de
566 1710 814 1765 omnibus
846 1708 1007 1765 rebus
1033 1711 1252 1765 omnino
1292 1716 1400 1764 tam
1429 1707 1535 1763 ﬁxa
1561 1708 1827 1763 sententia

1941 711 2077 766 bene
2099 714 2387 784 coaptata?
2429 715 2507 771 De
2538 716 2734 786 quibus
2768 716 2872 771 alia
2901 720 3181 779 translatio
3208 722 3360 792 dicit,
3384 744 3520 798 qua--

1939 800 2207 865 drata,.ut
2232 818 2359 857 arca
2390 818 2490 860 nec
2516 812 2800 859 ventorum
2843 806 2915 869 vi,
2945 822 3045 863 nec
3072 824 3335 879 aquarum
3362 814 3517 871 inun-

1939 892 2156 948 datione
2183 893 2501 965 solveretur.
2556 894 2681 949 llarc
2725 895 2912 965 utique
2959 882 3087 953 area
3132 902 3516 961 mansiunculis

1938 980 2083 1035 intus
2110 964 2362 1037 distincta
2389 991 2537 1046 erat,
2570 992 2795 1053 propter-
2831 986 3070 1045 diversas
3100 992 3304 1061 species
3332 1002 3385 1048 et
3422 974 3515 1058 se-

1928 1084 2067 1151 .ncra
2094 1072 2427 1127 animalium.
2659 1128 2665 1133 ,
2734 1128 2737 1133 ,

2008 1163 2079 1218 Et
2101 1164 2346 1220 bitumine
2386 1164 2537 1221 linies
2557 1168 2868 1222 intrinsecus
2908 1171 3331 1235 etextrinsecus;
3370 1182 3417 1226 et
3444 1166 3516 1229 sic

1937 1254 2098 1325 facies
2141 1271 2288 1310 eam.
2328 1254 2577 1312 Bitumen
2608 1265 2692 1312 est
2723 1256 3181 1314 ferventissimam
3212 1268 3269 1314 et
3314 1260 3518 1320 violen-

1937 1348 2203 1403 tissimum
2231 1348 2431 1421 gluten,
2462 1350 2616 1421 cujus
2646 1358 2728 1406 est
2770 1352 2885 1405 btec
2930 1351 3123 1417 virtus,
3154 1362 3215 1407 ut
3240 1354 3385 1423 ligna
3416 1355 3518 1410 boc

1935 1430 2276 1505 oblita’hnee
2318 1441 2594 1496 vermibus
2620 1441 2795 1506 exedi,
2847 1455 2949 1497 nec
2985 1441 3115 1497 solis
3156 1445 3370 1509 ardore,
3418 1460 3517 1501 nec

1936 1544 2197 1600 aquarum
2228 1532 2434 1602 possint
2480 1532 2832 1587 inundatione
2877 1534 3116 1590 dissolvi.
3147 1535 3222 1591 De
3250 1536 3352 1592 hoc
3378 1538 3518 1592 bitu-

1934 1623 2078 1677 mine
2105 1622 2311 1678 Plinius
2328 1623 2618 1679 historicus
2648 1625 2722 1679 ita
2749 1624 2915 1680 refert
2939 1625 3076 1697 (Lib.
3104 1642 3162 1690 tt,
3196 1644 3311 1697 cap.
3350 1628 3472 1699 104)
3500 1647 3513 1682 :

1932 1710 2219 1766 Bituminis
2251 1712 2435 1782 plures
2465 1713 2617 1768 lacus
2645 1713 2873 1769 inveniri
2924 1714 3195 1779 dicuntur,
3246 1722 3306 1769 ut
3335 1724 3418 1770 est
3462 1716 3516 1771 in

245 1815 420 1870 quam
447 1807 591 1855 certa
619 1800 976 1869 praescientia,
1004 1802 1098 1855 sed
1124 1800 1292 1853 utitur
1327 1797 1607 1867 Scriptura
1647 1805 1831 1853 sancta
1861 1782 1907 1841 Β
1935 1800 2263 1873 Comagene,
2294 1802 2429 1856 urbe
2471 1800 2754 1857 Samosata
2789 1812 3053 1875 .stagnum
3099 1804 3407 1860 emittentes
3448 1806 3516 1859 li-

246 1890 471 1945 usitatis
515 1891 669 1945 nobis
710 1890 888 1945 verbis
931 1888 1379 1960 intelligentibus,
1418 1895 1478 1943 ut
1527 1897 1740 1957 coaptet
1775 1902 1834 1943 se

245 1992 458 2036 nostra:
475 1978 747 2052 parvitati,
778 1980 1043 2052 quatenus
1079 1995 1145 2037 ex
1186 1978 1414 2053 cognitis
1440 1979 1709 2052 incognita
1736 1994 1831 2036 co-

248 2085 600 2141 gnoscamus.

837 2222 840 2225 .
869 2161 1096 2219 CAPUT
1131 2161 1217 2216 Vl.

542 2255 615 2309 De
648 2254 836 2309 Noe‘et
865 2246 1245 2308 constructione
1273 2246 1410 2306 arca:
1437 2253 1574 2323 ejus.

276 2348 277 2351 “
336 2344 446 2398 Noe
474 2345 551 2398 vir
576 2346 742 2412 iustus
763 2355 913 2415 atque
936 2344 1191 2415 perfectus
1217 2343 1316 2412 fuit
1339 2344 1391 2395 in
1414 2340 1830 2413 generationibus

246 2438 387 2501 suis,
416 2454 531 2491 cum
560 2437 669 2491 Deo
692 2436 996 2490 ambulavit.
1013 2435 1249 2506 (Albim)
1268 2435 1323 2489 Si
1352 2434 1530 2490 nullus
1559 2434 1673 2489 sine
1702 2448 1829 2503 pec-

247 2535 403 2591 cato,
431 2527 698 2595 quomodo
728 2526 922 2597 aliquis
944 2525 1217 2594 perfectus
1237 2539 1355 2580 esse
1377 2524 1586 2594 potest?
1602 2522 1828 2579 Perfecti

251 2616 351 2671 hic
396 2615 559 2684 aliqui
623 2617 918 2682 dicuntur,
980 2632 1087 2672 non
1136 2618 1277 2671 sicut
1336 2614 1649 2686 perﬁciendi
1706 2616 1831 2670 sunt

251 2707 435 2761 sancti
462 2709 515 2762 in
550 2707 638 2762 illa
669 2708 1088 2771 immortalitate,
1117 2723 1220 2778 qua
1246 2704 1600 2776 aequabuntur
1626 2707 1831 2778 angelis

251 2794 377 2857 Dei,
407 2797 498 2851 sed
552 2796 691 2851 sicut
733 2811 852 2852 esse
896 2805 1122 2867 possunt
1169 2797 1222 2851 in
1255 2796 1355 2852 hac
1405 2798 1831 2866 peregrinatione

250 2886 505 2958 perfecti.
541 2887 997 2959 Undesignanter
1024 2890 1120 2953 ait,
1162 2889 1212 2941 in
1238 2889 1583 2959 generatione
1612 2903 1729 2953 sua,
1771 2896 1829 2943 ut

249 2980 568 3036 ostenderet
611 2995 716 3037 non
759 2979 1199 3050 juxtajustitiam
1239 2990 1685 3047 consummatam,
1736 2981 1829 3036 sed

241 3070 406 3139 juxta
437 3070 796 3141 generationis
823 3088 932 3127 sua:
960 3088 1081 3128 eum
1105 3073 1307 3143 justum
1339 3072 1504 3128 fuisse
1520 3073 1820 3143 justitiam;

220 3171 315 3218 σει
363 3162 463 3217 hoc
479 3170 573 3231 est
605 3163 745 3232 quod
792 3164 845 3217 in
890 3162 1114 3219 Hebraeo
1152 3163 1348 3219 dicitur
1372 3180 1384 3217 :
1409 3162 1524 3217 Noe
1548 3164 1626 3217 vir
1643 3164 1822 3234 justus

249 3260 413 3321 atque
434 3251 688 3321 perfectus
729 3262 839 3306 erat
869 3253 922 3305 in
950 3252 1363 3321 generationibus
1388 3253 1520 3318 suis,
1558 3268 1677 3306 cum
1713 3252 1822 3307 Deo

252 3340 583 3405 ambulabat,
613 3341 714 3397 hac
740 3349 841 3402 est.
881 3341 1023 3395 illius
1053 3342 1278 3411 vestigia
1304 3336 1649 3411 sequebatur.

334 3429 399 3483 Et
427 3418 601 3500 genuit
631 3441 732 3485 tres
761 3430 897 3499 ﬁlios
917 3471 931 3495 ,
969 3429 1108 3495 Sem,
1146 3428 1309 3485 Citam
1337 3440 1385 3485 et
1424 3430 1667 3501 Japhetlt.
1694 3429 1821 3486 Sem

251 3522 645 3591 interpretatur
687 3537 869 3575 nomen
899 3521 981 3576 vel
1010 3522 1319 3574 nominatus.
1364 3519 1529 3582 Cham
1559 3522 1825 3591 interpre-

254 3619 406 3666 tatur
428 3611 670 3676 callidus,
700 3610 925 3681 lapbelh
954 3611 1335 3680 interpretatur
1358 3609 1599 3665 latitudo.

331 3701 587 3774 Corrupto
616 3712 701 3757 est'
723 3711 895 3757 autem
926 3699 1067 3756 terra
1097 3717 1271 3756 coram
1298 3702 1426 3769 Deo,
1459 3714 1506 3757 et
1534 3704 1727 3774 repleto
1748 3712 1825 3761 est

252 3796 549 3865 iniquitate.
579 3793 807 3865 Cumque
850 3793 1055 3848 uidisset
1097 3792 1236 3848 Deus
1279 3802 1470 3847 terram
1496 3811 1824 3849 essecorru-

251 3896 421 3957 ptam.
448 3884 652 3957 (Omnis
676 3886 858 3956 quippe
896 3902 1017 3940 caro
1051 3897 1349 3957 corruperat
1380 3888 1515 3940 viam
1547 3902 1697 3940 suant
1731 3902 1825 3941 su-

250 3996 351 4049 per
380 3977 615 4049 terram.)
656 3978 983 4047 Corruptam'
1013 3985 1194 4033 autem
1247 3979 1375 4034 dicit
1406 3992 1526 4056 esse
1575 3987 1775 4032 terram
1808 4016 1823 4043 ,

254 4072 386 4140 quia
413 4070 587 4124 omnis
613 4082 762 4134 caro,
791 4068 845 4122 id
870 4076 954 4122 est
983 4068 1158 4133 omnis
1187 4060 1348 4123 homo
1386 4068 1659 4137 peccando
1697 4082 1821 4123 cor-

254 4170 480 4231 ruperat
507 4161 646 4215 viam
674 4175 849 4225 suam,
869 4160 972 4215 boc
1009 4168 1094 4215 est
1117 4159 1302 4224 vitam,
1332 4159 1457 4229 quia
1489 4168 1661 4214 totum
1689 4168 1823 4214 tem-

254 4267 360 4323 pus
382 4251 504 4305 vitae
541 4265 651 4305 suae
670 4250 821 4305 duxit
866 4249 919 4303 in
962 4250 1215 4319 peccatis.
1262 4249 1387 4304 Solo
1418 4250 1561 4305 enim
1606 4250 1822 4311 homine

254 4351 533 4414 peccante,
557 4342 731 4397 omnis
759 4356 883 4397 caro
913 4332 1110 4396 dicitur
1136 4342 1443 4411 corrupisse
1471 4343 1613 4396 viam
1644 4356 1817 4406 suam,

255 4435 387 4501 quia
414 4432 921 4502 propter.bominem
944 4432 1121 4485 omnis
1146 4446 1273 4485 caro
1298 4440 1479 4485 creata
1507 4440 1609 4488 est.

333 4524 473 4578 Dixit
517 4524 585 4578 ad
615 4522 768 4578 Noe:
799 4522 948 4577 Finis
992 4526 1243 4579 universa:
1268 4528 1439 4579 carnis
1475 4528 1609 4579 venit
1646 4543 1821 4579 coram

256 4630 342 4669 me
366 4627 384 4664 :
416 4612 605 4683 repleta
631 4621 703 4666 est
727 4621 865 4665 terra
894 4612 1162 4682 iniquitate
1188 4629 1219 4665 a
1246 4613 1379 4681 facie
1418 4629 1619 4678 eorum,
1646 4625 1693 4667 et
1733 4632 1825 4685 ego

253 4703 555 4772 disperdam
581 4718 665 4756 eos
694 4717 809 4754 cum
835 4710 995 4755 terra.
1030 4701 1166 4768 Quid
1197 4711 1281 4757 est
1307 4703 1450 4772 quod
1488 4703 1623 4757 dixit
1652 4687 1822 4768 Deus,

262 4792 416 4847 Finis
442 4794 689 4845 universa:
728 4792 897 4845 carnis
934 4793 1066 4845 venit
1105 4807 1280 4844 coram
1318 4808 1414 4857 me,
1446 4793 1548 4847 nisi
1578 4794 1701 4872 quia
1730 4809 1827 4862 per

257 4883 562 4938 universam
594 4894 808 4937 carnem
846 4880 1167 4951 significavit
1214 4896 1372 4935 omne
1403 4895 1571 4951 genus
1616 4892 1820 4936 morta-

255 4974 390 5027 lium
418 4981 616 5042 prazter
641 4971 758 5032 illos
786 4972 875 5040 qui
912 4972 966 5024 in
992 4987 1119 5025 arca
1148 4972 1385 5025 salvandi
1411 4972 1602 5026 erant?
1630 4972 1706 5026 Illi
1731 4989 1822 5026 au-

216 5058 223 5064 ’
257 5070 371 5115 tem
396 5061 546 5130 quasi
574 5059 921 5115 seminarium
952 5060 1197 5113 secundae
1240 5061 1599 5129 generationis
1622 5062 1818 5115 servati

254 5160 403 5208 sunt.
435 5151 500 5205 Et
527 5154 842 5223 disperdam,
870 5152 1062 5221 inquit,
1092 5168 1206 5205 cum
1228 5146 1384 5206 terra.
1403 5153 1677 5219 Quomodo
1698 5169 1816 5208 cum

256 5253 403 5297 terra
431 5242 811 5310 disperie‘runt,
834 5243 959 5295 dum
991 5250 1132 5315 terra
1163 5251 1346 5311 postea
1377 5240 1670 5297 remansit?
1693 5243 1820 5298 Tra-

255 5335 393 5390 dunt
429 5332 571 5386 enim
616 5331 863 5385 doctores
890 5338 1045 5385 terra:
1074 5332 1311 5402 vigorem
1340 5340 1393 5386 et
1434 5332 1817 5387 fecunditatem

253 5426 413 5495 longe
438 5420 744 5476 inferiorem
786 5436 906 5477 esse
931 5430 1064 5490 post
1090 5422 1343 5477 diluvium
1372 5438 1532 5491 quam
1580 5432 1735 5487 ante;
1766 5432 1819 5477 et

255 5518 460 5574 idcirco
489 5515 792 5570 hominibus
826 5531 1015 5570 carnes
1044 5518 1203 5571 edere
1251 5515 1516 5570 licentiam
1569 5529 1689 5569 esse
1725 5515 1818 5568 da-

258 5616 394 5670 tam,
423 5614 478 5660 et
504 5613 626 5659 ante
650 5605 810 5659 etiam
840 5605 1095 5661 diluvium
1137 5605 1397 5660 fructibus
1430 5615 1583 5661 terrae
1618 5604 1818 5659 solum-

258 5694 418 5750 modo
450 5695 736 5751 victitassc.
1242 5749 1245 5751 ,
1686 5683 1689 5687 ’

1848 4460 1898 4518 Ι)

1934 1906 2081 1945 mum
2114 1892 2278 1962 (quod
2310 1891 2568 1947 maltham
2600 1893 2814 1965 vocant)
2864 1892 3205 1964 ﬂagrantem,
3234 1910 3366 1949 cum
3410 1910 3519 1965 quo

1934 1980 2222 2037 defendere
2249 1990 2433 2037 muros
2463 1983 2657 2047 solent,
2688 1985 2813 2054 quia
2844 1980 2991 2039 tactu
3037 1984 3319 2043 adhaerens
3345 1994 3517 2042 retra-

1933 2072 2011 2127 hit
2032 2072 2318 2141 fugientes.
2349 2074 2444 2128 Est
2459 2082 2512 2129 et
2534 2074 2585 2127 in
2616 2072 2917 2143 Pentapoli,
2952 2074 3041 2129 ubi
3066 2089 3217 2130 mare
3246 2074 3515 2130 Mox-tuum

1931 2165 2013 2220 vel
2044 2166 2192 2221 lacus
2227 2164 2534 2220 Salinarum
2564 2180 2684 2221 esse
2716 2166 2931 2231 dicitur,
2964 2166 3015 2221 in
3046 2180 3156 2235 quo
3183 2181 3518 2236 quascunque

1928 2254 2165 2308 viventia
2200 2256 2490 2325 mergenda
2540 2255 2867 2319 tentaveris,
2918 2254 3102 2309 statim
3151 2255 3429 2323 resiliunt;
3462 2266 3519 2313 et

1930 2346 2179 2415 quamvis
2207 2345 2558 2399 vehementer
2606 2344 2766 2409 illisa,
2820 2342 3103 2401 confestim
3147 2346 3515 2401 excutiuntur.

1933 2435 2039 2491 Sed
2060 2451 2235 2505 neque
2267 2435 2444 2491 ventis
2469 2443 2717 2490 movetur
2744 2435 3028 2490 resistente
3050 2432 3353 2491 turbinibus
3376 2436 3519 2491 bitu-

1932 2526 2079 2582 mine
2128 2541 2235 2596 quo
2266 2541 2405 2597 aqua
2434 2526 2611 2583 omnis
2640 2533 2955 2596 stagnatur;
3005 2540 3182 2596 neque
3214 2527 3517 2598 navigatio-

1930 2615 2015 2670 nis
2053 2624 2265 2686 pattens
2293 2624 2396 2682 est,
2425 2615 2552 2686 quia
2581 2616 2761 2670 omnia
2788 2617 2896 2671 vita
2926 2616 3171 2671 carentia
3213 2618 3267 2671 in
3294 2617 3517 2688 profun-

1931 2708 2057 2761 dum
2086 2716 2429 2776 merguntur
2464 2722 2567 2761 nec
2613 2706 2900 2760 materiam
2931 2706 3095 2760 ullam
3130 2707 3381 2772 sustinet,
3413 2709 3516 2765 nisi

1931 2812 2051 2867 quae
2070 2787 2332 2851 bitumine
2360 2796 2675 2851 illustratur.
2701 2794 3000 2856 Lucernam
3026 2810 3310 2851 accensam
3337 2797 3517 2853 ferunt
3601 2800 3607 2807 '

1931 2897 2280 2956 supernatare
2332 2887 2602 2942 exstincto
2648 2885 2895 2957 'demergi
2942 2886 3159 2942 lumine.
3189 2886 3325 2941 Sunt
3365 2896 3419 2943 et
3459 2889 3515 2944 in

1928 2973 2217 3047 Babylonis
2261 2976 2570 3046 regionibus
2604 2976 2753 3047 putei
2794 2976 3092 3040 bituminis,
3124 2992 3233 3047 quo.
3274 2993 3374 3048 pro
3405 2994 3513 3035 ca:-

1930 3074 2112 3121 mento
2143 3066 2197 3120 in
2242 3052 2407 3121 turris
2437 3067 2841 3123 constructione
2894 3067 2986 3121 lilii
3033 3066 3204 3122 Adam
3251 3069 3334 3123 usi
3366 3078 3511 3136 sunt,

1929 3157 2053 3226 quia
2092 3164 2280 3213 contra
2315 3165 2564 3212 naturam
2598 3149 2751 3228 aqua
2776 3158 3142 3213 ﬁrmissimum
3170 3166 3269 3213 est.
3332 3188 3335 3189 ν

2000 3245 2369 3304 Trecentorum
2407 3238 2701 3304 cubitbrum
2736 3242 2833 3305 erit
2868 3249 3137 3321 longitudo
3169 3267 3340 3315 arcte;
3361 3251 3515 3322 quin-

1924 3338 2176 3406 quaginta
2218 3338 2511 3394 cubitorum
2562 3340 2807 3404 latitudo,
2857 3348 2906 3394 et
2960 3334 3173 3409 triginta
3218 3339 3511 3395 cubitorum

1924 3428 2148 3483 altitudo
2177 3428 2339 3483 illius.
2377 3428 2683 3485 Fenestram
2728 3430 2782 3485 in
2809 3447 2935 3485 arca
2965 3430 3151 3500 facies,
3174 3440 3222 3484 et
3255 3431 3309 3484 in
3334 3431 3509 3485 cubito

1925 3520 2307 3572 consummabis
2337 3522 2687 3574 summitatem
2730 3519 2860 3590 ejus.
2893 3518 3071 3587 Quaeri
3116 3519 3252 3574 solet
3282 3535 3401 3589 qum
3444 3519 3508 3573 fi-

1926 3622 2059 3682 gura
2097 3608 2181 3662 vel
2231 3608 2402 3663 forma
2454 3607 2615 3663 fuerit
2664 3624 2821 3665 arcte.
2878 3608 3098 3664 Videtur
3124 3609 3268 3671 enim
3295 3624 3361 3663 ex
3403 3609 3507 3664 hac

1928 3698 2259 3761 narratione,
2288 3698 2377 3752 illa
2403 3707 2635 3768 quatuor
2662 3699 2869 3771 angulis
2896 3714 2959 3755 ex
2984 3700 3091 3754 imo
3117 3714 3420 3771 assurgere,
3447 3708 3502 3754 et

1927 3790 2129 3847 eisdem
2156 3786 2417 3862 paulatim
2443 3809 2613 3863 usque
2639 3794 2706 3848 ad
2735 3808 3002 3848 summum
3036 3794 3088 3848 in
3120 3803 3403 3865 angustum
3426 3802 3509 3849 at-

1927 3884 2153 3949 tractis,
2209 3884 2261 3938 in
2327 3884 2559 3957 spatium
2610 3884 2768 3940 unius
2818 3883 2983 3939 cubiti
3040 3884 3207 3940 fuisse
3253 3885 3504 3950 collecta,

1926 3973 2053 4041 quia
2093 3974 2172 4028 sic
2212 3972 2467 4039 refertur,
2499 3976 2645 4045 quod
2685 3975 2739 4030 in
2774 3975 3138 4030 fundamentis
3166 3978 3390 4032 trecenti
3413 3994 3506 4033 cu-

1926 4064 2024 4119 biti
2078 4066 2130 4119 in
2182 4064 2533 4136 longitudine,
2580 4074 2634 4121 et
2681 4067 2736 4121 in
2776 4066 3073 4121 latitudine
3120 4066 3505 4138 quinquaginta

1926 4155 2051 4219 sint,
2080 4164 2135 4210 et
2163 4156 2217 4210 in
2260 4154 2537 4210 altitudine
2567 4156 2808 4227 triginta,
2864 4156 2957 4211 sed
2989 4154 3212 4211 collecta
3259 4156 3313 4210 in
3342 4172 3504 4211 cacu-

1923 4262 2046 4302 men
2076 4256 2383 4318 angustum,
2413 4247 2488 4302 ita
2516 4256 2576 4302 ut
2600 4248 2840 4303 cubitum
2873 4248 2942 4302 sit
2984 4247 3332 4318 longitudinis
3356 4256 3410 4303 et
3430 4248 3503 4302 la-

1926 4338 2169 4392 titudinis
2204 4336 2338 4405 ejus.
2374 4338 2440 4392 Et
2463 4352 2591 4392 vere
2617 4338 2760 4392 nulla
2792 4337 2965 4407 potuit
2996 4346 3105 4391 tam
3137 4338 3498 4403 conveniens,

1924 4434 1978 4481 ct
2006 4442 2244 4497 congrua
2278 4442 2417 4481 arcae
2441 4427 2649 4496 species
2666 4427 2820 4492 ‘dari,
2851 4441 3015 4495 quam
3039 4435 3099 4480 ut
3120 4441 3331 4481 summo
3357 4427 3502 4482 velut

1924 4530 1954 4569 e
1986 4522 2128 4569 tecto
2155 4516 2385 4584 quodam
2410 4526 2638 4586 angusto
2660 4516 2874 4571 culmen
2901 4514 3220 4572 diffunderet
3246 4516 3499 4572 imbrium

1925 4604 2125 4667 ruinas,
2172 4613 2233 4679 et;
2255 4605 2360 4659 ima
2404 4605 2457 4658 in
2502 4607 2657 4676 aquis
2701 4606 3286 4675 quadrata'stabilitate
3316 4622 3498 4665 consr-

1924 4702 2110 4758 steret,
2138 4708 2239 4748 nec
2266 4694 2498 4764 impulsu
2528 4704 2809 4751 ventorum
2853 4711 2953 4752 nec
2979 4696 3180 4768 impetu
3209 4696 3497 4768 ﬂuctuum,

1924 4800 2023 4839 nec
2052 4784 2422 4854 inquietudine
2465 4786 2779 4846 animalium
2813 4803 2932 4855 qua:
2976 4787 3301 4844 intrinsecus
3340 4801 3500 4844 erant

1924 4884 2015 4927 aut
2041 4875 2287 4929 inclinari
2312 4884 2492 4944 posset
2522 4888 2614 4931 aut
2640 4879 2825 4948 mergi.
2850 4877 3108 4933 Fenestra
3137 4878 3268 4950 ergo
3298 4880 3419 4937 ideo
3438 4882 3495 4947 in

1922 4968 2232 5024 summitate
2262 4983 2403 5023 arere
2442 4968 2663 5038 jnbetur
2692 4969 2832 5031 ﬁeri,
2858 4977 2914 5024 ut
2946 4969 3173 5025 haberet
3213 4970 3327 5026 Noe
3353 4972 3497 5028 unde

1920 5060 2166 5115 emittere
2196 5067 2379 5129 posset
2405 5074 2551 5125 aves,
2580 5060 2646 5114 ad
2671 5058 3049 5130 explorandam
3077 5068 3237 5117 terra:
3278 5062 3493 5118 siccita-
3555 5115 3559 5120 Α

1923 5160 2028 5207 tem
2037 5192 2049 5205 .

1994 5241 2194 5296 Ostium
2237 5252 2410 5295 autem
2451 5258 2588 5296 arcte
2614 5257 2773 5313 pones
2819 5257 2884 5296 ex
2910 5241 3072 5297 latere
3108 5242 3371 5309 deorsum,
3391 5259 3492 5297 cm;

1922 5332 2109 5389 nucula
2144 5342 2192 5385 et
2221 5332 2434 5402 tristega
2462 5333 2623 5402 facies
2666 5333 2719 5385 in
2764 5350 2844 5387 ea.
2878 5333 3157 5401 Quomodo
3194 5348 3322 5404 ergo
3346 5334 3489 5387 hica-

1923 5432 2126 5477 merata
2154 5432 2207 5477 et
2230 5423 2567 5477 tricamerata
2596 5422 2760 5478 fuerit
2786 5438 2935 5487 arca,
2970 5422 3182 5491 quidam
3208 5421 3487 5475 doctorum

1925 5516 1999 5569 ita
2026 5523 2290 5576 asserunt,
2336 5522 2393 5567 ut
2416 5514 2803 5569 bicamcratam
2836 5515 2887 5567 in
2919 5510 3288 5573 inferioribus,
3319 5518 3487 5565 trica-

1924 5613 2182 5658 meratam
2212 5619 2340 5658 vero
2364 5604 2417 5658 in
2447 5604 2828 5674 superioribus,
2863 5604 2931 5656 ita
2961 5610 3019 5657 ut
3067 5601 3303 5671 quinque
3335 5600 3488 5655 habi-

1927 5696 2179 5749 tationum
2223 5695 2594 5751 distinctiones
2619 5695 2672 5749 in
2702 5709 2764 5748 ea
2806 5709 2924 5750 esse
2962 5693 3325 5758 advertamus,
3353 5692 3487 5747 infe-
