3968 6366
486 362 595 422 διδ
667 342 714 439 χ

1153 361 1212 416 s.
1251 359 1502 414 uanam
1541 315 1756 414 unum
1794 352 2111 414 ARCHIED.
2143 352 2449 414 necum.
2490 349 2765 408 ornavit
2806 353 2980 411 mus
3015 357 3052 412 ι.

3599 354 3700 410 516

490 476 630 527 riora
667 441 786 539 dus
826 468 940 523 loca
977 467 1305 532 stercoribus
1344 475 1401 522 et
1435 466 1705 536 spurcitia:
1734 478 1852 518 esse
1881 462 2044 529 depu-
2075 465 2116 522 Α
2147 457 2322 523 (Boni.
2353 458 2428 529 v).
2451 459 2896 530 Quinquagesimo
2921 466 3064 519 enim
3090 466 3176 524 die
3204 477 3323 537 post
3353 467 3701 522 resurrectio-

648 575 718 615 ne
762 558 1009 629 animalia
1039 567 1094 622 et
1135 560 1400 627 pracipue
1443 557 1688 611 homines
1731 553 1840 607 ﬁmi
1875 551 2046 606 fetore

488 659 840 708 vexarentur:
860 650 985 704 huic
1009 657 1189 702 autem
1213 648 1460 716 superior
1481 654 1536 701 et
1560 647 1806 713 contigua
1830 656 2044 697 camera

487 738 878 799 conservandis
892 726 1099 809 pabulis
1129 737 1438 814 animalium
1463 737 1828 806 deputaretur.
1856 732 1913 784 In
1948 735 2046 786 hos

487 847 620 904 ergo
643 846 771 887 usus
799 830 1075 884 inferiores
1110 835 1291 896 partes
1318 827 1450 895 quae
1474 826 1816 880 hicameraL'e
1859 820 2048 874 dicun-

487 919 818 974 tur‘tradunt
841 916 1007 971 fuisse
1033 915 1336 978 distinctas,
1367 913 1673 982 superiores
1708 924 1836 964 vero
1868 918 2047 978 partes

488 1021 608 1076 qua
634 1002 990 1060 tricameratie
1011 1004 1258 1057 dicuntur
1276 1002 1343 1055 ad
1371 1000 1731 1056 habitaculum
1758 1000 1932 1068 primo
1957 998 2049 1050 he-

490 1100 627 1162 stiis,
663 1097 746 1151 vel
776 1095 1093 1149 animalibus
1138 1093 1537 1154 immitioribus,
1577 1091 1660 1146 vel
1688 1088 2044 1172 serpentibus,

440 1199 444 1203 ‘
490 1191 770 1257 deputatas
790 1172 936 1240 esse.
973 1185 1062 1238 Ab
1085 1184 1170 1237 his
1197 1197 1322 1236 vero
1348 1196 1641 1250 congruam
1685 1177 2048 1247 superioribus

493 1284 606 1345 loica
634 1279 943 1337 mitioribus
987 1274 1347 1329 animantibus
1393 1272 1601 1326 stabula
1643 1271 1842 1333 fuisse;
1891 1283 2050 1337 super

490 1347 668 1422 omnia
716 1381 844 1421 vero
891 1366 942 1418 in
970 1364 1181 1418 excelso
1225 1361 1528 1416 hominibus
1572 1361 1750 1413 sedem
1786 1359 2045 1420 locatam,

493 1464 554 1509 ut
587 1463 709 1524 pote
752 1456 895 1508 sicut
933 1455 1136 1507 honore
1185 1459 1238 1506 et
1263 1449 1528 1519 sapientia
1558 1448 1844 1510 antecedit,
1877 1443 1950 1500 ita
1996 1455 2052 1500 et

494 1544 611 1599 loco
653 1552 845 1599 cuncta
894 1542 1224 1612 prtccelleret
1269 1539 1555 1604 animalia;
1588 1527 1644 1593 et
1683 1539 1772 1594 .sic
1813 1537 2050 1605 quinque

495 1630 797 1688 mansiones
841 1631 890 1684 in
913 1645 975 1684 ea
1016 1645 1135 1690 esse
1173 1630 1579 1698 intelliguntur:
1611 1627 1782 1696 prima
1843 1636 2050 1680 sterco-

496 1723 611 1774 rina
642 1718 1031 1791 [stercoraria],
1073 1712 1304 1784 secunda
1331 1717 1691 1792 apothecaria,
1726 1717 1883 1772 tertia
1927 1714 2053 1770 feris

2147 564 2266 622 nem
2323 565 2474 603 suam
2524 549 2766 605 Christus
2816 561 3058 605 sanctum
3103 555 3357 624 Spiritum
3407 558 3572 618 misit,
3610 556 3700 623 qui

2145 641 2304 695 corda
2333 642 2664 711 credentium
2693 642 2947 696 dilatavit.
2980 645 3128 710 Quod
3150 657 3324 701 autem
3346 649 3570 702 altitudo
3590 647 3704 716 ejus

2146 731 2366 799 triginta
2391 730 2585 784 cubitis
2611 731 2800 799 surgit,
2829 746 2984 799 quem
3015 750 3291 790 numerum
3332 739 3514 792 decies
3544 738 3704 792 habet

2146 819 2198 872 in
2229 820 2482 874 trecentis
2539 820 2732 874 cubitis
2793 823 3246 891 a'rczelungitudo,
3293 827 3536 896 designat
3579 827 3701 896 quia

2145 907 2390 962 Christus
2431 915 2512 961 est
2543 908 2764 962 altitudo
2811 918 3026 976 nostra,
3071 913 3159 980 qui
3188 916 3404 984 triginta
3441 932 3703 971 annorum

2145 1007 2355 1054 atatem
2381 1014 2592 1072 gerens,
2632 998 2929 1053 doctrinam
2957 1004 3318 1080 evangelicam
3346 1011 3704 1070 consecravit,

2133 1095 2453 1142 contestans
2474 1089 2642 1158 legem
2669 1104 2772 1143 non
2798 1105 2855 1143 se
2879 1092 3091 1146 venisse
3116 1094 3322 1148 solvere
3345 1097 3438 1150 sed
3461 1098 3702 1166 implere.

2148 1179 2305 1248 Legis
2355 1187 2535 1232 autem
2585 1196 2679 1234 eor
2723 1181 2778 1242 in
2822 1183 3004 1238 decem
3047 1186 3326 1254 praeceptis
3373 1190 3706 1257 agnoscitur,

2149 1269 2278 1322 hinc
2304 1268 2483 1322 decies
2516 1270 2736 1325 tricenis
2764 1286 2901 1325 amr:
2931 1271 3202 1342 longitudo
3228 1273 3523 1342 perﬁcitur.
3560 1275 3712 1332 Unde

2148 1368 2203 1412 et
2248 1358 2360 1428 ipse
2407 1358 2519 1412 Noe
2562 1361 2629 1413 ab
2656 1361 2824 1414 Adam
2871 1363 3114 1417 decimus
3153 1374 3506 1434 computatur.
3558 1367 3711 1431 Quod

2151 1441 2521 1513 sexieslonga
2556 1449 2621 1501 ad
2651 1448 3003 1516 altitudinem,
3043 1462 3097 1505 et
3127 1454 3301 1508 decies
3337 1454 3491 1524 longa
3533 1455 3602 1508 ad
3638 1456 3714 1509 la-

2153 1537 2432 1591 titudinem
2486 1540 2675 1600 suam,
2733 1539 2947 1592 humani
3009 1541 3248 1610 corporis
3309 1543 3478 1596 instar
3526 1554 3711 1599 osten-

2152 1626 2271 1690 dit,
2341 1627 2394 1679 in
2447 1640 2554 1694 quo
2610 1625 2856 1681 Christus
2923 1631 3202 1698 apparuit.
3249 1630 3503 1699 Corporis
3566 1633 3712 1686 enim

2156 1714 2430 1783 longitudo
2458 1704 2576 1782 qua:
2629 1723 2709 1769 est
2733 1730 2764 1768 a
2811 1717 3011 1772 vertice
3052 1718 3118 1772 ad
3155 1719 3438 1788 vestigium
3467 1759 3482 1782 ,
3537 1721 3716 1774 sexies

497 1801 877 1873 animantibus,
927 1819 1115 1878 quarta
1147 1808 1469 1871 mansuetis,
1504 1807 1687 1876 quinta
1729 1807 2053 1860 hominibus.
2088 1805 2129 1862 Β
2163 1813 2366 1858 tantum
2431 1806 2630 1876 habet,
2703 1799 2876 1874 quam-
2922 1806 3148 1861 latitudo
3203 1817 3286 1863 est
3333 1809 3413 1863 ab
3470 1825 3582 1864 uno
3639 1811 3717 1863 la—

498 1899 589 1953 Sic
613 1910 667 1954 et
690 1900 758 1954 de
780 1903 916 1953 ostio
967 1899 1108 1968 quod
1147 1899 1200 1951 in
1254 1899 1417 1951 latere
1454 1913 1593 1952 arcae
1619 1878 1938 1952 aedificatum
1975 1906 2056 1950 est

501 1991 740 2052 tradunt,
788 1989 931 2056 quod
976 2003 1039 2043 eo
1090 1988 1207 2041 loco
1237 1987 1438 2049 fuisset,
1485 1987 1576 2040 ubi
1637 1986 1889 2050 inferiora
1939 2001 2056 2053 qum.

500 2075 635 2128 dixit
661 2076 987 2129 bleamerata
1014 2075 1151 2127 infra
1200 2089 1258 2126 se
1284 2075 1536 2140 haberet;
1574 2083 1628 2129 et
1653 2091 1770 2142 quae
1795 2074 1929 2128 dixit
1957 2075 2054 2127 tri—

498 2174 770 2218 camerata
802 2163 1074 2230 superiora
1105 2177 1134 2215 a
1168 2163 1285 2216 loco
1310 2163 1434 2215 ostii
1463 2163 1814 2227 haberentur;
1846 2173 1899 2216 et
1933 2164 2057 2216 inde

501 2255 738 2324 ingressa
767 2253 1015 2306 universa
1038 2253 1308 2316 animalia,
1338 2252 1434 2320 per
1459 2268 1554 2307 sua
1580 2267 1804 2323 quaeque
1827 2253 1941 2308 loca
1979 2270 2057 2309 se—

503 2342 734 2395 eundum
768 2341 1112 2416 quodpsupra
1163 2341 1416 2407 diximus,
1451 2357 1686 2413 congrua
1734 2343 2057 2398 discretione

503 2432 762 2500 dirempta
793 2420 946 2485 sunt."
968 2430 1144 2502 (Isid.)
1176 2432 1323 2497 Quod
1348 2446 1472 2502 vero
1507 2433 1617 2487 Noe
1645 2449 1739 2502 per
1772 2448 1965 2502 aquam
2006 2443 2059 2486 et

504 2521 705 2590 lignum
731 2520 1002 2584 liberatur,
1023 2521 1304 2590 allegorica
1333 2520 1768 2590 interpretatione
1790 2522 1866 2573 sic
1888 2521 2056 2588 accipi

503 2602 698 2681 potest,
743 2619 799 2666 ut
829 2609 1029 2680 lignum
1055 2621 1110 2669 et
1158 2627 1294 2679 aqua
1341 2627 1555 2664 crucem
1600 2610 1841 2679 designet
1869 2620 1923 2663 et
1961 2611 2068 2664 ha-r

505 2701 720 2770 ptisma.
753 2700 905 2754 Sicut
931 2702 1071 2754 enim
1119 2700 1204 2753 ille
1234 2716 1354 2754 cum
1397 2701 1506 2754 suis
1544 2716 1639 2769 per
1667 2715 1860 2767 aquam
1906 2707 1960 2751 et
2002 2699 2061 2751 li-

507 2803 670 2858 gnum
718 2788 973 2852 salvatur,
1020 2789 1097 2843 sic
1123 2778 1324 2843 familia
1364 2790 1564 2842 Christi
1609 2805 1706 2858 per
1733 2790 2056 2857 baptismum

507 2879 760 2933 «erucis
802 2880 1102 2947 passionem
1140 2888 1376 2933 sanatur.
1421 2878 1615 2933 Arcam
1662 2879 1913 2932 instruxit
1948 2877 2058 2931 Noe

2158 1903 2270 1947 tcre
2320 1895 2385 1946 ad
2417 1895 2645 1968 alterum
2674 1895 2832 1956 latus,
2861 1903 2918 1948 et
2942 1895 3123 1950 deeies
3158 1905 3364 1951 tantum
3395 1913 3555 1965 quam
3601 1898 3716 1952 alti-

2158 1983 2298 2041 tudo,
2332 1982 2484 2048 cujus
2503 1981 2803 2036 altitudinis
2831 1999 3078 2038 mensura
3105 1994 3186 2039 est
3211 1987 3264 2038 in
3313 1986 3478 2040 latere
3500 2003 3530 2040 a
3557 1988 3717 2040 dorso

2154 2071 2220 2122 ad
2245 2076 2503 2132 ventrem,
2530 2056 2672 2122 velut
2694 2071 2738 2122 si
2754 2069 3020 2138 jacentem
3055 2074 3321 2126 hominem
3355 2077 3593 2132 metiaris
3626 2091 3718 2129 sua

2156 2155 2338 2223 pinum
2369 2170 2459 2210 seu
2484 2172 2728 2224 pronum,
2759 2160 2931 2212 sexies
2955 2167 3155 2213 tantum
3182 2161 3367 2231 longus
3386 2172 3468 2214 est
3491 2178 3519 2214 a
3542 2165 3720 2232 capite

2158 2253 2324 2310 usque
2366 2245 2432 2297 ad
2461 2245 2644 2312 pedes,
2669 2261 2828 2313 quam
2855 2247 2994 2301 latus
3018 2264 3046 2300 a
3077 2251 3291 2302 dextera
3326 2251 3377 2303 in
3415 2251 3715 2314 sinistram,
3789 2249 3793 2254 ⁷

2158 2332 2242 2383 vel
2271 2347 2300 2383 a
2323 2333 2548 2386 ‘sinistra
2599 2335 2649 2386 in
2695 2334 2987 2397 dexteram,
3034 2334 3103 2390 et
3133 2338 3306 2394 decies
3332 2353 3493 2407 quam
3520 2339 3660 2392 altus
3684 2355 3716 2392 a

2161 2429 2322 2476 terra.
2360 2420 2509 2474 Unde
2559 2421 2695 2475 facta
2741 2432 2823 2476 est
2857 2435 2991 2499 arca
3022 2435 3376 2480 trecentorum
3409 2428 3461 2480 in
3485 2427 3718 2497 longituo

2159 2508 2283 2560 dine
2332 2511 2651 2574 cubitorum,
2691 2513 3152 2582 etquinquaginta
3202 2519 3252 2568 in
3311 2517 3612 2586 latitudine,
3663 2526 3722 2571 et

2163 2601 2377 2670 triginta
2411 2603 2460 2654 in
2494 2603 2790 2657 altitudine.
2835 2605 2968 2671 item
3026 2609 3207 2661 eadem
3238 2624 3357 2662 area
3407 2610 3624 2663 collecta
3661 2611 3718 2662 in

2161 2708 2323 2744 unum
2353 2693 2614 2757 cubitum,
2644 2695 2868 2764 desuper
2897 2708 3314 2759 consummatur,
3353 2699 3490 2752 sicut
3536 2699 3720 2753 Eccle-

2162 2783 2240 2836 sia
2267 2797 2459 2852 corpus
2485 2784 2682 2838 Christi
2725 2787 2776 2838 in
2806 2787 3009 2840 unitate
3037 2788 3281 2851 collecta,
3318 2788 3632 2841 sublimatur
3661 2797 3723 2842 et

2162 2872 2452 2941 perﬁcitur.
2497 2874 2645 2928 Unde
2690 2875 2886 2928 dicitur
2930 2876 2982 2928 in
3023 2876 3307 2946 Evangelia
3348 2877 3720 2942 :Quimecum

509 2967 575 3020 de
602 2966 759 3036 lignis
789 2941 1362 3034 non'putresceutibus,
1395 2965 1630 3019 Ecclesia
1670 2967 2000 3031 construitur
2027 2980 2055 3018 a
2117 2941 2262 3060 \non
2304 2962 2514 3039 colligit,
2539 2965 2731 3031 spargit
2782 2964 2928 3035 (-Luc.
2978 2965 3054 3035 ι).
3100 2941 3250 3032 Quod
3299 2941 3476 3020 autem
3542 2969 3723 3021 aditus

507 3058 742 3121 Christo,
773 3072 838 3110 ex
892 3056 1192 3110 hominibus
1224 3057 1443 3111 victuris
1495 3056 1547 3110 in
1595 3069 1872 3111 aeternum.
1918 3057 2058 3111 Area
2128 3049 2275 3137 jejus
2304 3049 2363 3104 ﬁt
2391 3068 2421 3104 a
2468 3052 2652 3116 latere,
2689 3055 2951 3123 signiﬁcat
3000 3057 3121 3122 quia
3154 3070 3308 3109 nemo
3343 3057 3508 3110 intrat
3535 3059 3587 3110 in
3619 3058 3722 3111 Ec-

507 3149 649 3202 cnim
679 3148 779 3202 ista
805 3147 1084 3202 ecclesiam
1113 3148 1462 3213 demonstrat,
1491 3164 1609 3218 quae
1637 3157 1786 3202 natat
1813 3147 2060 3204 ﬂuctibus
2089 3160 2131 3219 ρ
2165 3142 2401 3206 clcsiam,
2436 3142 2537 3195 nisi
2569 3158 2664 3210 per
2692 3157 3080 3197 sacramentum
3119 3146 3448 3200 remissionis
3475 3159 3722 3215 peccato-

510 3237 687 3295 mundi
747 3235 922 3304 hujus.
971 3236 1118 3302 Quod
1170 3245 1345 3308 autem
1390 3238 1575 3291 eadem
1629 3254 1753 3296 arca
1797 3239 1862 3293 de
1902 3239 2062 3309 lignis

504 3327 782 3396 quadratis
814 3326 1183 3396 lierijubetur,
1223 3328 1453 3398 undique
1483 3329 1728 3384 stabilem
1748 3316 2060 3384 vitam'san-

508 3424 717 3470 etorum
749 3415 1033 3485 signiﬁcat,
1079 3415 1146 3468 ad
1179 3430 1336 3470 omne
1386 3417 1582 3471 bonum
1624 3432 1765 3487 opus.
1795 3428 2057 3487 paratam.

433 3505 435 3507 ’
506 3505 833 3572 Quacunque
860 3503 999 3559 enim
1033 3505 1256 3558 verteris
1286 3506 1624 3574 quadratum,
1669 3507 1898 3562 ﬁrmiter
1948 3517 2060 3564 sta-

507 3592 605 3647 bit.
634 3593 898 3647 Bitumine
926 3593 1253 3664 glutinantur
1279 3611 1416 3650 arcte
1461 3596 1602 3666 ligna
1633 3597 1955 3653 intrinsecus
2011 3605 2064 3650 et

506 3683 856 3747 extrinsecus,
904 3693 961 3736 ut
996 3667 1048 3737 in
1083 3684 1395 3760 compagine
1444 3687 1684 3749 unitatis,
1723 3677 2064 3753 signiﬁcetur

510 3770 789 3826 tolerantia
812 3773 1112 3838 charitatis,
1135 3790 1200 3827 ne
1227 3776 1492 3828 scandalis
1529 3775 2061 3829 Ecclesiamtentan-

509 3862 670 3927 tibus,
697 3863 812 3916 sive
830 3862 897 3916 ab
924 3863 1005 3917 his
1029 3865 1115 3931 qui
1148 3864 1288 3928 intus
1313 3875 1454 3927 sunt,
1487 3861 1598 3918 sive
1627 3865 1691 3918 ab
1719 3865 1801 3918 his
1829 3865 1918 3932 qui
1935 3863 2063 3918 foris

511 3960 652 4015 sunt,
714 3954 866 4006 cedat
909 3951 1143 4008 fraterna
1182 3955 1455 4025 junctura,
1510 3964 1565 4009 et
1608 3955 1845 4010 solvatur
1883 3957 2064 4010 vincu-

510 4049 618 4106 lum
653 4050 838 4120 (pacis.
897 4050 990 4105 Est
1031 4048 1172 4106 enim
1216 4053 1453 4106 bitumen
1501 4053 1950 4110 ferventissimam
2007 4062 2061 4127 et

477 4139 947 4214 ‘violentissimum
978 4129 1179 4209 gluten,
1229 4151 1288 4196 ut
1312 4158 1470 4211 supra
1494 4143 1690 4198 dictum
1719 4152 1821 4205 est,
1855 4143 2057 4214 signiﬁ-

503 4241 630 4282 cans
683 4227 979 4282 dilectionis
1017 4230 1260 4284 ardorem
1310 4231 1356 4284 vi
1408 4246 1598 4300 magna
1634 4230 1962 4285 fortitudinis
1992 4232 2058 4283 ad
2110 4223 2112 4227 ’

495 4317 783 4372 tenendam
821 4319 1149 4376 societatem
1197 4321 1546 4389 spiritualem,
1591 4323 1768 4376 omnia
1826 4322 2059 4376 tolerans

497 4413 625 4466 tam.
679 4405 815 4460 Area
875 4407 1124 4460 trecentis
1167 4408 1359 4462 cubitis
1422 4409 1579 4478 longa
1617 4419 1717 4471 est,
1779 4419 1838 4463 ut
1886 4411 2059 4464 sexies

2164 3248 2302 3305 rum,
2334 3232 2474 3300 quod
2497 3248 2525 3286 e
2551 3233 2745 3286 Christi
2773 3233 2939 3288 latere
2964 3245 3147 3303 aperto
3173 3238 3427 3291 manavit.
3458 3237 3720 3292 Interiora

2163 3340 2301 3379 arcte
2332 3326 2655 3380 bicamerata
2685 3336 2737 3380 et
2769 3327 3104 3380 tricamerata
3135 3337 3545 3394 construuntur,
3580 3331 3723 3384 sicut

2159 3432 2225 3471 ex
2251 3417 2498 3470 omnibus
2515 3418 2777 3485 gentibus,
2807 3416 2884 3468 vel
2900 3433 2997 3485 per
3009 3417 3310 3486 bipartitam
3325 3418 3722 3473 multitudinem

2159 3503 2515 3577 congregatur
2545 3506 2776 3559 Ecclesia
2805 3515 3020 3575 propter
3039 3496 3496 3576 circumcisionem
3511 3517 3564 3560 et
3586 3523 3726 3576 prae-

2162 3597 2388 3665 putium,
2407 3597 2491 3650 vel
2507 3598 2824 3665 tripartitaui
2839 3607 3056 3667 propter
3073 3598 3331 3666 tresiilios
3349 3600 3478 3661 Noe,
3493 3615 3720 3668 quorum

2161 3692 2414 3758 progenfe
2445 3691 2674 3760 repletus
2701 3701 2783 3745 est
2824 3693 2968 3746 orbis
2998 3691 3291 3756 terrarum;
3324 3700 3380 3747 et
3420 3693 3538 3746 ideo
3579 3708 3722 3747 arca:

2164 3777 2417 3832 inferiora
2447 3779 2548 3832 ista
2592 3781 2731 3839 dicta
2764 3790 2907 3843 sunt,
2961 3781 3084 3848 quia
3129 3781 3193 3834 in.
3228 3781 3327 3836 hac
3365 3791 3578 3836 terrena
3610 3785 3719 3836 vita

2162 3868 2444 3922 diversitas
2487 3878 2570 3922 est
2616 3871 2870 3938 gentium.
2918 3870 2976 3922 ln
3023 3867 3434 3927 summo‘autém
3460 3885 3618 3926 omne
3663 3871 3716 3924 in

2162 3973 2324 4010 unum
2377 3947 2797 4022 consummatur,
2843 3949 2901 4010 et
2935 3972 3038 4010 non
3069 3968 3151 4011 est
3176 3959 3273 4011 ista
3303 3960 3555 4022 varietas,
3589 3961 3716 4028 quia

2160 4047 2334 4098 omnia
2381 4045 2514 4099 etin
2563 4045 2809 4100 omnibus
2855 4045 3122 4110 Christus,
3182 4056 3436 4114 tanquam
3470 4063 3585 4102 nos.
3613 4063 3716 4101 uno

2160 4136 2339 4190 cubito
2366 4136 2591 4205 desuper
2618 4120 2820 4191 cmlesti
2849 4137 3050 4191 unitate
3081 4142 3480 4194 cou'summans.
3515 4137 3714 4210 (ϐπ-ες.)

2163 4226 2324 4280 Recte
2346 4227 2523 4293 itaque
2546 4217 2641 4294 per
2661 4242 2838 4279 arcam
2862 4228 3105 4281 universa
3132 4228 3366 4282 Ecclesia
3387 4230 3713 4298 designatur,

2159 4333 2277 4386 qua:
2307 4319 2481 4370 adhuc
2530 4318 2579 4370 in
2636 4317 2813 4370 multis
2860 4317 2970 4370 suis
3013 4318 3317 4372 carnalibus
3364 4318 3469 4371 lata
3517 4328 3619 4392 est,
3662 4322 3714 4373 in

2161 4407 2345 4484 paucis
2368 4393 2732 4476 spiritualibus
2757 4417 3013 4475 angusta;
3042 4416 3095 4461 et
3117 4409 3240 4477 quia
3267 4409 3344 4471 ad.
3361 4425 3525 4462 unum
3548 4410 3719 4463 homio

501 4481 881 4573 quinquaginta
928 4498 1274 4566 compleatur,
1308 4499 1447 4553 sicut
1471 4514 1559 4553 sex
1609 4499 1865 4554 aetatibus
1895 4513 2051 4554 omne
2089 4514 2132 4570 ι)
2162 4481 2309 4558 nem,
2355 4496 2442 4564 qui
2477 4504 2556 4549 est
2582 4496 2696 4550 sine
2742 4506 2960 4565 peccato
2985 4497 3271 4575 colligitur,
3319 4498 3476 4566 quasi
3509 4499 3561 4552 in
3610 4515 3716 4553 uno

503 4585 656 4652 hujus
679 4585 854 4638 sceculi
895 4594 1103 4653 tempus
1130 4588 1464 4650 extenditur,
1502 4576 1556 4642 in
1578 4591 1773 4657 quibus
1797 4588 2053 4642 omnibus

501 4673 745 4729 Christus
801 4690 1070 4743 nunquam
1121 4675 1330 4730 desistit
1365 4679 1666 4747 pnedicari,
1718 4680 1771 4733 in
1821 4681 2055 4747 quinque

500 4778 593 4831 per
631 4763 965 4833 prophetiam
996 4765 1400 4833 praenuntiatus,
1433 4767 1486 4819 in
1516 4775 1666 4820 sexta
1695 4783 1790 4835 per
1817 4769 2055 4836 Evange-

499 4852 625 4906 lium
655 4853 979 4908 diﬂ‘amatus.
1015 4841 1200 4907 Potest
1237 4855 1452 4922 quidem
1492 4865 1545 4908 et
1589 4856 1642 4907 in
1682 4858 1765 4909 his
1804 4858 2055 4912 trecentis

501 4943 692 5006 cubitis
735 4944 934 5014 lignum
988 4945 1116 5014 ligni
1147 4946 1412 5014 passionis
1449 4945 1678 5000 ostendi.
1711 4945 1881 5013 Ipsius
1912 4947 2050 4998 enim

502 5031 691 5089 liti-are
735 5048 986 5088 numerus
1009 5036 1184 5089 crucis
1204 5035 1534 5089 demonstrat
1559 5035 1767 5102 signum
1798 5050 1892 5101 per
1915 5034 2055 5100 quod

503 5121 632 5175 socii
671 5121 865 5176 Christi
898 5124 1160 5191 passionis
1198 5124 1395 5188 effecti,
1432 5140 1527 5192 per
1573 5125 1893 5191 baptismum
1942 5123 2055 5175 lon-

476 5243 478 5247 -
505 5210 793 5282 gitudinem
830 5213 950 5264 vitae
973 5221 1184 5266 aaterne
1224 5215 1586 5284 adipiscimur.
1628 5213 1777 5278 Quod
1807 5228 1932 5265 vero
1962 5229 2056 5265 cu-

505 5299 630 5354 bitis
655 5298 876 5353 latitudo
914 5302 1293 5372 quinquaginta
1323 5301 1438 5370 ejus
1480 5303 1823 5371 expanditur,
1855 5293 2055 5370 signiﬁ-

503 5375 589 5464 cat
621 5387 1033 5456 amplitudinem
1064 5390 1343 5445 charitatis
1379 5391 1432 5444 in
1461 5389 1719 5452 ﬁdelibus,
1753 5390 1892 5441 sicut
1927 5387 2056 5439 dicit

507 5474 781 5548 Apostolus
824 5492 836 5527 :
875 5476 978 5529 Cor
1002 5488 1229 5531 nostrum
1271 5477 1543 5529 dilatatam
1587 5487 1659 5530 est
1690 5475 1772 5547 (11
1805 5474 1924 5558 qu.
1958 5475 2053 5543 vi).

509 5561 652 5617 Unde
701 5565 802 5618 nisi
847 5565 1108 5620 eliaritate
1157 5565 1452 5636 spirituali?
1497 5575 1711 5634 propter
1758 5565 1900 5632 quod
1947 5564 2060 5631 ipse

436 5717 440 5723 ’
510 5650 692 5706 iterum
736 5655 864 5715 dicit
895 5669 907 5707 ε
934 5655 1178 5711 Charitas
1225 5657 1317 5710 Dei
1362 5656 1557 5724 diﬁma
1604 5665 1675 5708 est
1720 5658 1772 5708 in
1819 5656 2058 5708 cordibus

510 5741 708 5805 nostris,
762 5758 852 5808 per
893 5743 1139 5815 Spiritum
1194 5755 1426 5800 sanctum
1475 5749 1562 5811 qui
1601 5749 1752 5797 datus
1799 5756 1870 5797 est
1917 5747 2061 5797 nobis

2157 4583 2338 4656 cubito
2366 4595 2783 4651 consummatur.
2816 4585 3066 4640 Videmus
3108 4587 3303 4642 etenim
3352 4588 3546 4642 multos
3576 4589 3715 4643 intra

2155 4676 2392 4744 ejusdem
2420 4676 2668 4738 Ecclesiae
2705 4686 2900 4730 sancta:
2930 4678 3102 4732 sinum
3135 4678 3186 4730 in
3214 4679 3518 4746 superbiam
3548 4682 3714 4751 erigi,

2157 4765 2207 4818 in
2241 4767 2417 4818 carnis
2442 4767 2708 4835 voluptate
2752 4767 2987 4830 dissolvi,
3020 4769 3069 4821 in
3119 4769 3460 4836 adquirendis
3488 4773 3718 4826 terrenis

2157 4856 2314 4914 rebus
2369 4857 2613 4919 inhiare,
2684 4858 2975 4927 imperante
3041 4860 3262 4912 avaritia
3316 4861 3485 4914 maria
3543 4871 3726 4926 trans:

2155 4944 2249 5002 ire,
2301 4944 2572 4998 deservire
2623 4947 2926 5008 iracundiae,
2969 4948 3158 5015 jurgiis
3187 4931 3396 5008 vacare,
3443 4953 3716 5018 proximos

2153 5034 2295 5100 quos
2339 5032 2626 5100 praevalent
2655 5032 2864 5088 lzedere.
2905 5034 3008 5088 Sed
3040 5036 3160 5102 quia
3201 5051 3293 5089 eos
3324 5038 3498 5092 adhuc
3528 5052 3713 5094 sancta

2165 5121 2395 5174 Ecclesia
2427 5122 2617 5176 tolerat
2647 5133 2702 5176 ut
2731 5133 3130 5188 convertantur,
3161 5127 3312 5194 quasi
3343 5126 3395 5179 in
3432 5142 3572 5181 arca:
3595 5129 3715 5182 lati-

2164 5209 2342 5263 tudine
2364 5210 2611 5266 deorSum
2644 5215 2825 5266 bestiae
2855 5224 3145 5268 morantur.
3177 5214 3431 5285 Videmus
3452 5217 3585 5283 alios
3598 5217 3715 5286 jam

2161 5295 2329 5350 aliena
2382 5314 2486 5351 non
2532 5301 3015 5366 qutcrcre,illatam
3061 5298 3312 5371 lajuriam
3344 5306 3718 5374 a‘quanimiter

2159 5393 2390 5451 portare,
2427 5388 2587 5440 rebus
2618 5388 2846 5455 propriis
2870 5402 2990 5444 esse
3021 5400 3317 5456 contentos,
3334 5393 3611 5447 humiliter
3630 5395 3715 5447 vi-

2159 5489 2311 5541 vere;
2343 5480 2435 5547 sed
2465 5479 2590 5546 quia
2620 5480 2706 5531 isti
2731 5479 2840 5547 jam
2874 5481 3024 5545 pauci
3054 5492 3199 5545 sunt,
3229 5494 3542 5552 angustatur
3564 5499 3712 5541 arca.

2159 5565 2304 5618 Alios
2330 5574 2504 5619 autem
2536 5568 2892 5634 conspicimus
2916 5571 3077 5623 etiam
3107 5587 3350 5639 possessa
3386 5572 3713 5640 relinquere,

2161 5653 2361 5706 nullum
2406 5657 2631 5708 terrenis
2662 5657 2818 5710 rebus
2849 5659 3079 5711 studium
3123 5662 3269 5723 dare,
3313 5659 3560 5721 inimicos
3595 5661 3710 5712 dili-

2163 5757 2300 5810 gere,
2333 5758 2548 5796 carnem
2589 5760 2617 5796 a
2651 5733 2856 5800 eunetis
2883 5748 3240 5811 voluptatibus
3269 5747 3507 5810 domare,
3525 5757 3727 5822 motus:
