3968 6332
161 299 197 356 5
208 301 258 357 Π

1185 268 1530 358 cannam.
1573 297 1638 352 IN
1675 296 1991 354 censsm.
2019 329 2088 342 -
2125 299 2251 356 us.
2292 300 2352 366 u,

3292 307 3391 365 ω

162 425 354 468 manes
381 406 474 492 sub
511 411 718 471 ratione
745 409 940 476 iudicio
964 423 1242 481 premere,
1270 427 1367 480 per
1387 414 1611 466 caeleste
1633 409 1726 463 de-
1755 411 1803 467 Α
1829 417 1953 462 sunt
1981 425 2116 487 quos
2138 412 2252 470 haec
2279 422 2475 478 movet,
2500 415 2581 470 sic
2602 418 2978 488 accipiendum.
2995 431 3118 475 esse
3141 420 3282 489 quod
3307 421 3388 476 dio

160 502 420 556 siderium
448 501 910 572 contemplationis
950 518 1122 573 penna
1145 502 1431 556 sublevari.
1462 499 1574 557 Sed
1600 492 1725 570 quia

161 595 304 664 tales
323 577 518 663 quique
541 593 694 650 valde
721 595 824 649 rari
855 602 1000 659 sunt,
1022 593 1134 662 jam
1161 608 1286 647 arca
1305 592 1459 674 juxta
1489 594 1728 648 cubitum

161 685 403 747 ducitur,
432 681 534 738 ubi.
552 679 795 740 homines
821 694 876 740 et
912 684 1535 740 volatiliacontinentur.
1572 683 1730 751 Quae-

165 781 322 826 ratur
359 779 539 826 tamen
577 774 620 827 si
649 774 767 842 quis
792 773 845 828 in
872 773 952 826 eis
976 788 1093 827 esse
1124 771 1300 825 valeat
1328 772 1443 830 sine
1481 783 1726 843 peccato,

163 871 226 916 et
250 861 428 916 nullus
462 862 746 918 invenitur.
776 863 906 930 Quis
937 864 1115 932 itaque
1142 864 1302 931 homo
1341 870 1423 918 est
1445 863 1562 919 sine
1605 878 1730 934 pec-

163 959 314 1014 cato,
359 953 460 1008 nisi
486 952 570 1007 ille
594 954 682 1021 qui
710 954 768 1008 in
793 953 1028 1023 peccatis
1053 965 1344 1022 conceptus
1373 969 1478 1008 non
1520 954 1654 1019 esti;
1667 955 1728 1010 in

166 1059 280 1098 uno
306 1057 434 1114 ergo
470 1042 650 1100 cubito
692 1032 1095 1109 consummatur
1139 1059 1286 1108 arca,
1317 1033 1443 1113 quia
1482 1062 1622 1101 unus
1647 1055 1731 1102 est

167 1144 362 1192 auctor
385 1146 439 1192 et
467 1137 774 1207 redemptor
801 1149 1000 1193 sanctae
1017 1124 1024 1151 ⁸
1043 1135 1295 1191 Ecclesiae
1324 1137 1441 1192 sine
1477 1145 1729 1205 peccato,

169 1229 243 1282 ad
269 1243 428 1298 quem
454 1236 510 1282 et
529 1243 628 1298 per
653 1240 812 1297 quem
844 1241 1031 1281 omnes
1058 1225 1364 1297 proﬁciunt,
1393 1228 1485 1296 qui
1513 1242 1572 1282 se
1613 1243 1752 1284 esse-

169 1325 485 1384 peccatores
511 1325 790 1371 noverunt.
828 1314 1081 1384 Sequitur
1105 1334 1120 1369 :
1613 1345 1634 1371 δ

245 1407 314 1460 Et
347 1407 650 1477 ingrediaris
692 1422 868 1460 arcam
906 1417 961 1460 tu
1003 1395 1052 1462 et
1086 1407 1184 1476 ﬁlii
1218 1408 1320 1473 tui,
1365 1425 1499 1462 uxor
1529 1419 1654 1474 tua,
1685 1419 1735 1465 et

172 1514 362 1552 mres
407 1496 634 1566 ﬁliorum
677 1507 883 1551 tuorum
919 1506 1105 1552 tecum.
1152 1497 1218 1552 Et
1263 1500 1462 1553 cunctis
1501 1501 1735 1554 animan-

172 1589 315 1642 tibus
341 1589 593 1642 universa!
627 1589 823 1652 carnis,
851 1588 973 1642 bina
996 1580 1182 1643 "duces
1203 1590 1256 1642 in
1282 1607 1459 1645 arcam
1484 1601 1539 1644 ut
1560 1592 1732 1644 uiuant

173 1689 367 1741 tecum,
425 1677 698 1732 masculini
761 1688 809 1732 et
858 1679 1310 1757 feminiuiosexits,
1353 1688 1457 1733 etc.
1513 1679 1733 1751 (Albim)

1830 503 1976 549 ctum
1997 505 2104 564 est,
2127 513 2246 570 qua
2272 502 2480 565 reptant
2501 518 2656 573 super
2694 515 2888 569 terram
2903 547 2918 569 ,
2949 517 3010 561 ut
3041 522 3261 573 necesse
3280 523 3389 564 non

1830 583 1994 639 fuerit
2031 576 2353 644 conservari.
2381 591 2434 644 in
2463 606 2588 647 arca
2629 609 2748 662 quae
2787 605 3009 665 possunt
3049 610 3102 660 tn
3131 597 3286 667 aquis
3308 598 3389 653 vt-

1829 692 1974 740 vere,
2000 692 2106 750 npn
2126 681 2299 735 solum
2328 697 2504 738 merso
2532 685 2879 755 sicutpisces,
2902 675 3088 757 verum
3111 688 3272 742 etiam
3293 693 3388 742 sti-

1828 781 1927 836 per
1958 770 2212 833 natantia,
2247 771 2385 826 sicut
2423 773 2601 828 multa:
2653 775 2826 830 alites.
2874 777 3074 833 Deinde
3109 791 3230 835 cum
3260 777 3392 834 dici-

1830 863 1937 920 tur,
1975 857 2239 912 mascitlus
2271 870 2318 914 et
2356 860 2552 935 femina
2581 873 2756 929 erunt,
2801 864 3046 934 profecto
3082 865 3396 936 intelligitur

1830 947 1896 1001 ad
1919 948 2276 1016 reparandum
2325 958 2494 1021 genus
2518 953 2662 1019 dici;
2699 970 2764 1010 ac
2794 969 2888 1024 per
2905 955 3016 1009 hoc
3040 969 3140 1011 nec
3168 954 3256 1010 illa
3301 971 3396 1010 ne-

1829 1050 1982 1090 cesse
2019 1035 2197 1092 fuerat
2247 1038 2319 1093 ibi
2349 1053 2468 1094 esse
2506 1055 2626 1110 qua:
2670 1051 2897 1112 possunt
2952 1043 3069 1098 sine
3106 1040 3393 1124 concubitu

1831 1125 1897 1178 de
1941 1126 2349 1197 quibuscunque
2405 1129 2564 1186 rebus
2607 1130 2692 1185 vel
2746 1147 2928 1204 rerum
2962 1132 3397 1202 corruptionibus

1831 1215 1977 1268 nasci
2000 1231 2019 1294 ξ
2065 1216 2151 1276 vel
2189 1217 2234 1272 si
2279 1215 2494 1272 fuerunt
2540 1220 2678 1274 sicut
2707 1220 2764 1274 in
2812 1222 3058 1288 domibus
3100 1239 3395 1298 eonsueye-

1833 1318 1959 1380 runt
1992 1321 2128 1371 esse,
2158 1309 2274 1364 sine
2307 1309 2415 1364 ullo
2458 1325 2684 1365 numero
2720 1311 2938 1368 deﬁnito
2979 1329 3100 1369 esse
3123 1317 3404 1383 potuisse;

1802 1421 1803 1427 η
1834 1400 1924 1448 aut
1949 1394 2341 1464 simysterium
2371 1400 2796 1454 sacratissimum
2835 1403 2977 1470 quod
3022 1404 3302 1471 agebatur,
3343 1411 3397 1459 et

1837 1472 2002 1539 tanta:
2030 1486 2106 1539 rei
2138 1485 2307 1564 ﬁgura
2337 1489 2501 1542 etiam
2531 1490 2758 1545 veritate
2784 1489 2924 1546 facta
2955 1491 3114 1547 aliter
3141 1509 3248 1558 non
3274 1495 3397 1564 pos-

1835 1581 1915 1629 set
1941 1575 2166 1648 impleri,
2201 1579 2304 1632 nisi
2340 1589 2400 1634 ut
2429 1581 2608 1645 omnia
2655 1581 2726 1635 ita
2755 1590 2904 1637 certo
2928 1581 3018 1638 illo
3050 1599 3274 1657 numero
3312 1600 3396 1643 as—

1836 1672 1973 1730 sent,
1994 1681 2122 1735 quae
2148 1665 2330 1722 vivere
2360 1670 2413 1722 in
2444 1671 2619 1738 aquis,
2649 1670 2792 1726 illius
2833 1681 3027 1729 natura
3056 1673 3396 1742 prohibente,

173 1766 316 1833 Quid
347 1766 447 1823 sibi
474 1767 752 1834 vult‘quod
780 1764 867 1821 hic
895 1767 1015 1821 bina
1057 1747 1126 1823 de
1163 1770 1410 1842 omnibus
1445 1747 1728 1854 animanti}

1837 1768 1946 1809 non
1968 1763 2208 1822 possent,
2251 1772 2356 1811 non
2388 1757 2488 1810 fuit
2527 1758 2628 1812 ista
2665 1774 2795 1813 cura
2840 1759 2998 1839 illius"
3018 1762 3265 1824 hominis,
3305 1757 3399 1844 ,ναι

174 1857 280 1911 bus
309 1855 646 1910 introducere
683 1853 832 1922 iubet
882 1872 935 1910 in
980 1866 1183 1920 aream,
1220 1866 1274 1911 et
1303 1857 1357 1910 in
1385 1859 1753 1928 sequentibus

173 1947 285 2002 duo
313 1957 376 2008 et
409 1946 533 2010 duo,
561 1953 781 2014 septena
809 1955 863 2001 et
893 1955 1128 2018 septena,
1160 1948 1455 2002 masculum
1490 1958 1542 2006 et
1583 1949 1734 2006 femi-

1840 1842 2052 1902 illorum
2099 1845 2398 1915 hominum,
2439 1847 2535 1902 sed
2582 1847 2784 1904 divina.
2835 1849 3133 1915 Noneuim
3179 1867 3242 1908 ea
3288 1842 3403 1910 Noe

1839 1933 2058 2002 capiens
2113 1934 2544 2014 intromittebet,
2593 1939 2686 1992 sed
2727 1940 2993 1995 venientia
3042 1950 3098 1996 et
3145 1942 3401 2000 intrantia

176 2031 341 2088 nam?
371 2049 444 2086 an»
470 2042 699 2103 quatuor
741 2050 804 2089 ex
831 2031 1118 2089 immundis
1143 2043 1198 2090 et
1223 2037 1624 2104 quatuordecim
1665 2052 1733 2092 ex

1836 2024 2198 2091 permittebat.
2236 2024 2320 2081 Ad
2357 2027 2459 2084 hoc
2502 2029 2646 2083 enim
2685 2030 2827 2084 valet
2876 2034 3017 2101 quod
3057 2034 3255 2089 dictum
3293 2045 3397 2101 est,

175 2122 395 2177 mundis
418 2122 736 2177 animalibus
756 2121 1046 2194 intelligere
1066 2125 1320 2180 debemus
1349 2126 1731 2182 introducenda

175 2211 335 2274 esse?
363 2210 477 2265 Non
519 2212 702 2287 utique
730 2212 834 2266 duo
859 2221 911 2266 et
954 2213 1058 2267 duo
1084 2208 1312 2285 propter
1331 2224 1562 2284 quatuor
1584 2258 1598 2281 ,
1641 2219 1734 2274 sed

173 2297 399 2370 propter
425 2299 717 2369 masculum
746 2309 800 2356 et
844 2301 1114 2357 feminam.
1164 2305 1298 2359 Nam
1344 2307 1411 2361 de
1450 2307 1735 2382 immundis

178 2389 551 2443 tantummodo
587 2389 710 2466 duo,
740 2398 795 2444 et
822 2391 886 2446 de
918 2393 1127 2447 mundis
1146 2395 1480 2451 solummodo
1506 2406 1731 2468 septem.

177 2476 310 2532 Inde
333 2477 602 2535 immunda
629 2480 743 2548 pari
777 2496 998 2535 numero
1025 2472 1227 2552 posuit;
1257 2488 1449 2560 munda
1479 2502 1606 2543 vero
1630 2489 1727 2543 im-

179 2565 325 2634 pari,
374 2575 433 2618 ut
465 2566 688 2621 haberet
736 2567 848 2623 Noe
892 2571 1031 2626 unde
1073 2573 1279 2628 hostias
1323 2576 1624 2634 immolaret
1666 2594 1732 2639 ex

181 2656 433 2720 mundis;
464 2665 517 2710 et
541 2656 664 2712 inde
689 2658 840 2728 plura
866 2659 1078 2714 fuerunt
1101 2664 1297 2717 munda
1326 2680 1484 2733 quam
1508 2668 1732 2722 immun-

176 2749 269 2810 da,
313 2755 548 2828 propter
580 2747 816 2803 futurum
859 2751 1076 2806 humani
1103 2755 1316 2822 generis
1349 2772 1502 2811 usum
1544 2758 1635 2828 qui
1667 2773 1735 2815 ex

180 2827 397 2890 mundis
426 2838 727 2892 debebatur
762 2841 1085 2909 hominibus,
1118 2850 1177 2898 ut
1217 2844 1369 2913 plura
1399 2827 1580 2902 essent
1618 2862 1735 2918 quae

177 2926 516 2994 prodessent,
542 2943 702 2997 quam
729 2946 846 3000 qua:
873 2941 1143 2988 nocerent.
1184 2980 1188 2984 .

1840 2111 2116 2171 Intrabunt
2148 2115 2217 2168 ad
2255 2126 2320 2178 te,
2366 2132 2472 2170 non
2498 2119 2702 2174 scilicet
2747 2121 2979 2177 hominis
2998 2131 3141 2188 actu,
3176 2125 3270 2179 sed
3301 2124 3398 2181 Dei

1840 2210 1992 2256 nutu.
2565 2221 2574 2229 ’
2868 2250 2870 2252 -
2904 2239 2909 2244 ’
2955 2259 2960 2265 λ

1911 2291 2079 2347 Tolles
2104 2295 2263 2364 igitur
2308 2305 2472 2350 tecum
2509 2313 2573 2350 ex
2616 2299 2850 2353 omnibus
2880 2302 3026 2375 «eis
3059 2315 3178 2373 qua
3225 2310 3402 2360 mandi

1837 2393 2069 2451 possunt,
2105 2394 2155 2437 et
2199 2387 2545 2455 comportabis
2584 2389 2723 2456 apud
2766 2398 2852 2465 te,
2890 2397 2938 2443 ct
2961 2390 3130 2445 erunt
3163 2403 3268 2446 tam
3310 2397 3402 2448 tibi

1839 2487 1992 2540 quam
2033 2471 2138 2526 illis
2172 2474 2226 2526 in
2261 2474 2452 2528 cibum.
2486 2474 2634 2529 Solet
2673 2473 2836 2532 etiam
2871 2493 3088 2535 movere
3118 2484 3402 2539 nonnullos

1838 2571 2310 2628 genera‘escarum
2344 2562 2468 2631 qua:
2507 2563 2615 2634 illic
2644 2565 2843 2640 habere
2881 2575 3126 2636 poterant
3151 2571 3401 2636 animalia

1838 2661 1957 2717 quae
1985 2663 2090 2703 non
2130 2650 2234 2705 nisi
2288 2667 2450 2706 carne
2494 2653 2636 2707 vesci
2675 2645 2960 2722 putantur,
2997 2664 3403 2729 utrum-printer

1840 2752 2129 2818 numerum
2150 2739 2222 2797 ibi
2256 2739 2474 2805 fuerint,
2507 2742 2624 2796 sine
2669 2744 3098 2818 transgressione
3131 2747 3364 2811 mandati
3385 2789 3402 2812 ,

1838 2841 1959 2894 quae
2007 2815 2230 2883 aliorum
2280 2829 2590 2885 alendorum
2627 2815 2923 2901 necessitas
2975 2834 3082 2889 illic
3141 2837 3402 2906 coegisset

1841 2914 2066 2980 includi,
2098 2931 2167 2970 an
2192 2933 2321 2972 vero
2349 2919 2489 2988 quod
2517 2921 2695 2998 potius
2718 2928 2799 2976 est
2831 2923 3181 2983 credendum.
3201 2932 3400 2994 praeter

251 3015 329 3068 De
361 3017 651 3071 volucribus
680 3019 835 3086 juxta
859 3037 1017 3090 genus
1040 3040 1215 3090 suum,
1242 3034 1289 3078 et
1322 3023 1386 3079 de
1400 3000 1652 3095 jumentis
1680 3027 1734 3081 in
1813 3008 2032 3062 ‘cames
2058 3008 2236 3077 aliqua
2265 3009 2515 3065 alimenta
2540 3000 2662 3066 esse
2684 3005 2990 3081 pomum"
3018 3030 3135 3086 qua:
3156 3015 3411 3086 omnibus

174 3121 361 3174 genere
390 3122 507 3170 suo,
551 3116 597 3160 et
636 3123 698 3161 ατ
736 3110 873 3162 omni
913 3111 1081 3180 reptili
1130 3123 1281 3168 terra:
1321 3117 1606 3177 secundum
1642 3135 1732 3188 ge-

1837 3097 2200 3153 conveni-rent.
2268 3097 2524 3155 Novimus
2583 3102 2724 3155 enim
2776 3118 2937 3172 quam
2989 3103 3156 3176 multa
3201 3106 3404 3189 anima.-

180 3210 279 3246 nus
307 3209 477 3256 suum,
513 3195 632 3248 bina
676 3197 738 3249 de
777 3199 1010 3253 omnibus
1038 3201 1391 3271 ingredientur
1430 3216 1629 3274 tecum,
1677 3220 1734 3262 ut

176 3283 378 3352 possint
406 3283 586 3349 vivere.
615 3284 956 3351 Quaeri-enim
985 3286 1120 3343 solet
1144 3286 1326 3346 utrum
1352 3301 1499 3348 tanta
1524 3297 1735 3366 capaci-

175 3374 290 3427 ta‘te
321 3387 445 3427 arca
477 3372 812 3429 describatur
840 3393 978 3442 esse,
1007 3383 1149 3448 quod
1191 3383 1442 3440 animalia
1470 3395 1639 3452 tanta,
1680 3386 1736 3442 et

177 3471 258 3517 tot
288 3474 409 3518 cum
441 3458 822 3522 mansiunculis
862 3470 1302 3528 convenientibus
1345 3474 1477 3541 sibi,
1516 3469 1571 3532 et
1594 3478 1735 3533 escis

176 3566 364 3616 eorum
393 3549 539 3606 ferre
565 3555 818 3622 potuerit.
848 3555 1024 3629 (.4ug.)
1055 3558 1202 3614 lianc
1226 3553 1574 3630 quzestionem
1617 3561 1735 3621 Ori-

174 3657 341 3713 genes
389 3643 549 3698 solvit
593 3645 774 3725 cubito
816 3649 1160 3717 geometrico,
1206 3663 1454 3708 asserens
1497 3636 1732 3711 cubitum

173 3733 557 3802 geometricum
588 3741 794 3790 tantum
822 3729 1019 3802 valere,
1047 3749 1307 3808 quantum
1342 3753 1525 3798 nostra
1555 3747 1734 3801 cubita

173 3838 272 3877 sex
306 3822 498 3877 valent.
528 3821 586 3878 Si
617 3840 742 3893 ergo
774 3834 880 3886 tam
909 3843 1096 3899 magna
1125 3833 1304 3887 cubita
1334 3835 1693 3906 intelligamus
1716 3880 1730 3904 ,

172 3913 322 3978 nulla
363 3916 588 3985 quastio
629 3923 713 3970 est
754 3921 912 3974 tanta:
954 3923 1266 3990 capacitatis
1308 3941 1490 3981 arcam
1533 3928 1732 3995 fuisse,

171 4011 237 4072 ut
261 4013 442 4074 posset
467 4004 553 4058 illa
581 4006 761 4064 omnia
787 4009 1076 4064 continere.
1108 4011 1238 4066 Item
1268 4016 1527 4083 quaeritur
1555 4025 1730 4073 utrum

172 4106 305 4147 arca
349 4102 458 4146 tam
490 4109 680 4165 magna
725 4104 939 4150 centum
970 4089 1661 4170 annis'potueﬁtfabricari
1700 4123 1731 4161 a
1765 4122 1770 4129 '

169 4193 408 4252 quatuor
430 4182 758 4249 hominibus,
793 4187 842 4241 id
880 4195 983 4253 est,
1008 4189 1118 4244 Noe
1145 4198 1198 4245 et
1236 4192 1406 4247 tribus
1446 4194 1570 4249 ﬁliis
1594 4194 1728 4264 ejus.

171 4272 284 4328 Sed
311 4273 355 4328 si
385 4266 495 4330 non
536 4277 768 4344 potuerit
796 4293 900 4332 non
932 4288 1048 4333 erat
1090 4296 1339 4352 magnum
1373 4283 1553 4340 fabros
1599 4286 1732 4342 alios

170 4362 450 4430 adhibere,
497 4366 739 4433 quamvis
767 4367 944 4434 operis
983 4369 1063 4421 sui
1099 4371 1343 4426 mercede
1371 4381 1589 4442 accepta
1624 4390 1728 4430 non

171 4454 485 4509 curaverint
505 4463 682 4507 utrum
710 4471 827 4508 eam
858 4454 968 4512 Noe
993 4461 1278 4528 sapienter,
1311 4478 1378 4515 an
1405 4479 1530 4518 vero
1559 4464 1730 4519 inani-

173 4554 266 4599 ter
287 4543 664 4610 fabricaverit;
699 4554 753 4598 et
807 4547 923 4601 ideo
956 4563 1064 4603 non
1106 4549 1160 4602 in
1191 4565 1313 4604 eam
1365 4554 1727 4621 intraverint,

168 4633 300 4702 quia
326 4647 430 4687 non
459 4633 799 4704 crediderunt
824 4650 913 4703 qut
933 4635 965 4689 Δ
990 4636 1076 4691 ille
1105 4638 1423 4703 crediderat.
1458 4641 1606 4707 Quod
1633 4659 1731 4697 au-
1758 4658 1772 4676 -'

169 4732 286 4777 tem
311 4722 511 4776 dictum
541 4731 622 4777 est
656 4724 896 4793 ingressa
924 4740 1040 4780 esse
1077 4726 1256 4780 omnia
1292 4730 1540 4785 animalia
1569 4733 1620 4787 in
1647 4749 1733 4786 ar-

169 4828 317 4876 cam,
355 4827 462 4867 non
511 4812 622 4868 Noe
667 4814 967 4884 colligente,
1014 4815 1104 4870 sed
1145 4818 1254 4872 Deo
1278 4817 1496 4887 jubente
1533 4821 1732 4877 factum

169 4911 276 4957 est.
311 4901 462 4959 Sicut
497 4905 638 4958 enim
669 4905 866 4958 dictum
887 4914 968 4960 est
990 4907 1242 4976 inprima
1269 4911 1559 4977 creatione,
1591 4914 1732 4981 quod

169 4993 319 5049 Deus
350 4995 568 5070 adduxit
608 5010 670 5050 ea
717 4996 781 5049 ad
812 4995 1002 5064 Adam,
1044 5006 1103 5051 ut
1132 4999 1335 5054 videret
1361 5002 1488 5070 quid
1516 4996 1734 5057 vocaret

169 5099 319 5147 eam,
343 5085 421 5139 sic
445 5085 622 5138 divino
650 5095 778 5140 nutu
806 5095 990 5157 coacta
1024 5084 1295 5152 animalia,
1344 5099 1533 5158 sponte
1557 5091 1731 5160 prazti-

167 5174 289 5227 nito
329 5188 549 5228 numero
576 5175 859 5228 veniebant
901 5175 965 5229 ad
1009 5192 1189 5232 arcam
1236 5177 1366 5234 Noe.
1400 5179 1530 5232 ltem
1564 5181 1729 5248 quaeri

168 5261 311 5318 nolet
343 5261 410 5316 de
444 5263 815 5325 minutissimis
841 5265 1044 5331 bestiis,
1075 5281 1178 5320 non
1207 5266 1375 5320 solum
1403 5268 1587 5337 quales
1608 5277 1734 5323 sunt

174 5364 357 5404 mures
382 5358 438 5404 ει
467 5349 755 5415 ειεῑιίοηθε,
803 5353 893 5413 sed
940 5355 1101 5408 etiam
1128 5354 1313 5422 quales
1341 5355 1578 5421 locustae,
1611 5356 1730 5412 Sca-

174 5439 360 5504 rabtei,
378 5453 576 5493 musca:
599 5441 823 5508 denique
845 5451 898 5495 et
926 5443 1144 5510 pulices,
1173 5453 1351 5512 utrum
1375 5461 1479 5500 non
1509 5446 1732 5512 amplio-

167 5532 254 5586 ris
279 5529 489 5585 numeri
523 5531 575 5583 in
603 5545 726 5584 arca
755 5532 840 5584 illa
864 5532 1080 5599 fuerint,
1113 5551 1271 5604 quam
1301 5537 1390 5606 qui
1418 5545 1499 5591 est
1537 5536 1728 5590 deﬁni-

172 5618 323 5678 σίκυς
354 5633 477 5674 cum
529 5617 627 5674 hoc
667 5619 952 5689 imperaret
1002 5621 1157 5678 Deus.
1206 5623 1360 5680 Prius
1404 5626 1723 5680 admonendi

1756 4425 1807 4483 D

1835 3185 2142 3255 'lia‘quibus
2197 3204 2325 3244 caro
2353 3191 2504 3244 cibus
2553 3200 2662 3256 est,
2693 3190 2953 3247 fructibus
2983 3195 3260 3262 pomisque

1809 3288 2071 3353 Iscantur,
2103 3286 2158 3332 et
2198 3295 2434 3334 maxume
2480 3280 2685 3336 ﬁcubus
2724 3289 2883 3350 atque
2932 3283 3218 3349 castaneis.
3263 3283 3402 3350 Quid

1833 3383 1961 3423 vero
1999 3370 2194 3423 mirum
2233 3371 2275 3423 si
2311 3371 2393 3423 vir
2432 3371 2519 3424 ille
2556 3373 2773 3439 sapiens
2791 3380 2860 3425 .et
2880 3361 3081 3439 justus,
3131 3373 3295 3426 etiam
3326 3374 3403 3428 dio

1831 3458 2032 3513 vinitus
2084 3459 2389 3524 admonitus
2433 3460 2576 3528 quod
2624 3460 2816 3528 cuique
2859 3470 3220 3529 congrueret,
3279 3462 3398 3515 sine

1834 3545 2089 3614 carnibus
2128 3554 2309 3624 aptam
2340 3548 2534 3615 cuique
2562 3548 2745 3616 generi
2788 3547 3100 3603 alimoniam
3126 3550 3399 3618 reperiret

1808 3635 2221 3701 tet-conderet?
2247 3625 2387 3701 Quid
2432 3645 2515 3690 est
2543 3651 2651 3704 quo
2692 3638 2836 3692 vesci
2888 3653 2994 3691 non
3061 3648 3278 3711 cogeret
3319 3639 3399 3691 fa-

1833 3725 1996 3780 mes?
2038 3727 2299 3794 autquod
2325 3742 2429 3780 non
2460 3742 2624 3781 suave
2655 3742 2719 3784 ac
2755 3727 2966 3784 salubre
2998 3727 3173 3785 facere
3217 3740 3397 3798 posset

1833 3813 1997 3884 Deus,
2022 3815 2111 3883 qui
2137 3815 2301 3887 etiam
2342 3824 2402 3870 ut
2432 3817 2548 3870 Sine
2576 3816 2696 3872 cibo
2736 3817 2978 3882 viverent
3014 3819 3194 3874 divina
3225 3819 3394 3874 facili--

1835 3909 1944 3956 tate
1985 3904 2246 3960 donaret?
2460 3947 2464 3952 .
2493 3920 2495 3923 ·
2640 3923 2643 3926 ·

2399 4036 2642 4116 ⁸(ΞΑΡυΤ
2681 4035 2781 4092 vu.

1900 4169 1978 4224 De
2008 4170 2240 4239 ingressu
2276 4170 2620 4224 animantium
2644 4171 2700 4223 in
2727 4186 2904 4249 arcam
2930 4178 2976 4224 et
3005 4169 3069 4223 de
3110 4155 3330 4224 diluuia.

1856 4351 1857 4354 η
1903 4281 2050 4352 (CAP.
2098 4281 2219 4352 vn.)
2260 4279 2521 4334 Universae
2567 4297 2683 4334 aves
2725 4278 3266 4351 omnesque‘volucres
3313 4279 3397 4332 in-

1833 4388 2021 4442 gressa:
2054 4382 2175 4428 sunt
2204 4373 2272 4426 ad
2307 4372 2424 4426 Noe
2448 4373 2500 4425 in
2530 4388 2706 4425 arcam
2741 4373 2860 4426 bina
2886 4382 2933 4426 et
2962 4372 3113 4436 bina,
3148 4387 3211 4424 ex
3257 4369 3397 4424 omni

1834 4478 1989 4515 carne
2018 4464 2073 4515 in
2100 4479 2202 4532 qua
2239 4472 2349 4515 erat
2375 4462 2586 4534 spiritus
2616 4463 2773 4528 vita;
2801 4472 2847 4516 et
2879 4479 2994 4532 qua:
3026 4463 3258 4536 inpressa
3277 4470 3396 4516 sunt

1833 4549 2094 4603 masculus
2129 4559 2176 4603 et
2210 4550 2432 4619 femina,
2459 4566 2523 4604 ea:
2558 4551 2698 4604 omni
2724 4566 2880 4604 carne
2921 4539 3251 4614 introierunt,
3291 4550 3395 4602 sic—

1799 4649 1888 4703 ,ut
1933 4649 2240 4710 praeceperat
2293 4642 2338 4693 ei
2373 4639 2531 4693 Deus.
2565 4639 2787 4712 (Albim)
2836 4640 2972 4694 Hinc
2996 4639 3211 4709 quidam
3251 4654 3396 4707 quae-

1835 4729 2057 4783 rendum
2092 4736 2285 4797 putant
2316 4729 2445 4798 quid
2483 4730 2549 4783 de
2595 4723 3127 4808 animalibussentiri
3162 4728 3395 4791 debeat,

1835 4819 2064 4888 quorum
2084 4827 2290 4885 natura
2319 4834 2417 4873 nec
2445 4833 2658 4887 semper
2681 4817 2734 4871 in
2759 4817 2944 4880 aridis,
2975 4830 3071 4870 nec
3092 4829 3304 4883 semper
3342 4815 3398 4869 iu

1833 4906 2069 4963 humidis
2093 4909 2271 4963 vivere
2309 4917 2504 4977 potest,
2537 4908 2678 4960 sicut
2700 4914 2827 4960 sunt
2849 4905 2976 4959 lutri
3001 4913 3058 4961 et
3074 4904 3236 4960 vituli
3274 4918 3394 4957 ma—

1834 4998 1959 5061 rini,
2014 5007 2068 5052 et
2095 4999 2262 5052 multa
2305 4985 2481 5052 avium
2515 5012 2734 5068 genera,
2763 5011 2882 5066 qua:
2913 4993 2968 5049 in
2997 4996 3152 5065 aquis
3194 4998 3393 5049 victum

1833 5087 2132 5154 requirunt,
2164 5087 2258 5139 sed
2293 5086 2346 5139 in
2388 5086 2554 5140 aridis
2597 5086 2891 5149 dormiunt,
2937 5084 3179 5139 nutriunt
3229 5092 3284 5138 et
3314 5099 3397 5137 re-

1832 5176 2130 5243 quiescunt.
2182 5174 2362 5229 Potuit
2404 5175 2551 5230 enim
2583 5175 2756 5232 virtus
2803 5170 2982 5229 divina
3023 5173 3284 5227 utramvis
3313 5187 3386 5227 eo-

1833 5281 1952 5319 rum
1995 5273 2242 5318 naturam
2295 5264 2467 5320 donec
2513 5264 2768 5319 diluvium
2811 5267 3079 5326 transiret,
3126 5262 3391 5331 mitigare,

1833 5363 2154 5423 temperare,
2206 5363 2264 5408 ut
2307 5363 2398 5408 aut
2435 5355 2489 5408 in
2520 5356 2746 5432 humore
2781 5363 3009 5417 tantum,
3039 5362 3131 5406 aut
3158 5353 3211 5406 in
3243 5353 3394 5405 arido

1835 5455 2040 5500 tantum
2093 5448 2273 5501 vivere
2324 5456 2563 5516 possent,
2618 5448 2719 5502 nisi
2765 5448 2899 5501 forte
2927 5453 3078 5501 extra
3119 5460 3299 5498 arcam
3340 5445 3391 5497 in

1834 5537 2007 5606 aliqua
2034 5535 2148 5603 ejus
2177 5548 2332 5607 parte
2375 5538 2492 5591 loca
2538 5538 2642 5591 illis
2669 5545 2968 5605 pracparata
2998 5543 3208 5597 essent,
3251 5535 3390 5587 unde

1831 5635 1885 5680 et
1900 5627 1952 5679 in
1968 5627 2120 5695 aquis
2140 5627 2340 5691 vivere,
2376 5633 2430 5680 et
2447 5626 2498 5678 in
2522 5624 2687 5678 aridis
2703 5613 3044 5698 requiescere
3059 5624 3384 5694 potuissent.
