3968 6334
541 270 638 334 519

1203 258 1268 313 Β.
1308 253 1559 311 [MBAN
1598 248 1813 306 MACRI
1850 239 2162 302 ARCHIEP.
2205 238 2845 301 MOGUNT.OPERUM
2870 240 3047 296 PARS
3083 239 3127 294 I.

3650 234 3753 291 590

609 379 674 433 Et
710 371 917 430 inclusit
962 380 1078 424 eum
1117 352 1370 422 Dominus
1414 361 1627 431 deforis.
1672 358 1781 432 Hoc
1813 356 1955 411 enim
1985 355 2099 409 sine
2127 360 2177 415 Α
2204 363 2325 410 runt
2355 368 2368 406 :
2397 362 2625 421 quorum
2652 357 2790 432 unus
2809 357 2892 404 est
2942 349 3170 404 Berosus
3193 346 3500 405 Chaldaeus.
3522 347 3563 401 Ν
3584 345 3758 403 irrans

537 469 698 527 dubio
724 456 973 520 divinum'
995 476 1128 530 opus
1150 451 1268 522 fuit,
1292 470 1360 510 ne
1389 450 1794 533 ingrederentur
1824 460 1977 517 aqua:
2000 460 2095 516 per

537 560 765 627 aditum,
786 559 922 633 quod
948 561 1175 613 immana
1195 566 1298 608 non
1324 548 1589 604 munierat
1608 557 1815 598 manus.

611 630 932 722 Factumque
960 650 1034 700 est
1076 643 1326 697 diluvium
1359 634 1707 707 quadraginta
1748 630 1926 685 diebus
1946 642 2102 699 super

540 742 763 808 terram;
790 750 837 795 et
866 733 1219 805 multiplicata:
1244 739 1363 785 sunt
1397 743 1565 798 aquae,
1602 733 1649 779 et
1678 724 1999 805 elevaverunt
2020 736 2102 773 ar-

542 852 658 889 cam
687 828 744 886 in
770 828 983 884 sublime
1010 841 1041 877 a
1072 832 1232 885 terra,
1258 818 1675 886 vehementerque
1699 812 2097 873 inundaverant,

541 934 589 979 et
618 918 790 978 omnia
825 916 1137 987 repleverunt
1176 910 1231 964 in
1272 906 1544 978 superﬁcie
1569 913 1739 981 terrm.
1770 901 1938 955 Porro
1976 914 2100 959 arca

545 1013 811 1083 ferebatur.
836 1021 987 1078 super
1028 1016 1214 1073 aquas,
1244 1009 1291 1056 et
1348 996 1509 1069 aqua!
1534 993 1913 1073 prmvaliterunt
1944 988 2101 1083 nimis
2160 1044 2165 1049 ,

541 1074 713 1172 super'
743 1074 953 1153 terram.
1005 1083 1429 1165 Opertique‘sunt
1464 1092 1637 1140 omnes
1677 1091 1873 1172 montes
1914 1074 2101 1172 excelsi

545 1164 639 1247 sui}
696 1187 929 1242 universo
988 1164 1132 1240 uelo.
1188 1178 1494 1246 Quindecim
1546 1174 1730 1227 cubitis
1790 1164 1946 1223 αἴτεον
2000 1167 2102 1237 fuit

544 1295 679 1350 aqua
743 1289 899 1343 super
960 1280 1156 1325 montes
1205 1282 1331 1338 quos
1399 1271 1688 1334 operuerat.
1743 1258 1943 1350 Ferunt
1980 1256 2100 1350 quie

542 1346 663 1427 dam
710 1379 815 1419 non
850 1376 970 1417 esse
1010 1360 1142 1414 huic
1164 1364 1341 1428 gesta,
1377 1353 1471 1408 sed
1512 1352 1652 1414 solas
1684 1364 1865 1405 rerum
1902 1346 2104 1418 signiﬁ-

542 1456 831 1511 candarum
854 1434 1185 1521 ﬂgurasiesse
1205 1443 1551 1501 contendant.
1573 1439 1804 1495 Primum
1820 1428 2104 1521 aprinant‘ur

542 1550 652 1598 tam
681 1520 931 1613 magnum
958 1552 1063 1594 non
1091 1535 1346 1608 patuisse,
1373 1533 1607 1601 itemque
1634 1529 1777 1616 aliud
1808 1520 2021 1594 tantum
2048 1526 2101 1580 in

544 1631 909 1703 superioribus
962 1628 1078 1683 ﬁeri
1121 1624 1421 1689 diluvium,
1470 1631 1530 1678 ut
1555 1619 1847 1676 altissimos
1894 1625 2102 1672 montes

2199 443 2338 495 enim
2367 440 2433 495 de
2456 437 2654 493 diluvio
2674 427 2852 497 taliter
2874 445 2956 492 est
2980 437 3169 492 eliatus
3203 456 3215 491 :
3256 439 3461 494 Dicitur
3499 444 3679 492 autem
3704 445 3761 491 et

2200 537 2352 587 navis
2388 530 2503 600 ejus
2534 539 2653 601 qute
2682 531 2734 585 in
2758 530 3011 585 ArmEnia
3031 528 3177 584 venit
3205 530 3345 585 circa
3370 524 3610 586 montem
3637 527 3763 601 Gor-

2199 624 2373 678 dicum
2403 622 2574 678 adhuc
2601 621 2833 691 aliquam
2854 628 3063 691 partem
3084 633 3224 682 esse,
3239 628 3307 674 et
3323 621 3589 689 quosdam
3618 619 3761 673 bitu-

2199 725 2321 770 men
2349 713 2555 787 exinde
2576 706 2846 787 colligere,
2883 725 2992 781 quo
3018 704 3250 765 maxime
3276 702 3541 765 homines
3575 709 3643 764 ad
3673 724 3763 764 ex-

2198 803 2460 873 piationes
2477 786 2723 857 utuntur.
2762 793 3003 856 Meminit
3028 802 3215 877 autem
3258 798 3452 853 horum
3479 807 3536 853 et
3575 798 3765 852 Hiero-

2201 908 2393 965 nymus
2419 891 2726 966 Egyptius,
2754 893 2846 963 qui
2872 890 3244 960 antiquitatem
3265 888 3551 945 Phoenices
3578 890 3761 945 nosci-

2201 984 2291 1044 tur
2311 983 2713 1055 censeripsisse.
2740 981 2845 1038 Sed
2888 988 2945 1046 et
2971 978 3279 1039 manasseas
3310 968 3679 1043 Damascenus
3716 980 3769 1033 in

2201 1072 2548 1143 nonagesimo
2585 1080 2739 1128 sexto
2780 1066 3323 1145 Historiarum‘libro,
3373 1068 3451 1122 ita
3478 1068 3549 1123 de
3576 1070 3660 1124 eis
3689 1068 3770 1122 di-

2201 1160 2275 1214 cit
2304 1177 2319 1213 2
2342 1161 2437 1215 Est
2467 1168 2522 1215 et
2547 1167 2707 1230 super
2727 1158 3027 1214 Mumadam
3048 1155 3292 1213 excelsus
3321 1166 3477 1209 mons
3503 1154 3560 1207 in
3583 1154 3776 1208 Armec

2204 1250 2314 1313 nia,
2363 1250 2453 1319 qui
2479 1249 2633 1304 Paris
2676 1249 2994 1320 appellatur,
3051 1248 3106 1302 in
3136 1260 3244 1316 quo
3280 1243 3477 1299 multos
3505 1241 3774 1314 fugientes

2204 1352 2379 1391 sermo
2389 1346 2473 1392 est
2492 1337 2676 1393 diluvii
2699 1328 2945 1407 tempore
2958 1337 3233 1399 liberatos,
3251 1345 3303 1389 et
3316 1331 3603 1404 quemdam
3617 1332 3775 1386 simul

2206 1426 2256 1480 in
2294 1426 2419 1483 arca
2447 1427 2725 1482 devectum
2771 1426 2823 1481 in
2849 1427 3048 1482 montis
3076 1425 3317 1498 (sociale)
3342 1423 3652 1479 summitate
3683 1437 3777 1492 per

2206 1516 2456 1591 reliquias
2490 1506 2753 1587 lignorum
2782 1516 2950 1571 multo
2993 1523 3232 1585 tempore
3264 1520 3661 1569 conservatas:
3732 1534 3737 1537 ι

2785 1641 3010 1699 CAPUT
3065 1640 3199 1696 Vlll.

546 1720 863 1793 quindecim
916 1716 1124 1773 cubitos
1174 1729 1312 1784 aqua
1362 1709 1654 1768 crescendo
1695 1705 2106 1800 transcenderet
2136 1692 2186 1752 Β
2212 1733 2288 1788 οε
2313 1747 2521 1804 ασκεω
2549 1730 2663 1787 Noe
2681 1748 2908 1795 “arca,
2930 1740 2978 1784 ει
3002 1730 3260 1799 sam—ﬁcia
3282 1730 3396 1800 ei,“
3417 1736 3573 1801 atque
3624 1728 3775 1783 βείω,

545 1821 767 1883 propter
787 1809 994 1881 Olympi
1024 1807 1279 1862 verticem
1319 1803 1537 1869 montis,
1567 1817 1728 1871 super
1750 1796 1906 1872 quem
1931 1798 2108 1883 perhi-

545 1880 740 1957 bentur
767 1880 935 1957 nubes
958 1914 1059 1952 non
1088 1907 1647 1967 posse'concrescere,
1674 1890 1817 1960 quod
1851 1898 1957 1943 tam
1985 1880 2110 1942 sub—
2145 1903 2148 1907 '

547 1994 673 2048 lime
700 1993 810 2063 jam
852 1990 1044 2045 ccelum
1090 1982 1185 2051 sit,
1226 1985 1316 2040 ubi
1348 1999 1452 2040 non
1494 1983 1567 2038 ibi
1595 1982 1677 2067 .sit
1703 1996 1798 2036 aer
1826 1981 1926 2059 iste
1964 1994 2112 2059 cras-

520 2084 678 2147 sior,
705 2079 797 2135 ubi
840 2078 1017 2142 venti,
1055 2075 1264 2131 nebulae
1310 2074 1631 2142 imbresque.
1650 2070 1956 2143 gignuntur.
2003 2067 2112 2123 Nec

547 2170 829 2227 attendunt
857 2167 1095 2222 omnium
1133 2164 1521 2219 elementorum
1571 2159 1959 2215 crassissimam
2012 2165 2113 2211 ter-

545 2276 661 2317 ram
678 2258 747 2313 ibi
772 2270 889 2314 esse
903 2254 1158 2327 potuisse.
1179 2254 1257 2308 An
1280 2252 1419 2308 forte
1440 2251 1903 2323 negantverticem
1918 2247 2115 2302 montis

546 2364 665 2404 esse
704 2347 941 2401 terram?
977 2342 1087 2400 Cur
1126 2343 1290 2415 igitur
1314 2354 1483 2415 usque
1519 2329 1590 2394 ad
1624 2337 1712 2393 illa
1762 2337 1881 2393 caeli
1940 2336 2113 2407 spatia

549 2435 985 2495 terrisexaltari
1036 2432 1286 2497 licuisse,
1330 2418 1385 2485 et
1426 2429 1581 2499 aquis
1620 2428 1847 2485 exaltari
1892 2437 2001 2481 non
2052 2424 2116 2480 li-

550 2528 724 2583 cuisse
761 2524 1132 2587 contendunt,
1174 2533 1293 2575 cum
1324 2520 1411 2575 isti
1442 2531 1719 2574 mensores
1760 2524 1817 2572 et
1858 2526 2117 2586 pensores

553 2617 937 2672 elementorum
1004 2627 1170 2683 aquas
1216 2610 1376 2667 terris
1428 2608 1744 2680 perhibeant
1810 2606 2117 2677 superiores

553 2718 717 2780 atque
742 2707 1006 2763 leviores?
1031 2705 1167 2773 Quid
1201 2704 1382 2773 itaque
1416 2700 1639 2756 rationis
1682 2694 1910 2756 afferunt
1951 2711 2118 2768 quare

486 2808 488 2811 ·
555 2805 700 2852 terra
744 2794 959 2867 gravior
1004 2800 1060 2853 et
1093 2791 1319 2847 inferior
1350 2789 1524 2847 locum
1557 2786 1688 2845 coeli
1734 2786 2120 2869 tranquillioris

557 2886 815 2941 invaserit
838 2899 932 2953 per
956 2883 1224 2940 volumina
1273 2888 1350 2937 tot
1373 2894 1633 2937 annorum
1656 2920 1671 2945 ,
1700 2887 1753 2935 et
1781 2892 1920 2955 aqua
1950 2877 2120 2933 levior

557 2992 621 3032 ac
668 2976 915 3045 superior
954 2973 1215 3047 permissa
1261 2977 1381 3033 non'
1421 2968 1631 3039 sithoc
1676 2965 1884 3031 facere,
1931 2966 2117 3021 saltem

556 3068 625 3121 ad
648 3074 859 3133 tempus
900 3060 1185 3133 exigUum?
1214 3058 1361 3131 (Car.
1392 3060 1535 3131 vtn.)
1593 3058 1906 3113 Recordatus
1950 3066 2121 3110 autem

558 3155 813 3211 Dominus
849 3153 962 3207 Noe
1000 3161 1403 3221 cunctarumque
1430 3148 1775 3203 animantium
1815 3154 1863 3201 et
1894 3146 2121 3201 omnium

549 3246 911 3316 jumentorum’
952 3250 1239 3312 quaerant
1263 3241 1318 3294 in
1362 3256 1644 3295 arca~cum
1664 3246 1742 3304 eo,
1772 3235 1989 3291 adduxit
2014 3236 2121 3306 spi-

559 3336 714 3389 ritum
734 3349 890 3404 super
911 3342 1103 3387 terram
1119 3372 1134 3397 ,
1159 3340 1206 3386 et
1227 3331 1515 3385 imminutm
1537 3338 1657 3389 sunt
1681 3344 1871 3403 aqua;
1887 3335 1935 3382 et
1959 3325 2124 3380 clausi

564 3433 682 3479 sunt
708 3422 873 3492 fontes
896 3420 1068 3492 abyssi
1096 3428 1142 3474 et
1164 3428 1441 3474 cataractae
1469 3418 1581 3473 (mli
1598 3459 1612 3483 ,
1646 3424 1694 3472 et
1715 3416 1985 3488 prohibitus
2005 3423 2126 3469 sunt
2153 3464 2155 3467 .

557 3513 747 3585 pluvia:
786 3511 850 3571 de
876 3510 1048 3565 caelo.
1075 3508 1219 3565 Bene
1246 3508 1389 3565 enim
1437 3507 1504 3561 de
1532 3505 1623 3577 illo
1666 3505 1859 3577 spiritu
1902 3500 2126 3573 intelligi

566 3610 744 3672 potest
779 3598 845 3656 de
894 3613 1001 3668 quo
1045 3597 1244 3652 dictum
1273 3605 1356 3651 est
1395 3613 1410 3649 :
1446 3595 1675 3666 Spiritus
1728 3594 1823 3649 Dei
1867 3592 2128 3663 ferebatur

559 3708 715 3761 super
762 3706 946 3761 aquas.
986 3682 1137 3743 Tunc
1176 3686 1318 3741 enim
1364 3686 1659 3749 ferebatur,
1684 3694 1762 3749 ut
1790 3684 2130 3755 congregatis

474 3792 477 3793 '
563 3783 722 3851 aquis
745 3781 798 3835 in
830 3792 984 3835 suum
1026 3778 1201 3833 locum
1221 3817 1234 3843 ,
1264 3785 1407 3832 terra
1438 3783 1750 3845 appareret;
1783 3780 2129 3829 nunc‘autem

565 3872 829 3925 adductus
877 3868 1089 3932 dicitur,
1117 3874 1178 3921 ut
1205 3865 1396 3919 ablatis
1437 3866 1503 3919 de
1539 3865 1716 3923 medio
1742 3864 1894 3933 aquis
1920 3864 2128 3926 diluvii,

568 3961 758 4016 faciem
802 3969 959 4014 terra:
1006 3958 1285 4021 revelaret.
1329 3957 1511 4011 Potest
1552 3966 1605 4011 et
1644 3956 1864 4025 spiritus
1917 3956 2131 4029 nomine

566 4060 759 4106 ventus
787 4049 1035 4120 intelligi,
1060 4047 1213 4117 juxta
1239 4046 1363 4102 illud
1388 4046 1682 4101 Psalmistae
1708 4064 1720 4100 :
1748 4046 1815 4099 Et
1840 4048 1976 4099 sretit
2028 4045 2132 4115 spi-

566 4144 696 4197 ritus
719 4139 954 4213 proce‘llce
977 4136 1147 4209 (Psal.
1178 4137 1311 4207 cvi),
1340 4134 1493 4208 cujus
1528 4135 1743 4191 ﬂatibus
1762 4136 1969 4191 crebris
1992 4146 2129 4204 aqua

567 4234 847 4303 cogeretur
868 4230 1138 4284 recedere.

639 4320 968 4390 Reversa'que
994 4326 1112 4371 sunt
1138 4334 1287 4387 aqua:
1312 4317 1375 4370 de
1397 4325 1534 4370 terra
1564 4327 1739 4371 euntes
1768 4326 1817 4369 et
1838 4302 2135 4379 redeuntes,

567 4422 615 4463 ct
660 4414 923 4479 coeperunt
963 4408 1126 4460 minui
1178 4417 1291 4476 post
1332 4416 1537 4460 centum
1578 4409 1951 4477 quinquaginta
2000 4408 2128 4459 dies.

569 4497 687 4564 Quo
700 4498 1116 4574 enimrreversaa
1145 4502 1268 4550 sunt
1291 4510 1460 4563 aqtm,
1490 4496 1616 4548 dum
1644 4496 1869 4550 dicitur:
1900 4495 2132 4549 Reversrc

571 4600 688 4644 sunt
715 4601 863 4660 aquce
883 4588 946 4643 de
972 4598 1111 4641 terra
1141 4596 1317 4641 euntes
1342 4597 1388 4640 et
1417 4590 1683 4640 redeuntes
1706 4589 1730 4640 ?
1756 4588 1961 4641 videtur
1990 4587 2132 4655 quod

567 4676 719 4744 juxta
738 4677 971 4731 litteram
1002 4688 1188 4729 omnes
1210 4673 1492 4727 ﬂuviorum
1518 4686 1578 4727 ac
1604 4675 1839 4727 rivorum
1879 4676 2134 4729 decursus

572 4781 668 4835 per
712 4765 953 4821 occultas
1012 4773 1170 4819 terra:
1216 4778 1379 4817 venas
1442 4763 1507 4816 ad
1562 4762 1837 4817 matricem
1882 4765 2131 4832 abyssum

572 4854 799 4909 redeant
809 4853 960 4923 juxta
988 4850 1113 4905 illud
1131 4851 1464 4905 Salomonis:
1486 4850 1566 4902 Ad
1589 4849 1757 4903 locum
1792 4852 1927 4904 unde
1950 4862 2135 4905 exeunt

575 4943 818 5013 ﬂumina,
864 4950 1203 5005 resvertantur,
1240 4950 1294 4994 ut
1356 4941 1542 4993 iterum
1585 4941 1752 5009 ﬂuant
1788 4940 1975 5009 (Eccli.
2005 4941 2062 5012 t).

657 5016 1016 5102 Requievitque
1049 5045 1171 5083 arca
1199 5044 1370 5084 mense
1413 5031 1645 5103 septimo,
1678 5034 1893 5101 septima
1940 5033 2138 5087 decima

579 5125 665 5178 die
714 5124 904 5177 mensis
945 5138 1098 5191 super
1148 5132 1343 5177 montes
1376 5122 1651 5178 Armeniis.
1709 5125 1947 5180 Meminit
1984 5124 2138 5193 hujus

578 5215 683 5269 loci
710 5214 973 5282 Iosephus
994 5212 1789 5283 historiographusJudteorum,
1820 5216 1892 5269 ita
1921 5216 2133 5270 dicens:

584 5308 732 5361 llnnc
783 5314 961 5358 autem
1009 5304 1185 5359 locum
1211 5302 1435 5357 Armeni.
1467 5304 1749 5373 Egressum
1777 5315 1987 5360 vocant.
2028 5306 2139 5361 Illic

581 5397 721 5449 enim
749 5408 887 5449 arca:
908 5392 1101 5447 solutas
1128 5388 1380 5460 reliquias
1408 5406 1549 5446 nunc
1592 5408 1758 5461 usque
1788 5395 2138 5464 provinciales

583 5481 1106 5549 ostendunt.,ﬂujus
1149 5494 1282 5535 vero
1329 5479 1510 5533 diluvii
1541 5488 1594 5535 et
1641 5496 1777 5537 arcte
1826 5484 2137 5538 memoriam

590 5571 788 5626 iaciunt
814 5588 998 5628 omnes
1024 5572 1114 5643 qui
1155 5573 1408 5629 historias
1444 5573 1753 5629 barbaricas
1802 5578 2135 5647 conscripse-

2148 3021 2191 3080 C

2867 1801 3111 1855 dictione.

2280 1890 2490 1943 Decimo
2532 1889 2668 1943 enim
2699 1901 2889 1961 metue,
2927 1890 3099 1958 primo
3125 1889 3209 1942 die
3249 1888 3463 1951 mensis,
3518 1902 3813 1955 apparate--

2214 1990 2331 2034 runt
2360 1979 2635 2033 cacumina
2656 1980 2931 2033 montium.
2960 1976 3189 2050 Cumque
3227 1980 3531 2033 transissent
3549 1978 3781 2048 quadra-

2210 2069 2519 2140 ginta'dics,
2552 2062 2788 2139 aperiens
2829 2066 2949 2122 Noe
2965 2067 3243 2137 fenestram
3266 2084 3404 2121 arca:
3442 2083 3601 2138 quam
3642 2066 3778 2134 [cce-

2213 2166 2318 2225 rat,
2350 2162 2519 2215 emisit
2547 2170 2773 2226 corvum,
2812 2161 2901 2231 qui
2940 2153 3296 2231 egrediebatur
3315 2170 3361 2213 et
3390 2175 3492 2212 non
3526 2158 3781 2229 regredie-

2215 2252 2388 2316 batur,
2412 2251 2573 2306 donec
2616 2252 2933 2305 siccarentur
2966 2265 3113 2319 aqua:
3152 2265 3306 2320 super
3335 2258 3547 2304 terram.
3593 2248 3784 2301 Emisit

2214 2357 2414 2412 quoque
2433 2339 2723 2394 columbam
2764 2350 2875 2405 post
2896 2342 3035 2404 eum,
3071 2348 3123 2393 ut
3152 2339 3341 2415 uideret
3366 2340 3411 2392 si
3436 2339 3553 2409 jam
3586 2353 3783 2399 cessas-

2216 2441 2332 2486 sent
2342 2448 2490 2504 aqua:
2504 2445 2665 2509 super
2689 2433 2876 2502 faciem
2896 2440 3071 2489 terrea.
3094 2418 3222 2498 Quir
3244 2448 3361 2485 cum
3386 2447 3488 2485 non
3508 2427 3784 2485 invenisset

2218 2521 2306 2576 ubi
2336 2524 2669 2595 requiesceret
2692 2538 2781 2593 pes
2804 2522 2941 2593 ejus,
2966 2538 3170 2577 reversa
3183 2532 3257 2577 est
3278 2522 3331 2574 in
3353 2536 3532 2575 arcam
3552 2521 3621 2574 ad
3643 2536 3784 2583 eum,

2219 2629 2367 2684 aqua
2391 2608 2527 2668 enim
2551 2622 2697 2667 erant
2724 2627 2879 2683 super
2897 2598 3189 2676 uniuersam
3206 2622 3417 2666 terram.
3444 2611 3678 2679 Quaestio
3700 2626 3790 2666 so-

2173 2760 2178 2767 ,
2218 2701 2294 2759 let
2320 2686 2523 2759 aboriri
2543 2694 2722 2757 utrum
2750 2716 2941 2757 corvus
2962 2699 3204 2757 mortuus
3231 2702 3320 2765 sit,
3341 2701 3610 2772 analiquo
3630 2704 3790 2757 modo

2221 2794 2403 2849 vivere
2429 2794 2689 2864 potuerit,
2719 2794 2809 2862 qui
2834 2792 3015 2862 utique
3040 2792 3083 2847 si
3102 2785 3268 2846 “fuerit
3290 2800 3435 2847 terra
3459 2792 3549 2846 ubi
3571 2791 3789 2861 requie-

2223 2890 2416 2950 sceret,
2443 2883 2606 2938 etiam
2630 2882 2873 2937 columba
2904 2881 3143 2951 requiem
3165 2881 3341 2951 pomit
3368 2874 3610 2936 invenire
3632 2878 3815 2951 pedi;

2222 2978 2322 3031 bus
2372 2975 2503 3031 suis.
2536 2975 2690 3031 Unde
2717 2973 3001 3042 cenjicitnr
3026 2989 3057 3028 a
3095 2972 3298 3037 multis,
3347 2972 3489 3041 quod
3516 2972 3791 3028 'cadaveri

2224 3054 2394 3135 potuit
2423 3079 2625 3120 corvus»
2644 3057 2902 3129 insidere,
2918 3062 3057 3133 quod
3081 3062 3327 3118 columba
3359 3049 3674 3117 naturaliter
3701 3077 3794 3117 re-

2224 3154 2374 3225 fugit.
2421 3154 2551 3208 item
2582 3154 2806 3225 quaastio
2841 3154 3103 3224 quomodo
3132 3153 3397 3213 columba,
3418 3166 3527 3208 non
3579 3152 3795 3206 inveni-

2226 3254 2307 3298 ret
2354 3244 2446 3299 ubi
2478 3244 2860 3313 requiesceret,
2893 3244 2937 3297 si
2966 3243 3102 3313 jam,
3133 3242 3273 3297 sicut
3304 3242 3631 3297 narrationis
3658 3241 3797 3307 ordo

2226 3333 2550 3398 contexitur,
2573 3333 2771 3394 nudata
2798 3318 3011 3387 fuerant
3036 3332 3315 3387 cacumina
3339 3323 3602 3386 montium
3628 3331 3649 3384 ?
3674 3346 3799 3401 quae

2226 3422 2440 3476 videtur
2460 3421 2685 3491 qnmstio
2710 3430 2803 3475 aut
2840 3436 2937 3491 per
2969 3413 3465 3491 recapitulationem
3493 3435 3656 3489 posse
3679 3419 3795 3474 dis-

2228 3511 2382 3575 solvi,
2414 3518 2473 3563 ut
2492 3524 2553 3564 ea
2575 3502 2845 3583 posterius
2873 3519 3091 3564 narrata
3118 3508 3481 3581 intelligantur
3507 3523 3627 3578 qua:
3643 3508 3803 3579 prius

2230 3598 2373 3655 facta
2426 3607 2572 3663 sunt,
2624 3607 2716 3653 aut
2762 3599 2938 3670 potius
2984 3600 3135 3669 aqua:
3164 3587 3397 3670 nondum
3433 3598 3646 3652 siccatas
3677 3596 3801 3653 foe.

2232 3695 2369 3741 rant.
2397 3686 2574 3759 (Isid.)
2605 3667 2830 3759 Mystice
2867 3667 3050 3742 autem
3086 3688 3230 3757 quod
3256 3667 3449 3743 cuncta
3479 3684 3802 3755 animalium

2231 3794 2427 3850 genera
2459 3768 2805 3850 includuntur
2833 3780 2883 3835 in
2911 3794 3054 3843 arca,
3080 3778 3345 3849 signiﬁcat
3371 3776 3496 3847 quia
3522 3777 3596 3830 ες
3617 3776 3804 3831 omni-

2231 3872 2329 3927 bus
2357 3870 2602 3941 gentibus
2652 3879 2706 3925 et
2742 3868 3503 3941 narrationibus,congregatio
3525 3867 3587 3937 fit
3613 3869 3667 3922 in
3690 3867 3807 3921 Ec.

2232 3962 2413 4016 clcsia.
2466 3960 2615 4027 Quod
2646 3962 2808 4016 etiam
2855 3960 3015 4015 Petro
3045 3962 3441 4017 demonstratus
3472 3960 3660 4021 discus
3711 3959 3808 4013 ille

2232 4042 2513 4121 significat,
2573 4051 2664 4104 ubi
2716 4050 2911 4104 munda
2959 4062 3014 4104 et
3062 4049 3337 4104 immunda
3370 4057 3493 4103 sunt
3544 4047 3806 4102 animalia

2236 4141 2368 4207 (Act.
2404 4140 2479 4208 χ),
2522 4140 2662 4193 sicut
2688 4140 2738 4192 in
2765 4140 3013 4193 Ecclesiae
3037 4139 3388 4194 sacramentis
3410 4139 3536 4193 boni
3584 4148 3639 4193 et
3670 4136 3805 4192 mali

2236 4237 2538 4285 versantur;
2576 4228 2727 4294 Quod
2776 4230 2993 4297 septena
3042 4236 3167 4282 sunt
3196 4230 3389 4281 munda
3429 4237 3485 4282 et
3520 4227 3646 4283 bina
3696 4228 3805 4282 im-

2237 4320 2451 4380 munda,
2496 4306 2599 4373 non
2651 4319 2773 4388 quia
2811 4319 3091 4389 pauciores
3132 4329 3257 4374 sunt
3304 4320 3429 4373 mali
3458 4329 3621 4390 tinam
3654 4320 3805 4384 boni,

2239 4408 2331 4461 sed
2369 4409 2494 4476 quia
2541 4409 2666 4462 boni
2698 4418 2913 4462 servant
2956 4410 3205 4463 unitatem
3244 4410 3456 4480 spiritus
3504 4411 3559 4463 in
3594 4409 3804 4462 uinculo

2238 4496 2401 4565 pacis.
2432 4496 2685 4550 Sanctum
2715 4506 2891 4578 autem
2939 4495 3198 4578 Spiritum
3228 4498 3408 4552 divina
3436 4496 3719 4565 Scriptura
3746 4496 3805 4550 in

2240 4586 2535 4656 septiformi
2569 4575 2878 4659 operatione
2916 4575 3271 4652 commendat,
3318 4588 3369 4641 id
3407 4596 3507 4649 est,
3567 4587 3807 4656 Spiritus

2241 4677 2513 4745 sapientia:
2574 4685 2628 4730 et
2677 4674 2995 4739 intellectus,
3067 4675 3272 4729 consilii
3326 4674 3381 4730 et
3450 4674 3805 4736 fortitudinis.

2242 4754 2751 4835 scientiae,pietatis
2779 4774 2832 4821 et
2859 4768 3068 4821 timoris
3094 4768 3207 4821 Dei.
3252 4765 3404 4823 Unde
3427 4777 3481 4821 et
3508 4766 3597 4821 ille
3619 4781 3802 4821 nume-

2246 4873 2338 4912 rus
2367 4852 2755 4927 quinquaginta
2791 4856 3021 4921 dierum,
3068 4857 3134 4911 ad
3158 4856 3443 4911 adventum
3480 4857 3655 4912 sancti
3680 4855 3801 4928 Spi~

2244 4948 2379 5000 ritus
2415 4946 2710 5015 pertinens,
2757 4945 2811 5000 in
2841 4948 3036 5017 septies
3065 4947 3318 5017 septenis,
3349 4946 3439 5016 qui
3491 4946 3625 5002 ﬁunt
3665 4965 3807 5019 qua-

2243 5035 2483 5107 draginta
2515 5027 2863 5100 novem,'nno
2887 5030 3539 5100 addito,cconsumrnatur.
3579 5036 3808 5109 Propter

2243 5126 2384 5194 quod
2422 5125 2622 5179 dictum
2652 5113 2769 5180 est:
2797 5124 3072 5181 Studentes
3086 5144 3287 5181 seruare
3318 5123 3565 5183 unitatem
3587 5130 3806 5200 spiritus

2244 5217 2297 5269 in
2324 5214 2521 5283 vinculo
2552 5216 2696 5286 pacis
2718 5202 2950 5287 (Ephes.
2976 5215 3070 5286 Iv).
3107 5216 3230 5272 Mali
3276 5226 3451 5281 autem
3491 5218 3543 5273 in
3593 5220 3808 5274 binario

2222 5321 2465 5362 numero
2490 5308 2557 5369 ad
2584 5307 2871 5362 schismata
2900 5308 3105 5374 faeiles,
3132 5312 3187 5363 et
3211 5310 3602 5380 quodammodo
3625 5310 3808 5364 divisi-

2245 5398 2380 5454 hiles
2410 5399 2780 5455 ostenduntur.
2834 5400 2985 5469 Quod
3038 5412 3214 5457 autem
3243 5401 3355 5457 Noe
3379 5405 3491 5474 ipse
3525 5418 3668 5457 cum.
3694 5402 3809 5456 suis

2244 5496 2464 5542 octavus
2498 5498 2826 5552 numeratur,
2878 5490 3141 5562 signiﬁcat
3188 5490 3312 5560 quia
3354 5492 3407 5545 in
3437 5490 3652 5545 Christo
3680 5503 3807 5557 spes

2247 5581 2650 5637 resurrectionis
2684 5592 2884 5638 nostrae
2924 5584 3187 5652 apparuit,
3235 5584 3359 5652 quia
3385 5590 3575 5639 octavo
3619 5579 3805 5649 dieﬁd
