3968 6328
320 269 419 324 5.1!

1347 256 1694 320 tiO)l.\iEi\’T.
1735 261 1799 314 ιδ
1840 255 2154 314 CENEsm.
2193 223 2422 310 qua.
2467 253 2524 307 u.

3432 246 3535 300 εἶΞί

320 393 426 443 est,
453 388 568 449 post
597 374 800 431 sabbati
827 375 1131 444 septimum,
1160 375 1331 443 primo
1367 391 1396 427 a
1442 373 1664 427 mortuis
1703 385 1882 423 resnr-
1910 374 1955 428 Α
1984 376 2035 421 et
2069 368 2308 436 corporis
2336 363 2566 434 perfecta
2592 371 2644 416 et
2672 360 2959 414 immortali
2997 356 3167 449 salute
3205 366 3538 449 renovatum,

320 474 464 525 rexit
492 485 506 523 :
536 469 624 534 qui
647 467 762 520 dies
791 480 821 518 a
850 466 1102 535 passione
1127 465 1334 527 tertius,
1368 465 1419 518 in
1452 477 1675 518 numero
1704 469 1882 514 autem

321 564 530 616 dierum
571 559 660 629 qui
691 572 788 627 per
815 572 974 612 omne
1002 558 1284 612 volvuntur
1310 565 1537 625 tempus,
1566 565 1622 610 et
1664 562 1886 609 octavus

321 662 381 707 et
410 651 616 722 primus
637 657 736 704 est.
760 648 912 715 Quod
944 658 1065 718 post
1091 655 1292 716 septem
1315 646 1428 701 dies
1456 661 1520 700 ex
1542 661 1649 715 quo
1685 645 1885 714 ingres-

321 721 428 796 sus
449 747 531 794 est
557 721 675 794 'Noc
695 739 747 792 in
779 753 960 794 arcam
999 737 1196 792 factum
1227 744 1310 790 est
1341 736 1620 800 diluvium,
1655 731 1890 788 ostendit

327 832 454 899 quia
477 831 530 884 in
559 845 707 899 spem
738 828 930 884 futurae
956 829 1174 895 quietis,
1204 840 1322 896 qua:
1349 828 1574 897 septimo
1607 827 1692 880 die
1712 825 1889 893 signa-

329 931 384 978 ta
407 932 510 986 est,
534 923 887 992 baptizamur.
928 921 1078 988 Quod
1107 928 1301 990 praeter
1327 934 1506 974 arcam
1541 921 1716 974 omnis
1764 931 1890 972 caro

327 1026 492 1082 quam
533 1021 673 1066 terra
723 1012 1058 1066 sustentabat
1124 1010 1321 1066 diluvio
1362 1016 1728 1064 consummata
1783 1015 1888 1070 est,

335 1101 573 1154 insinuat
603 1100 726 1169 quia
769 1107 964 1170 praeter
989 1100 1240 1154 Ecclesia:
1258 1099 1597 1164 societatem,
1622 1113 1758 1168 aqua
1801 1099 1894 1152 ba-

332 1191 542 1260 ptismi,
574 1192 818 1259 quamvis
847 1192 1034 1245 eadem
1069 1192 1157 1256 sit,
1204 1205 1308 1245 non
1338 1189 1508 1245 solum
1544 1205 1650 1244 non
1670 1189 1806 1244 valet
1829 1189 1895 1244 ad

336 1275 586 1344 salutem,
615 1281 708 1333 sed
743 1281 918 1350 potius
944 1281 1008 1334 ad
1029 1279 1342 1348 perniciem.
1369 1279 1520 1346 Quod
1547 1278 1895 1350 quadraginta

336 1371 529 1424 diebus
554 1377 607 1424 et
643 1371 992 1440 quadraginta
1018 1370 1261 1425 noctibus
1307 1370 1456 1440 pluit,
1503 1369 1746 1440 designat
1773 1369 1898 1438 quia

341 1459 519 1512 omnis
556 1468 736 1514 reatus
786 1467 1125 1530 peccatorum
1153 1460 1204 1514 in
1239 1459 1421 1516 decem
1460 1461 1742 1530 praeceptis
1768 1459 1901 1530 legis

338 1549 644 1603 admittitur
671 1563 766 1619 per
793 1551 1098 1605 universum
1120 1551 1304 1605 orbem
1335 1562 1616 1613 terrarum,
1654 1550 1745 1618 qui
1770 1564 1900 1617 qua-

344 1650 470 1695 tuor
509 1640 754 1709 partibus
805 1642 1128 1695 continetur.
1159 1641 1351 1696 Decem
1373 1641 1569 1709 quippe
1594 1647 1785 1710 quater
1809 1640 1904 1693 du-

1987 459 2038 511 in
2061 467 2271 524 :eterpze
2322 457 2446 509 vitae
2475 468 2668 507 munus
2710 460 2950 505 assumit.
3000 448 3133 513 Quia
3165 463 3291 515 ergo
3321 447 3542 514 septima

1989 547 2199 614 requies
2249 560 2372 599 cum
2407 551 2592 596 octava
2634 539 3028 594 resurrectione
3050 536 3403 604 coniungitur,
3442 536 3543 588 hoc

1988 639 2041 690 in
2068 643 2402 691 sacramento
2443 630 2888 702 regenerationis,
2933 628 2986 681 id
3037 635 3141 688 cst,
3175 625 3226 677 in
3264 625 3545 693 baptismo,

1989 728 2155 781 aitum
2183 724 2610 794 profundumque
2636 721 2949 791 mysterium
2992 727 3093 782 est,
3148 715 3289 785 quod
3337 714 3552 784 quinde

1990 818 2094 871 cim
2122 815 2316 870 cubitis
2339 814 2676 883 supercrevit
2721 827 2881 880 aqua,
2928 808 3192 864 excedens
3221 807 3551 861 altitudinem

1991 907 2270 963 montium.
2306 905 2440 961 Octo
2466 906 2645 973 itaque
2671 911 2729 956 et
2747 910 2949 971 septem
2976 901 3278 970 quindecim
3309 897 3510 952 faciunt
3537 913 3549 957 ;

1993 999 2085 1054 sed
2128 1003 2250 1052 octo
2296 995 2510 1065 signant
2545 991 3012 1054 resurrectionem,
3056 997 3256 1057 septem
3298 988 3550 1056 quietem.

1995 1090 2105 1144 Hoc
2156 1088 2318 1158 igitur
2354 1091 2749 1140 sacramentum
2803 1080 3210 1133 resurrectionis
3258 1087 3312 1132 et
3360 1074 3555 1147 quietis

1996 1177 2395 1232 transrenditur
2440 1185 2652 1228 omnem
2698 1170 3012 1239 sapientiam
3054 1167 3423 1235 superborum,
3485 1167 3558 1219 ita

1997 1279 2056 1322 ut
2077 1247 2578 1332 nullatenuspossit
2605 1262 2858 1328 indagare
2884 1259 3122 1312 scientia:
3155 1273 3263 1312 suae
3284 1256 3562 1310 altitudine

1998 1355 2406 1412 resurrectionis
2435 1353 2688 1422 quietem.
2713 1351 2780 1404 Et
2799 1351 2922 1420 quia
2943 1349 3276 1418 septuaginta
3303 1364 3331 1400 2
3355 1355 3560 1416 septem

1999 1455 2054 1502 et
2088 1446 2357 1514 octoginta
2387 1444 2452 1502 ab
2481 1450 2602 1497 octo
2637 1440 3069 1502 denominantur,
3099 1435 3387 1504 conjuncto
3409 1445 3561 1490 utro-

2003 1551 2104 1605 que
2141 1550 2384 1598 numero,
2415 1542 2628 1588 centum
2677 1531 3062 1602 quinquaginta
3098 1526 3286 1583 diebus
3335 1527 3561 1582 exaltata

2005 1636 2088 1680 est
2121 1635 2288 1694 aqua,
2328 1625 2573 1680 eamdem
2626 1624 3012 1676 commendans
3047 1620 3200 1673 nobis
3247 1628 3408 1687 atque
3442 1633 3569 1672 cnn-

337 1739 430 1785 cta
463 1697 816 1800 quadraginta
857 1731 1006 1784 ﬁunt.
1062 1729 1185 1783 Si‘ve
1225 1731 1314 1784 ille
1362 1697 1541 1784 reatus
1562 1697 1653 1798 qui
1695 1729 1762 1782 ad
1789 1729 1905 1782 dies
1934 1697 1978 1754 Β
2007 1712 2226 1768 ﬁrmans
2254 1713 2587 1766 διιίῑυάίθθῐη
2613 1709 2884 1800 δθρῑίῖεῐηίν
2939 1709 2990 1760 in
3018 1710 3567 1800 εοηδθοῗθηξίοᾜονο

342 1820 601 1889 pertinet,
633 1834 697 1874 ex
736 1830 912 1873 rerum
933 1819 1302 1888 prosperitate,
1335 1819 1447 1874 sive
1482 1819 1572 1887 qui
1603 1817 1668 1871 ad
1700 1824 1902 1880 noctes,

338 1925 414 1964 ex
451 1922 632 1964 rerum
670 1910 992 1964 adversitate
1023 1917 1348 1973 contractus,
1380 1918 1715 1965 sacramento
1735 1910 1906 1979 bapti-

343 2001 452 2057 ~smi
488 2002 722 2056 caelestis
748 2002 1002 2056 abluitur.
1034 2000 1185 2068 Quod
1218 2001 1327 2056 Noe
1354 2003 1765 2073 quingentorum
1790 2010 1910 2057 erat

350 2107 616 2147 annorum
644 2109 764 2148 cum
793 2093 842 2147 ei
894 2094 1102 2148 locutus
1130 2103 1212 2148 est
1237 2082 1494 2150 Dominus
1515 2103 1573 2147 ut
1596 2110 1775 2163 arcam
1805 2095 1908 2150 sibi

346 2182 575 2246 faceret,
627 2189 683 2235 et
719 2182 1160 2236 sexcentesimum
1188 2183 1378 2251 agebat
1427 2196 1647 2246 annum,
1705 2198 1826 2236 cum
1857 2183 1910 2236 in

349 2288 471 2328 eam
504 2271 693 2327 fuisset
717 2275 988 2343 ingressus
1013 2271 1030 2341 (
1055 2273 1193 2326 unde
1221 2273 1528 2342 intelligitur
1570 2289 1668 2342 per
1693 2284 1910 2329 centum

347 2374 526 2416 annos
559 2375 681 2416 arca
715 2360 1016 2431 fabricata),
1046 2363 1172 2431 quid
1194 2361 1336 2417 aliud
1366 2363 1452 2416 hic
1505 2363 1754 2418 videntur
1789 2379 1914 2418 cen-

353 2462 469 2506 tum
505 2451 629 2505 anni
676 2451 994 2522 signiﬁcare,
1032 2452 1132 2506 nisi
1174 2460 1356 2506 aetates
1400 2453 1634 2524 singulas
1682 2453 1863 2508 saeculi
1885 2453 1914 2506 ’ἲ

343 2543 501 2610 unde
531 2543 634 2606 ista
657 2552 806 2597 sexta
827 2553 958 2597 mtas
976 2558 1094 2612 qua:
1109 2543 1392 2613 completis
1419 2544 1723 2613 quingentis
1744 2559 1914 2613 usque

358 2633 426 2687 ad
461 2642 761 2697 sexcentos,
806 2631 1156 2702 signiﬁcatur,
1188 2633 1240 2686 in
1290 2632 1723 2686 manifestationc
1757 2648 1915 2686 evan-

356 2724 525 2792 gelica
556 2723 846 2777 Ecclesium
879 2723 1175 2786 construit;
1225 2730 1279 2775 et
1328 2722 1445 2776 ideo
1474 2722 1564 2791 qui
1596 2722 1696 2775 sibi
1726 2721 1792 2775 ad
1841 2722 1916 2775 vi-

360 2823 470 2866 tam
514 2811 765 2874 consulit,
817 2812 885 2865 sit
934 2811 1077 2866 velut
1121 2814 1437 2881 quadratum
1465 2811 1667 2885 lignum
1698 2816 1918 2881 paratus

359 2903 432 2956 ad
462 2917 620 2956 omne
641 2916 773 2971 Opus
799 2902 1016 2963 bonum,
1043 2910 1096 2955 et
1117 2902 1274 2956 intret
1291 2903 1344 2955 in
1369 2901 1628 2968 fabricam
1653 2907 1916 2965 sanctam,

353 2991 486 3060 quia
518 2999 572 3044 et
605 2989 869 3044 secundus
898 2990 1096 3044 mensis
1123 2991 1248 3043 anni
1279 2990 1672 3055 sexcentesimi,
1697 3004 1803 3059 quo
1834 2989 1917 3042 in-

365 3091 472 3135 trat
504 3079 614 3134 Noe
641 3081 692 3134 in
723 3094 925 3144 arcam,
952 3080 1192 3134 eamdem
1222 3080 1487 3133 senariam
1520 3087 1732 3134 :etatem
1763 3079 1921 3147 signi-

363 3172 510 3225 ﬁcat.
568 3171 682 3226 Duo
736 3170 876 3224 enim
914 3184 1124 3223 menses
1155 3169 1501 3240 sexagenario
1533 3183 1755 3224 numero
1794 3183 1922 3223 con-

359 3261 690 3324 eluduntur;
745 3274 775 3313 a
804 3258 1015 3314 senario
1063 3267 1236 3313 autem
1294 3274 1520 3314 numero
1549 3267 1602 3314 et
1641 3261 1918 3330 sexaginta

364 3348 831 3420 cognominantur,
862 3357 916 3402 et
940 3348 1194 3410 sexcenti,
1227 3357 1282 3402 et
1311 3362 1403 3404 sex
1435 3349 1619 3413 millia,
1661 3357 1714 3404 et
1760 3364 1918 3402 sexa-

359 3435 513 3504 ginta
566 3435 750 3501 millia,
793 3444 849 3489 et
895 3443 1145 3489 sexcenta
1179 3433 1364 3496 millia,
1397 3444 1451 3488 et
1491 3437 1810 3501 sexcenties,
1870 3445 1925 3489 et

360 3527 624 3596 quidquid
671 3525 918 3595 deinceps
958 3526 1009 3578 in
1068 3522 1357 3592 majoribus
1397 3525 1619 3580 summis
1652 3540 1751 3594 per
1781 3541 1926 3580 eum-

367 3617 491 3670 deut
527 3615 809 3669 articulum
841 3607 1045 3670 numeri
1077 3630 1174 3684 per
1198 3613 1402 3668 inﬁnita
1426 3615 1758 3670 incrementa
1779 3629 1925 3669 'eon-

365 3706 553 3775 surgit.
602 3705 668 3759 Et
697 3705 836 3773 quod
865 3700 1150 3759 vicesimus
1198 3713 1250 3760 et
1281 3705 1538 3772 septimus
1565 3705 1678 3760 dies
1729 3707 1928 3759 mensis

367 3802 837 3860 commemoratur,
867 3794 932 3848 ad
968 3795 1203 3865 ejusdem
1251 3795 1590 3864 quadratum
1619 3795 1925 3867 signiﬁcau-

363 3887 500 3938 tiam
531 3886 777 3954 pertinet,
825 3899 942 3952 qua!
972 3885 1082 3952 jam
1114 3885 1164 3938 in
1192 3885 1464 3953 quadratis
1504 3886 1660 3953 lignis
1687 3889 1925 3956 exposita

368 3957 475 4038 est,
518 3975 611 4029 sed
637 3971 723 4028 hic
745 3973 1062 4035 evidentius,
1099 3974 1220 4042 quia
1251 3989 1348 4028 nos
1378 3974 1442 4028 ad
1469 3989 1624 4029 omne
1666 3991 1800 4044 opus
1817 3977 1928 4029 ’δο-

365 4079 498 4118 num
542 4072 779 4134 paratos,
828 4063 879 4117 id
933 4073 1034 4126 est,
1090 4063 1478 4132 quodammodo
1527 4067 1927 4134 conquadratos

368 4153 606 4207 Trinitas
637 4152 860 4222 perfecit
896 4153 948 4206 in
975 4155 1231 4207 memoria
1270 4169 1372 4223 qua
1402 4155 1564 4208 Deum
1617 4156 1922 4220 recolimus,

373 4245 428 4297 in
483 4243 834 4313 intelligentia
857 4257 961 4311 qua
992 4239 1382 4313 cognoscimus,
1415 4243 1467 4296 in
1503 4244 1774 4298 voluntate
1819 4257 1924 4314 qua

2008 1801 2244 1865 homine,
2259 1802 2324 1854 ad
2352 1800 2634 1855 tenendam
2659 1799 2855 1866 quietis
2879 1808 2934 1851 et
2960 1798 3365 1851 resurrectionis
3389 1797 3565 1850 ﬁdem.

2006 1890 2157 1958 Quod
2183 1897 2304 1960 post
2331 1890 2445 1963 dies
2464 1889 2815 1958 quadraginta
2860 1887 3090 1940 emissus
3121 1900 3317 1940 corvus
3352 1901 3458 1940 non
3488 1888 3567 1940 est

2007 1995 2257 2035 reversus
2297 1987 2389 2034 aut
2435 1979 2589 2047 aquis
2626 1979 2811 2047 utique
2862 1978 3210 2047 interceptus,
3266 1983 3360 2031 aut
3384 1978 3567 2046 aliquo

2010 2069 2373 2142 supernatanti
2413 2071 2678 2124 cadavere
2731 2069 2960 2132 illectus,
3001 2067 3268 2136 signiﬁcat
3325 2069 3568 2133 homines

2012 2163 2067 2218 in
2109 2162 2444 2217 immunditia
2469 2156 2780 2230 cupiditatis
2807 2161 3147 2224 deterrimos,
3183 2167 3241 2214 et
3269 2159 3337 2215 ob
3370 2160 3470 2215 hoc
3507 2162 3570 2212 ad

2011 2270 2072 2310 ea
2105 2270 2222 2325 qua:
2249 2253 2382 2308 foris
2411 2261 2534 2308 sunt
2567 2253 2618 2306 in
2649 2253 2749 2308 hoc
2775 2254 2972 2308 mundo
2992 2251 3164 2336 nimis
3197 2251 3452 2314 intentos,
3487 2263 3575 2303 aut

2013 2344 2350 2414 rebap'tizari,
2399 2350 2493 2396 aut
2546 2343 2613 2397 ab
2643 2343 2724 2396 bis
2751 2356 2887 2412 quos
2924 2348 3120 2413 praeter
3144 2345 3349 2406 arcam,
3381 2342 3430 2395 id
3469 2350 3573 2403 est,

2010 2446 2203 2507 praeter
2245 2435 2562 2499 Ecclesiam,
2611 2435 2909 2510 baptismus
2944 2434 3164 2499 occidit,
3191 2434 3373 2490 seduci
3415 2443 3468 2488 et
3496 2445 3568 2489 te-

2013 2528 2148 2581 neri.
2202 2525 2354 2594 Quod
2382 2527 2629 2582 columba
2657 2529 2854 2582 emissa
2881 2543 2988 2582 non
3033 2529 3249 2595 inventa
3281 2529 3460 2598 quiete
3497 2543 3581 2581 re.-

2014 2631 2168 2671 versa
2194 2617 2295 2682 est,
2339 2617 2569 2672 ostendit
2594 2633 2690 2687 per
2711 2633 2908 2672 novum
2943 2625 3319 2674 testamentum
3341 2619 3577 2687 requiem

2015 2707 2218 2760 sanctis
2267 2707 2320 2761 in
2373 2707 2474 2761 hoc
2506 2707 2706 2762 mundo
2739 2723 2846 2761 non
2898 2722 3020 2762 esse
3064 2709 3400 2778 promissam.
3459 2707 3579 2761 Post

2015 2799 2368 2870 quadraginta
2381 2799 2545 2882 .enim
2597 2798 2710 2854 dies
2732 2801 2930 2854 emissa
2960 2808 3062 2865 est,
3106 2801 3195 2868 qui
3225 2815 3478 2854 numerus
3509 2799 3580 2851 \i-

2019 2901 2127 2943 tam
2158 2905 2276 2959 qua:
2319 2891 2370 2943 in
2427 2891 2528 2944 hoc
2581 2891 2780 2944 mundo
2816 2891 2993 2960 agitur
3042 2883 3582 2962 signiﬁcatheinde

2019 2989 2142 3048 post
2193 2989 2396 3049 septem
2448 2981 2562 3035 dies
2612 2981 2833 3045 emissa,
2874 2997 2969 3050 per
3036 2982 3180 3035 illam
3226 2983 3583 3052 septetiariatn

2022 3070 2390 3139 Operationcm
2440 3071 2772 3140 spiritualem
2830 3070 2982 3124 oliva:
3018 3061 3349 3125 fructuosum
3401 3087 3586 3125 surcu-

2020 3159 2128 3212 lum
2160 3160 2344 3213 retulit
2374 3178 2386 3211 :
2417 3175 2524 3228 quo
2554 3159 2883 3229 signiﬁcaret
2927 3159 3207 3214 nonnullos
3235 3161 3396 3212 etiam
3437 3169 3586 3214 extra

2020 3247 2313 3302 Ecclesiam
2353 3246 2670 3317 baptizatos,
2721 3250 2762 3302 si
2803 3249 2882 3302 eis
2909 3250 3176 3319 pinguedo
3206 3265 3307 3303 non
3357 3248 3587 3304 defuerit

2020 3336 2321 3400 charitatis,
2368 3339 2663 3406 posteriore
2688 3347 2925 3406 tempore
2957 3339 3008 3391 in
3031 3352 3124 3393 ore
3150 3339 3429 3402 columba),
3474 3349 3585 3392 tan-

2021 3443 2182 3496 quam
2226 3427 2280 3480 in
2305 3426 2489 3482 osculo
2516 3423 2683 3496 pacis,
2728 3427 2795 3480 ad
2826 3426 3048 3481 unitatis
3084 3428 3390 3482 societatem
3430 3440 3587 3497 posse

2019 3518 2258 3586 perduci.
2298 3517 2450 3584 Quod
2477 3527 2658 3572 autem
2696 3526 2816 3585 post
2845 3517 2979 3570 alios
3021 3515 3227 3589 septem
3259 3519 3582 3575 dics.dcnuo

2024 3607 2219 3662 emissa
2268 3623 2375 3666 non
2426 3616 2513 3662 est
2564 3622 2801 3670 reversa,
2852 3607 3118 3678 signiﬁcat
3172 3609 3330 3662 linem
3386 3609 3583 3669 surculi.

2025 3703 2239 3773 quapdo
2265 3703 2370 3757 erit
2397 3710 2706 3757 sanctorum
2736 3703 2950 3771 requies
2985 3719 3088 3756 non
3119 3703 3291 3758 adhuc
3324 3704 3378 3758 in
3409 3719 3588 3758 sacra-

2028 3780 2212 3852 mento
2247 3793 2381 3865 spei,
2409 3811 2520 3864 'quo
2557 3797 2608 3850 in
2633 3796 2736 3850 hoc
2765 3804 3003 3863 tempore
3042 3797 3281 3878 Ecclesia
3310 3798 3587 3872 consocia-

2028 3899 2135 3952 tur,
2167 3889 2405 3958 quandiu
2435 3889 2635 3945 bibitur
2665 3889 2718 3940 id
2768 3888 2908 3958 quod
2939 3888 3002 3941 de
3047 3888 3212 3942 latere
3241 3888 3440 3943 Christi
3479 3903 3591 3942 ma-

2027 3980 2196 4045 navit,
2226 3981 2318 4034 sed
2341 3981 2452 4048 jam
2489 3980 2544 4033 in
2599 3979 2711 4047 ipsa
2760 3978 3089 4046 perfectione
3136 3979 3326 4032 salutis
3373 3987 3590 4042 nostrae,

2028 4087 2150 4126 cum
2191 4071 2432 4125 tradetur
2481 4067 2706 4136 regnum
2745 4067 2853 4121 Deo
2878 4066 3122 4130 etPatri,
3175 4070 3310 4122 utin
3344 4069 3430 4124 illa
3472 4085 3592 4139 per-

2028 4163 2210 4231 spicua
2231 4161 2684 4230 contemplatione
2712 4160 3162 4214 incommutabilis
3183 4161 3442 4223 veritatis,
3475 4161 3594 4214 nul-

2027 4249 2092 4306 lis
2143 4249 2455 4306 ministeriis
2482 4249 2848 4319 corporalibus
2891 4251 3160 4319 egeamiis.
3193 4251 3344 4316 Quod
3374 4266 3595 4306 sexcen-

368 4334 659 4404 diligimus.
690 4330 816 4386 Tria
860 4334 1002 4386 enim
1035 4341 1136 4398 ter,
1181 4342 1235 4388 et
1258 4334 1362 4392 hoc
1415 4345 1514 4398 ter,
1579 4337 1713 4391 ﬁunt
1739 4337 1925 4408 viginti
1958 4357 2008 4419 θ
2037 4342 2226 4396 tesimo
2265 4350 2316 4395 et
2346 4354 2452 4394 uno
2480 4353 2619 4393 anno
2647 4340 2769 4392 vitae
2801 4337 2932 4400 Noe,
2956 4340 3006 4393 id
3038 4349 3136 4401 est,
3188 4340 3422 4406 peractis
3468 4354 3590 4394 sex-

367 4433 596 4492 septem,
648 4423 738 4492 qui
786 4431 868 4476 est
905 4423 1109 4477 numeri
1164 4424 1385 4478 ternarli
1412 4426 1724 4494 quadratus.
1778 4427 1929 4494 Quod

368 4515 596 4584 septimo
619 4529 801 4570 mense
827 4529 952 4572 arca
984 4512 1141 4579 sedit,
1171 4515 1272 4570 hoc
1301 4524 1406 4580 est,
1452 4519 1734 4586 requievit.
1775 4519 1840 4573 ad
1863 4519 1926 4573 il-

365 4605 474 4658 lam
523 4605 801 4674 septimam
839 4604 1075 4673 requiem
1139 4605 1459 4678 signiﬁcatio
1511 4610 1761 4672 recurrit,
1801 4612 1924 4680 quia

368 4696 590 4765 perfecti
623 4700 983 4766 requiescunt,
1014 4699 1100 4752 ubi
1141 4714 1350 4769 quoque
1401 4699 1537 4753 illius
1560 4734 1565 4739 -
1589 4703 1928 4769 quadratum:

371 4801 626 4842 numerus
652 4788 895 4842 iteratur.
921 4788 1050 4841 Nam
1081 4788 1329 4842 vicesima
1356 4789 1578 4856 septima
1601 4789 1683 4846 die
1709 4789 1926 4843 secundi

369 4877 590 4951 mensis,
647 4877 1072 4933 commendatum
1129 4886 1210 4942 est
1254 4877 1355 4930 boc
1413 4884 1833 4943 sacramentum,
1873 4887 1927 4932 et

372 4980 558 5020 rursus
584 4959 835 5021 vicesima
875 4968 1102 5036 septima
1132 4968 1218 5021 die
1272 4967 1483 5036 septimi
1508 4970 1711 5024 mensis
1739 4951 1926 5024 eadem

371 5051 761 5127 commendatio
813 5055 1124 5109 conﬁrmata
1158 5065 1265 5117 est,
1322 5071 1442 5111 eum
1487 5063 1611 5111 area
1645 5059 1924 5126 requievit.

286 5131 294 5146 ’
372 5140 526 5205 Quod
551 5142 695 5194 enim
736 5144 1061 5212 promittitur
1086 5145 1135 5198 in
1170 5159 1283 5214 spe,
1318 5147 1418 5199 hoc
1441 5147 1723 5200 exhibetur
1752 5149 1803 5199 in
1847 5159 1923 5203 re.

377 5231 542 5284 l’m-ro
577 5231 700 5300 quia
729 5233 846 5301 ipsa
883 5234 1106 5302 septima
1138 5237 1348 5302 requies
1370 5251 1489 5289 cum
1519 5244 1707 5289 octava
1749 5250 1929 5290 resur-

376 5323 614 5376 rectione
637 5323 992 5392 conjungitnr,
1022 5325 1286 5394 signiﬁcat
1316 5327 1455 5392 quod
1483 5339 1653 5392 neque
1708 5325 1932 5379 resusci-

377 5420 489 5465 tato
523 5424 744 5478 corpore
773 5409 954 5464 ﬁnitur
989 5413 1219 5480 requies,
1263 5428 1380 5480 quas
1425 5421 1544 5480 post
1583 5411 1721 5465 hanc
1764 5413 1928 5466 vitam

374 5500 575 5569 excipit
625 5509 855 5563 sanctos,
911 5500 1001 5553 sed
1051 5503 1225 5568 potius
1278 5510 1444 5553 totum
1495 5499 1763 5553 hominem
1825 5516 1928 5556 non

375 5593 550 5647 adhuc
574 5607 684 5661 spe,
709 5590 800 5646 sed
838 5589 944 5656 jam
980 5605 1033 5642 re
1067 5591 1176 5658 ipsa
1239 5607 1300 5644 ex
1327 5576 1481 5643 omni,
1518 5600 1666 5657 parte
1707 5591 1928 5660 spiritus

655 5683 921 5742 ΡΑτηοι..
968 5681 1146 5742 CVII.

2033 4433 2204 4486 centis
2227 4431 2398 4491 annis,
2445 4429 2681 4499 aperitur
2721 4445 2858 4482 arca:
2889 4437 3106 4490 tectum,
3135 4429 3400 4499 signiﬁcat
3449 4430 3592 4498 quod

1971 4589 1976 4593 δ
2035 4521 2184 4574 ﬁnita
2212 4528 2358 4573 sexta
2397 4526 2555 4572 {etate
2602 4517 2799 4576 Seeculi,
2865 4514 3185 4571 reveiabitur
3217 4517 3589 4572 absconditum

2034 4617 2429 4664 sacramentum
2477 4617 2636 4676 atque
2679 4609 3016 4676 promissum.
3083 4607 3191 4661 Cur
3246 4608 3497 4660 vicesimo
3541 4617 3596 4661 et

2033 4701 2259 4770 septimo
2279 4699 2365 4753 die
2403 4698 2622 4754 secundi
2672 4699 2870 4752 mensis
2926 4699 3120 4753 dicitur
3152 4700 3381 4752 siccassc
3429 4706 3588 4757 terra.

2034 4772 2288 4858 tanquam
2316 4787 2464 4841 ﬁnita
2513 4795 2656 4841 esset
2683 4785 2794 4854 jam
2824 4786 3127 4856 baptizandi
3154 4785 3464 4844 necessitas.
3491 4787 3591 4839 nisi

2029 4878 2152 4947 quia
2194 4878 2250 4930 in
2284 4880 2518 4932 nurnero
2546 4877 2758 4930 dierum
2798 4876 3237 4946 quinquagesimo
3274 4885 3328 4929 et
3367 4877 3593 4944 septimo

2030 4967 2167 5037 (ipse
2193 4975 2273 5021 est
2301 4967 2443 5020 enim
2475 4964 2588 5019 dies
2618 4965 2833 5018 secundi
2867 4977 3066 5018 mensas
3093 4965 3380 5023 vicesimus
3424 4959 3591 5033 sep’ti-

2033 5056 2172 5124 mus)
2203 5053 2613 5109 resurrectionis
2663 5062 2872 5121 tempus
2907 5052 3241 5122 exprimitur,
3273 5069 3378 5122 quo
3407 5069 3589 5108 sacra-

2035 5155 2272 5200 mentum
2294 5142 2627 5212 baptismatis
2644 5141 2988 5210 completur?
3017 5142 3114 5208 Qui
3141 5135 3392 5196 numerus
3420 5159 3491 5197 ex
3507 5140 3590 5195 illa

2033 5236 2401 5308 conjunctione
2450 5233 2669 5302 spiritus
2698 5241 2752 5285 et
2806 5234 3065 5302 corporis,
3129 5234 3325 5303 septies
3373 5243 3594 5289 octonos

2033 5328 2210 5388 habet,
2250 5339 2355 5378 uno
2405 5322 2586 5377 addito
2628 5331 2844 5391 propter
2895 5324 3114 5377 unitatis
3165 5323 3452 5376 vinculum.
3483 5322 3591 5376 Cur

2033 5416 2098 5470 de
2128 5429 2251 5468 arca
2278 5413 2546 5483 conjuncti
2597 5423 2795 5466 exeunt
2827 5414 2915 5481 qui
2971 5412 3216 5481 disjuncti
3259 5413 3595 5467 intraverunt

2034 5503 2131 5570 (sic
2157 5501 2301 5554 enim
2341 5500 2541 5555 dictum
2577 5489 2715 5562 erat,
2746 5501 2886 5568 quod
2944 5501 3271 5553 intraverunt
3311 5501 3588 5554 inm-ram

2035 5591 2160 5654 Non,
2198 5602 2249 5646 et
2300 5591 2390 5644 ﬁlii
2425 5590 2560 5656 ejus,
2599 5601 2651 5644 et
2694 5606 2828 5644 uxor
2877 5589 2990 5656 ejus
3033 5598 3084 5641 et
3138 5605 3330 5642 "tores
3361 5591 3584 5644 ﬁliorum

3083 5681 3152 5738 17
