3968 6340
517 341 621 392 5ἰὸ
646 361 648 363 ’

492 420 889 517 augeor/gum
919 440 1038 503 γετί,
1063 449 1116 493 οι
1137 450 1377 493 seorsum
1422 434 1632 488 femina:
1662 439 2051 494 commemora-
2073 416 2129 484 Ἀ
2157 419 2269 488 ejus
2296 421 2414 486 post
2433 409 2688 466 diluvium
2722 406 2924 462 diceret
2958 423 2970 458 :
3000 404 3220 460 Crescite
3243 413 3290 458 et
3330 401 3708 469 multiplicami-

1950 514 1958 517 _
2025 511 2035 517 .
2203 512 2213 517 -
2437 508 2448 517 .
2485 509 2498 517 .
2554 509 2738 517 .__._._._-
2815 495 3038 517 __-L.I2J:a
3071 512 3082 517 -
3127 493 3186 517 ι’.
3235 499 3399 517 .-.μέρ-
3445 499 3611 517 ..-ρορ-
3655 503 3708 517 ,Α

515 511 579 592 ιᾶξ
603 532 772 605 sunt),
813 532 914 586 nisi
940 529 1078 598 quod
1112 528 1163 581 in
1195 528 1294 600 hoc
1328 534 1564 592 tempore
1595 534 1716 592 caro
1748 511 2057 584 concupiscit

513 601 758 680 adversus
781 621 1041 690 spiritum,
1078 616 1287 685 spiritus
1331 619 1501 664 autem
1528 607 1774 670 adversus
1806 601 2060 671 carnem?

516 713 713 782 (Galat.
742 710 820 779 v.)
864 703 1204 763 Postmodum
1240 709 1416 778 aptem
1458 705 1654 753 exeunt
1688 694 1798 765 Noe
1822 699 1877 748 et
1924 705 2061 774 uxor

515 772 652 870 ejus,
677 798 770 855 filii
799 772 915 864 ejus
938 805 992 849 et
1018 805 1210 846 uxores
1237 772 1463 842 filiorum
1487 785 1604 854 ejus
1631 801 1643 835 :
1686 783 1789 844 hoc
1813 780 1911 842 'est
1934 772 2061 835 con-
2121 831 2136 839 ν,

511 868 684 962 juncti
722 881 942 942 masculi
987 890 1042 936 ot
1068 878 1297 934 feminze.
1327 875 1450 944 quia
1478 875 1532 926 in
1579 871 1682 937 line
1703 868 1882 925 szeculi
1903 875 2063 943 atque

517 955 570 1038 in
623 968 1009 1036 resuri’ectioue
1056 969 1346 1038 iustorum,
1399 960 1701 1018 omnimoda
1735 960 1793 1015 et
1829 955 2063 1034 perfecta

458 1113 460 1115 .
514 1084 644 1139 pace
673 1063 878 1136 spiritui
931 1073 1124 1128 corpus
1151 1053 1458 1121 adhaerebit,
1506 1045 1650 1105 nulla
1692 1043 2065 1124 mutabilitatis

515 1156 803 1228 indigentia
847 1151 928 1206 vel
956 1145 1383 1218 concupiscentia
1414 1141 1714 1218 resistente.

585 1211 882 1312 idiﬁcavit
909 1250 1079 1294 autem
1105 1211 1217 1306 Noe
1240 1232 1408 1304 altari;
1423 1214 1680 1295 Domino;
1716 1239 1775 1293 et,
1787 1226 1976 1294 tollens
2002 1226 2064 1279 de
2091 1211 2094 1213 λ

517 1309 994 1405 cunctis-pecoribus
1030 1338 1075 1384 et
1112 1325 1398 1398 volucribus
1439 1309 1675 1384 mundis,
1701 1317 1880 1373 obtulit
1919 1315 2066 1370 holo-

519 1436 696 1486 causta
721 1404 872 1493 super
904 1422 1068 1475 altare
1107 1409 1342 1470 Domino.
1378 1412 1742 1479 Odoratusque
1777 1417 1848 1461 est
1887 1404 2065 1460 Domi-

521 1534 614 1569 nus
657 1514 862 1567 odorem
908 1506 1194 1566 suavitatis,
1226 1513 1272 1556 et
1314 1501 1386 1554 ait
1419 1497 1650 1574 adeum
1675 1511 1693 1548 :
1727 1496 2063 1565 Nequaquam

521 1605 656 1658 ultra
696 1598 998 1655 maledicam
1047 1603 1199 1649 terra:
1236 1600 1445 1662 prapter
1486 1588 1736 1642 homines.
1785 1583 1922 1652 Quid
1948 1582 2065 1664 .sibi

521 1695 632 1747 vult
658 1691 795 1760 quod
821 1687 1077 1743 Dominus
1112 1684 1239 1756 dicit
1279 1699 1291 1735 :
1325 1679 1444 1734 Non
1468 1678 1719 1749 adjiciam
1757 1676 1928 1730 adhuc
1954 1691 2067 1727 ma-

519 1783 736 1838 ledicere
782 1769 934 1851 super
965 1788 1154 1831 terram
1198 1782 1401 1843 propte:
1438 1787 1592 1840 opera
1633 1768 1917 1830 hominum,
1943 1765 2065 1837 quia
2096 1749 2139 1808 Β

522 1875 754 1943 apposita
777 1883 847 1925 est
875 1886 1014 1924 mens
1040 1867 1302 1924 hominum
1326 1863 1392 1918 ad
1421 1862 1675 1916 malitiam
1708 1878 1738 1915 a
1756 1857 2069 1930 juventute?

521 1963 635 2017 Non
665 1961 906 2029 adjiciam
933 1973 1084 2028 ergo,
1109 1956 1298 2025 inquit,
1348 1955 1521 2008 adhuc
1549 1958 1830 2021 percutere
1857 1960 2068 2004 omnem

519 2053 734 2116 Carnem
763 2048 957 2109 vivam,
983 2043 1427 2115 quemadmodum
1450 2039 1575 2104 feci,
1602 2047 1655 2094 et
1679 2037 1872 2100 deinde
1919 2034 2067 2102 adje-

523 2146 595 2200 cit
637 2157 755 2213 quas
797 2138 1084 2195 secundum
1124 2135 1424 2206 largitatem
1470 2129 1728 2187 bonitatis
1771 2141 1882 2182 suae
1907 2125 2070 2180 donat

523 2212 826 2288 hominibus
867 2223 1115 2298 indignis.
1150 2221 1343 2280 Utrum
1381 2221 1470 2276 hic
1515 2215 1818 2274 testamenti
1847 2212 1969 2269 novi
1990 2212 2071 2266 in-

524 2319 792 2393 dulgentia
840 2317 1064 2390 figurata
1113 2312 1202 2378 sit,
1232 2319 1285 2367 et
1330 2310 1597 2382 przeterita
1643 2306 1775 2361 ultio
1801 2305 1868 2360 ad
1921 2311 2071 2358 vetus

524 2411 790 2480 pertineat
830 2393 1226 2475 testamentum,
1253 2402 1354 2456 hoc
1387 2409 1471 2454 est
1492 2397 1620 2453 illud
1645 2397 1711 2452 ad
1741 2395 1873 2467 legis
1917 2407 2067 2448 seve-

523 2502 752 2563 ritatem,
778 2498 880 2552 hoc
906 2497 972 2552 ad
995 2494 1177 2568 gratiae
1198 2490 1536 2548 bonitatem?

590 2587 781 2644 Sensus
816 2578 972 2651 enim,
1004 2583 1194 2653 inquit,
1246 2591 1292 2636 et
1318 2579 1557 2651 cogitatio
1580 2576 1794 2632 humani
1805 2574 1988 2639 cordis
2017 2573 2071 2626 in

520 2679 714 2732 malum
746 2692 922 2748 prona.
944 2674 1062 2728 sunt
1098 2672 1162 2726 ab
1187 2668 1530 2725 adolescentia
1557 2683 1674 2722 sua.
1703 2661 2071 2732 Corruptionis

522 2766 716 2824 malum
745 2765 883 2835 quod
903 2761 1262 2833 unusquisque
1283 2766 1519 2822 nostrum
1543 2757 1610 2810 ab
1629 2762 1752 2809 ortu
1779 2751 2069 2807 desiderio-

522 2870 639 2910 .‘um
664 2852 954 2906 carnalium
988 2849 1233 2918 sumpsit,
1270 2847 1323 2900 in
1367 2844 1663 2916 profectum
1710 2839 1886 2896 astatis
1915 2853 2073 2895 exer-

524 2952 634 3006 cet,
682 2951 738 2996 et
762 2942 859 2995 nisi
906 2942 1007 2994 hoc
1034 2940 1191 2993 citius
1219 2937 1410 2993 divina:
1452 2932 1764 2990 formidinis
1780 2944 1970 2984 manus
1998 2943 2075 2982 re-

525 3034 742 3102 primat,
761 3043 920 3085 omne
949 3030 1172 3084 condita:
1198 3035 1400 3081 natura:
1425 3026 1646 3087 bonum,
1671 3030 1894 3092 repente
1922 3021 2074 3089 culpa

530 3123 582 3176 in
609 3120 928 3191 profundum
977 3125 1146 3172 vorat.
1187 3113 1353 3168 Nemo
1378 3113 1542 3184 igitur
1568 3111 1667 3165 sibi
1692 3108 2075 3180 cogitationum

527 3225 744 3280 suarum
771 3206 1048 3263 victoriam
1074 3204 1291 3280 tribuat,
1309 3217 1427 3257 cum
1451 3198 1736 3271 Apostolus
1763 3197 1906 3252 dicat
1929 3214 1942 3249 :
1965 3193 2073 3248 Ne-

525 3318 622 3372 que
643 3302 730 3372 qui
764 3299 962 3371 plantat
1001 3306 1074 3351 est
1097 3294 1314 3366 aliquid,
1355 3307 1514 3362 neque
1542 3291 1631 3362 qui
1667 3290 1832 3360 rigat;
1878 3286 1968 3341 sed
1989 3287 2076 3357 qui

526 3393 890 3443 incrementum
912 3386 1001 3440 dat
1044 3384 1182 3439 Deus
1209 3383 1260 3454 (1
1286 3380 1406 3437 Cor.
1444 3379 1547 3452 ut).

595 3481 743 3550 (CAP.
776 3479 876 3551 Ix.)
897 3476 1119 3533 Crescite
1137 3485 1183 3530 et
1207 3472 1640 3544 multiplicamini,
1660 3480 1707 3524 et
1729 3468 1934 3541 implete
1969 3477 2073 3522 ter-

501 3636 504 3638 ,
527 3588 672 3635 ram;
692 3580 740 3625 et
781 3580 946 3623 terror
971 3574 1131 3622 vester
1152 3575 1199 3619 et
1246 3575 1436 3618 tremor
1456 3559 1519 3616 sit
1547 3577 1702 3631 super
1731 3568 1920 3638 cuncta
1961 3558 2074 3611 ani-

528 3662 687 3717 utalia
715 3673 885 3716 teme.
932 3656 1239 3713 Potentibus
1285 3655 1413 3708 viris
1437 3667 1627 3722 magna
1657 3658 1738 3704 est
1775 3631 1947 3702 virtus
1972 3647 2074 3700 hu-

528 3752 766 3809 militatis
794 3746 1166 3808 consideratio,
1195 3744 1475 3814 :cqualitas
1502 3739 1843 3797 conditionis.
1875 3738 2077 3794 Omnes

532 3857 760 3910 namque
786 3839 1026 3893 homines
1057 3844 1243 3889 natura
1271 3832 1500 3903 arquales
1523 3845 1746 3894 sumus;
1776 3829 1868 3883 sed
1892 3840 2074 3881 acces-

533 3936 603 3989 sit
632 3928 1020 4001 dispensatorio
1046 3926 1232 3981 ordine
1258 3921 1644 3993 atquibusdam
1668 3917 1881 3988 prmlati
1902 3916 2077 3971 videa-

532 4044 671 4084 mur.
697 4025 752 4082 Si
783 4025 943 4097 igitur
968 4023 1069 4077 hoc
1095 4035 1125 4074 a
1151 4027 1328 4074 mente
1352 4013 1722 4087 deprimimus,
1759 4011 1900 4081 quod
1940 4017 2076 4064 tem-

531 4117 786 4194 poraliter
815 4112 1059 4176 accessit,
1089 4109 1386 4165 invenimus
1416 4105 1574 4160 citius
1596 4102 1737 4173 quod
1762 4099 2081 4156 naturaliter

533 4223 734 4262 sumus.
781 4203 1097 4271 Plerumque
1122 4200 1261 4255 enim
1302 4197 1544 4253 animose
1576 4198 1791 4264 accepta
1843 4197 2081 4262 potestas

533 4299 714 4363 oflicit,
765 4310 987 4365 eumque
1017 4292 1230 4348 tumidis
1261 4286 1671 4360 cogitationibus
1711 4282 1874 4357 fallit.
1904 4279 2078 4334 Manu

2157 512 2213 561 ni
2245 518 2292 562 et
2343 508 2528 580 reptet;
2550 509 2764 561 terram,
2813 495 3083 550 subdidit:
3120 493 3186 548 Et
3232 499 3399 547 terror
3445 499 3611 545 uester
3652 503 3711 541 ac

2157 579 2348 654 tremor
2389 593 2453 647 sit
2494 603 2648 664 super
2693 595 2883 642 cuncta
2920 584 3170 640 animalia
3217 593 3370 639 terra!
3415 579 3568 651 (Gen.
3609 580 3709 651 Ix).

2109 685 2113 690 ’
2159 689 2329 762 Homo
2352 685 2545 758 quippe
2563 681 2882 744 animalibus
2907 675 3382 740 irrationabilibus,
3405 689 3509 729 non
3535 680 3711 728 autem

2159 769 2716 847 ceterisbominibus,
2744 779 2935 824 natura
2978 765 3230 845 praelatus
3267 773 3380 830 est;
3435 771 3488 820 et
3516 762 3716 817 idcirco

2159 867 2207 920 ei
2242 855 2516 940 diciturut
2548 861 2872 940 aniipalihus.
2895 866 2951 912 et
2973 871 3076 911 non
3116 855 3185 909 ab
3208 854 3421 910 homine
3445 853 3714 912 timeatur,

2160 935 2301 1026 quia.
2324 935 2507 1022 contra
2535 934 2778 1008 naturam
2808 946 3083 1020 superbire
3111 953 3214 1011 est,
3242 945 3308 1000 ab
3336 943 3550 1026 aequali
3585 939 3716 998 velle

2162 1011 2357 1100 limeri.
2396 1020 2585 1101 cuncti
2621 1055 2750 1111 ergo
2791 1011 3155 1111 quiprmsunt,
3179 1048 3283 1088 non
3308 1034 3360 1086 in
3390 1011 3454 1086 se
3481 1011 3740 1101 pdtesta?

2163 1146 2269 1192 tem
2311 1136 2505 1201 debent
2549 1130 2772 1194 ordinis,
2801 1117 2911 1186 sed
2940 1125 3299 1197 :equaiitatern
3335 1138 3564 1194 pensare
3594 1138 3717 1179 con-

2162 1227 2397 1282 ditionis.
2448 1223 2604 1288 Nam,
2651 1222 2791 1277 sicut
2821 1219 3077 1282 diximus,
3099 1205 3310 1284 antiqui
3336 1221 3516 1283 patres
3552 1213 3718 1265 nostri

2162 1327 2403 1388 pastores
2428 1330 2680 1387 pecorum
2716 1321 2768 1368 et
2803 1328 2907 1367 non
2932 1324 3086 1378 reges
3108 1307 3381 1363 hominum
3415 1303 3580 1358 fuisse
3607 1317 3718 1355 me-

2164 1414 2457 1470 morantur,
2500 1412 2562 1477 et
2601 1413 2778 1457 tamen
2803 1400 3023 1456 necesse
3069 1406 3152 1454 est
3176 1403 3235 1462 ut
3272 1403 3507 1450 rectores
3536 1407 3565 1445 a
3602 1390 3723 1446 sub-

2164 1497 2290 1552 ditis
2319 1496 2625 1554 timeantur,
2653 1491 2866 1560 quando
2909 1491 2974 1544 ab
2998 1490 3076 1543 eis
3103 1488 3268 1542 Deum
3299 1484 3518 1538 minime
3543 1480 3717 1535 timeri

2165 1581 2667 1653 deprehenduntur,
2703 1586 2762 1632 ut
2801 1579 3032 1632 humana
3062 1574 3249 1653 saltem
3271 1570 3560 1626 formidine
3605 1583 3722 1645 pec~

2166 1643 2292 1725 care
2339 1673 2601 1745 metuant,
2644 1643 2748 1736 qui
2791 1664 2967 1737 divina
3012 1646 3209 1733 judicia
3253 1674 3357 1713 non
3414 1643 3718 1712 formidant.

2168 1744 2511 1829 Nequaquam
2557 1768 2784 1824 namque
2834 1749 3102 1822 praepositi
3139 1763 3206 1802 ex
3244 1748 3345 1804 hoc
3390 1746 3615 1815 quaesito
3654 1744 3720 1796 Ii-

2167 1866 2315 1907 tnore
2349 1848 2676 1920 superbiant,
2731 1844 2784 1899 in
2837 1858 2951 1915 quo.
2995 1856 3099 1896 non
3144 1855 3295 1893 suam
3345 1837 3589 1909 gloriam,
3632 1835 3726 1890 sed

2168 1938 2496 1996 subditorum
2544 1931 2806 2006 justitiam
2859 1940 3120 2002 quaerunt.
3154 1929 3210 1982 ln
3269 1943 3331 1983 eo
3370 1935 3548 1981 autem
3584 1923 3723 1995 quod

2167 2039 2366 2088 metum
2406 2030 2505 2084 sibi
2547 2048 2577 2084 a
2625 2039 2873 2096 perverse
2929 2021 3234 2087 viventibus
3277 2020 3519 2091 exigunt,
3573 2016 3726 2086 quasi

2168 2139 2272 2178 non
2323 2119 2648 2181 hominibus,
2687 2116 2782 2172 sed
2833 2113 3152 2170 animalibus
3206 2111 3571 2172 dominantur,
3600 2107 3729 2179 quia

2167 2201 2414 2269 videlicet
2472 2226 2537 2266 ex
2593 2223 2694 2278 qua
2735 2214 2888 2276 parte
2935 2201 3184 2258 bestiales
3230 2209 3354 2256 sunt
3398 2198 3621 2260 subditi,
3658 2211 3728 2249 ex

2168 2321 2228 2360 ea
2279 2303 2440 2358 etiam
2471 2301 2666 2356 debent
2691 2297 2974 2353 formidine
3015 2295 3194 2364 jacere
3218 2289 3492 2348 substrati.

2240 2393 2403 2449 Omne
2445 2391 2583 2464 quod
2610 2399 2839 2444 movetur
2868 2401 2914 2441 et
2961 2387 3100 2450 civit,
3132 2385 3228 2438 erit
3265 2381 3401 2437 vobis
3440 2383 3494 2434 in
3531 2380 3739 2439 cibum.-

2168 2487 2317 2560 quasi
2340 2485 2479 2540 olera
2505 2483 2738 2542 virentia.
2765 2480 3051 2546 Quaeritur,
3076 2493 3173 2533 cur
3197 2491 3320 2532 esus
3339 2473 3581 2529 carnium
3607 2480 3732 2543 post

2170 2574 2424 2645 diluvium
2443 2572 2646 2628 homini
2663 2567 2974 2625 conceditur
2994 2575 3048 2622 et
3068 2581 3174 2620 non
3191 2573 3313 2620 ante
3329 2564 3353 2618 ἲ
3397 2562 3623 2632 Propter
3648 2561 3734 2615 in-

2172 2666 2764 2724 fecunditatemterrge,
2807 2669 2867 2713 ut
2894 2657 3212 2723 mstimatur,
3240 2663 3293 2710 et
3333 2653 3569 2710 hominis
3622 2651 3734 2704 La.-

2172 2759 2449 2830 gilitatem.
3065 2795 3068 2798 .
3273 2804 3275 2806 .
3380 2818 3383 2819 ν

2245 2848 2462 2920 Tradidi
2501 2844 2642 2902 vobis
2682 2846 2878 2907 omnia,
2923 2851 3131 2912 excepto
3162 2841 3302 2913 quod
3351 2854 3556 2895 carnem
3610 2853 3736 2899 cum

2175 2937 2424 3010 sanguine
2492 2952 2594 2989 non
2656 2931 2949 2988 comedetis.
2981 2929 3145 3000 Quod
3198 2934 3422 3004 excepto
3471 2925 3734 2995 sanguine

2172 3023 2428 3097 iubentur
2507 3037 2725 3078 carnem
2795 3019 3157 3080 manducare,
3217 3031 3284 3070 ne
3336 3000 3444 3089 vita
3507 3013 3740 3085 pristina

2104 3077 2331 3186 C'quasi
2381 3109 2633 3168 sull‘ocata
2686 3110 2738 3164 in
2788 3106 3111 3164 conscientia
3145 3077 3448 3165 teneatur,
3493 3077 3604 3174 sed
3639 3101 3738 3153 ha-

2173 3207 2297 3261 beat
2327 3213 2577 3271 tanquam
2605 3192 2916 3254 efiusionem
2970 3211 3065 3266 per
3089 3193 3502 3256 confessionem.

2244 3277 2558 3365 Sanguinein
2603 3286 2737 3344 enim
2793 3289 3089 3350 animarum
3134 3287 3421 3340 vestrarum
3472 3282 3742 3352 requirens

2172 3388 2236 3442 de
2263 3403 2420 3440 manu
2442 3393 2748 3437 cunctarum
2780 3378 3080 3442 bestiarum,
3126 3386 3175 3430 et
3203 3378 3266 3428 de
3291 3372 3738 3430 manu‘liominis,

2172 3487 2219 3533 et
2263 3477 2325 3530 de
2346 3491 2503 3528 manu
2527 3473 2620 3527 riri
2653 3479 2700 3524 et
2724 3469 2904 3539 fratris
2928 3467 3064 3536 ejus,
3102 3464 3361 3544 requiram
3384 3463 3619 3519 animum
3641 3459 3744 3523 lto-

2173 3567 2346 3622 minis.
2409 3561 2587 3634 (Aug.)
2639 3560 2775 3627 Quid
2804 3566 2888 3612 est
2927 3556 3068 3626 quod
3094 3555 3240 3615 dicit,
3271 3562 3326 3606 et
3353 3545 3418 3605 de
3455 3565 3618 3603 manu
3639 3548 3746 3603 bo-

2176 3657 2336 3712 minis
2361 3653 2543 3709 fratris
2575 3653 2852 3720 exquiram
2879 3648 3112 3702 animam
3134 3643 3406 3699 hominis?
3438 3656 3505 3694 an
3519 3635 3743 3694 omnem

2175 3746 2444 3803 hominem
2472 3742 2693 3796 fratrem
2736 3729 2917 3811 omnis
2942 3735 3172 3791 hominis
3201 3733 3424 3802 intelligi
3449 3730 3616 3787 voluit
3654 3744 3747 3784 se—

2175 3839 2407 3896 cundum
2431 3834 2800 3905 cognationem
2845 3844 2910 3884 ex
2957 3842 3063 3882 uno
3090 3823 3348 3879 ductam?
3388 3821 3614 3894 Mystice
3643 3834 3745 3872 an-

2177 3939 2285 3984 tem
2312 3926 2454 3997 quod
2479 3925 2673 3979 dantur
2691 3921 2770 3975 eis
2786 3928 2977 3976 cuncta
2993 3915 3245 3973 animalia
3265 3914 3321 3968 in
3346 3927 3550 3976 escam,
3575 3911 3747 3981 signi-

2178 4021 2302 4075 ﬁcat
2343 4019 2396 4072 in
2442 4013 2821 4070 convocatione
2853 4009 3090 4080 gentium
3127 4006 3193 4061 ad
3213 4004 3367 4075 ﬁdem
3390 4018 3496 4058 non
3509 4016 3630 4056 esse
3653 4001 3745 4054 di-

2179 4109 2452 4172 stantiam,
2499 4105 2636 4160 sicut
2677 4102 2732 4156 in
2754 4100 2842 4156 illo
2882 4097 3033 4154 disco
3075 4094 3238 4150 Petro
3278 4092 3500 4158 dicitur,
3561 4089 3750 4144 Macta

2178 4211 2226 4255 et
2246 4198 2525 4253 manduca.

2248 4288 2438 4342 Arcum
2453 4301 2621 4340 meum
2644 4297 2833 4353 ponam
2858 4279 2913 4333 in
2935 4278 3179 4342 nubibus,
3211 4271 3266 4330 et
3287 4275 3382 4328 erit
3402 4273 3607 4342 signum
3646 4271 3747 4340 {c-

513 4391 693 4461 gigitur
734 4385 1043 4442 humillima:
1088 4379 1532 4437 eonsiderationis
1571 4371 1949 4444 deprimendus
1996 4379 2078 4424 est
2107 4410 2156 4468 Β
2181 4378 2319 4432 deri;
2354 4377 2484 4428 ξηιει
2513 4390 2592 4427 me
2619 4382 2665 4425 ει
2688 4371 2823 4423 inter
2864 4378 3076 4422 terram.
3104 4365 3256 4434 Quod
3293 4378 3424 4419 vero
3450 4370 3742 4416 testamen-

534 4491 706 4534 tumor
723 4475 984 4531 elationis.
1017 4473 1073 4528 Si
1101 4472 1241 4528 enim
1265 4471 1402 4541 apud
1422 4467 1762 4536 semetipsam
1784 4477 1936 4518 mens
1957 4461 2080 4516 des—

533 4570 713 4624 cendit
738 4569 804 4622 de
826 4565 1023 4619 vertice
1048 4562 1316 4625 culminis,
1358 4559 1518 4614 citius
1550 4555 1821 4626 planitiem
1845 4551 2082 4607 inveniet

537 4657 798 4711 naturalis
818 4653 1155 4724 mqualitatis.
1181 4650 1315 4703 Nam
1344 4657 1404 4702 ut
1430 4645 1637 4716 praefati
1663 4661 1868 4715 sumus,
1895 4656 2084 4698 omnes

537 4746 777 4801 homines
799 4751 986 4797 natura
1024 4739 1256 4808 aequales
1285 4735 1494 4807 genuit;
1519 4733 1610 4789 sed
1655 4727 1899 4787 variante
1922 4729 2084 4784 meri-

539 4847 711 4892 torum
735 4835 942 4899 ordine,
976 4831 1106 4886 alios
1124 4829 1241 4883 aliis
1269 4826 1592 4897 dispensatio
1623 4821 1828 4879 occulta
1871 4831 2084 4893 postpo-

540 4929 636 4982 nit.
682 4925 799 4995 ipsa
853 4933 1030 4977 autem
1084 4918 1363 4974 diversitas
1402 4927 1520 4985 quae
1569 4913 1795 4969 accessit
1825 4927 1889 4966 ex
1933 4910 2086 4974 vitio,

542 5023 686 5070 recte
718 5020 800 5068 est
826 5011 1017 5066 divinis
1063 5008 1278 5078 iudiciis
1318 5006 1583 5068 ordinata,
1634 5012 1693 5058 ut
1737 5003 1859 5073 quia
1917 5001 2091 5055 omnis

540 5108 700 5162 homo
741 5103 843 5157 iter
887 5102 1009 5154 vita:
1047 5112 1193 5167 mque
1222 5111 1324 5151 non
1362 5095 1625 5165 graditur,
1661 5093 1796 5146 alter
1826 5093 1894 5144 ab
1925 5089 2091 5142 altero

540 5205 774 5265 regatur.
822 5189 1003 5244 Sancti
1026 5195 1202 5241 autem
1248 5186 1347 5239 viri
1387 5198 1506 5258 cum
1533 5188 1785 5252 praesunt,
1813 5193 1918 5232 non
1949 5177 2002 5229 in
2035 5190 2091 5229 se

540 5291 858 5356 potestatem
882 5277 1105 5341 ordinis,
1155 5275 1244 5329 sed
1284 5271 1634 5342 aequalitatem
1662 5266 1981 5338 conditionis
2007 5272 2090 5317 at-

543 5375 802 5437 tendunt;
866 5384 964 5425 nec
988 5379 1219 5442 pnecsse
1252 5363 1479 5434 gaudent
1497 5360 1820 5422 hominibus,
1859 5357 1952 5410 sed
1971 5370 2091 5424 pro-

544 5469 717 5522 desse.
769 5460 1117 5517 Sciunt'enim
1161 5456 1301 5526 quod
1331 5452 1531 5520 antiqui
1564 5461 1744 5520 patres
1770 5448 1960 5510 nostri,
1987 5461 2090 5499 non

546 5568 654 5613 tam
684 5569 836 5624 reges
870 5552 1148 5609 hominum
1166 5622 1168 5624 ν
1194 5561 1353 5618 quam
1375 5557 1624 5614 pecorum
1660 5549 1900 5610 pastores
1930 5538 2092 5591 fuisse

549 5654 929 5714 memorantur.
967 5642 1141 5717 Unde
1165 5636 1216 5694 et
1249 5653 1367 5692 cum
1403 5633 1513 5689 Noe
1558 5632 1812 5687 Dominus
1867 5631 2092 5698 ﬁliisque

2182 4475 2294 4520 tum
2333 4462 2511 4532 posuit
2561 4461 2698 4514 Deus
2724 4458 2862 4512 inter
2889 4471 2947 4512 se
2973 4464 3028 4511 et
3055 4455 3300 4510 homines
3335 4441 3495 4521 atque
3522 4465 3744 4506 onmem

2181 4557 2412 4610 animam
2436 4553 2631 4615 vivam,
2662 4564 2731 4603 ne
2778 4549 2968 4618 perdat
3010 4562 3130 4602 eam
3158 4545 3380 4609 diluvio,
3419 4558 3605 4599 arcum
3638 4544 3748 4597 sci-

2181 4647 2306 4702 licet
2320 4645 2408 4714 qui
2429 4649 2643 4712 apparet
2668 4640 2720 4694 in
2742 4638 3094 4707 nubibus,qui
3123 4651 3397 4705 nunquam
3421 4634 3522 4688 nisi
3547 4634 3611 4708 de
3627 4633 3745 4686 sole

2183 4737 2506 4808 resplendet,
2553 4733 2816 4804 signiﬁcat
2853 4730 2976 4800 quia
3013 4729 3088 4784 illi
3117 4743 3222 4797 non
3251 4734 3478 4796 pereunt
3504 4717 3745 4783 diluvio.

2187 4829 2277 4898 qui
2308 4828 2360 4880 iu
2390 4824 2660 4894 prophetis
2683 4830 2736 4876 et
2770 4820 3023 4874 omnibus
3045 4817 3238 4873 divinis
3271 4813 3592 4883 Scripturis,
3627 4821 3746 4865 tan-

2189 4932 2345 4987 quam
2375 4915 2468 4969 Dei
2492 4913 2739 4974 nubibus,
2767 4898 3068 4980 agnoscunt
3091 4909 3384 4964 Christum.
3401 4906 3602 4959 Areum
3623 4919 3747 4969 om-

2189 5011 2431 5079 nipotens
2486 5006 2626 5060 Deus
2659 5005 2797 5057 inter
2851 5017 2908 5057 se
2955 5011 3114 5070 atque
3158 4999 3402 5054 homines
3447 4996 3499 5050 in
3528 5010 3746 5064 Signum

2190 5100 2384 5168 posuit,
2431 5105 2490 5151 ut
2515 5095 2650 5149 ultra
2694 5092 2948 5146 mundum
2977 5091 3178 5148 diluvio
3201 5103 3308 5142 non
3331 5086 3549 5140 deleret.
3592 5084 3748 5140 Unde

2191 5197 2244 5240 et
2269 5187 2321 5239 in
2365 5200 2489 5238 arcu
2535 5184 2747 5245 eodem,
2787 5180 2935 5235 color
2965 5193 3114 5247 aqua;
3144 5186 3197 5232 et
3223 5176 3359 5246 ignis
3386 5175 3546 5230 simul
3567 5183 3750 5230 osten-

2192 5277 2354 5341 ditur,
2398 5275 2522 5344 quia
2553 5289 2617 5330 ex
2642 5280 2790 5344 parte
2814 5280 2897 5324 est
2926 5269 3189 5332 ceruleus,
3230 5275 3284 5321 et
3328 5282 3394 5332 ex
3421 5275 3579 5336 parte
3597 5266 3757 5318 rubi-

2192 5365 2412 5429 candus,
2449 5373 2507 5418 ut
2531 5363 2809 5430 utriusque
2839 5360 3021 5431 judicii
3056 5359 3206 5414 testis
3252 5357 3339 5421 sit,
3370 5357 3530 5410 unius
3555 5356 3748 5410 vileli-

2192 5463 2278 5507 cet
2306 5451 2551 5516 faciendi,
2583 5460 2636 5506 et
2661 5451 2880 5505 alterius
2931 5447 3090 5511 facti;
3111 5447 3162 5501 id
3185 5455 3288 5508 est,
3339 5446 3463 5513 quia
3516 5447 3750 5499 mundus

2191 5544 2374 5611 ᾔειίείὀίἰ
2417 5545 2535 5612 igne
2580 5540 2924 5604 cremabitur,
2959 5555 3079 5593 nam
3110 5552 3250 5607 aqua
3298 5536 3485 5589 diluvii
3522 5551 3628 5589 non
3657 5537 3747 5587 de.

2197 5634 2385 5688 ieiun-
