3968 6346
266 347 370 409 5‘25

869 466 1090 525 CAPUT
1126 471 1214 527 lx.

269 550 343 605 De
366 549 686 609 plantatione
714 553 871 635 trinete
902 573 1003 635 per
1044 559 1187 635 Noe,
1217 572 1264 615 et
1294 564 1573 619 nudatione
1600 566 1711 635 ejus
1730 607 1743 629 ,
1775 579 1819 620 et

416 632 419 633 '
818 625 1057 680 irrisione
1083 629 1264 684 Citam.

334 724 496 796 Capit
524 726 639 782 Noe
662 730 739 783 vir
763 732 994 801 agricola
1020 750 1256 792 exercere
1273 752 1482 805 terram,
1509 750 1556 794 et
1574 741 1822 811 plantavit

261 814 466 870 vineam
506 817 777 889 bibensque
804 822 979 875 uinum
1011 823 1293 880 inebriatus
1329 838 1441 881 est:
1480 838 1526 882 et
1561 829 1820 893 nudatus,

253 905 423 972 jacuit
453 906 509 959 in
536 907 868 963 tabernaculo
908 926 1023 964 suo.
1073 910 1223 975 Quod
1262 927 1376 967 cum
1419 916 1619 969 vidisset
1659 913 1819 969 Cham

258 1004 410 1058 pater
436 994 709 1064 Chanaan,
738 999 959 1053 uerenda
978 999 1170 1055 scilicet
1189 1006 1351 1071 patris
1369 1006 1450 1057 sui
1470 1020 1577 1059 esse
1601 1006 1815 1070 nudata,

261 1082 518 1137 nuntiavit
546 1084 746 1140 duobus
774 1086 1024 1156 fratribus
1062 1090 1224 1159 foras,
1268 1100 1322 1146 et
1365 1095 1586 1163 reliqua.
1620 1097 1817 1168 (Aug.)

259 1170 530 1237 Quaeritur
557 1184 723 1244 quare
752 1192 981 1245 peccans
1004 1178 1168 1233 Cham
1198 1180 1249 1234 in
1278 1184 1445 1252 patris
1471 1183 1691 1250 offensa,
1715 1203 1818 1241 non

261 1260 317 1317 in
342 1264 540 1337 seipso,
578 1266 669 1320 sed
696 1267 748 1319 in
781 1266 891 1321 ﬁlio
916 1283 1012 1322 suo
1042 1268 1294 1324 Chanaan
1325 1272 1688 1340 maledicitur,
1716 1278 1818 1331 nisi

258 1351 386 1419 quia
411 1354 783 1423 prophetatum
814 1362 897 1408 est
924 1356 1313 1425 quodammodo
1348 1370 1541 1415 terram
1567 1362 1817 1419 Chanaan

256 1442 447 1512 ejectis
466 1446 783 1500 Chananmis
804 1447 927 1502 inde
944 1457 996 1502 et
1017 1448 1312 1515 debellatis,
1327 1452 1635 1520 accepturos
1658 1454 1818 1511 fuisse

257 1531 399 1588 ﬁlios
440 1532 633 1597 Israel,
671 1534 763 1603 qui
793 1537 1036 1591 venirent
1074 1539 1138 1592 de
1182 1534 1381 1595 semine
1411 1539 1577 1596 Sem?
1613 1542 1815 1615 (Isid.)

255 1618 377 1674 1am
408 1634 535 1676 vero
576 1623 703 1677 illud
742 1627 882 1692 quod
930 1635 1050 1693 post
1091 1626 1343 1682 diluvium
1379 1630 1444 1683 de
1474 1631 1627 1685 vinea
1657 1648 1816 1701 quam

255 1712 518 1780 plantavit
544 1713 834 1769 inebriatus
870 1716 1009 1779 Noe,
1040 1726 1093 1770 et
1122 1718 1349 1802 nudatus
1388 1720 1439 1773 in
1485 1722 1643 1777 domo
1687 1738 1815 1788 sua,

1321 362 1664 423 (ῙΟΜΜΕΝΤ.
1708 367 1769 419 IN
1809 363 2121 422 CENESIM.
2162 400 2232 410 —-
2270 365 2393 427 LIB.
2437 368 2493 429 li.

1846 480 1892 539 Α
1920 479 2316 548 interpretatur.
2343 481 2477 537 Cum
2499 484 2696 553 ingenti
2716 488 2856 540 enim
2880 488 3207 547 multitudine
3226 493 3473 550 dilatatus

3371 386 3472 441 liii

1921 575 2005 620 est
2030 568 2255 638 pepulus
2295 584 2360 625 ex
2400 573 2667 641 gentibus,
2698 575 2785 644 qui
2816 589 2937 629 cum
2967 580 3238 647 prophetis
3268 594 3321 636 et
3352 600 3475 652 apo-

1920 656 2068 712 stolis
2103 669 2219 713 erat
2252 661 2623 717 habitaturus:
2668 665 2929 733 siquidem
2959 676 3011 721 et
3050 668 3290 725 videmus
3326 673 3475 742 juxta

1920 741 2030 798 Noe
2059 743 2222 814 patris
2248 752 2612 819 prepheticam
2652 752 3106 820 benedictionem,
3145 758 3197 811 in
3230 741 3477 817 (βδέω)-
3530 812 3531 815 η

1920 835 2039 889 culo
2063 835 2183 889 Sem
2213 840 2469 895 transisse
2503 843 2885 898 habitationem
2925 843 3138 914 Japhct,
3166 847 3265 902 hoc
3294 860 3396 914 est,
3425 851 3477 904 in

1920 922 2076 977 domo
2098 924 2228 994 legis
2256 935 2309 979 et
2334 928 2732 998 prOphetarum,
2769 932 3066 989 Ecclesium
3107 938 3283 1006 potius
3314 936 3469 1005 justi~

1921 1009 2091 1076 ﬁcari,
2122 1014 2383 1069 minorem
2414 1018 2626 1085 quidem
2656 1029 2950 1089 temporum
2982 1041 3123 1091 ειη-(ι,
3167 1027 3257 1080 sed
3291 1032 3477 1095 gratae

1918 1100 2033 1173 lege
2055 1104 2330 1175 majorem.
2356 1105 2522 1162 Cham
2543 1124 2702 1177 porro
2721 1114 2811 1180 qui
2837 1115 3216 1183 interpretatur
3233 1118 3472 1182 callidus,

1917 1191 2122 1246 medius
2151 1192 2288 1248 ﬁlius
2320 1203 2570 1265 tanquam
2601 1199 2667 1252 ab
2692 1208 2919 1271 utroque
2960 1204 3220 1259 discretus
3240 1245 3253 1269 ,
3298 1220 3396 1260 nec
3424 1223 3475 1260 in

1915 1280 2165 1346 primitiis
2205 1281 2594 1350 lsraelitarum,
2645 1301 2744 1341 nec
2787 1288 2839 1341 in
2880 1289 3204 1358 plenitudine
3244 1294 3474 1362 gentium

1914 1383 2253 1436 permanens,
2285 1373 2551 1445 signiﬁcat
2577 1389 2681 1429 non
2711 1376 2879 1431 solum
2913 1377 3231 1443 Iudaeorum,
3258 1381 3349 1435 sed
3373 1381 3479 1436 ha:-

1915 1460 2201 1515 reticorum
2230 1476 2398 1533 genus
2426 1453 2699 1531 callidum,
2726 1483 2829 1522 non
2860 1468 3047 1539 spiritu
3072 1470 3362 1540 sapientiae,
3386 1473 3479 1527 sed

1915 1545 2277 1615 impatientius,
2307 1566 2414 1620 quo
2436 1553 2608 1608 solent
2632 1556 3002 1613 hmreticorum
3026 1558 3231 1616 fervere
3254 1562 3480 1630 primor-

1913 1636 2023 1701 dia,
2054 1646 2107 1693 et
2133 1646 2317 1709 pacem
2362 1648 2680 1712 perturbare
2722 1660 3045 1706 sanctorum.
3080 1651 3184 1708 Sed
3211 1662 3265 1707 et
3294 1670 3479 1709 omnes

1918 1726 2009 1792 qui
2034 1727 2339 1785 Christiano
2363 1734 2619 1789 vocabulo
2645 1736 2942 1805 gloriantur
2964 1749 3018 1793 et
3039 1742 3244 1810 perdite
3273 1743 3475 1805 vivunt,

254 1802 342 1855 cui
369 1819 475 1857 non
500 1814 752 1872 appareat
777 1804 973 1859 Christi
998 1822 1114 1860 esse
1139 1807 1384 1878 ﬁguram,
1407 1811 1496 1878 qui
1521 1812 1814 1867 inebriatus
1844 1809 1888 1867 Β
1917 1812 2083 1881 ipsius
2116 1816 2341 1886 ﬁguram
2375 1831 2587 1890 gestare
2627 1802 2889 1880 videntur.
2935 1828 3241 1884 Passionem
3288 1834 3479 1901 quippe

254 1899 339 1946 est
365 1891 488 1945 dum
513 1907 702 1960 passus
723 1901 834 1955 est,
875 1896 1102 1951 nudatus
1127 1905 1207 1950 est
1236 1897 1360 1952 dum
1388 1901 1674 1956 cruciﬁxus
1698 1912 1781 1957 est
1799 1944 1814 1967 ,

254 1980 309 2033 in
340 1980 496 2034 domo
524 1996 648 2045 sua,
695 1982 745 2035 id
786 1989 902 2048 est,
933 1983 984 2037 in
1017 1993 1173 2054 gente
1200 1999 1316 2052 sua,
1348 1995 1403 2041 et
1433 1988 1483 2041 in
1511 1990 1817 2047 domesticis

253 2067 338 2122 sui
363 2069 655 2139 sanguinis,
682 2070 861 2139 utique
888 2070 1127 2128 Judzeis?
1166 2074 1314 2130 Tunc
1342 2078 1483 2133 enim
1516 2081 1711 2134 nudata
1732 2090 1819 2137 est

254 2161 557 2215 mortalitas
582 2162 759 2216 carnis
788 2164 921 2233 ejus.
952 2162 1121 2230 Quam
1152 2167 1464 2231 nuditatem,
1496 2170 1545 2224 id
1569 2179 1671 2236 est,
1699 2187 1819 2241 pas-

252 2246 458 2301 sionem
486 2246 707 2313 Christi,
742 2250 923 2305 videns
950 2252 1115 2305 Cham
1147 2253 1362 2317 derisit;
1392 2266 1445 2311 et
1471 2256 1637 2313 Judaei
1665 2261 1819 2315 Chri-

253 2338 325 2391 sti
356 2347 581 2392 mortem
614 2340 885 2407 videntes,
933 2342 1412 2402 subsannaverunt.
1460 2348 1583 2404 Sem
1612 2367 1736 2407 vero
1764 2362 1820 2409 et

252 2428 467 2500 Japhet,
500 2439 752 2501 tanquam
774 2435 876 2488 duo
896 2435 1071 2504 populi
1092 2451 1154 2491 ex
1184 2438 1662 2497 circumcisione‘et
1681 2458 1815 2512 pra:-

249 2520 403 2589 putio
426 2522 726 2588 credentes,
753 2525 963 2593 cognita
992 2527 1229 2581 nuditate
1261 2530 1444 2596 patris,
1473 2546 1573 2600 qua
1610 2534 1814 2603 signiﬁ-

250 2621 410 2666 catur
436 2614 613 2683 passio
648 2614 957 2681 Salvatoris,
985 2628 1256 2673 sumentes
1294 2622 1688 2689 vestimentum,
1716 2640 1813 2695 po-

251 2710 479 2755 suerunt
503 2716 663 2770 super
685 2704 841 2758 dorsa
868 2720 981 2768 sua,
1010 2714 1064 2759 et
1091 2706 1352 2764 intrantes
1377 2713 1571 2776 aversi,
1594 2728 1815 2782 operuor

252 2797 383 2842 runt
420 2792 711 2846 nuditatem
756 2796 952 2863 patris,
991 2812 1090 2852 nec
1133 2800 1379 2866 viderunt
1413 2804 1552 2871 quod
1584 2808 1812 2862 verenda

250 2876 423 2944 patris
449 2886 707 2933 texerunt.
734 2879 971 2947 Quodam
994 2886 1137 2939 enim
1160 2888 1315 2943 modo
1335 2891 1636 2958 passionem
1661 2893 1813 2950 Chri-

250 2963 322 3017 sti
352 2965 649 3023 velamento
684 2970 945 3040 tegimus,
977 2972 1029 3027 id
1070 2982 1180 3040 est,
1214 2987 1549 3058 sacramento
1578 2982 1812 3039 honora-

250 3051 624 3124 mus,ejusque
642 3060 881 3128 mysterii
908 3062 1168 3116 rationem
1191 3051 1492 3133 reddenles,
1510 3068 1813 3127 Judazorum

250 3144 634 3202 detractionem
671 3150 961 3219 operimus.
1025 3152 1410 3212 VeStimentum
1449 3162 1590 3215 enim
1640 3164 1807 3233 signi-

245 3327 375 3396 quia
398 3329 697 3397 passionem
724 3329 923 3388 Christi
946 3345 1263 3392 transactam
1292 3340 1524 3397 celebrat
1544 3341 1803 3412 Ecclesia,

246 3429 357 3469 non
388 3416 559 3470 adhuc
583 3428 887 3488 prospectat
916 3420 1168 3479 futuram.
1198 3427 1396 3501 (σι-ες.)
1420 3430 1687 3487 Moraliter
1712 3450 1804 3489 au-

248 3510 360 3557 tem
401 3506 641 3561 aversari
684 3508 910 3566 dicimus
951 3514 1093 3583 quod
1138 3519 1501 3585 reprobamus.
1548 3521 1685 3589 Quid
1724 3536 1806 3580 est

243 3606 378 3662 ergo
400 3595 544 3663 quod
568 3594 664 3651 ﬁlii
685 3602 912 3655 verenda
932 3603 1101 3671 patris
1120 3605 1416 3674 superjecto
1436 3609 1608 3665 dorsis
1624 3612 1801 3681 pallio,

246 3684 422 3738 aversi
450 3686 723 3758 venientes
757 3691 1035 3759 operiunt,
1073 3695 1174 3749 nisi
1209 3698 1350 3765 quod
1382 3698 1536 3755 bonis
1579 3702 1807 3759 subditis

243 3768 327 3823 sic
347 3772 750 3840 [impositorum
781 3792 998 3833 suorum
1026 3781 1162 3835 mala
1186 3784 1491 3854 displicent,
1534 3798 1592 3844 ut
1627 3798 1804 3848 tamen

242 3859 362 3912 hac
388 3859 463 3933 ab
489 3860 608 3916 aliis
635 3865 936 3929 occultent?
974 3868 1163 3942 (Isid.)
1207 3870 1603 3943 Operimentum
1630 3882 1802 3937 aversi

242 3942 518 4012 deferunt,
544 3949 667 4018 quia
688 3951 1040 4020 dijudicantes
1066 3942 1267 4014 factum
1286 3969 1674 4024 etvencrantes
1698 3986 1805 4026 ma-

241 4032 543 4102 gisterium,
572 4038 756 4094 nolunt
783 4041 950 4097 videri
983 4046 1125 4115 quod
1153 4057 1355 4118 tegunt.
1395 4053 1599 4113 Medius
1622 4068 1801 4116 autem

241 4121 469 4177 fratrum
498 4123 695 4192 Cham,
727 4130 780 4184 id
820 4140 930 4196 est,
965 4134 1159 4205 impius
1197 4142 1421 4209 populus
1462 4144 1804 4220 Judmorum,

241 4209 366 4266 ideo
390 4214 615 4281 medius,
638 4219 762 4286 quia
788 4234 887 4275 nec
914 4224 1201 4292 primatum
1223 4233 1579 4300 apostolorum
1605 4209 1796 4306 tenuit,

240 4316 344 4356 nec
366 4302 582 4362 ultimus
606 4309 661 4363 in
693 4314 939 4381 gentibus
965 4319 1207 4387 credidit,
1234 4325 1367 4380 vidit
1386 4330 1676 4385 nuditatem
1705 4302 1799 4402 pa;

241 4396 374 4464 tris,
421 4399 544 4467 quia
586 4405 860 4460 consensit
904 4407 959 4461 in
1002 4425 1184 4467 necem
1233 4415 1439 4473 Domini
1485 4396 1794 4479 Salvatoris.

240 4480 372 4540 Post
403 4486 514 4540 Iuro
552 4492 806 4547 nuntiavit
845 4495 988 4564 [oras
1014 4497 1282 4568 fratribus.
1316 4502 1417 4561 Per
1447 4522 1567 4563 eum
1601 4498 1797 4583 quippe
1821 4495 1875 4554 D

238 4575 582 4633 manifestum
613 4590 713 4648 est,
750 4586 893 4654 quod
921 4596 1040 4643 erat
1083 4590 1136 4646 in
1180 4595 1455 4665 prophetia
1486 4575 1748 4657 secretum
1776 4621 1791 4669 ;

237 4664 468 4735 ideoque
506 4668 564 4723 ﬁt
599 4686 785 4729 servus
819 4675 1045 4732 fratrum
1085 4664 1321 4739 suorum.
1365 4685 1499 4754 Quid
1542 4700 1627 4745 est
1652 4664 1793 4748 enim

237 4752 385 4809 aliud
408 4757 561 4813 hodie
583 4776 714 4830 gens
743 4764 874 4833 ipsa,
906 4767 1009 4823 nisi
1048 4771 1285 4839 quadam
1330 4752 1605 4835 sci-iniuria
1643 4781 1795 4838 Chri-

237 4841 562 4914 stianorum,
583 4850 827 4922 bajulans
852 4855 1021 4927 legem
1041 4868 1095 4914 et
1120 4864 1428 4931 prophetas,
1457 4869 1523 4923 ad
1550 4872 1790 4927 testimo-

236 4932 388 4988 nium
410 4938 719 4998 assertionis
740 4944 1010 5015 Ecclesiae,
1037 4959 1097 5003 ut
1120 4967 1215 5011 nos
1234 4954 1554 5015 honoremus
1584 4977 1681 5034 per
1706 4979 1789 5019 sa-

235 5020 572 5085 cramentum
601 5034 742 5104 quod
769 5038 1015 5093 nuntiant
1032 5040 1103 5094 illi
1126 5057 1221 5112 per
1244 5038 1511 5103 litteram?
1531 5020 1657 5106 Post
1678 5053 1791 5110 haec

234 5113 623 5174 benedicuntur
650 5123 754 5177 duo
783 5124 856 5179 illi
896 5127 991 5201 qui
1021 5130 1313 5190 nuditatem
1351 5138 1521 5204 patris
1562 5140 1786 5198 honora-

233 5210 451 5255 verunt.

306 5288 632 5362 Benedictus,
671 5300 861 5371 inquit,
901 5304 1151 5363 Dominus
1193 5308 1328 5366 Deus
1366 5312 1487 5369 Scin
1506 5334 1527 5383 ;
1553 5321 1619 5375 sit
1650 5320 1789 5381 Clut-

232 5396 376 5470 na‘an
398 5396 570 5439 unus
596 5388 757 5447 illius.
787 5392 979 5450 Dilatct
1007 5396 1147 5452 Deus
1173 5400 1358 5470 lup/ret
1379 5442 1394 5469 ,
1429 5415 1476 5458 st
1503 5409 1695 5467 habitat
1734 5417 1790 5470 in

229 5468 581 5527 tabernaculis
618 5473 759 5531 Sent.
789 5479 884 5536 llic
916 5481 1037 5563 Sem
1068 5468 1250 5555 majori
1270 5500 1430 5557 natu,
1461 5494 1574 5564 ipse
1610 5509 1691 5555 est
1719 5468 1787 5558 es

226 5575 339 5628 quo
376 5571 556 5632 patres
597 5573 652 5619 et
690 5571 962 5641 prepheta:
1007 5584 1060 5629 et
1102 5580 1329 5647 apostoli
1368 5576 1605 5652 generati
1640 5602 1782 5647 sunt.

224 5647 423 5719 Japhet
447 5661 620 5707 autem
651 5657 885 5727 gentium
910 5669 991 5715 est
1022 5673 1208 5729 pater:
1247 5668 1335 5737 qui
1371 5647 1535 5727 etiam
1566 5674 1785 5732 latitudo

1916 1899 2135 1969 Christi,
2166 1919 2283 1975 qua:
2310 1908 2452 1964 illius
2492 1911 2725 1967 hominis
2756 1914 2993 1971 nuditate
3037 1899 3331 1990 signiﬁcata
3360 1899 3436 1975 est
3458 1962 3472 1985 ,

1915 2002 1969 2046 et
1996 1996 2316 2053 annuntiant
2342 1999 2476 2054 bene
2502 2003 2819 2071 proﬁtendo,
2849 2015 2903 2061 et
2926 2008 3063 2063 male
3092 2012 3293 2082 agendo
3319 2012 3480 2066 exlio-

1916 2094 2129 2141 norant.
2174 2086 2252 2142 De
2291 2089 2484 2146 talibus
2516 2108 2645 2166 ergo
2690 2096 2889 2153 dictum
2938 2108 3055 2154 est:
3102 2101 3183 2156 Ea:
3223 2103 3477 2173 fructibus

1913 2192 2089 2231 eorum
2112 2184 2427 2249 cognoscetis
2451 2201 2536 2238 eos
2558 2185 2706 2258 (Luc.
2734 2187 2830 2258 v1).
2863 2188 2984 2247 Ideo
3010 2201 3063 2247 et
3093 2190 3257 2247 Cliam
3294 2195 3344 2249 in
3373 2197 3478 2249 ﬁlio

1916 2279 2015 2320 suo
2048 2267 2362 2326 maledictus
2389 2281 2491 2339 est,
2520 2263 2774 2344 tanquam
2811 2278 2863 2333 in
2889 2266 3062 2335 fructu
3086 2299 3201 2347 suo,
3227 2285 3276 2338 id
3297 2294 3398 2349 est,
3425 2287 3475 2339 in

1914 2370 2075 2437 Opere
2102 2376 2218 2416 suo.
2251 2363 2405 2420 Unde
2431 2371 2813 2427 convenienter
2835 2381 2888 2427 et
2910 2373 3024 2445 ipse
3056 2372 3193 2432 ﬁlius
3214 2376 3327 2446 ejus
3347 2379 3486 2435 Chao

1915 2466 2049 2506 naan
2072 2452 2453 2525 interpretatur
2474 2468 2643 2514 motus
2664 2478 2862 2518 eorum.
2890 2462 3040 2531 Quod
3061 2456 3186 2536 quid
3206 2477 3291 2529 est
3312 2469 3475 2535 aliud,

1913 2557 2073 2613 quam
2102 2561 2234 2615 opus
2263 2552 2491 2605 eorum?
2521 2552 2653 2609 Item
2673 2557 2815 2633 quod
2837 2554 3003 2614 Gham
3024 2572 3280 2629 peccante
3298 2576 3471 2634 poste-

1911 2634 2043 2689 ritas
2073 2635 2188 2703 ejus
2216 2638 2520 2707 damnatur,
2551 2643 2815 2716 signiﬁcat
2842 2649 2983 2718 quod
3019 2654 3226 2720 reprobi
3262 2654 3348 2709 hic
3384 2658 3474 2710 de-

1911 2723 2180 2795 linquunt,
2205 2730 2299 2784 sed
2326 2729 2381 2783 in
2410 2741 2706 2802 posterum,
2750 2736 2804 2793 id
2846 2748 2958 2805 est,
2990 2741 3044 2796 in
3071 2743 3333 2809 futurum,
3356 2762 3463 2801 sen-

1914 2816 2132 2898 tentiam
2157 2818 2512 2878 damnationis
2538 2827 2833 2897 excipiunt.
2875 2828 2979 2887 Sed
3018 2842 3073 2887 et
3114 2834 3264 2903 plebs
3296 2835 3474 2891 Juda'a

1912 2893 2031 2976 qua:
2052 2907 2341 2967 Dominum
2363 2893 2841 2982 eruciﬁxi‘tJetiam
2867 2920 2919 2975 in
2946 2921 3066 2976 ﬁliis
3084 2893 3295 2993 pugnam
3327 2927 3473 2981 dam-

1911 2995 2146 3053 nationis
2186 3013 2297 3055 suae
2344 3005 2663 3062 transmisit.
2716 3008 2977 3065 Dixerunt
3020 3014 3199 3068 enim:
3251 3015 3473 3087 Sanguis

1910 3085 2023 3155 ejus
2048 3101 2203 3158 super
2226 3106 2318 3146 nos
2344 3099 2392 3147 et
2429 3108 2587 3166 super
2617 3098 2756 3167 ﬁlios
2784 3112 2986 3158 nostros
3016 3104 3235 3175 (Matth.
3256 3085 3443 3181 xxvii).

1834 3152 1882 3253 β
1933 3152 1945 3155 ν
1979 3175 2049 3229 Et
2077 3152 2205 3247 facti
2220 3191 2341 3235 sunt
2368 3152 2544 3240 omnes
2566 3152 2677 3242 dies
2706 3187 2819 3244 Noe
2844 3152 3084 3263 nongenti
3102 3152 3473 3268 quinquaginta

248 3237 377 3293 licet
408 3250 823 3310 sacramentum,
858 3246 1015 3301 dorsa
1058 3252 1367 3305 memoriam
1394 3257 1802 3326 prieteritorum,

1905 3271 2050 3321 anni.
2102 3269 2241 3326 Ecce
2301 3278 2422 3343 post
2469 3272 2746 3355 diluvium.
2776 3287 3032 3339 trecentis
3090 3288 3471 3361 quinquaginta

1904 3360 2063 3416 annis
2106 3362 2242 3416 vixit
2292 3362 2423 3422 Noe.
2472 3367 2549 3423 Ex
2603 3377 3084 3445 quo'perspicuum
3132 3388 3215 3434 est
3259 3360 3470 3436 centum

2518 3726 2745 3788 CAPUT
2784 3733 2853 3788 Χ.

2062 3871 2069 3877 ,
2289 3812 2654 3876 Cencrationes
2683 3823 2912 3892 ﬁliorum
2944 3825 3077 3883 Noe.

1944 3896 2275 3969 Benedictis
2296 3907 2467 3979 igitur
2491 3912 2696 3968 duobus
2723 3913 2847 3987 ﬁliis
2878 3911 3021 3985 Noe,
3061 3930 3221 3991 atque
3248 3940 3354 3981 uno
3379 3942 3468 3982 eo-

1903 4006 2019 4045 rum
2051 3994 2227 4049 medio
2265 3997 2579 4067 maledicto,
2619 4002 2869 4074 deinceps
2892 4021 3074 4064 eorum
3101 4015 3469 4083 generationes

1903 4086 2186 4149 texuntur,
2238 4101 2303 4141 ex
2346 4089 2537 4157 quibus
2580 4092 2914 4165 septuaginta
2954 4100 3073 4156 duze
3118 4112 3245 4159 sunt
3282 4118 3466 4177 gentes

1898 4178 2053 4235 ortze,
2078 4170 2128 4224 id
2154 4180 2255 4239 est,
2281 4177 2585 4244 quindecim
2611 4181 2677 4237 de
2699 4180 2915 4254 «laphet,
2946 4188 3162 4260 triginta
3192 4193 3256 4247 de
3276 4170 3462 4261 Cham,

1899 4259 2083 4329 viginti
2112 4271 2315 4331 septem
2348 4267 2413 4321 de
2441 4263 2585 4325 Sem.
2724 4262 2728 4266 ’
2886 4296 2889 4297 ⁷

1967 4350 2113 4419 (Car.
2146 4353 2229 4422 ι.)
2258 4352 2390 4410 Filii
2412 4355 2620 4428 Japltet,
2654 4360 2845 4419 Camer
2870 4375 2921 4420 et
2947 4366 3156 4441 Magog,
3180 4382 3227 4426 et
3256 4372 3458 4440 Matini,

1898 4448 1947 4492 et
1968 4438 2161 4507 Javan,
2196 4453 2243 4497 et
2268 4444 2485 4507 Tltubal,
2510 4459 2558 4503 et
2587 4450 2820 4507 Mosoch.
2849 4438 3324 4530 (Ilieron.j1aphet
3354 4438 3461 4519 ﬁlio

1902 4525 2013 4580 Noe
2057 4530 2167 4583 nati
2210 4540 2332 4585 sunt
2362 4543 2565 4604 septem
2604 4535 2730 4604 ﬁlii,
2758 4525 3231 4613 quipossederun-t
3263 4558 3457 4606 terram

1901 4614 1954 4668 in
1981 4614 2127 4681 Asia,
2154 4619 2221 4674 ab
2247 4620 2455 4676 Amano
2481 4632 2535 4678 et
2580 4627 2757 4683 Tauro
2802 4630 3109 4703 leesyriae
3146 4645 3201 4691 et
3262 4638 3459 4695 Cilicia:

1900 4707 2185 4774 montibus,
2207 4726 2374 4780 usque
2396 4715 2463 4794 ad
2481 4712 2700 4773 ﬁuvium
2724 4719 2975 4790 Tanaim;
3002 4727 3054 4780 in
3079 4728 3286 4797 Europa
3308 4746 3453 4795 vero,

1897 4811 2065 4867 usque
2086 4799 2150 4853 ad
2170 4798 2401 4867 Gadara,
2426 4807 2639 4862 nomina
2666 4808 2796 4865 locis
2815 4820 2867 4865 et
2887 4816 3131 4882 gentibus
3152 4817 3453 4889 relinquen-
3478 4824 3481 4825 ⁷

1896 4893 1995 4941 tes.
2021 4887 2061 4942 Ε
2084 4889 2276 4957 quibus
2294 4901 2479 4961 postea
2511 4895 2789 4954 immutata
2822 4911 2943 4955 sunt
2969 4903 3223 4973 plurima,
3258 4887 3449 4965 caetera

1894 4986 2208 5042 permanent
2246 4987 2306 5034 ut
2340 4978 2574 5039 fuerunt.
2619 4983 2755 5041 Sunt
2792 4999 2969 5045 autem
3000 4992 3312 5059 Gomer,‘id
3344 5007 3444 5063 est,

1895 5059 2125 5149 Celata;
2152 5064 2355 5137 Magog,
2388 5069 2440 5123 id
2457 5077 2559 5134 est,
2584 5070 2826 5142 Scytha;
2853 5076 3044 5144 Madai,
3067 5076 3119 5135 id
3145 5088 3249 5147 est,
3277 5059 3443 5149 Medii

1892 5147 2082 5215 Javan,
2102 5152 2155 5206 id
2181 5163 2285 5219 est,
2300 5154 2468 5219 bees,
2486 5160 2578 5227 qui
2600 5168 2654 5214 et
2681 5160 2873 5230 Crazci,
2897 5166 3038 5222 unde
3058 5182 3203 5225 mare
3222 5147 3440 5227 iunium.

1894 5236 2115 5302 Thubal,
2150 5240 2200 5294 id
2228 5252 2329 5306 est,
2360 5242 2519 5311 lberi,
2556 5249 2646 5317 qui
2683 5261 2739 5305 et
2776 5252 3028 5324 Hispani,
3056 5273 3085 5313 s
3111 5256 3301 5329 Quibus
3326 5256 3444 5316 εει-

1892 5328 2099 5402 tiberin,
2129 5330 2252 5385 licet
2278 5333 2497 5402 quidam
2535 5336 2694 5395 Italos
2731 5336 3082 5413 suspicentur.
3113 5336 3324 5402 διοώρῆ
3344 5387 3359 5413 ,
3388 5348 3440 5403 id

1888 5426 1986 5479 est,
2018 5417 2377 5488 Cappadoces,
2408 5424 2545 5480 unde
2571 5432 2774 5486 eturbs
2800 5432 2938 5502 apud
2964 5448 3057 5489 eos
3091 5449 3258 5505 usque
3284 5434 3440 5493 hodie
3476 5444 3484 5455 ’

1889 5506 2134 5564 Mszecba
2162 5511 2374 5567 dicitur.
2418 5514 2583 5572 Porro
2616 5519 2959 5591 Septuaginta
2990 5512 3311 5592 interpretes
3338 5526 3441 5583 Ca-

1887 5597 2153 5665 phthorim
2179 5599 2519 5672 Cappadoces
2552 5609 2910 5676 arbitrantur,
2949 5610 3139 5669 Thiras
3168 5614 3436 5685 Thraces,

1885 5699 2108 5757 quorum
2148 5702 2248 5742 non
2293 5690 2422 5746 satis
2458 5693 2790 5753 immutatum
2815 5699 3128 5756 vocabulum
3161 5704 3261 5760 est.
3289 5701 3434 5762 ‘Scio
