3968 6358
542 376 637 430 527

1167 369 1225 423 [ς.
1270 369 1519 424 RABANI
1557 329 1774 426 nium
1812 348 2124 423 AltClllEP.
2170 366 2478 423 nucum.
2522 366 2802 423 OPEItUM
2846 366 3024 418 mas
3061 366 3096 418 ι.

3683 363 3780 415 5.8

543 469 821 539 quemdam
843 465 1034 539 Coget
1064 467 1267 540 Hagog,
1297 478 1404 523 tam
1435 469 1500 523 de
1524 452 1914 547 praesenti’loco
1935 480 2094 541 quam
2125 470 2168 529 Α
2199 464 2420 520 llebneo
2446 467 2704 535 scriptum
2733 472 2815 532 est
2834 505 2850 532 ,
2893 463 3054 535 Reges
3088 466 3226 520 Saba
3253 478 3300 520 et
3327 467 3486 523 Saba.
3525 468 3766 522 Primum

542 554 606 615 de
641 559 905 626 Ezechiel,
934 559 998 612 ad
1021 557 1316 639 Gothorum
1340 573 1510 638 nuper
1529 559 1580 612 in
1605 566 1748 611 terra
1774 565 1955 610 nostra
1980 555 2100 609 bac-

543 651 814 705 chantium
862 631 1141 707 historiam
1187 650 1429 704 retulisse
1454 631 1476 702 ε’
1507 648 1648 728 quod
1689 657 1871 704 utrum
1913 662 2099 702 verum

544 743 634 807 sit,
666 741 832 820 praelii
859 742 1024 812 ipsius
1048 740 1154 795 line
1179 737 1577 795 monstrabitur.
1619 737 1684 790 Et
1721 745 1869 791 certe
1896 735 2101 791 Gothos

543 848 729 888 omnes
761 842 906 891 retro
933 832 1125 888 eruditi
1147 831 1316 903 magis
1339 828 1502 885 Getas
1519 844 1679 899 quam
1703 828 1818 900 Gog
1837 838 1891 884 et
1913 828 2099 900 κᾶδος

545 921 806 992 appellare
847 927 1252 976 consueverunt.
1298 917 1392 973 Ila:
1440 918 1623 988 itaque
1666 927 1869 988 septem
1915 926 2099 989 gentes

544 1029 674 1082 quas
711 1013 776 1068 de
812 1012 1003 1082 Japhet
1035 1011 1217 1082 venire
1259 1011 1427 1082 stirpe
1467 1020 1794 1068 memoratus
1836 1017 1988 1078 eum,
2035 1012 2102 1073 ad

542 1102 818 1171 Aquilonis
840 1110 1042 1172 partem
1064 1100 1324 1156 habitant.

613 1187 740 1246 Filii
766 1189 954 1246 Camer
973 1193 1194 1246 Assenes
1221 1201 1268 1246 et
1294 1191 1515 1264 Riphth
1540 1202 1587 1247 et
1613 1191 1923 1263 Thogorma.
1947 1193 2102 1247 Asse—

546 1300 640 1338 ncz
662 1283 830 1344 Grmci
856 1282 1088 1354 Reginos
1109 1292 1329 1337 vocant:
1356 1283 1587 1353 Riphatb
1611 1282 1922 1354 Pallagones
1938 1301 1950 1334 :
1968 1282 2102 1336 Tho-

545 1390 727 1444 gorma
758 1373 1010 1445 Phryges.
1027 1403 1033 1410 -

617 1459 742 1514 Filii
765 1472 935 1514 autem
960 1459 1150 1524 lavan,
1178 1460 1322 1514 Elisa
1351 1469 1397 1514 et
1436 1460 1684 1526 Titanis,
1728 1471 1776 1515 et
1817 1459 2015 1519 Cethim
2055 1469 2103 1514 et

548 1550 820 1603 Dodam'm.
848 1549 922 1602 Ab
951 1549 1030 1611 Itis
1055 1549 1234 1606 divisa:
1257 1559 1377 1604 sunt
1401 1548 1587 1627 insula:
1612 1551 1883 1604 nationum
1911 1551 1966 1604 in
1999 1560 2104 1604 ter-

547 1641 616 1692 ris
639 1640 768 1704 suis,
801 1630 1147 1710 unusquisque
1165 1639 1449 1697 secundum
1485 1638 1717 1710 linguam
1743 1656 1915 1705 suam,
1942 1649 1991 1694 et
2019 1657 2104 1717 eo-

548 1732 838 1814 gnatiauem
874 1747 1044 1795 suam,
1067 1741 1119 1784 et
1135 1725 1331 1803 gentem
1359 1748 1530 1785 suam.
1557 1732 1634 1786 De
1654 1731 1893 1796 lenibus,
1924 1733 1977 1787 id
1998 1739 2107 1798 est,

2203 576 2395 616 nomen
2421 575 2518 630 per
2549 560 2630 615 sin
2656 570 2738 624 ω.
2784 561 3074 619 secundum
3100 576 3198 629 per
3242 563 3459 618 samech
3482 573 3544 626 β.
3583 561 3768 616 Datim

2201 667 2331 722 gens
2358 658 2439 706 est
2465 648 2753 719 Ethiopias
2775 649 2829 703 in
2857 647 3182 706 Occidentali
3209 653 3382 720 plaga.

2803 758 3028 816 CAPUT
3068 758 3157 814 Kl.

2203 849 2279 904 De
2308 849 2538 906 Nantrod
2568 850 2801 920 gigante,
2823 860 2891 920 Ast
2919 849 2996 920 de
3016 849 3339 920 confusione
3383 848 3684 920 linguarum
3713 851 3773 901 in

2695 918 2858 972 turris
2885 919 3249 987 aediﬁcatione.

2270 1001 2438 1058 Porro
2469 1002 2607 1060 Clius
2631 1005 2803 1076 genuit
2828 1004 3058 1060 Nemmd
3073 1023 3091 1070 ,'
3131 1007 3237 1076 ipse
3261 1007 3406 1074 coepit
3448 1021 3562 1059 esse
3586 1014 3768 1076 potens

2197 1107 2250 1152 in
2280 1107 2444 1156 terra.
2471 1095 2540 1151 Et
2569 1095 2941 1166 eratrobustus
2969 1105 3178 1149 venator
3201 1112 3378 1149 coram
3414 1094 3664 1148 Domino.
3694 1095 3773 1148 At
3803 1119 3808 1132 ι

2197 1187 2292 1240 ltoc
2316 1185 2471 1240 exiuit
2492 1183 2812 1254 proverbium
2835 1200 2852 1237 :
2881 1181 3045 1248 Quasi
3083 1182 3313 1236 Nemrod
3350 1183 3592 1238 robustus
3621 1200 3772 1238 vena-

2196 1287 2280 1329 tor
2304 1291 2479 1331 coram
2513 1275 2746 1328 Domino.
2779 1273 2902 1328 Fuit
2927 1282 3096 1327 autem
3114 1273 3425 1342 principium
3453 1273 3611 1341 regni
3657 1272 3770 1341 eja

2195 1368 2430 1438 Babylon
2455 1376 2504 1420 et
2529 1367 2696 1420 Araclt
2722 1376 2767 1419 et
2798 1365 2996 1426 Achad,
3025 1374 3070 1417 et
3093 1363 3360 1417 Cbalanne
3387 1364 3442 1414 in
3468 1372 3612 1416 terra
3640 1361 3742 1416 Sen
3760 1391 3772 1400 -

2199 1475 2347 1512 naar.
2378 1457 2454 1510 De
2483 1466 2619 1529 terra
2644 1455 2736 1508 illa
2757 1471 2989 1524 egressus
3011 1465 3085 1507 est
3128 1454 3311 1508 Assur.
3339 1452 3522 1525 (Isid.)
3552 1452 3772 1508 Primus

2196 1556 2315 1618 post
2331 1547 2587 1600 diluvium
2610 1545 2753 1599 inter
2770 1545 3012 1598 homines
3034 1543 3263 1598 Nemrod
3292 1543 3434 1596 ﬁlius
3457 1542 3607 1613 Chus
3631 1559 3771 1597 nova

2198 1636 2404 1707 imperii
2432 1637 2721 1709 cupiditate
2748 1636 3078 1706 tyrannidem
3125 1637 3374 1710 arripuit,
3416 1637 3773 1706 regnavitque

2199 1733 2250 1802 in
2274 1729 2582 1801 Babylonia,
2617 1744 2735 1797 qua:
2777 1728 2843 1780 ah
2868 1740 2932 1781 eo
2961 1725 3102 1794 quod
3132 1725 3326 1780 ibidem
3353 1723 3597 1780 confusa:
3637 1739 3766 1782 sunt

548 1819 770 1885 Graecis,
817 1830 1109 1877 nascuntur
1155 1821 1361 1887 Elisaei,
1407 1822 1498 1892 qui
1538 1829 1800 1878 vocantur
1845 1820 2104 1878 Eolides.
2134 1815 2409 1892 Blinguze,
2447 1819 2608 1876 Babel
2643 1818 2906 1888 appellata
2941 1824 3044 1881 est,
3069 1817 3210 1886 quod
3241 1817 3627 1886 interpretatur
3652 1832 3772 1869 con-

443 1953 447 1957 .
551 1909 702 1966 Unde
733 1921 786 1966 et
813 1912 999 1981 quinta
1043 1912 1222 1984 lingua
1265 1912 1515 1973 Graeciae.
1566 1911 1738 1968 Eolis
1779 1913 2109 1985 appellatur,

549 2014 707 2074 quam
733 1997 804 2052 illi
831 2003 1060 2070 πέμπτην
1087 1995 1338 2057 διάλεκτον
1367 2011 1579 2056 vocant.
1606 2001 1826 2058 Tharsis
1845 2001 2106 2071 Iosephus

545 2087 736 2142 Cilicas
769 2087 1061 2142 arbitratur
1089 2105 1100 2141 :
1138 2090 1165 2140 θ
1190 2088 1532 2157 aspirationis
1558 2088 1791 2145 litteram
1813 2130 1830 2154 ,
1857 2090 2048 2145 vitiose
2073 2105 2109 2143 a

541 2175 770 2246 posteris
794 2176 847 2230 in
878 2199 908 2232 τ
927 2177 1109 2232 dicens
1140 2177 1304 2232 fuisse
1335 2188 1662 2248 corruptam.
1714 2177 1866 2234 Unde
1897 2187 1951 2234 et
1989 2195 2103 2234 me-

537 2268 763 2338 tropolis
786 2285 982 2324 eorum.
1011 2268 1203 2324 oivitas
1223 2269 1423 2326 Tarsus
1451 2270 1766 2342 appellatur.
1796 2271 1960 2328 Paulo
1978 2289 2106 2343 apo-

541 2359 676 2413 stolo
695 2358 942 2430 gloriosa.
967 2346 1178 2416 Gethim
1200 2368 1325 2414 Sunt
1344 2358 1506 2425 Cithi,
1527 2377 1558 2414 a
1580 2363 1775 2432 quibus
1801 2364 1957 2419 hodie
1977 2378 2107 2440 quo-

539 2464 644 2518 que
674 2451 801 2506 urbs
820 2449 994 2522 Cypro
1014 2445 1550 2528 citium‘nominatur.
1576 2454 1858 2520 Dodanim,
1889 2446 2104 2520 Rhodii,

540 2541 612 2594 ita
635 2541 774 2596 enim
797 2541 1144 2613 Septuaginta
1166 2541 1488 2614 interpretes
1510 2545 1915 2615 transtulerunt.
1941 2546 2106 2617 Lega-

539 2647 657 2687 mus
683 2630 938 2689 Varronis
964 2629 1029 2688 de
1052 2629 1476 2705 Antiquitatibus
1504 2634 1686 2700 libros,
1716 2644 1770 2692 et
1791 2634 1923 2690 Sinii
1949 2636 2104 2707 Capi-

541 2726 700 2790 tonis,
728 2733 780 2780 et
801 2723 1042 2782 Graecum
1083 2723 1404 2797 Phlegonta,
1450 2734 1778 2796 ceterosque
1805 2728 2104 2783 eruditissi-

484 2848 493 2872 κ
539 2831 655 2871 mos
677 2816 838 2880 viros,
869 2823 922 2870 et
949 2817 1244 2871 videbimus
1272 2831 1459 2872 omnes
1479 2832 1617 2892 pene
1642 2818 1851 2873 insulas
1869 2828 1921 2872 et
1942 2820 2105 2874 totius

429 2917 431 2920 ‘
539 2906 684 2960 orbis
713 2905 890 2960 littora
918 2913 1195 2976 terrasque
1224 2908 1358 2962 mari
1383 2907 1589 2961 vicinas
1609 2947 1626 2972 ,
1667 2906 1871 2962 Graecis
1909 2909 2105 2963 accolis

542 3003 849 3065 occupatas,
873 2995 983 3064 qui,
999 3005 1056 3048 ut
1082 3010 1243 3065 supra
1267 2996 1519 3061 diximus,
1542 2995 1611 3051 ab
1629 2996 1836 3056 Amano
1856 3005 1912 3051 et
1930 2998 2106 3053 Tauro

540 3084 830 3148 montibus,
859 3085 1036 3138 omnia
1067 3085 1335 3138 maritima
1371 3083 1486 3141 loca
1530 3100 1698 3155 usque
1733 3087 1800 3140 ad
1833 3073 2101 3146 Oceanum

540 3175 827 3244 possedere
847 3174 1233 3230 Britannicum.
1553 3187 1556 3189 λ

610 3264 738 3318 Filii
764 3274 934 3335 autem
963 3265 1154 3329 Citam,
1202 3265 1368 3327 Claus,
1400 3275 1448 3320 et
1479 3265 1726 3322 Hesraim
1764 3279 1811 3322 et
1851 3266 2026 3323 Plautii
2057 3278 2105 3323 ct

544 3357 813 3410 Chanaan.
848 3354 992 3410 Chus
1023 3371 1190 3424 usque
1231 3356 1387 3411 hodie
1431 3357 1498 3410 ab
1546 3357 1783 3413 llebrzeis
1832 3358 2104 3430 Ethiopia

541 3452 889 3514 nuncupatur,
921 3443 1166 3499 Mesraim
1196 3444 1477 3516 Egyptus,
1510 3444 1665 3500 Pluth
1698 3446 1910 3516 Lyhies,
1938 3461 1968 3500 a
1999 3461 2105 3517 quo

538 3544 591 3589 et
612 3535 940 3589 Mauritaniae
961 3533 1154 3588 ﬂuvius
1174 3549 1344 3604 usque
1364 3533 1415 3588 in
1438 3550 1676 3604 presens
1688 3535 1864 3590 Phuth
1887 3537 2100 3601 dicitur,

537 3626 816 3694 omnisque
842 3625 985 3679 circa
1005 3638 1126 3678 eum
1155 3624 1300 3694 regio
1320 3623 1623 3678 Phutensis.
1648 3624 1796 3678 Multi
1816 3627 2106 3703 scriptores

451 3723 464 3727 ’
520 3725 644 3772 tam
673 3715 842 3771 Graeci
869 3731 1028 3786 quam
1053 3715 1246 3780 Latini,
1281 3713 1439 3782 huius
1460 3715 1539 3768 rei
1571 3724 1736 3771 testes
1759 3725 1900 3770 sunt.
1925 3716 2106 3782 Quare

539 3817 714 3862 autem
745 3807 800 3860 in
828 3821 930 3860 una
958 3813 1160 3858 tantum
1183 3797 1412 3858 climatis
1432 3813 1603 3872 parte,
1622 3805 1899 3874 antiquum
1925 3804 2105 3874 Lybiae

538 3912 732 3950 nomen
761 3893 1036 3957 resederit,
1065 3901 1118 3946 et
1143 3891 1343 3961 reliqua
1383 3900 1523 3946 terra
1553 3901 1738 3946 vocata
1770 3893 1854 3955 sit
1889 3891 2068 3947 Africa
2087 3932 2102 3956 ,

539 4004 644 4042 non
674 3985 830 4053 hujus
854 3985 958 4040 loci
983 3997 1080 4038 nec
1109 3983 1361 4052 temporis
1393 3991 1494 4038 est.
1521 3983 1690 4038 Porro
1719 3982 2102 4039 Chanaan‘ob-

541 4077 700 4132 tinuit
727 4083 924 4129 terram
955 4087 1118 4143 quam
1157 4071 1329 4128 Judzei
1363 4072 1611 4142 deinceps
1647 4073 1972 4128 obsederunt
1995 4073 2104 4144 eje—

539 4169 640 4224 ctis
668 4167 997 4223 Chananmis.
1616 4209 1618 4212 ,

608 4263 737 4318 Filii
765 4273 933 4318 autem
960 4249 1308 4326 lChus,,Saba
1355 4267 1403 4313 et
1446 4257 1634 4312 Herila
1679 4266 1729 4312 et
1777 4255 2098 4313 Sabatlmret

543 4359 733 4428 Regina
767 4365 814 4410 et
851 4353 1162 4410 Sabatacha.
1193 4350 1359 4417 Saba,
1379 4365 1409 4404 a
1437 4366 1544 4420 quo
1571 4349 1744 4408 Sabaei
1773 4367 1786 4404 :
1818 4351 1884 4406 de
1904 4351 2096 4425 quibus

545 4449 787 4520 Virgilius
811 4467 822 4500 :

660 4596 673 4610 .
709 4595 722 4610 .
759 4592 771 4606 .
809 4555 1030 4619 Solisque
1057 4559 1134 4605 cst
1159 4562 1296 4604 turea
1332 4554 1467 4612 virga
1501 4551 1724 4612 Sabinis;

536 4670 589 4714 et
613 4659 735 4714 alibi
762 4676 774 4711 :

661 4807 674 4820 .
715 4809 729 4822 .
767 4806 779 4821 .
821 4807 832 4819 .
868 4770 1169 4830 Geniumque
1195 4769 1368 4818 εει)ωο

655 4833 821 4884 Thura
845 4831 1005 4881 calent
1032 4843 1144 4878 arae.
1182 4864 1197 4876 .
1233 4864 1246 4878 .
1287 4863 1299 4877 .

541 4915 721 4969 llevila
745 4912 918 4968 Getuli
939 4913 990 4966 in
1012 4924 1162 4984 parte
1189 4910 1492 4966 remotioris
1512 4909 1704 4965 Africa:
1724 4925 1906 4964 eremo
1925 4911 2100 4964 coha-

541 5011 735 5058 rentes.
766 5001 1020 5064 Sabatha,
1050 5015 1080 5053 a
1104 5016 1208 5069 quo
1230 4999 1545 5066 Sabatheni,
1571 4996 1662 5068 qui
1687 5015 1829 5055 nunc
1849 4999 2096 5054 Astabari

541 5093 897 5146 nominantur.
928 5087 1128 5158 Regina
1155 5105 1280 5144 vero
1302 5099 1356 5144 et
1380 5088 1704 5152 Sabataeha,
1726 5089 1982 5157 paulatim
2003 5105 2096 5143 an—

543 5183 684 5250 tiqua
713 5176 967 5232 vocabula
995 5178 1296 5243 perdidere,
1314 5186 1367 5232 et
1390 5193 1508 5247 qua:
1535 5193 1677 5233 nunc
1703 5193 1800 5246 pro
1827 5179 2096 5234 veteribus

543 5272 789 5331 habeant,
821 5268 1112 5340 ignoratur.

611 5358 738 5412 Filii
767 5357 962 5427 Regina
989 5373 1005 5410 :
1049 5355 1188 5410 Saba
1214 5366 1260 5409 et
1285 5356 1495 5411 Dadan.
1531 5358 1628 5412 llic
1648 5358 1791 5414 Saba
1819 5375 1913 5428 per
1939 5359 2019 5412 sin
2045 5369 2105 5416 ω

544 5453 772 5504 litteram
806 5448 1085 5511 scribitur;
1116 5462 1274 5516 supra
1305 5463 1434 5502 vero
1463 5464 1556 5517 per
1578 5460 1636 5511 ο,
1667 5465 1696 5501 a
1731 5465 1834 5518 quo
1869 5451 2098 5504 diximus

545 5539 826 5610 appellatos
877 5537 1111 5593 Sabmos.
1163 5536 1550 5605 Interpretatur
1597 5553 1733 5606 ergo
1769 5555 1909 5591 nunc
1957 5538 2094 5591 Saba

547 5631 756 5682 Arabia.
783 5627 913 5680 Nam
942 5628 993 5680 in
1021 5630 1408 5695 septuagesimo
1433 5627 1604 5693 primo
1628 5626 1850 5692 psalmo,
1885 5627 1970 5679 ubi
2002 5642 2098 5680 nos

549 5721 821 5783 habemus,
853 5716 1005 5787 Reges
1032 5716 1257 5770 Arabum
1284 5727 1328 5769 et
1362 5716 1502 5768 Saba
1533 5731 1746 5768 munera
1779 5717 2008 5780 olferent,
2042 5716 2093 5766 in

2123 4483 2171 4541 D

2199 1912 2352 1981 fusio.
2384 1909 2548 1981 Cujus
2585 1908 2910 1963 :edilleandae
2934 1908 3098 1961 turris
3124 1907 3265 1960 idem
3293 1904 3525 1960 Nemrod
3565 1905 3775 1959 exstitit

2198 2015 2415 2070 auctor;
2461 2005 2658 2075 quique
2701 2018 2798 2071 pro
2841 2018 2905 2056 eo
2935 1999 3080 2070 quod
3129 2000 3269 2053 ultra
3315 2007 3568 2052 naturam
3613 2013 3769 2052 suam

2197 2096 2317 2150 caeli
2345 2095 2451 2163 alta
2477 2102 2762 2164 penetrare
2784 2092 3080 2156 contendit,
3114 2107 3217 2144 non
3237 2091 3526 2160 incongrue
3549 2088 3768 2143 diabolo

2197 2192 2556 2256 comparatur,
2584 2182 2697 2254 qui,
2723 2182 3045 2253 cogitatione
3067 2181 3246 2236 cordis
3268 2181 3350 2235 sui
3378 2180 3769 2248 intumescens,

2198 2289 2357 2344 super
2387 2274 2562 2329 sidera
2589 2289 2648 2329 se
2673 2272 2897 2327 exaltari
2932 2271 3115 2334 voluit,
3147 2270 3200 2325 id
3227 2279 3328 2335 est,
3360 2283 3522 2339 super
3555 2284 3774 2323 omnem

2197 2375 2512 2436 potestatem
2544 2364 2853 2436 angelorum
2894 2362 3008 2417 Deo
3036 2376 3094 2416 se
3130 2374 3414 2430 coaequare
3451 2359 3768 2429 disponens.

2197 2458 2322 2512 dum
2351 2457 2494 2511 dicit
2523 2473 2535 2508 :
2579 2455 2865 2509 Ascendam
2893 2469 3047 2523 super
3077 2452 3410 2505 altitudinem
3455 2451 3695 2514 nubium,
3726 2463 3771 2505 et

2196 2566 2283 2602 ero
2312 2548 2495 2602 similis
2523 2547 2786 2602 Altissimo
2816 2545 2948 2616 (Isa.
2981 2549 3112 2616 xiv).
3159 2544 3310 2610 Quod
3341 2553 3521 2599 autem
3564 2543 3768 2597 dicitur

2196 2646 2439 2703 venator,
2460 2637 2588 2707 quid
2605 2625 2936 2708 signiﬁcatur
2958 2637 3059 2691 hoc
3086 2636 3318 2700 nomine,
3334 2636 3435 2689 nisi
3467 2635 3771 2697 animarum

2199 2728 2584 2798 terrigenarum
2627 2728 2898 2796 deceptor,
2930 2735 2985 2780 et
3017 2726 3233 2794 capiens
3261 2725 3507 2779 homines
3527 2724 3594 2778 ad
3623 2740 3771 2779 mor-
3809 2728 3811 2730 ’

2200 2819 2339 2873 tem?
2369 2816 2633 2888 (Hierom)
2659 2816 2919 2887 Regnavit
2949 2824 3126 2871 autem
3162 2825 3215 2870 et
3253 2816 3306 2870 in
3330 2815 3529 2880 Arach,
3561 2816 3776 2870 hocest

2198 2911 2252 2965 in
2281 2910 2503 2974 Edessa,
2529 2917 2584 2964 et
2614 2909 2666 2962 in
2697 2907 2905 2972 Aehad,
2937 2923 3054 2976 quae
3084 2922 3225 2961 nunc
3250 2906 3449 2960 dicitur
3474 2905 3698 2966 Nisibis.
3719 2915 3777 2958 et

2197 3000 2252 3054 in
2293 2998 2592 3064 Chalanne,
2621 3013 2741 3068 quae
2793 3007 2975 3067 postea
3015 3011 3169 3052 verso
3215 2997 3431 3050 nomine
3473 3011 3503 3049 a
3544 2993 3774 3048 Seleuco

2198 3104 2323 3158 rege
2349 3088 2492 3144 dicta
2523 3097 2605 3143 est
2634 3087 2897 3153 Seleucia,
2925 3086 3011 3143 vel
3031 3082 3183 3142 cerie
3200 3100 3317 3156 quae
3343 3100 3486 3141 nunc
3513 3089 3774 3156 ιτησιφὼν

2131 3154 2174 3216 C
2199 3154 2510 3248 appellatur.

2266 3268 2341 3323 De
2367 3279 2502 3322 terra
2522 3268 2614 3323 illa
2647 3269 2800 3323 exivit
2842 3270 3026 3336 Assur,
3070 3278 3118 3323 et
3158 3268 3433 3339 mdiﬁcavit
3461 3263 3687 3321 Niniuen
3725 3273 3775 3320 et

2197 3360 2462 3414 Rohoboth
2490 3360 2765 3413 civitatem.
2797 3358 2872 3414 De
2903 3360 3003 3414 hac
3045 3367 3212 3423 terra,
3235 3357 3576 3428 Assyriorum
3603 3358 3782 3425 pullu-

2194 3450 2324 3511 lavit
2346 3449 2623 3520 imperium
2653 3449 2742 3518 qui
2773 3465 2838 3504 ex
2874 3449 3103 3506 nomine
3141 3447 3260 3504 Nini
3293 3447 3400 3502 Beli
3436 3446 3551 3512 lilii,
3573 3446 3775 3502 Ninum

2196 3543 2544 3598 condiderunt
2572 3544 2759 3596 urbem
2781 3558 3056 3613 magnam,
3074 3557 3236 3612 quam
3257 3541 3468 3596 Hebraai
3491 3543 3774 3612 appellant

2195 3632 2439 3696 Niniven,
2466 3631 2531 3685 ad
2558 3631 2709 3700 cuius
2737 3633 2821 3687 vel
2866 3633 3077 3686 ruinam
3121 3633 3200 3688 vel
3238 3632 3622 3701 paenitentiam
3657 3640 3782 3686 tota

2193 3721 2343 3776 Jonze
2365 3721 2595 3789 pertinet
2619 3721 2917 3790 prophetia.
2950 3721 3102 3788 Quod
3149 3730 3325 3777 autem
3351 3724 3427 3776 ait
3459 3721 3690 3778 Niniven
3723 3735 3780 3778 et

2195 3812 2476 3866 Rohoboth
2512 3812 2801 3880 civitatem,
2830 3828 2936 3867 non
2971 3820 3226 3882 putemus
3243 3815 3374 3869 duas
3404 3828 3527 3868 esse
3562 3817 3776 3880 urbes;

2197 3903 2290 3962 sed
2319 3903 2443 3972 quia
2483 3902 2760 3958 Roboboth
2790 3891 3440 3972 platew’interpretantur.
3473 3905 3545 3958 ita
3586 3905 3774 3976 legen-

2197 3993 2322 4051 dum
2345 4001 2459 4048 est:
2491 4003 2537 4046 et
2583 3991 2854 4060 cdiﬁcavit
2897 3991 3140 4056 Niniven,
3187 4003 3233 4046 et
3265 3994 3466 4063 plateas
3514 3996 3770 4048 ciuitatis.

2200 4080 2269 4133 Et
2309 4079 2553 4134 Mesraim
2595 4080 2772 4148 genuit
2799 4076 2988 4132 Ludtm
3029 4087 3077 4136 et
3118 4076 3361 4130 Anamisn
3389 4086 3437 4156 et
3465 4075 3690 4130 Laabsm
3719 4089 3772 4130 et

2201 4171 2498 4240 Nephtuim,
2531 4180 2586 4224 et
2602 4168 2897 4224 Phetrusim
2921 4178 2968 4223 et
2997 4167 3282 4233 Chasluim,
3311 4185 3338 4222 e
3362 4168 3549 4238 quibus
3570 4184 3772 4238 egressr

2196 4272 2313 4317 sunt
2349 4259 2628 4316 Philistilm
2657 4270 2704 4315 et
2733 4257 3050 4330 Caphtorim.
3078 4259 3326 4328 Exceptis
3351 4259 3568 4314 Laahim
3589 4275 3620 4312 a
3641 4260 3768 4328 qui-

2196 4353 2296 4407 bus
2324 4352 2519 4422 Lybies
2551 4359 2736 4420 postea
2765 4349 3026 4403 nominati
3069 4356 3223 4413 sunt,
3255 4348 3348 4417 qui
3387 4347 3538 4418 prius
3567 4348 3767 4403 Phutei

2198 4442 2544 4505 vocabantur,
2581 4448 2634 4494 et
2657 4437 2924 4493 Chasluim
2955 4440 3045 4506 qui
3076 4437 3325 4506 deinceps
3352 4435 3641 4493 Philistiim
3667 4453 3766 4506 ap.

2196 4533 2376 4604 pellati
2398 4540 2556 4602 sunt,
2585 4546 2718 4600 quos
2747 4546 2843 4585 nos
2871 4537 3121 4598 corrupte
3158 4527 3466 4582 Palaestinos
3495 4527 3764 4592 dicimus.

2197 4631 2404 4678 extera:
2449 4636 2544 4675 sex
2589 4628 2774 4690 gentes
2816 4619 3009 4689 ignota:
3054 4619 3204 4673 nobis
3250 4626 3396 4682 sunt,
3443 4619 3570 4690 quia
3619 4619 3766 4674 bello

2197 4709 2500 4780 Ethiopico
2524 4711 2789 4765 subversae
2823 4724 2990 4778 usque
3019 4709 3085 4763 ad
3111 4707 3427 4763 oblivionem
3458 4711 3770 4778 prmterito—

2197 4817 2318 4856 rum
2342 4802 2613 4854 nominum
2636 4813 2942 4868 pervenere.
2973 4798 3329 4854 Possederunt
3351 4807 3530 4853 autem
3557 4808 3767 4852 terram

2200 4911 2229 4949 a
2262 4893 2428 4958 Gaza,
2451 4909 2620 4963 usque
2644 4893 2708 4946 ad
2735 4902 3005 4948 extremos
3033 4891 3168 4946 lines
3189 4889 3427 4961 Egypti.

2267 4994 2334 5047 Et
2368 4992 2620 5048 Chanaan
2655 4995 2826 5063 genuit
2865 4993 3255 5063 primogenitum
3284 5006 3434 5045 suum
3471 4990 3763 5055 Sidam,

2196 5097 2244 5140 et
2277 5085 2568 5140 (lethaeum.
2605 5097 2652 5140 et
2679 5085 2994 5150 Jebusteum,
3022 5094 3069 5138 et
3099 5084 3456 5137 Amorrlueum
3477 5123 3491 5146 ,
3535 5093 3583 5136 st
3632 5080 3766 5136 Ger—

2195 5192 2436 5245 geswum,
2469 5187 2517 5229 et
2541 5174 2810 5238 ﬂeturum,
2831 5185 2876 5228 et
2899 5175 3190 5234 Araccum,
3211 5183 3258 5225 et
3284 5171 3538 5236 Sinavnm,
3559 5183 3606 5225 et
3631 5174 3768 5227 Ara-

2195 5265 2360 5326 dium,
2381 5261 2722 5325 Samara’um,
2746 5272 2791 5314 et
2813 5261 3156 5314 Amat/unum.
3183 5260 3256 5314 De
3278 5259 3527 5313 Chanaan
3551 5261 3764 5330 primus

2199 5362 2356 5405 natus
2383 5360 2464 5405 est
2494 5351 2675 5413 Sidon,
2705 5366 2733 5402 a
2763 5365 2867 5418 quo
2893 5349 3019 5403 urbs
3049 5350 3099 5401 in
3129 5348 3378 5403 Phoenice
3401 5347 3565 5403 Sidon
3597 5366 3766 5406 voca—

2200 5451 2321 5503 tur;
2363 5441 2480 5494 dein
2530 5441 2808 5501 Araezeus,
2837 5438 2928 5506 qui
2972 5437 3138 5491 Arcas
3185 5436 3420 5491 condidit
3464 5437 3760 5507 oppidum,

2199 5539 2382 5584 contra
2411 5529 2663 5597 Tripolim
2686 5570 2699 5595 ,
2745 5530 2801 5582 in
2849 5528 3116 5582 radicibus
3134 5527 3542 5580 'Lilani‘situm.
3573 5527 3620 5580 Α
3651 5541 3770 5596 quo

2199 5623 2336 5675 haud
2361 5622 2541 5689 procul
2569 5621 2667 5674 alia
2690 5621 2878 5674 civitas
2908 5617 3005 5671 luit
3024 5601 3238 5671 nomine
3266 5615 3400 5676 Sini,
3429 5631 3548 5684 qua:
3567 5625 3763 5682 postea

2196 5712 2342 5763 vario
2372 5721 2560 5764 eventu
2584 5713 2837 5771 subversa
2867 5709 3144 5772 bellorum,
3168 5721 3360 5762 nomen
3385 5706 3768 5759 tantummodo
