3968 6332
278 265 385 318 529

1303 265 1649 321 COMMENT.
1694 266 1757 318 LV
1795 264 2110 320 GEMSSIM.
2156 297 2220 304 ——
2262 266 2386 318 LIB.
2425 267 2490 320 ιι.

3406 270 3508 322 53.)

276 381 400 434 loco
431 378 715 447 pristinum
744 377 1053 430 reservavit.
1086 377 1434 432 Aradii'sunt
1470 381 1562 447 qni
1607 378 1840 431 Aradum
1872 385 1918 439 Α
1947 383 2261 435 scuritatem
2286 380 2437 445 facit,
2467 381 2610 450 quod
2636 395 2701 436 eo
2727 397 2922 450 genere
2952 383 3232 436 locutionis
3274 393 3506 438 contexit

281 472 510 524 insulam
543 469 920 536 possederunt,
951 479 1176 538 angusto
1215 471 1353 524 freto
1384 486 1414 523 a
1456 470 1727 524 Phoenicis
1765 471 1850 524 iit-

281 573 398 614 tore
421 568 741 628 separatam.
760 557 1015 614 Samaraei
1039 561 1232 628 quibus
1254 560 1451 614 Edessa
1471 560 1665 614 nobilis
1679 560 1850 615 Caele-

277 653 441 722 syrire
468 654 676 717 civitas,
704 652 891 707 Emath
919 655 1182 721 usquead
1210 661 1450 706 nostrum
1478 663 1709 723 tempus,
1739 665 1846 710 tam

279 762 310 797 ει
343 744 516 814 Syriis
545 759 703 814 quam
730 745 797 799 ab
826 744 1084 806 Hebraeis,
1109 746 1181 798 ita
1210 754 1267 796 ut
1295 746 1434 814 apud
1467 755 1677 801 veteres
1706 747 1847 802 dicta

282 843 474 899 luerat,
522 835 834 903 appellatur.
879 835 1027 888 Hanc
1057 834 1403 900 Macedones,
1448 838 1538 905 qui
1567 847 1686 907 post
1725 838 1847 892 Ale-

264 924 546 987 sandrum
575 927 626 979 in
655 923 872 979 Oriente
906 932 1215 995 regnarunt,
1258 925 1609 994 Epiphaniam
1643 944 1847 983 nuncu-

276 1026 558 1086 paverttnt.
581 1017 824 1071 Nonnulli
843 1017 1180 1076 Antiochiam
1204 1016 1276 1068 ita
1297 1017 1611 1086 appellatam
1634 1027 1839 1088 putant.

279 1111 382 1164 Alii
428 1110 551 1164 licet
596 1125 699 1164 non
742 1125 890 1172 vere,
927 1116 1102 1161 tamen
1144 1108 1450 1176 opinionem
1495 1125 1644 1163 suam
1691 1113 1843 1179 quasi

276 1199 551 1253 verisimili
600 1198 856 1252 vocabulo
901 1196 1268 1260 consolantes,
1304 1197 1492 1251 Emath
1523 1199 1748 1266 primam
1776 1202 1843 1254 ab

275 1290 557 1343 Antiochia
592 1288 922 1341 mansionem
962 1284 1217 1341 Edessam
1265 1289 1608 1356 pergentibus
1654 1290 1840 1359 appel-

272 1379 372 1432 lari
399 1366 584 1447 putant
608 1395 622 1443 ;
661 1387 715 1432 et
745 1378 986 1432 eamdem
1013 1393 1131 1432 esse
1153 1393 1272 1448 quae
1297 1379 1436 1447 apud
1468 1387 1671 1436 veteres
1699 1381 1841 1436 dicta

273 1469 346 1522 sit
382 1470 593 1524 Emath.

344 1559 412 1612 Et
457 1560 556 1628 fuit
590 1560 840 1613 terminus
887 1556 1334 1625 Chananworum,
1367 1577 1399 1612 a
1445 1560 1636 1615 Sidone
1678 1562 1839 1618 donec

269 1650 444 1704 venias
473 1652 527 1703 in
565 1647 762 1703 Gerara
788 1666 949 1720 usque
976 1651 1045 1703 ad
1082 1648 1279 1703 Gazam
1323 1654 1648 1721 pergentibus
1681 1653 1840 1708 Sido-

1952 472 2072 536 ista,
2115 473 2268 540 quasi
2312 473 2550 526 narratio
2585 472 2651 526 de
2695 473 2792 527 bis'
2821 488 2939 541 qu:e
2976 483 3156 543 postea
3203 475 3340 528 facta
3389 484 3510 528 sunt

1947 571 2327 632 consequatur.
2954 629 2956 632 ν

2017 651 2248 723 Cumque
2296 655 2748 723 proﬁciscerentur
2791 655 2855 709 de
2904 655 3153 718 Oriente,
3215 657 3512 709 invenerunt

1947 759 2184 810 campum
2205 745 2258 796 in
2280 755 2418 799 terra
2441 745 2704 813 Sennaar,
2724 757 2772 800 et
2796 747 3153 800 habitaverunt
3175 747 3226 799 in
3249 763 3326 799 eo.
3353 746 3514 799 Dixit-

1944 851 2042 903 que
2062 834 2194 888 alter
2214 836 2283 888 ad
2298 838 2592 905 proximum
2613 856 2763 891 suum
2779 852 2799 893 :.
2827 837 3026 902 Venite,
3050 837 3305 906 faciamus
3329 838 3512 891 lateres

1945 936 1992 979 et
2020 943 2303 997 eoquamus
2324 945 2409 981 eos
2435 930 2563 998 igni.
2595 929 2995 1001 Habueruntque
3022 929 3206 983 lateres
3228 947 3322 999 pro
3344 931 3507 992 saxis,

1944 1026 1990 1069 et
2017 1017 2242 1071 bitumen
2263 1033 2356 1087 pro
2383 1027 2712 1082 cwmento,et
2736 1020 3008 1072 dixerunt:
3038 1018 3231 1084 Venite,
3257 1021 3510 1088 faciamus

1944 1106 2089 1160 nobis
2128 1107 2419 1172 civitatem,
2463 1116 2508 1160 et
2553 1108 2762 1171 turrim,
2795 1101 2944 1175 cujus
2974 1125 3219 1162 cacumen
3255 1109 3508 1178 pertingnt

1944 1201 2012 1253 ad
2045 1192 2269 1264 caelum,-
2309 1212 2356 1254 et
2385 1201 2698 1255 celebremus
2736 1216 2918 1254 nomen
2948 1210 3198 1263 nostrum,
3237 1209 3511 1268 antequam

1943 1289 2241 1343 dividantur
2261 1292 2326 1342 in
2355 1291 2622 1344 universas
2649 1300 2836 1352 terras,
2861 1299 2915 1344 et
2941 1290 3163 1358 reliqua.
3192 1289 3375 1342 Turris
3399 1291 3513 1343 haec.

1941 1379 2252 1448 superbiam
2275 1378 2433 1446 hujus
2456 1379 2639 1433 mundi
2664 1379 2948 1448 signiﬁcat,
2976 1379 3059 1432 vel
3087 1379 3246 1447 impia
3268 1379 3512 1448 dogmata

1942 1468 2336 1523 litereticorum.
2370 1469 2470 1535 Qui
2496 1479 2780 1539 postquam
2811 1469 2940 1524 moti
2969 1480 3121 1532 sunt,
3162 1469 3228 1522 ab
3254 1467 3473 1523 Oriente
3496 1509 3508 1530 ,

1942 1559 1994 1612 id
2022 1567 2124 1620 est,
2153 1567 2282 1612 vero
2310 1558 2511 1612 lumine
2541 1567 2908 1625 recesserunt;
2935 1567 2988 1613 et
3010 1567 3269 1612 venerunt
3292 1558 3344 1612 in
3369 1541 3510 1614 cam;

1941 1660 2066 1716 pum
2109 1647 2380 1712 Senuaar,
2426 1649 2516 1715 qui
2561 1648 2941 1715 interpretatur
2985 1649 3217 1700 excussio
3254 1646 3505 1705 dentium.

269 1745 414 1796 niam
457 1752 504 1795 et
545 1738 908 1806 Comorrham,
940 1750 986 1794 et
1030 1742 1285 1794 Adamam
1309 1783 1323 1807 ,
1350 1752 1399 1795 et
1436 1742 1640 1797 Seboim
1683 1761 1842 1815 usque
1870 1728 1915 1786 Β
1943 1741 2138 1796 Statim
2169 1745 2428 1798 adversus
2457 1743 2624 1796 Deum
2651 1740 2938 1808 impietatis
2973 1754 3083 1793 sua:
3109 1738 3374 1793 aediﬁcant
3398 1734 3510 1792 tur-

271 1831 426 1886 Lesa.
459 1830 591 1897 Quia
628 1838 834 1903 uetera!
863 1830 1139 1893 civitates,
1173 1829 1337 1884 Sidon
1364 1831 1616 1892 videlicet
1647 1841 1702 1888 et
1734 1832 1840 1896 Ge-

268 1938 416 1987 rara,
445 1931 500 1976 et
525 1921 847 1986 Sodoma,et
876 1920 1196 1986 Gomorrha,
1223 1930 1277 1976 et
1300 1921 1594 1988 Adama,et
1625 1924 1839 1980 Feboim

266 2024 413 2070 noue
434 2024 557 2070 sunt
577 2015 846 2079 omnibus,
871 2015 971 2070 hoc
994 2023 1198 2070 tantum
1220 2015 1582 2070 annotandum
1607 2018 1836 2083 videtur,

263 2108 413 2176 quod
435 2107 567 2161 Lesa
599 2108 710 2175 ipsa
747 2107 816 2161 sit
849 2119 968 2174 quzn
1004 2121 1146 2160 nunc
1185 2106 1452 2161 Callirhoe
1492 2109 1718 2175 dicitur,
1750 2112 1839 2164 ubi

271 2211 426 2266 aqua:
468 2195 655 2250 calida:
701 2204 1109 2265 prorumpentes
1159 2196 1212 2248 in
1260 2211 1408 2252 mare
1447 2191 1710 2253 Mortuum
1750 2200 1840 2254 de-

269 2285 461 2340 ﬂuunt

343 2371 473 2425 Filii
503 2370 644 2436 Sent,
675 2347 856 2426 )Elam
905 2383 952 2427 et
993 2375 1185 2440 Assur,
1217 2387 1265 2430 et
1293 2377 1442 2444 Lud,
1479 2387 1526 2432 et
1557 2377 1838 2447 Arphaxad

263 2476 317 2518 et
350 2467 524 2518 Aram.
569 2465 633 2518 lii
681 2465 747 2520 ab
790 2465 1059 2535 Euphrate
1087 2466 1246 2520 ﬂuvio
1272 2475 1476 2536 partem
1505 2467 1642 2521 Asia:
1671 2483 1838 2535 usque
1871 2495 1875 2498 λ

266 2557 339 2609 ad
365 2555 596 2610 indicum
621 2571 882 2610 oceanum
906 2564 1104 2610 tenent.
1142 2557 1235 2611 Est
1256 2567 1433 2612 autem
1457 2557 1652 2621 IElam,
1677 2573 1706 2612 a
1730 2573 1837 2626 quo

268 2643 561 2710 Elamits,
597 2646 918 2714 principium
963 2646 1216 2703 Persidis.
1261 2648 1335 2701 De
1372 2647 1540 2701 Assur
1567 2657 1690 2702 ante
1725 2664 1834 2718 ,πη

266 2733 469 2786 dictum
498 2738 612 2796 est,
656 2734 798 2803 quod
834 2732 1029 2787 Ninum
1059 2735 1242 2789 urbem
1268 2722 1584 2790 condiderit.
1623 2735 1832 2804 Arpha-

267 2821 394 2884 xad,
425 2836 453 2873 a
477 2837 581 2890 quo
603 2821 852 2875 Chaldaei.
891 2821 1080 2876 Ludim
1101 2864 1114 2885 ,
1147 2839 1174 2876 a
1216 2839 1323 2891 quo
1354 2823 1540 2894 Lydia.
1581 2825 1776 2891 Aram,
1804 2841 1834 2879 a

267 2904 378 2980 quo
410 2911 552 2982 Syri,
579 2928 805 2980 quorum
831 2913 1141 2980 metropolis
1169 2922 1251 2968 est
1277 2915 1591 2969 Damascus.

339 3001 467 3055 Filii
496 3004 675 3066 Aram,
708 3001 779 3056 Us
805 3013 853 3056 et
881 3003 1017 3069 Hul,
1043 3015 1089 3058 et
1117 3003 1305 3059 Cet/ter
1327 3015 1374 3059 et
1410 3005 1537 3059 Mes.
1572 3004 1665 3071 Us,
1703 3005 1834 3060 Tra-

1941 1833 2044 1887 rim
2065 1873 2079 1898 ,
2125 1848 2190 1887 ac
2220 1832 2528 1902 dogmatum
2567 1831 2869 1900 superbiam
2902 1828 3112 1883 nefario
3143 1842 3276 1883 ausu
3301 1830 3506 1884 conlin-

1939 1932 2090 1994 gunt,
2121 1923 2361 1978 volentes
2389 1922 2702 1978 curiositate
2746 1933 2851 1975 non
2888 1920 3030 1975 licita
3060 1921 3225 1989 ipsius
3251 1919 3370 1975 caeli
3397 1920 3506 1975 alta

1939 2022 2241 2090 penetrare.
2293 2012 2400 2068 Sed
2436 2013 2576 2068 sicut
2610 2010 2686 2065 illi
2715 2025 2810 2080 per
2843 2010 3146 2079 superbiam
3177 2010 3244 2064 ab
3272 2025 3376 2063 una
3408 2009 3508 2064 lin-

1938 2121 2038 2176 gua
2070 2105 2120 2158 in
2145 2104 2342 2160 multas
2368 2104 2525 2159 divisi
2564 2110 2720 2167 sunt,
2751 2103 2820 2156 ita
2847 2110 2894 2157 et
2939 2101 3172 2156 bteretici
3205 2102 3271 2156 ab
3304 2102 3506 2156 unitate

1941 2195 2087 2261 fidei,
2112 2195 2448 2251 confessione
2472 2195 2758 2266 segregati,
2785 2195 2925 2250 inter
2946 2207 3003 2249 se
3029 2193 3338 2248 diversitate
3359 2207 3506 2248 erro-

1941 2284 2036 2349 ris,
2060 2286 2209 2353 quasi
2237 2300 2332 2354 per
2367 2285 2774 2346 dissonantiam,
2795 2283 3023 2354 lingua,
3066 2283 3294 2338 invicem
3326 2299 3504 2339 secer-
3592 2319 3596 2323 ι

1937 2382 2137 2427 nuntur
2161 2391 2175 2439 ;
2215 2382 2270 2428 et
2294 2389 2428 2445 quos
2451 2381 2625 2428 armat
2651 2373 2909 2428 adversus
2926 2371 3091 2426 Deum
3113 2373 3267 2428 elatae
3295 2373 3508 2442 conspi-

1939 2454 2161 2519 rationis
2206 2465 2510 2533 perniciosa
2554 2465 2868 2529 consensio,
2909 2455 3094 2518 rursus
3142 2463 3506 2519 intercedente
3581 2512 3585 2516 λ

1937 2555 2241 2623 dogmatum
2265 2555 2553 2619 discordia,
2579 2554 2766 2609 dividit
2788 2554 2975 2608 oborta
2998 2561 3218 2624 repente
3241 2553 3499 2609 confusio.

1936 2645 2079 2710 Quos
2111 2645 2325 2714 quidem
2352 2646 2464 2715 ipsa
2489 2631 2734 2700 Trinitas
2777 2647 2992 2699 damnat
3034 2645 3287 2715 inquam
3335 2645 3499 2700 oil‘en-

1936 2735 2066 2788 dunt
2091 2740 2121 2800 ;-‘
2146 2736 2261 2804 ipsa
2284 2749 2378 2790 eos
2406 2735 2662 2805 dispergit
2691 2735 2816 2788 dum
2846 2734 3014 2788 dicit:
3489 2800 3494 2807 .

2020 2820 2212 2888 Venite,
2240 2823 2622 2892 confundamus
2654 2822 2856 2893 linguas
2896 2839 3104 2888 eorum,
3155 2823 3209 2877 in
3247 2823 3502 2877 varietate

1936 2919 2118 2987 utique
2143 2918 2343 2973 erroris
2370 2920 2483 2973 sive
2511 2919 2879 2973 schismatnm.
2917 2918 3252 2972 Desoendere
3281 2917 3391 2981 Dei,
3421 2926 3501 2972 est

1937 3009 2201 3061 humanus
2235 3016 2386 3063 actas
2430 3009 2698 3078 inspicere
2719 3048 2734 3073 ,
2775 3007 2864 3061 vel
2892 3020 3078 3062 eorum
3107 3007 3351 3062 sensibus
3377 3022 3500 3076 pro-

263 3093 558 3148 cbonitidis
590 3100 642 3146 et
671 3093 912 3147 Damasci
942 3095 1203 3158 conditor,
1241 3095 1380 3149 inter
1414 3071 1745 3149 i‘zilmstinam
1777 3105 1831 3151 et
1858 3075 1902 3134 (ἶ
1936 3100 2218 3168 pinquare.
2250 3099 2404 3165 Quod
2434 3071 2561 3153 vero
2585 3071 2777 3168 plurali
2805 3113 3030 3153 numero
3051 3098 3184 3152 dixit
3207 3071 3499 3158 Descendu-

263 3183 614 3253 Cieiesyriam
640 3184 808 3236 tenuit
844 3185 1220 3253 principatum,
1262 3201 1288 3238 a
1337 3200 1442 3255 quo
1484 3184 1830 3254 Septuaginta

263 3263 588 3342 interpretes
617 3272 670 3325 in
699 3271 835 3327 libro
876 3273 996 3338 Joh,
1041 3275 1130 3328 ubi
1178 3275 1231 3328 in
1275 3274 1498 3328 Hebraeo
1543 3275 1825 3339 scribitur,

262 3376 457 3417 terram
511 3363 616 3429 Us,
670 3366 927 3432 regionem
982 3367 1298 3429 Ausitldem,
1348 3367 1499 3434 quasi
1551 3356 1826 3419 Ussitidem

262 3456 674 3510 transtulerunt.
719 3455 847 3521 Hui,
879 3471 908 3510 a
953 3472 1058 3526 quo
1098 3457 1376 3522 Armenii;
1414 3457 1634 3519 Gether,
1663 3474 1692 3510 a
1722 3471 1828 3526 quo

260 3547 582 3612 Acarnanii,
631 3550 744 3602 sive
769 3547 930 3602 Cavii.
971 3547 1138 3602 Porto
1169 3548 1296 3612 Mes,
1331 3548 1428 3618 pi‘o
1457 3563 1564 3617 quo
1603 3547 1827 3616 Septua—

263 3636 415 3705 ginta
452 3638 770 3707 interpretes
800 3637 1010 3690 Mosoch
1039 3637 1318 3702 dixerunt,
1349 3639 1440 3706 qui
1468 3637 1608 3691 nunc
1636 3651 1828 3691 vocan—

265 3736 355 3779 tur
398 3726 626 3781 Meones.
675 3725 959 3795 Arpinas-ad
999 3728 1173 3794 genuit
1219 3725 1380 3792 Sale:
1417 3736 1463 3779 et
1493 3724 1614 3780 Sale
1651 3728 1826 3794 genuit

266 3814 481 3880 Ileber;
518 3825 566 3868 et
596 3814 768 3869 Heber
792 3816 900 3867 nati
919 3817 1041 3868 sunt
1066 3817 1168 3869 duo
1199 3816 1336 3884 ﬁlii:
1368 3833 1549 3870 nomen
1570 3819 1661 3870 uni
1683 3815 1828 3871 Plia-

260 3907 346 3974 leg
366 3946 379 3967 ,
420 3922 476 3958 eo
504 3906 640 3975 quod
669 3907 720 3959 in
751 3906 928 3958 diebus
957 3922 1070 3974 ejus
1095 3907 1259 3960 divisa
1283 3909 1349 3960 sit
1374 3917 1544 3971 terra;
1567 3918 1614 3961 et
1642 3925 1826 3962 nomen

261 3999 445 4066 fratris
490 3998 602 4066 ejus
647 3996 853 4050 Jectan.
887 3997 1060 4052 Heher
1088 4013 1118 4051 a
1153 4014 1260 4066 quo
1305 3998 1538 4063 Hebrazi,
1572 4001 1824 4056 vaticinii)

257 4089 494 4158 quodam
524 4103 619 4142 suo
653 4087 758 4142 lilio
783 4087 981 4158 Phaleg
1010 4103 1201 4142 nomen
1240 4089 1509 4157 imposuit,
1536 4090 1626 4159 qui
1649 4091 1822 4145 inter-

259 4191 505 4252 pretatur
545 4183 758 4246 divisio,
793 4181 858 4236 ab
886 4197 953 4236 eo
981 4183 1122 4250 quod
1157 4183 1212 4236 in
1252 4181 1438 4236 diebus
1479 4180 1594 4249 ejus
1627 4183 1822 4254 linguai

261 4275 327 4327 in-
349 4273 612 4342 Babylone
636 4268 819 4326 divit-3a:
846 4279 988 4326 sunt.

331 4365 511 4418 Jectar
547 4365 722 4435 genuit
763 4364 1053 4428 Elmodad,
1085 4374 1131 4417 et
1175 4363 1394 4433 δαίερή,
1433 4373 1480 4418 et
1511 4366 1819 4429 Asarmotlt,

257 4457 391 4512 Jare
419 4465 466 4508 et
487 4456 721 4506 Aduram
749 4463 795 4506 et
827 4451 979 4514 Usal,
1006 4463 1052 4507 et
1085 4452 1241 4507 Decla
1261 4493 1275 4518 ,
1319 4463 1366 4506 et
1412 4452 1576 4518 Ebal,
1622 4463 1668 4506 et
1698 4452 1822 4506 Abi-

258 4545 453 4609 mahel,
480 4542 618 4598 Saba
645 4553 691 4598 et
733 4543 926 4614 Opbir,
973 4554 1021 4598 et
1055 4543 1269 4609 Ilevila,
1314 4537 1362 4598 et
1392 4545 1579 4598 Jobab.
1621 4543 1818 4600 Harum

256 4637 497 4707 gentium
523 4636 815 4706 posteriora
842 4636 1057 4690 nomina
1083 4636 1323 4688 invenire
1364 4649 1468 4690 non
1513 4637 1680 4705 potui,
1727 4636 1820 4689 sed

257 4741 432 4796 usque
458 4725 510 4778 in
537 4739 772 4795 presens
801 4726 925 4794 quia
952 4725 1135 4793 procul
1163 4740 1192 4779 a
1229 4725 1386 4780 nobis
1424 4735 1576 4791 sunt,
1624 4728 1704 4782 vel
1747 4728 1818 4780 ita

255 4825 521 4870 vocantur
550 4824 608 4869 ut
629 4817 858 4885 primum
889 4815 972 4869 vel
1002 4831 1120 4884 qua:
1142 4815 1422 4870 immutata
1441 4818 1546 4871 sint
1565 4819 1816 4889 ignoran-

257 4917 362 4960 tur.
399 4905 755 4961 Possederunt
797 4915 974 4960 autem
1020 4921 1048 4959 a
1098 4905 1362 4976 Coephere
1406 4907 1566 4965 ﬂuvio
1607 4925 1820 4966 omnem

254 4995 421 5050 ludite
451 4995 720 5064 regionem
750 5010 868 5063 quae
894 5003 1118 5048 vocatur
1141 4994 1337 5048 Hieiru.

336 5083 462 5136 Erat
490 5093 660 5136 autem
704 5093 842 5136 terra
871 5083 994 5136 (abii
1028 5086 1184 5138 unius
1213 5093 1262 5138 et
1289 5102 1582 5139 sermonum
1615 5104 1823 5141 eorum-

252 5173 396 5226 dem.
421 5172 550 5226 Erat
573 5179 774 5237 autem,
806 5174 998 5242 inquit,
1027 5176 1202 5228 omnis
1230 5183 1386 5228 terra:
1414 5175 1610 5229 labium
1633 5192 1814 5231 unum.

253 5261 536 5328 Quomodo
561 5270 734 5330 potest
778 5264 1030 5332 intelligi,
1075 5265 1289 5334 quando
1328 5266 1572 5334 superius
1615 5265 1817 5321 dictum

253 5359 345 5405 est
368 5350 506 5419 quod
536 5349 629 5403 lilii
661 5350 770 5405 Noe
809 5353 892 5407 vel
939 5353 1168 5408 filiorum
1195 5355 1310 5424 ejus
1337 5356 1603 5410 distributi
1641 5364 1820 5410 essent

254 5452 358 5514 per
385 5449 600 5502 terram,
625 5442 916 5494 secundum
945 5445 1113 5498 tribus
1141 5453 1194 5498 et
1222 5443 1511 5499 secundum
1536 5454 1740 5515 gentes,
1764 5454 1818 5499 et

253 5530 548 5584 sectnidum
579 5529 786 5598 linguas
811 5546 938 5584 suas
964 5548 976 5594 ;
1011 5533 1111 5587 nisi
1145 5535 1266 5602 quia
1301 5550 1397 5603 per
1423 5536 1818 5603 recapitulatio-

252 5635 382 5677 netu
429 5629 608 5687 rostca
652 5630 1033 5676 commemorat
1062 5624 1200 5690 quod
1235 5626 1381 5686 prius
1408 5625 1566 5682 erat?
1599 5621 1692 5680 Sed
1718 5627 1812 5680 ob-

1848 4409 1898 4467 D

1932 3205 2063 3250 mus,
2094 3195 2150 3241 et
2175 3187 2368 3242 iterum
2395 3188 2694 3257 singulari.»
2733 3184 2982 3253 Confudit
3021 3187 3275 3240 Dominus
3303 3186 3495 3240 labium

1931 3280 2184 3331 universa:
2205 3268 2378 3342 terrae,
2396 3273 2740 3333 distinctione
2757 3293 3105 3348 personarum
3127 3285 3364 3332 sanctam
3388 3279 3500 3334 Tris

1929 3370 2149 3422 nitatem
2187 3375 2242 3422 et
2279 3368 2607 3437 operationis
2636 3368 2894 3421 unitatem
2925 3368 2978 3421 in
3002 3368 3284 3437 majestate
3316 3368 3495 3422 divina

1928 3459 2094 3512 voluit
2115 3459 2423 3525 ostendere,
2449 3459 2590 3514 sicut
2615 3460 2668 3512 in
2700 3459 2921 3534 exordio
2943 3458 3188 3511 humana:
3209 3459 3496 3512 creationis

1929 3550 2126 3604 dictum
2152 3557 2262 3604 est:
2289 3547 2570 3603 Faciamus
2595 3549 2850 3602 hominem
2879 3549 2948 3602 ad
2976 3549 3251 3619 imaginem
3279 3559 3324 3603 et
3347 3551 3492 3604 simi-

1928 3639 2196 3692 litudinem
2228 3648 2476 3704 nostram,
2509 3648 2564 3694 et
2597 3640 2830 3710 iterum:
2869 3637 3014 3695 Fecit
3050 3638 3302 3694 Dominus
3329 3641 3493 3694 homi-

1929 3746 2042 3783 nem
2071 3729 2140 3783 ad
2165 3729 2557 3783 similitudinem
2583 3742 2754 3794 suam,
2779 3737 2838 3782 ut
2867 3728 3101 3783 Trinitas
3135 3730 3186 3782 in
3221 3732 3490 3798 personis.

1913 3808 1982 3873 vet
2007 3818 2185 3873 unitas
2210 3819 2262 3872 in
2291 3821 2529 3888 potentia
2568 3834 2687 3874 esse
2729 3818 2997 3872 credatur.
3048 3817 3103 3872 Si
3141 3819 3259 3888 quis
3303 3821 3493 3887 quazrit

1927 3908 1978 3961 in
2025 3918 2135 3978 qua
2165 3907 2369 3962 familia
2405 3908 2490 3962 illa
2539 3908 2834 3976 permansit
2875 3907 3050 3977 lingua
3085 3923 3202 3977 qua:
3247 3908 3493 3976 primitus

1924 3999 2091 4052 Adam
2115 3997 2239 4052 data
2274 3998 2399 4061 fuit,
2443 3999 2578 4052 sciat
2606 3996 2858 4050 credibile
2885 4011 3003 4050 esse
3042 3997 3182 4066 quod
3208 3997 3260 4050 in
3294 3997 3489 4050 familia

1923 4071 2116 4152 Heben
2144 4102 2212 4141 ex
2245 4103 2352 4156 quo
2381 4086 2591 4140 Hebraei
2623 4087 2749 4140 dicti
2775 4096 2918 4150 sunt,
2950 4087 3000 4140 in
3037 4102 3097 4140 ea
3128 4095 3279 4156 parte
3317 4087 3489 4140 homi-

1923 4193 2049 4231 num
2074 4191 2177 4245 qua
2203 4176 2301 4230 Dei
2337 4178 2514 4247 portio
2540 4172 2859 4245 permansit,
2906 4178 2958 4231 in
3005 4193 3107 4246 qua
3147 4187 3200 4231 et
3247 4178 3489 4234 Christus

1923 4268 2224 4333 nasciturus
2251 4274 2385 4321 erat.
2415 4266 2664 4336 Oportuit
2699 4253 2843 4322 enim
2873 4254 2930 4321 nit
2956 4268 3010 4321 in
3042 4283 3105 4321 ea
3138 4269 3313 4339 lingua
3346 4270 3489 4324 salus

1923 4358 2120 4412 mundo
2143 4357 2526 4426 praedicantur
2549 4357 2744 4426 primo,
2771 4371 2866 4424 per
2887 4372 3044 4425 quam
3067 4358 3292 4425 primum
3326 4359 3486 4411 intra-

1923 4459 2075 4504 verat
2103 4463 2249 4503 mors
2277 4449 2330 4502 in
2359 4449 2636 4503 mundum.
2668 4446 2915 4502 Ostendit
2954 4462 3166 4516 quoque
3212 4448 3394 4502 titulus
3435 4434 3521 4502 in‘

1925 4556 2083 4597 cruce
2107 4540 2400 4595 SalVatoris
2428 4540 2678 4608 scriptus,
2717 4540 2855 4593 hanc
2883 4553 3008 4592 esse
3021 4539 3258 4593 omnium
3284 4538 3487 4608 lingua-

1923 4647 2044 4685 rum
2071 4632 2318 4700 primam.
2340 4630 2470 4685 ltem
2499 4630 2544 4686 si
2571 4645 2728 4698 quem
2749 4638 2927 4684 movet
2949 4630 3048 4694 hoc
3070 4631 3209 4698 quod
3232 4632 3485 4698 scriptum

1924 4722 2084 4776 estin
2116 4720 2516 4789 superioribus:
2563 4720 2825 4789 Requievit
2868 4719 3008 4772 Deus
3046 4720 3129 4770 die
3170 4720 3382 4787 septimo
3421 4722 3482 4773 ab

1926 4811 2160 4865 omnibus
2185 4811 2422 4881 operibus
2450 4809 2734 4880 suis‘(Gen.
2767 4809 2834 4878 ι),
2854 4809 2992 4863 unde
3016 4809 3191 4864 subito
3219 4818 3364 4864 tanta
3394 4826 3477 4880 apo

1876 4933 1878 4935 >
1927 4913 2141 4972 pareret
2176 4903 2461 4958 diversitas
2503 4903 2832 4972 linguarum,
2867 4907 2924 4953 ut
2960 4908 3244 4970 cognoscat
3285 4916 3390 4956 non
3430 4903 3481 4955 in

1927 4997 2028 5051 hac
2054 4997 2313 5050 divisione
2339 4994 2636 5064 linguarum
2666 5008 2860 5047 nomm
2895 4994 3023 5062 quid
3060 4995 3289 5049 condere
3324 4994 3482 5049 Crea-

1927 5095 2118 5148 torem,
2149 5067 2480 5137 sedidicendi
2511 5083 2695 5136 modos
2731 5092 2786 5137 et
2828 5082 3028 5137 formas
3066 5085 3118 5137 in
3154 5085 3379 5138 diversis
3407 5085 3480 5137 lo-

1923 5172 2196 5242 quelarum
2229 5172 2510 5244 generibus
2553 5171 2748 5225 divisit.
2785 5172 2934 5227 Unde
2970 5173 3183 5227 easdem
3230 5173 3474 5243 syllabas,

1925 5271 1980 5317 et
2015 5260 2253 5329 eiusdem
2298 5263 2580 5330 potestatis
2618 5262 2855 5328 litteras,
2883 5264 3036 5317 aliter
3075 5263 3380 5332 coniunctas
3424 5265 3476 5317 in

1924 5353 2149 5420 diversis
2179 5351 2478 5406 invenimus
2515 5354 2751 5422 gentium
2798 5353 3008 5422 linguis.
3057 5352 3204 5420 Stepe
3240 5352 3397 5405 etiam
3425 5363 3477 5407 et

1923 5443 2108 5498 eadem
2133 5442 2347 5496 nomina
2382 5443 2466 5494 vel
2495 5443 2657 5498 verba
2697 5441 2838 5496 aliud
2872 5442 3082 5509 quidem
3125 5439 3477 5510 signiﬁcantia

1923 5536 1975 5588 in
2005 5521 2127 5586 alia'
2151 5532 2349 5602 lingua,
2393 5539 2554 5600 atque
2583 5531 2722 5585 aliud
2754 5531 2804 5583 in
2852 5530 2973 5582 alia.
3021 5527 3120 5582 Ubi
3165 5530 3390 5584 dicimus
3424 5533 3476 5587 in

1919 5615 2122 5692 psalmd
2149 5640 2160 5674 :
2202 5621 2266 5675 In
2293 5623 2432 5691 virga
2479 5621 2643 5691 ferrea
2678 5617 2854 5690 (Psal.
2887 5617 2977 5689 lt),
3025 5620 3076 5672 in
3107 5618 3290 5674 ὕπωςο
3321 5621 3474 5675 habet
