3968 6332
489 258 583 311 55!

1131 255 1189 309 Β.
1229 253 1478 316 [MBAN
1517 257 1732 314 51AM“
1771 249 2086 311 ARCHIEP.
2127 253 2431 310 HOGUNT.
2467 253 2746 345 ρΡΕιιυιι
2786 255 2960 310 PARS
2998 258 3037 311 Ι.

471 371 548 425 ἐν
595 368 763 444 ῥάϐδῳ
793 367 995 446 σιδηρᾷη
1032 368 1198 440 lgitur
1232 370 1284 425 in
1310 368 1503 424 Latino
1529 369 1702 424 sidera
1732 383 1849 437 non
1879 367 2046 456 ferrea
2075 367 2124 426 Α
2151 367 2323 421 adhuc
2345 381 2603 431 annorum
2631 367 2961 437 septuaginta
2994 369 3228 439 quinque
3252 385 3372 425 cum
3411 380 3564 440 pater
3587 369 3704 441 ejus

489 457 753 528 signiﬁcat
783 459 920 514 sicut
946 461 999 513 in
1024 458 1233 522 Graeco,
1262 459 1357 514 sed
1383 468 1547 514 astra.

1081 587 1305 644 CAPUT
1349 587 1462 642 xn.
1501 558 1503 561 ’

584 677 658 734 De
681 679 1008 749 generatione
1033 677 1243 749 Abram,
1271 680 1406 730 et~de
1435 675 1578 729 exitu
1603 674 1718 745 ejus
1740 691 1772 729 a
1805 685 1945 729 terra

1079 745 1464 800 Chaldworum.

556 837 656 893 "at
679 847 798 893 sunt
829 799 1000 892 autem
1027 837 1379 905 generationes
1415 835 1582 890 There
1607 851 1624 890 :
1655 835 1823 890 There
1872 812 2047 906 genuit

484 930 676 983 Abram
721 938 768 983 et
808 927 1095 991 Nachoret
1133 928 1296 982 Aran.
1346 925 1510 982 Porro
1533 927 1677 981 Aran
1718 928 1891 997 genuit
1927 924 2042 978 Lot.

486 1019 821 1088 Mortuus‘que
848 1025 924 1070 est
951 1017 1092 1070 Aron
1117 1024 1235 1069 ante
1259 1015 1428 1069 Thare
1451 1023 1648 1085 patrem
1665 1031 1839 1078 suum,
1865 1015 1918 1092 in
1948 1023 2048 1065 ter-

485 1123 542 1160 ra
568 1105 849 1160 nativitatis
875 1121 982 1159 sum
1015 1104 1068 1158 in
1093 1101 1169 1157 Ur
1198 1102 1581 1158 Chaldaeorum.
1613 1101 1778 1157 Porro
1800 1101 1940 1170 quod
1968 1099 2043 1154 le-

484 1198 657 1265 gimus
684 1196 834 1265 iuxta
859 1194 1001 1250 LXX
1023 1197 1076 1249 in
1100 1196 1303 1265 regione
1330 1193 1714 1256 Chaldworum,
1744 1195 1796 1247 in
1823 1191 2045 1246 Hebraeo

486 1290 644 1344 habet
669 1286 744 1340 Ur
768 1288 984 1349 casdim,
1005 1291 1348 1347 εντω-πκ,
1371 1283 1422 1337 id
1435 1290 1535 1347 cst,
1559 1282 1612 1336 in
1635 1282 1754 1352 igne
1775 1281 2046 1336 Chaldaeo-

486 1393 620 1433 rum.
651 1377 890 1431 Tradunt
925 1383 1101 1428 autem
1129 1371 1337 1426 Hebraei
1365 1387 1432 1424 ex
1459 1371 1560 1424 hac
1583 1369 1865 1424 occasione
1892 1368 2046 1422 istius

485 1467 623 1520 modi
665 1463 892 1517 fabulam
949 1461 1133 1529 :quod
1173 1457 1371 1513 Abram
1411 1458 1465 1512 in
1506 1458 1682 1527 ignem
1711 1457 1902 1511 missus
1934 1456 2042 1522 sit,

483 1558 605 1628 quia
633 1557 807 1625 ignem
839 1553 1064 1607 adorare
1101 1551 1332 1605 noluerit
1364 1564 1522 1619 quem
1563 1548 1797 1603 Chaldaei
1824 1549 2038 1614 colunt;

483 1657 535 1701 ct
551 1647 642 1701 Dei
659 1645 856 1700 auxilio
875 1644 1145 1705 liberatus,
1168 1643 1232 1696 de
1253 1641 1563 1696 idololatria:
1583 1641 1704 1711 igne
1728 1641 2040 1712 profugerit,

2140 454 2254 524 jam
2284 464 2522 513 mortuus
2543 464 2705 519 esset,
2727 457 2818 526 qui
2839 471 2959 511 eum
2981 461 3370 529 septuagesimo
3396 470 3570 533 atatis
3595 477 3704 516 suae

2147 558 2288 599 anno
2315 553 2589 616 genuerat,
2613 555 2671 600 ut
2700 545 2898 601 Abram
2924 555 3042 616 post
3063 557 3286 603 mortem
3309 552 3481 620 patris
3506 540 3590 606 sui
3616 568 3703 606 an~

2148 650 2336 690 norum
2373 643 2513 689 esset
2561 645 2773 690 centum
2820 645 2875 691 et
2918 637 3135 707 triginta
3179 639 3412 709 quinque
3440 643 3484 695 si
3516 657 3708 696 omnes

2147 727 2270 780 aiini
2297 725 2465 795 patris
2490 723 2605 793 ejus
2643 726 2855 782 ducenti
2878 729 3112 798 quinque
3138 727 3373 784 fuerunt.
3415 731 3706 801 Recapitu-

2147 813 2274 868 latio
2315 815 2490 883 itaque
2532 814 2636 869 ista
2670 816 2715 870 si
2745 817 3053 872 advertatur
3078 817 3131 872 in
3154 817 3473 889 Seripturis,
3510 821 3708 875 multas

2132 905 2460 974 quaestiones
2484 905 2668 971 solvit,
2689 923 2808 977 qua:
2831 909 3132 964 insolubiles
3155 921 3376 978 possunt
3395 913 3586 967 videri.
3607 911 3707 968 Se-

2145 993 2374 1047 cundum
2395 994 2556 1049 etiam
2582 997 2908 1065 superiorem
2930 999 3282 1067 qumstionum
3314 1001 3705 1070 expositionem

2143 1095 2240 1150 per
2265 1082 2509 1137 eamdem
2535 1085 3019 1154 recapitulationem
3053 1087 3270 1152 factam,
3307 1099 3707 1158 quanquam‘et

2144 1170 2297 1225 aliter
2343 1173 2443 1228 ista
2493 1177 2716 1243 quaestio
2749 1192 2778 1229 a
2817 1165 3132 1247 quibusdam
3181 1179 3439 1245 solvatur,
3491 1194 3555 1234 ex
3613 1179 3708 1233 illo

2143 1265 2439 1333 computari
2468 1281 2634 1321 annos
2657 1268 2829 1323 aetatis
2856 1270 3101 1334 Abrahm,
3124 1285 3188 1325 ex
3213 1285 3319 1341 quo
3341 1269 3598 1325 liberatus
3623 1278 3710 1325 est

2143 1353 2208 1407 de
2239 1354 2358 1423 igne
2383 1354 2772 1423 Chaldaeorum,
2797 1358 2849 1412 in
2873 1375 3031 1428 quem
3057 1361 3252 1416 missus
3281 1369 3363 1415 est
3382 1370 3440 1414 ut
3467 1359 3705 1424 arderet,

2142 1441 2266 1510 quia
2303 1442 2546 1496 eumdem
2592 1444 2765 1512 ignem
2805 1448 3179 1515 superstitione
3206 1447 3576 1503 Chaldaeorum
3616 1465 3710 1505 co-

2143 1534 2254 1590 lere
2298 1534 2494 1600 noluit,
2541 1534 2794 1592 liberatus
2841 1539 2961 1592 inde
2985 1579 3000 1604 ,
3036 1540 3134 1593 etsi
3184 1541 3237 1593 in
3271 1539 3560 1609 Scripturis
3599 1557 3707 1596 non

2145 1625 2354 1696 legitur,
2385 1625 2606 1681 Judaica
2658 1635 2834 1682 tamen
2883 1629 3188 1683 narratione
3235 1629 3479 1683 traditur.
3522 1630 3708 1686 Potest

483 1739 623 1808 quod
649 1739 700 1791 in
731 1733 1073 1805 sequentibus
1093 1731 1346 1786 scribitur
1367 1746 1640 1802 egressum
1666 1745 1784 1785 esse
1810 1730 2040 1784 'l‘haram

2145 1722 2321 1770 autem
2351 1724 2405 1768 et
2452 1715 2529 1770 sic
2561 1715 2693 1771 solvi
2733 1733 2746 1769 :
2790 1719 3040 1786 quoniam
3073 1715 3348 1786 Scriptura
3393 1733 3512 1787 qua:
3548 1718 3702 1782 dixit,

483 1845 605 1886 Cum
641 1825 823 1882 sobole
852 1838 945 1878 sua
974 1822 1039 1877 de
1067 1820 1284 1891 regione
1314 1820 1707 1885 Chaldaeorum,
1742 1834 1839 1889 pre
1863 1834 1968 1889 quo
1995 1820 2048 1872 iu

485 1920 704 1975 llebmo
732 1917 955 1971 habetur
973 1915 1038 1968 de
1059 1913 1304 1968 incendio
1328 1911 1696 1967 Chaldaeorum
1713 1953 1728 1978 ,
1753 1921 1808 1967 et
1835 1913 1936 1966 hoc
1959 1927 2046 1966 es-

484 2026 542 2065 se
567 2008 706 2078 quod
734 2021 874 2060 nunc
901 2002 1113 2067 dicitur,
1144 2001 1381 2055 Mortuus
1408 2011 1482 2055 est
1505 2001 1648 2055 Aron
1679 2011 1798 2055 ante
1827 2014 2046 2068 conspe-

484 2109 627 2153 ctum
655 2096 695 2149 Τ
696 2096 821 2149 hare
843 2092 1013 2161 patris
1038 2092 1140 2155 sui,
1166 2091 1222 2144 in‘
1247 2099 1387 2145 terra
1412 2091 1692 2144 nativitatis
1711 2105 1818 2144 sua:
1847 2090 1898 2144 in
1927 2090 2047 2159 igne

486 2186 846 2242 Chaldrrorum
871 2222 885 2246 ,
917 2181 1059 2250 quod
1100 2179 1344 2234 videlicet
1369 2179 1545 2251 ignem
1589 2178 1774 2234 nolens
1799 2179 2043 2243 adorare,

485 2278 604 2347 igne
641 2279 985 2340 consumptus
1017 2269 1104 2324 sit.
1135 2269 1394 2340 Loquitur
1431 2279 1607 2323 autem
1644 2278 1830 2339 postea
1860 2270 2044 2324 Domi-

485 2384 584 2423 nus
621 2367 686 2420 ad
728 2364 926 2420 Abram
957 2379 971 2415 :
999 2361 1110 2431 Ego
1131 2377 1247 2415 sum
1280 2361 1369 2432 qui
1395 2371 1443 2415 te
1468 2361 1624 2416 eduxi
1649 2363 1712 2415 de
1734 2364 1860 2430 igne
1890 2359 2047 2415 Chal-

487 2458 739 2511 datorum.

556 2543 827 2597 Duxerunt
857 2551 1027 2597 autem
1052 2541 1244 2595 Abram
1271 2549 1320 2594 et
1360 2539 1574 2594 Nachor
1608 2555 1793 2594 uxores
1819 2554 1836 2592 :
1864 2556 2046 2593 nomen

485 2635 668 2688 uxoris
711 2632 900 2685 Abram
939 2631 1093 2685 Sarai
1115 2671 1129 2694 ,
1175 2641 1220 2684 et
1253 2647 1436 2685 nomen
1462 2632 1637 2685 uxoris
1670 2630 1883 2684 Nat-hor
1913 2630 2044 2683 Mel-

492 2725 587 2778 cha
615 2724 724 2793 [ilia
748 2723 898 2774 Arati
915 2721 1075 2789 patris
1100 2720 1316 2776 Melcha:
1339 2763 1354 2787 ,
1385 2732 1432 2776 et
1457 2722 1620 2790 patris
1642 2721 1860 2775 Jescha’.
1893 2718 2048 2773 Pater

486 2824 656 2866 autem
682 2809 896 2862 uolente
920 2809 1025 2877 ipse
1057 2819 1133 2864 est
1153 2812 1300 2881 pater
1314 2810 1533 2866 Jeschte.
1563 2811 1704 2862 Aran
1725 2808 2048 2863 filiusThare

489 2895 649 2949 frater
674 2899 872 2954 Abram
887 2907 942 2952 et
960 2897 1236 2962 Nachoris,
1257 2900 1390 2954 duas
1409 2899 1545 2952 tilias
1565 2897 1766 2968 genuit,
1791 2896 2047 2951 Melcham

485 2999 539 3044 ct
578 2989 735 3045 Sarai
781 2995 1129 3058 cognomento
1167 2986 1412 3041 Jescham
1453 2985 1731 3058 δυὼνυμον.
1771 2985 1812 3038 Ε
1855 2984 2048 3054 quibus

2147 1819 2268 1858 cum
2292 1804 2468 1873 Thura
2493 1815 2634 1860 esset
2662 1821 2922 1861 annorum
2943 1807 3274 1876 septuaginta
3297 1807 3479 1878 genuit
3507 1807 3702 1862 Abram

2145 1903 2199 1948 et
2232 1893 2442 1948 Nachor
2459 1904 2514 1948 et
2538 1895 2704 1960 Aran,
2753 1912 2858 1951 non
2881 1898 3100 1966 utique;
3129 1898 3228 1952 hoc
3259 1898 3480 1968 intelligi
3515 1898 3702 1963 voluit,

2144 1985 2282 2052 quod
2331 1985 2516 2039 eodem
2554 2000 2696 2040 anno
2736 1989 3125 2058 septuagesimo
3170 1989 3342 2044 artatis
3381 2005 3490 2043 sua:
3519 2004 3704 2045 omnes

2146 2083 2252 2130 tres
2277 2076 2478 2145 genuit,
2524 2077 2616 2132 sed
2652 2091 2718 2130 ex
2759 2093 2864 2146 quo
2909 2093 3048 2132 anno
3071 2093 3326 2149 genemre
3360 2081 3546 2150 empit,
3581 2095 3700 2134 eum

2145 2181 2338 2220 annum
2363 2168 2797 2222 commemoravit
2817 2170 3113 2238 Scriptura.
3141 2169 3281 2224 Fieri
3303 2178 3482 2225 autem
3505 2178 3700 2239 potest.

2144 2263 2201 2309 ut
2228 2256 2490 2324 posterior
2513 2257 2583 2310 sit
2604 2266 2886 2326 generatus
2917 2258 3114 2312 Abram
3141 2299 3156 2322 ,
3186 2258 3276 2314 sed
3308 2260 3500 2314 merito
3527 2260 3704 2314 excel-

2144 2345 2340 2410 lentiae,
2368 2345 2494 2415 quia
2514 2346 2566 2399 in
2597 2345 2888 2416 Seripturis
2915 2347 3067 2403 valde
3090 2349 3522 2412 commendatur,
3554 2348 3701 2417 prior

2145 2435 2299 2490 fuerit
2343 2436 2644 2490 nominatus
2677 2437 2815 2490 sicut
2847 2438 3102 2506 propheta
3137 2439 3367 2508 priorem
3409 2439 3706 2493 nominavit

2147 2527 2405 2581 minorem
2432 2545 2442 2580 :
2471 2526 2634 2582 Iacob
2658 2527 2814 2582 dilexi
2833 2569 2846 2596 ,
2877 2528 3020 2583 Esau
3049 2529 3166 2582 odio
3201 2529 3354 2584 habui
3381 2529 3596 2598 (Matth.
3614 2514 3697 2597 ἢ.

2145 2627 2199 2673 et
2231 2618 2280 2672 in
2321 2619 2782 2689 Paralipomenon,
2825 2637 2945 2676 cum
2984 2621 3052 2674 sit
3076 2613 3298 2690 quartus
3333 2621 3584 2675 nascendi
3610 2636 3699 2675 or-

2147 2709 2269 2762 dine
2293 2707 2478 2774 Judas,
2507 2710 2653 2778 prior
2677 2719 2759 2765 est
2785 2712 3108 2773 nominatus,
3140 2726 3169 2764 a
3192 2709 3296 2779 quo
3316 2708 3550 2765 Judaica:
3575 2726 3701 2781 gen-

2147 2797 2186 2851 ti
2215 2812 2407 2852 nomen
2439 2805 2524 2852 est
2570 2808 2788 2876 propter
2835 2801 3031 2855 tribum
3087 2800 3303 2868 regiam.
3359 2798 3702 2856 Commodius

2147 2894 2322 2940 autem
2350 2887 2526 2956 plures
2549 2890 2725 2944 exitus
2750 2891 3091 2946 inveniuntur
3112 2931 3126 2954 ,
3161 2891 3354 2960 quibus
3379 2890 3700 2960 qutestiones

2148 2981 2390 3038 difﬁciles
2426 2980 2715 3034 solvantur.
2746 2979 3136 3036 Consideranda
3179 2989 3260 3034 est
3312 2995 3440 3034 sane
3463 2980 3702 3035 narratio

487 3079 749 3133 Melcham
793 3046 998 3147 aceepit
1030 3094 1248 3134 uxorem
1297 3077 1518 3146 Naehor
1545 3087 1598 3133 et
1618 3046 1785 3133 .Sarai
1815 3046 2010 3132 Abram
2028 3082 2050 3140 ;'
2074 3046 2116 3106 Ο
2150 3071 2406 3142 Stephani
2433 3074 2498 3127 de
2527 3073 2625 3126 hac
2649 3085 2704 3125 re
2730 3069 2867 3141 (Act.
2890 3067 3005 3137 vn),
3031 3070 3114 3123 cui
3141 3068 3309 3139 magis
3331 3070 3518 3123 harum
3539 3084 3700 3138 expo-

487 3167 709 3221 necdum
730 3168 925 3236 quippe
946 3168 1084 3221 inter
1105 3177 1323 3235 patruos
1344 3177 1396 3221 et
1428 3167 1650 3220 fratrum
1686 3166 1824 3220 ﬁlias
1849 3166 2046 3235 nuptiae

486 3255 694 3309 fuerant
741 3255 854 3324 lege
896 3256 1205 3325 prohibitaa,
1251 3272 1369 3325 qua:
1417 3256 1469 3309 in
1508 3256 1695 3324 primis
1744 3255 2043 3309 hominibus

488 3343 648 3396 etiam
690 3343 826 3396 inter
853 3343 1048 3398 fratres
1077 3353 1130 3398 et
1165 3360 1378 3400 sorores
1408 3344 1550 3399 inita:
1577 3353 1718 3398 sunt.

557 3431 691 3483 Tulit
720 3434 889 3501 itaque
929 3431 1095 3486 Thura
1129 3433 1318 3487 Abram
1356 3433 1520 3501 ﬁlium
1560 3449 1731 3496 suum,
1779 3444 1826 3487 et
1854 3434 1948 3487 Lot
1974 3435 2040 3502 ﬁ-

486 3522 610 3573 lium
635 3525 792 3584 Aron,
822 3521 987 3589 [ilium
1011 3521 1110 3589 [iiii
1135 3524 1236 3586 sui,
1267 3533 1312 3576 et
1339 3521 1494 3577 Sarai
1520 3539 1706 3576 nurum
1737 3539 1885 3576 suam
1910 3539 2040 3592 uxo-

486 3627 591 3664 rem
621 3611 808 3665 Abram
833 3612 930 3679 ﬁlii
954 3614 1055 3676 sui,
1083 3623 1128 3665 et
1159 3613 1333 3666 eduxit
1356 3631 1440 3666 eos
1470 3614 1532 3665 de
1563 3613 1638 3665 Ur
1660 3613 2040 3675 Chaldwornm,

485 3710 537 3751 ut
565 3701 655 3752 iret
692 3701 743 3752 in
769 3710 956 3752 terram
981 3698 1231 3754 Chanaan
1257 3715 1273 3750 .'
1302 3710 1643 3770 veneruntque
1680 3717 1837 3770 usque
1865 3703 2005 3755 Aron
2026 3742 2038 3761 ,

486 3805 529 3844 εἰ
580 3793 930 3844 habitat-erunt
972 3792 1062 3845 ibi.
1104 3792 1171 3844 Et
1201 3791 1326 3861 facti
1353 3801 1473 3844 sunt
1513 3808 1685 3844 omnes
1727 3793 1836 3846 dies
1878 3791 2043 3847 There

487 3884 819 3933 ducentorum
867 3881 1086 3950 quinque
1131 3897 1424 3946 annorum,
1475 3892 1521 3934 et
1580 3891 1810 3935 mortuus
1867 3894 1939 3935 est
1989 3885 2041 3936 in

489 3973 647 4023 Aron.
682 3969 858 4041 (Αιιδί.)
888 3970 1069 4025 Merito
1097 3973 1353 4039 quaeritur
1383 3971 1646 4041 quomodo
1675 3973 2038 4041 accipiendum

488 4061 557 4112 sit
583 4060 720 4128 quod
749 4075 867 4113 cum
894 4069 1032 4114 esset
1062 4061 1234 4115 Thara
1261 4070 1411 4130 pater
1439 4061 1593 4116 Abrae
1629 4077 1888 4115 annorum
1921 4077 2039 4130 scp-

487 4151 720 4218 tnaginta
751 4149 928 4218 genuit
951 4151 1144 4203 Abram
1171 4192 1184 4215 ,
1221 4160 1274 4205 et
1311 4153 1488 4220 postea
1514 4167 1632 4205 cum
1659 4152 1768 4205 suis
1793 4153 2037 4206 omnibus

489 4239 678 4292 mansit
709 4239 758 4291 in
791 4238 985 4303 llaran,
1009 4248 1062 4293 ct
1090 4240 1220 4293 vixit
1253 4257 1420 4294 annos
1443 4243 1701 4294 ducentos
1724 4243 1955 4308 quinque
1979 4242 2030 4293 in

491 4329 684 4390 llaran,
705 4337 758 4382 et
775 4339 1013 4383 mortuus
1034 4338 1132 4392 est,
1167 4331 1368 4383 etdixit
1391 4330 1647 4383 Dominus
1674 4331 1949 4384 adAbram
1978 4341 2034 4383 ut
2061 4363 2112 4420 Β

487 4419 654 4471 exiret
674 4419 737 4471 de
759 4416 964 4482 llaran;
991 4429 1042 4470 ct
1077 4419 1206 4473 cxiit
1229 4418 1348 4472 inde
1371 4435 1491 4473 cum
1513 4428 1654 4473 esset
1677 4417 1814 4472 idem
1837 4420 2034 4472 Abram

486 4509 827 4582 septuaginta
847 4509 1077 4576 quinque
1106 4523 1366 4562 annorum
1386 4550 1400 4572 ,
1439 4510 1576 4564 sicut
1610 4510 1662 4563 iu
1695 4508 2037 4577 sequentibus

485 4598 779 4650 ostenditur
824 4616 836 4650 :
886 4597 984 4650 nisi
1032 4612 1125 4667 per
1169 4598 1656 4666 recapitulatiouem
1703 4599 2035 4672 ostendatur,

487 4684 603 4738 vivo
633 4685 804 4738 Thara
852 4685 1082 4740 locutum
1131 4700 1248 4740 csse
1277 4686 1586 4748 Dominum,
1614 4694 1665 4737 ct
1691 4685 1884 4738 Abram
1919 4687 2037 4738 vivo

488 4782 637 4839 patre
676 4788 771 4827 suo
815 4776 1100 4828 secundum
1143 4784 1461 4844 praeceptum
1506 4773 1715 4828 Domini
1761 4775 1936 4826 exisse
1972 4774 2036 4826 de

489 4862 683 4925 llaran,
711 4877 829 4916 cum
850 4871 990 4916 esset
1010 4863 1342 4931 septuaginta
1358 4863 1594 4932 quinque
1606 4876 1884 4924 annorum,
1913 4877 2034 4915 cen-

489 4954 677 5007 tesimo
704 4961 756 5007 et
783 4954 1185 5022 quadragesimo
1231 4963 1283 5006 et
1317 4953 1503 5021 quinto
1542 4968 1682 5006 anno
1723 4953 1842 5005 vitm
1871 4952 2036 5019 patris

487 5045 588 5108 sui,
619 5044 662 5098 si
685 5045 796 5097 dies
822 5043 943 5096 vitae
971 5043 1134 5110 patris
1160 5044 1238 5096 sui
1267 5045 1391 5098 anni
1419 5044 1628 5099 ducenti
1667 5043 1901 5113 quinque
1926 5041 2033 5096 fue-

488 5145 629 5198 runt,
659 5145 715 5188 ut
743 5135 860 5187 ideo
899 5133 1153 5201 scriptum
1177 5134 1273 5192 sit,
1306 5132 1537 5186 Fuerunt
1559 5135 1680 5187 anni
1713 5135 1828 5187 vita:
1863 5132 2034 5187 Thura

487 5223 688 5276 ducenti
713 5221 934 5291 quinque
962 5221 1013 5273 in
1049 5218 1229 5272 Horon
1257 5260 1270 5281 ,
1301 5221 1423 5287 quia
1450 5220 1518 5273 ibi
1542 5221 1825 5289 complevit
1849 5233 2036 5275 omnes

489 5327 655 5365 annos
677 5311 838 5364 torius
862 5311 982 5363 vita:
1011 5324 1138 5363 suae.
1173 5307 1404 5361 Solvitur
1430 5323 1556 5377 ergo
1581 5309 1802 5376 quaestio
1825 5322 1921 5377 per
1951 5324 2034 5362 re-

490 5399 937 5466 capitulationem,
962 5391 1080 5466 qua:
1105 5395 1481 5453 indissolubilis
1505 5405 1822 5459 remaneret,
1849 5396 1891 5448 si
1918 5404 2039 5463 post

491 5496 709 5539 ιιιυι-ιριιι
737 5486 911 5540 Thare
950 5486 1310 5553 acciperemus
1336 5484 1566 5538 locutum
1613 5499 1726 5538 csse
1755 5484 2034 5538 Dominum

487 5575 552 5628 i-t!
576 5575 790 5636 Abram,
819 5582 876 5628 ut
907 5575 1071 5630 exiret
1098 5576 1158 5632 dc
1190 5575 1384 5639 llatau,
1417 5575 1537 5642 quia
1570 5589 1672 5627 non
1693 5581 2034 5642 potcratcssc

2145 3163 2402 3216 sitionnm
2448 3176 2551 3215 non
2599 3167 2853 3228 repugnet
2889 3157 3190 3212 difficultas.
3224 3158 3288 3211 Et
3318 3157 3444 3212 illud
3483 3160 3697 3228 quidem

2143 3253 2301 3321 cogit,
2337 3260 2394 3305 ut
2419 3257 2561 3315 non,‘
2585 3250 2723 3303 sicut
2761 3248 2967 3307 narrari
3008 3247 3214 3301 videtur
3239 3246 3290 3300 in
3316 3246 3551 3311 Genesi,
3581 3256 3701 3316 post

2142 3350 2365 3398 mortem
2394 3341 2570 3394 'l‘hare
2597 3339 2798 3393 locutus
2818 3346 2900 3391 est
2927 3338 3065 3391 Deus
3088 3336 3332 3400 Abrahae,
3363 3344 3421 3389 ut
3441 3336 3612 3390 exiret
3633 3337 3700 3391 de

2143 3429 2455 3499 cognatione
2477 3444 2594 3490 sua,
2623 3438 2676 3480 et
2704 3427 2768 3481 de
2789 3426 2944 3480 domo
2975 3425 3140 3492 patris
3161 3426 3264 3488 sui,
3294 3425 3385 3479 sed
3411 3440 3533 3479 cum
3559 3435 3700 3479 esset

2143 3521 2196 3572 in
2225 3519 2620 3586 Mesopotamia,
2649 3518 2957 3586 priusquam
2985 3518 3246 3571 habitaret
3276 3517 3328 3570 in
3368 3517 3566 3583 llaran,
3588 3517 3696 3584 jam

2143 3610 2324 3678 utique
2360 3623 2607 3677 egressus
2633 3608 2698 3661 de
2722 3617 2864 3663 terra
2893 3606 3278 3668 Chaldaeorum,
3305 3617 3358 3659 ut
3389 3607 3478 3662 illo
3508 3609 3699 3662 itinere

2143 3699 2465 3767 intelligatur
2501 3699 2550 3751 ei
2596 3697 2801 3751 locutus
2846 3696 3001 3752 Deus.
3048 3696 3152 3750 Sed
3201 3699 3339 3764 quod
3394 3695 3698 3764 Stephanus

2143 3798 2323 3858 postea
2347 3789 2422 3843 sic
2443 3796 2623 3842 narrat
2645 3806 2657 3842 :
2679 3788 2820 3841 Tune
2843 3802 3072 3856 egressus
3093 3787 3283 3841 Abram
3303 3788 3365 3840 de
3385 3799 3522 3841 terra
3543 3782 3697 3841 Cha!-

2141 3881 2370 3933 (ltrorum
2394 3920 2407 3941 ,
2439 3877 2680 3930 habitarit
2710 3878 2763 3929 in
2788 3873 2970 3929 Harau
2995 3917 3010 3940 ,
3049 3885 3095 3928 et
3121 3875 3238 3928 inde
3263 3887 3530 3945 postquam
3559 3894 3697 3930 mor-

2140 3981 2258 4023 tuus
2288 3978 2358 4022 est
2389 3978 2533 4037 pater
2561 3969 2703 4035 ejus,
2741 3967 3000 4019 collocavit
3035 3983 3148 4018 eum
3188 3969 3402 4023 interra
3441 3969 3556 4028 hac,
3589 3985 3693 4021 non

2142 4073 2334 4126 parvas
2358 4055 2812 4125 affertaugustias
2857 4054 2977 4108 huic
3013 4055 3329 4122 expositioni
3367 4053 3692 4124 [quaestioni]

2138 4163 2254 4215 qua:
2290 4147 2348 4200 fit
2384 4161 2478 4215 per
2513 4144 3014 4214 recapitulationem.
3055 4144 3273 4197 Videtur
3312 4145 3451 4196 enim
3477 4144 3692 4197 habuis-

2137 4253 2193 4289 se
2224 4236 2502 4304 imperium
2546 4234 2772 4295 Domini,
2801 4231 2939 4300 quod
2976 4234 3022 4284 ci
3060 4230 3228 4285 fuerat
3271 4231 3479 4286 locutus
3519 4235 3570 4286 in
3602 4235 3687 4286 iti-

2139 4339 2265 4379 nere
2314 4322 2735 4392 Mesopotamiae,
2775 4336 2986 4390 egresso
3025 4321 3088 4375 de
3126 4330 3267 4376 terra
3299 4319 3685 4386 Chaldaeorum,

2138 4427 2188 4470 et
2217 4416 2362 4468 eunti
2396 4414 2572 4466 llaran
2601 4453 2613 4475 ,
2654 4421 2708 4465 et
2751 4412 2852 4466 hoc
2879 4411 3158 4482 imperium
3204 4420 3322 4478 post
3347 4423 3572 4466 mortem
3600 4431 3688 4482 pa-

2141 4505 2240 4559 tris
2259 4504 2336 4558 sui
2362 4503 2667 4558 obedientcr
2692 4501 2955 4570 implesse,
2983 4516 3102 4555 cum
3129 4502 3322 4556 dicitur
3353 4521 3364 4554 :
3396 4502 3464 4554 Et
3489 4503 3686 4556 habita-

2139 4593 2205 4646 rit
2233 4593 2284 4644 in
2312 4590 2528 4654 Horon;
2576 4599 2631 4643 et
2659 4589 2778 4644 inde
2819 4590 3095 4658 pestquam
3139 4598 3380 4644 mortuus
3420 4601 3504 4645 est
3538 4602 3688 4660 pater

2139 4679 2252 4748 ejus
2277 4679 2553 4734 collocavit
2581 4679 2725 4732 illum
2755 4680 2804 4732 in
2832 4688 2970 4732 terra
3003 4680 3100 4732 hac
3127 4719 3140 4742 ,
3169 4695 3230 4732 ac
3254 4694 3350 4748 per
3378 4681 3479 4734 hoc
3510 4691 3682 4736 manet

2140 4770 2379 4838 qumstio.
2409 4770 2452 4824 si
2473 4771 2801 4840 septuaginta
2832 4771 3066 4839 quinque
3089 4787 3345 4824 annorum
3365 4812 3376 4832 ,
3413 4773 3545 4826 sicut
3572 4787 3683 4826 0ιί-

2141 4861 2325 4914 deuter
2369 4859 2642 4928 Scriptura
2697 4858 2960 4913 Geneseos
3009 4859 3258 4928 loquitur,
3314 4860 3433 4924 fuit,
3474 4866 3684 4928 quando

2139 4964 2385 5016 egressus
2412 4958 2493 5001 est
2512 4948 2576 5001 de
2601 4947 2796 5009 Haran,
2824 4947 3085 5016 quomodo
3111 4963 3226 5001 esse
3269 4949 3436 5016 possit
3465 4949 3566 5004 hoc
3593 4941 3673 5004 vc-

2141 5037 2297 5092 rum?
2341 5038 2441 5091 nisi
2480 5037 2616 5092 forte
2649 5038 2786 5106 quod
2828 5039 2901 5090 ait
2940 5037 3237 5104 Stephanus
3269 5056 3280 5089 :
3312 5037 3453 5091 Tunc
3494 5038 3678 5092 Abram

2140 5143 2368 5194 egressus
2396 5135 2469 5179 est
2496 5125 2559 5178 de
2584 5136 2718 5178 terra
2743 5123 3122 5186 Chalda’orum,
3149 5136 3194 5178 et
3219 5126 3465 5180 habitavit
3490 5129 3542 5180 in
3569 5127 3676 5180 Ila-

2141 5230 2261 5276 ran,
2302 5229 2406 5267 non
2435 5215 2512 5271 sic
2554 5213 2862 5282 accipiatur.
2899 5213 3328 5283 Tunc‘egrcssus
3352 5223 3436 5269 est
3469 5225 3678 5282 postea-

2138 5318 2297 5371 quam
2328 5304 2374 5358 ei
2399 5304 2602 5357 locutus
2621 5311 2702 5357 est
2727 5301 2977 5357 Dominus
3001 5343 3013 5365 ,
3041 5301 3153 5369 jam
3173 5304 3312 5357 enim
3340 5319 3456 5358 erat
3485 5307 3535 5359 in
3572 5306 3679 5360 lle-

2137 5393 2451 5460 sopotamia,
2500 5393 2635 5446 sicut
2661 5407 2818 5460 supra
2841 5391 3039 5446 dictum
3061 5400 3162 5454 est,
3193 5394 3405 5460 quando
3436 5393 3560 5446 illud
3589 5409 3680 5444 az:-

2138 5480 2268 5534 divit
2291 5495 2318 5531 a
2343 5479 2561 5532 Domino
2584 5520 2603 5542 ,_
2643 5480 2734 5532 sed
2764 5480 2930 5548 ipsam
2962 5480 3194 5549 regulam
3233 5481 3679 5541 recapitulationis

2139 5582 2418 5624 contexere
2449 5568 2606 5626 voluit
2647 5568 2974 5644 Stephanus,
3019 5579 3074 5624 ct
3098 5570 3251 5624 simul
3285 5570 3460 5626 dicere
3491 5585 3503 5623 :
3539 5568 3677 5639 Unde
