3968 6340
225 336 332 392 535

1245 333 1594 392 COMMENT.
1634 332 1699 387 IN
1737 330 2047 388 GENESIM.
2097 360 2157 371 --
2194 328 2319 384 LIB.
2360 329 2418 384 II.

2820 200 2865 209 *νυ-η
2876 202 2905 209 σί

3327 334 3429 390 551

225 467 478 524 egressus
509 457 591 505 est
626 448 689 504 de
732 456 871 502 terra
914 448 1276 504 Chaldmorum
1300 489 1314 511 ,
1350 456 1404 504 et
1446 446 1704 502 habitavit
1727 445 1778 499 in
1807 448 1855 506 Α
1951 443 2203 514 Egressus
2250 453 2321 496 est
2363 444 2536 513 itaque
2563 419 2820 495 Abraham
2865 444 2995 497 sicut
3036 457 3339 514 prtrecperat
3384 450 3432 501 ci
3494 445 3507 454 ‘

227 540 528 597 Ilaranxin
573 541 747 596 medio
786 549 981 603 autem,
1027 530 1081 595 id
1109 554 1210 604 est,
1242 542 1382 595 inter
1406 554 1681 611 egressum
1711 538 1777 592 de

227 642 373 686 terra
396 630 762 687 Chaldaeorum
781 670 795 697 ,
826 637 880 684 et
905 630 1283 684 habitationem
1308 630 1361 683 in
1381 628 1587 692 Haran,
1627 628 1673 682 ei
1705 627 1780 681 lo-

223 731 383 777 cutus
428 728 512 776 est
539 719 697 775 Deus.
723 719 912 774 Postea
949 735 1077 775 vero
1113 721 1253 789 quod
1290 719 1530 792 adjungit
1558 718 1783 788 Stepha-

225 829 329 868 nus
351 853 366 877 ,
411 810 477 864 Et
497 808 616 863 inde
641 818 908 880 postquam
936 819 1167 863 mortuus
1194 819 1266 863 est
1286 820 1431 878 pater
1454 810 1585 880 ejus,
1617 808 1779 863 collo-

223 904 357 957 carit
391 900 538 954 illum
583 902 636 954 in
676 909 811 953 terra
849 901 945 953 hac
968 941 984 965 ,
1022 899 1330 953 intuendum
1368 908 1451 954 est
1495 899 1636 968 quod
1676 915 1783 954 non

223 993 359 1050 dixit
388 1010 400 1045 :
435 998 709 1061 postquam
735 999 973 1044 mortuus
999 997 1080 1044 est
1098 996 1250 1060 pater
1271 988 1405 1056 ejus,
1430 1006 1676 1059 egressus
1702 998 1786 1046 est

224 1085 292 1138 de
319 1082 520 1145 Haran,
548 1075 639 1137 sed
663 1079 795 1134 Inde
821 1080 1083 1134 collocavit
1110 1097 1224 1133 eum
1254 1078 1389 1133 Deus
1418 1081 1471 1133 in
1500 1088 1634 1134 terra
1664 1083 1781 1145 hac,

222 1182 283 1227 ut
313 1179 435 1242 post
468 1170 851 1226 habitationem
876 1170 926 1223 in
952 1169 1129 1223 Haran
1150 1208 1165 1233 ,
1200 1168 1550 1223 collocaretur
1565 1170 1619 1223 iu
1643 1178 1784 1225 terra

223 1263 500 1326 Chanaan,
528 1275 631 1315 non
658 1268 776 1329 post
798 1266 1020 1313 mortem
1044 1258 1212 1326 patris
1243 1256 1531 1313 collocatus
1561 1259 1611 1311 in
1643 1267 1784 1313 terra

222 1353 504 1416 Chanaan,
529 1357 586 1404 ut
606 1350 735 1403 ordo
756 1346 1039 1401 verborum
1071 1345 1140 1401 sit
1166 1365 1178 1399 :
1204 1346 1472 1401 Habitavit
1499 1348 1551 1400 in
1576 1346 1783 1414 Haran;

222 1454 280 1500 et
311 1441 434 1496 inde
459 1428 738 1494 collocavit
764 1435 910 1490 illum
934 1436 986 1493 in
1012 1443 1153 1490 terra
1182 1436 1309 1501 hac,
1332 1446 1613 1507 postquam
1641 1453 1787 1491 mor-

227 1544 352 1587 tuus
380 1540 463 1586 est
496 1529 823 1601 paterejus,
856 1537 915 1583 ut
939 1535 1065 1581 tunc
1092 1525 1443 1597 intelligamus
1474 1527 1784 1583 collocatum

224 1624 311 1679 vel
336 1623 683 1678 constitutum
722 1620 920 1681 Abram
968 1620 1021 1673 in
1067 1627 1209 1674 terra
1252 1618 1526 1684 Chanaan,
1578 1620 1788 1689 quando

225 1714 335 1768 illic
359 1728 479 1767 eum
506 1720 750 1780 nepotem
780 1710 1010 1778 suscepit
1034 1749 1048 1774 ,
1084 1710 1238 1778 cujus
1262 1710 1569 1764 universum
1605 1724 1786 1764 semen

1881 533 2153 596 Dominus,
2200 544 2247 587 et
2285 533 2371 587 ivit
2415 550 2531 586 cum
2576 548 2634 586 eo
2674 532 2788 586 Lot.
2833 531 3168 604 Septuaginta
3210 536 3433 606 quinque

1878 622 1990 671 erat
2033 614 2286 671 annorum
2332 616 2560 680 Abram,
2602 633 2715 669 cum
2757 616 3081 685 egrederetur
3113 618 3176 671 de
3223 616 3429 673 Haran.

1881 706 1994 759 Non
2024 707 2403 760 contemnenda
2433 714 2515 759 est
2546 706 2705 777 igitur
2734 706 2823 759 illa
2849 705 3193 761 Hebrzcorum
3221 700 3435 763 traditio

1882 810 2041 863 quam
2056 810 2213 864 supra
2236 796 2482 857 diximus,
2506 797 2644 864 quod
2671 810 2916 867 egressus
2936 799 3004 852 sit
3031 794 3204 852 Thara
3231 813 3351 853 cum
3376 800 3436 853 il-

1882 887 1966 941 liis
1991 888 2101 941 suis
2123 886 2187 940 de
2210 886 2327 955 igne
2346 886 2733 953 Chaldarorum,
2758 899 2816 972 et
2836 892 2977 959 quod
2999 884 3196 945 Abram
3217 889 3437 960 Babylo-

1883 977 1973 1031 nio
1999 976 2224 1030 vallatus
2250 975 2511 1040 incendio,
2539 979 2663 1051 quia
2693 979 2817 1033 illud
2839 982 3060 1036 adorare
3079 980 3306 1050 nolebat,
3341 984 3433 1037 Dei

1884 1072 1952 1127 sit
1972 1071 2170 1126 auxilio
2194 1070 2471 1133 liberatus,
2492 1079 2547 1126 ει
2563 1087 2624 1126 ex
2649 1072 2737 1127 illo
2766 1081 3001 1143 tempore
3015 1060 3073 1129 ἐι
3094 1076 3207 1131 dies
3234 1080 3352 1132 vitae
3381 1087 3436 1132 et

1887 1170 2091 1230 tempus
2120 1170 2393 1230 reputetur
2419 1156 2613 1226 astatis,
2644 1176 2707 1216 ex
2729 1177 2833 1231 quo
2857 1162 3127 1220 confessus
3150 1174 3231 1220 est
3259 1165 3439 1223 Domi—

1885 1265 2031 1313 num,
2056 1265 2314 1318 spernens
2340 1250 2481 1304 idola
2504 1250 2889 1309 Chaldaeorum.
2917 1252 3098 1308 Potest
3122 1262 3296 1309 autem
3326 1254 3439 1312 ﬁeri

1885 1346 1944 1392 ut
1964 1340 2087 1408 quia
2118 1338 2395 1407 Scriptura
2422 1338 2634 1410 reliquit
2659 1340 2915 1395 incertum
2935 1382 2948 1405 ,
2977 1328 3327 1412 ante'paucos
3348 1358 3440 1397 au-

1886 1443 1983 1481 uos
2012 1427 2183 1481 Thara
2206 1428 2271 1481 de
2296 1426 2542 1482 Cbaldma
2583 1428 2853 1498 proiectus
2892 1430 3097 1485 venerit
3140 1432 3189 1484 in
3221 1430 3397 1485 Ilaran
3424 1472 3438 1494 ,

1885 1531 1989 1584 qua
2018 1523 2190 1570 morte
2213 1516 2407 1581 obiret,
2454 1516 2534 1570 vel
2573 1524 2717 1571 certe
2746 1517 2926 1571 statim
2969 1529 3085 1587 post
3120 1520 3439 1589 persecutio-

1889 1618 2007 1658 nem
2038 1604 2091 1657 in
2118 1602 2293 1657 Haran
2318 1604 2544 1669 venerit,
2570 1611 2623 1659 et
2656 1605 2727 1659 ibi
2754 1606 2949 1660 diutius
2977 1607 3045 1659 sit
3076 1611 3330 1664 moratus.

1960 1692 2306 1761 Apparuitque
2345 1692 2595 1746 Dominus
2622 1692 2812 1746 Abram
2851 1702 2899 1745 et
2937 1694 3068 1747 dixit
3092 1696 3139 1747 ei
3246 1693 3443 1750 Semini

225 1805 335 1859 "lic
360 1805 533 1858 mera,
558 1771 897 1869 {maturum
919 1771 1319 1868 "ex’pm'missa
1344 1800 1451 1852 De0
1478 1799 1790 1853 haereditate
1818 1771 1863 1829 Β
1890 1788 1977 1833 tuo
2012 1779 2144 1832 dabo
2175 1788 2365 1833 terram
2390 1781 2544 1869 hanc.
2579 1780 2679 1846 Qui
2714 1780 2983 1849 (ediﬁcavit
3027 1782 3096 1834 ibi
3138 1781 3305 1837 altare
3334 1783 3441 1837 Do-

225 1894 442 1947 donata.
488 1889 623 1943 Nam
653 1892 735 1943 ex
780 1889 894 1957 ipso
939 1886 1136 1940 Abram
1182 1894 1339 1942 natus
1375 1896 1458 1942 est
1501 1887 1689 1942 lsmael
1722 1888 1790 1942 de

224 1986 389 2054 Agar.
422 1981 543 2036 Nati
567 1988 623 2035 et
651 1979 737 2033 alii
764 1994 831 2033 ex
855 1978 1071 2043 Cetura,
1098 1979 1164 2032 ad
1185 1979 1323 2047 quod
1348 1978 1484 2033 illius
1509 1986 1661 2033 terra:
1683 1995 1787 2033 non

224 2075 520 2144 pertineret
546 2071 846 2125 haereditas.
879 2069 944 2124 Et
969 2084 1034 2124 ex
1055 2069 1204 2124 Isaac
1226 2079 1381 2124 natus
1403 2078 1485 2124 est
1503 2069 1667 2133 Esau,
1696 2071 1787 2139 qui

225 2163 477 2220 similiter
514 2162 580 2215 ab
616 2160 703 2214 illa
724 2158 1052 2235 haereditate
1089 2158 1349 2213 alienatus
1383 2166 1482 2213 est.
1516 2158 1591 2212 Ex
1626 2156 1789 2212 Jacob

226 2260 407 2307 autem
434 2250 541 2305 iilio
560 2249 706 2304 Isaac
724 2256 987 2319 quotquot
1014 2248 1106 2303 lilii
1129 2249 1239 2303 nati
1264 2258 1408 2314 sunt,
1440 2249 1491 2305 id
1518 2258 1600 2305 est
1624 2291 1637 2313 ,
1673 2250 1791 2304 uni-

224 2356 442 2398 versum
473 2340 817 2409 semencjus,
853 2341 919 2394 ad
952 2339 1097 2394 illam
1125 2338 1489 2395 hereditatem
1514 2342 1787 2411 pertinuit.

226 2433 318 2488 Sic
353 2445 481 2505 ergo
523 2431 811 2487 collocatus
853 2440 909 2485 et
947 2430 1268 2484 constitutus
1309 2438 1392 2484 est
1428 2430 1478 2483 in
1516 2430 1602 2483 illa
1648 2439 1789 2485 terra

224 2523 447 2587 Abram,
480 2522 731 2590 quoniam
776 2521 908 2575 vixit
940 2534 1108 2589 usque
1141 2518 1206 2574 ad
1237 2520 1566 2574 nativitatem
1603 2519 1786 2574 Iacob.

226 2611 285 2666 Si
309 2618 456 2665 recte
479 2609 806 2680 intelligitur,
837 2608 1009 2680 soluta
1036 2608 1257 2678 quaestio
1284 2615 1367 2662 est
1387 2606 1674 2663 secundum
1705 2623 1789 2662 re-

226 2678 703 2771 capitulationem,
734 2678 978 2767 quam'vis
1005 2705 1059 2752 et
1100 2698 1216 2751 aliae
1242 2696 1532 2752 solutiones
1556 2712 1667 2775 non
1686 2696 1794 2751 siut

225 2789 647 2845 contemnendae.

297 2877 499 2951 (Cum
549 2876 1083 2946 xu.)'Dixit'autem
1134 2876 1387 2929 Dominus
1427 2875 1495 2928 ad
1530 2874 1719 2928 Abram
1772 2887 1790 2924 :

226 2969 486 3039 Egredere
508 2969 572 3023 de
597 2978 733 3023 terra
756 2979 804 3022 et
826 2968 888 3022 de
912 2968 1212 3038 cognatione
1237 2975 1349 3030 tua,
1372 2970 1418 3019 et
1445 2965 1507 3056 de
1532 2965 1683 3018 domo
1697 2981 1790 3033 pa-

226 3062 320 3115 tris
348 3062 467 3125 tui,
510 3069 556 3114 et
593 3059 703 3113 ueni
754 3060 809 3112 in
853 3066 1043 3113 terram
1086 3074 1241 3127 quam
1285 3054 1631 3110 monstravero
1661 3054 1754 3108 tibi
1768 3074 1787 3117 ,-

224 3117 514 3219 faciamque
549 3157 597 3202 te
633 3149 686 3201 in
710 3157 908 3217 gentem
934 3117 1191 3217 magnam.
1219 3146 1237 3215 (
1252 3145 1381 3199 Isid.
1405 3146 1422 3215 )
1450 3146 1577 3212 Quis
1606 3153 1782 3200 autem
1812 3117 1855 3178 Ο

224 3236 362 3291 alius
390 3238 554 3291 exivit
579 3238 631 3290 in
660 3236 858 3291 Abram
899 3238 974 3311 de,
1002 3246 1144 3290 terra
1175 3251 1269 3289 sua
1302 3245 1354 3291 et
1380 3236 1444 3291 de
1471 3237 1785 3305 cognatione

225 3342 343 3392 sua,
372 3335 432 3380 ut
456 3326 591 3396 apud
623 3335 835 3381 exteros
861 3326 1299 3396 locupletaretur,
1327 3335 1380 3381 et
1403 3336 1546 3380 esset
1572 3326 1623 3379 in
1653 3340 1783 3395 gen-

226 3428 332 3470 tem
363 3431 626 3486 magnam,
655 3412 760 3469 nisi
786 3417 1058 3481 Christus,
1092 3418 1201 3485 qui,
1233 3417 1415 3471 relicta
1453 3426 1593 3471 terra
1619 3427 1671 3471 et
1698 3432 1786 3471 co-

224 3506 477 3578 gnatione
508 3504 827 3572 Iudarorum,
866 3508 1136 3577 prtepollet
1168 3525 1306 3564 nunc
1332 3549 1346 3573 ,
1382 3517 1441 3562 ut
1468 3510 1703 3563 videmus
1731 3510 1785 3562 in

222 3594 433 3665 populis
461 3594 736 3664 gentium?
764 3594 867 3650 Sed
897 3606 951 3649 et
978 3597 1132 3651 nobis
1168 3597 1233 3650 ad
1268 3598 1563 3667 exemplum
1590 3598 1786 3653 Christi

224 3686 525 3739 exeundum
544 3686 709 3740 estde
732 3693 872 3739 terra
900 3696 1103 3750 nostra,
1132 3687 1185 3741 id
1215 3695 1326 3753 est,
1352 3687 1417 3742 de
1449 3686 1786 3743 facultatibus

226 3774 408 3827 mundi
438 3773 595 3841 hujus
619 3814 632 3838 ,
661 3776 849 3843 opibus
887 3777 1109 3829 terrenis
1132 3817 1144 3839 ,
1188 3785 1241 3831 et
1268 3779 1330 3831 de
1353 3779 1665 3848 cognatione
1694 3792 1787 3833 no-

226 3872 359 3927 stra,
403 3863 590 3923 idest,
622 3864 694 3925 de
735 3865 1140 3918 conversatione
1177 3875 1227 3919 et
1266 3867 1501 3921 moribus
1540 3868 1786 3937 vitiisque

222 3951 513 4021 prioribus,
544 3967 663 4020 qua:
691 3952 841 4005 nobis
870 3968 897 4005 a
921 3963 1102 4005 nostra
1130 3955 1405 4008 nativitate
1426 3957 1746 4010 cohaerentia
1768 3998 1781 4021 ,

225 4042 369 4096 velut
390 4040 647 4098 afﬂnltate
675 4042 900 4109 quadam
926 4051 980 4095 et
1017 4044 1477 4113 consanguinitate
1503 4044 1781 4112 conjuncta

223 4138 365 4190 sunt,
396 4129 506 4184 sive
528 4131 591 4183 de
617 4131 772 4183 domo
794 4130 960 4197 patris
987 4132 1177 4195 nostri,
1212 4130 1261 4185 id
1288 4140 1388 4193 est,
1413 4134 1557 4185 omni
1584 4148 1783 4187 memo-

223 4222 301 4275 ria
326 4219 531 4285 mundi,
563 4228 622 4273 ut
647 4220 693 4274 ei
722 4222 1086 4275 renuntiantes
1112 4222 1374 4291 possimus
1400 4224 1450 4275 in
1476 4222 1665 4291 p0pulo
1690 4224 1780 4276 Dei

224 4308 457 4373 dilatari,
493 4316 546 4362 et
584 4310 634 4362 in
677 4317 873 4363 terram
914 4311 1147 4365 caelestis
1188 4313 1630 4381 repromissionis,
1656 4299 1778 4367 cum

224 4410 434 4469 tempus
459 4400 751 4463 advenerit,
782 4401 1065 4454 introduci.

295 4490 609 4559 Faciamque
650 4500 697 4543 te
740 4492 793 4542 in
833 4500 1029 4559 gentem
1069 4508 1350 4561 magnam,
1398 4504 1443 4546 et
1486 4493 1777 4546 benedicam

218 4583 341 4643 tibi;
372 4588 419 4632 et
449 4579 787 4647 magniﬁcabo
813 4596 995 4633 nomen
1025 4589 1168 4633 tuum
1194 4622 1208 4645 ,
1243 4584 1441 4651 erisque
1468 4583 1774 4637 benedictus.

220 4670 532 4723 Benedicam
562 4662 969 4725 b'enedicentibus
999 4672 1109 4735 tibi,
1144 4681 1203 4725 et
1232 4671 1537 4726 maledicam
1552 4674 1779 4727 maledi-

220 4759 449 4811 rentibus
493 4758 616 4822 tibi;
657 4766 809 4811 atoue
834 4758 889 4812 in
932 4768 979 4812 te
1022 4760 1381 4813 benedicentur
1419 4763 1665 4829 universce
1702 4780 1781 4816 co—

219 4851 483 4918 gnationes
536 4857 706 4901 terrm.
764 4847 891 4902 Duae
935 4858 1110 4903 autem
1161 4850 1538 4917 promissiones
1588 4854 1780 4905 dantur

218 4941 449 4993 Abrahae
466 4957 479 4992 :
496 4954 599 4992 una
620 4954 715 5007 per
738 4954 895 5007 quam
924 4948 1121 4994 terram
1134 4938 1385 4992 Chanaan
1408 4955 1776 5008 possessnrum

220 5042 404 5080 semen
446 5027 564 5094 ejus
608 5027 973 5095 promittitur,
1014 5028 1137 5082 dum
1180 5027 1307 5081 dicit
1333 5027 1513 5081 Deus:
1564 5027 1699 5082 Vade
1726 5031 1779 5083 in

219 5126 410 5169 terram
438 5131 593 5184 quam
614 5125 960 5169 monstravere
981 5117 1089 5188 tibi,
1115 5116 1405 5186 faciamque
1432 5126 1479 5169 te
1503 5117 1555 5169 in
1578 5128 1776 5187 gentem

220 5206 483 5282 magnam.
532 5210 649 5264 Alia
694 5226 822 5266 vero
865 5210 1017 5280 longe
1052 5212 1502 5282 praestantiorem,
1559 5227 1662 5265 non
1715 5213 1779 5267 de

218 5294 447 5367 eat-nali,
474 5302 564 5355 sed
585 5303 843 5371 spirituali
872 5304 1095 5364 semine,
1123 5320 1217 5374 per
1239 5304 1376 5373 quod
1404 5312 1555 5371 pater
1572 5296 1778 5357 estnon

221 5394 380 5449 unius
410 5392 710 5448 Israelitica:
749 5382 922 5464 gentis
944 5434 959 5460 ,
991 5397 1081 5450 sed
1118 5396 1353 5450 omnium
1393 5394 1627 5463 gentium
1662 5407 1778 5462 quae

224 5485 483 5556 ﬁdeicjus
526 5487 746 5557 vestigia
783 5495 1099 5555 sequuntur,
1143 5486 1283 5554 quod
1332 5484 1569 5555 promitti
1616 5485 1777 5552 coepit

223 5575 305 5630 his
335 5574 538 5631 verbis:
559 5573 623 5628 Et
648 5575 1003 5628 benedicentur
1032 5576 1083 5628 in
1112 5583 1158 5628 te
1183 5575 1430 5627 universa:
1446 5574 1775 5644 cognationes

221 5677 387 5721 τιτι-α’.

1804 4445 1856 4501 Ι)

1890 1871 2060 1933 mino,
2086 1872 2173 1939 qui
2208 1868 2448 1938 apparuit
2473 1870 2538 1932 ei,
2566 1878 2669 1923 etc.
2696 1869 3019 1923 Adveniente
3051 1869 3212 1940 igitur
3246 1870 3442 1925 Abram

1890 1957 1943 2010 iu
1971 1966 2166 2011 terram
2193 1956 2466 2022 Chanaan,
2491 1972 2651 2027 quam
2677 1967 2802 2014 tunc
2828 1956 3154 2019 Chananazus
3177 1959 3446 2014 habitator

1890 2046 2124 2111 tenebat,
2157 2047 2465 2116 apparuisse
2497 2048 2545 2101 ei
2575 2046 2826 2100 Dominus
2868 2046 3209 2113 describitur,
3251 2049 3335 2102 cui
3365 2049 3440 2102 sl-

1892 2143 2006 2189 tare
2055 2135 2166 2204 ipse
2220 2134 2523 2201 mdiﬁcavit,
2564 2136 2687 2205 quia
2736 2136 2928 2205 spretis
2978 2135 3132 2191 idolis
3183 2137 3441 2209 gentium,

1890 2225 2045 2278 unius
2072 2221 2169 2278 Dei
2195 2223 2367 2278 cultor
2386 2222 2507 2278 fuit.

2477 2332 2698 2390 CAPUT
2736 2334 2866 2389 XIII.

1894 2421 1965 2477 De
2010 2410 2335 2477 descensione
2364 2423 2514 2477 Abrte
2540 2424 2593 2477 in
2623 2422 2923 2547 rESggptum,
2971 2435 3018 2481 et
3055 2444 3127 2481 ets
3173 2444 3287 2500 qua:
3325 2437 3445 2483 tunc

2178 2493 2247 2545 ibi
2270 2502 2409 2547 uesta
2437 2503 2555 2546 sunt
2582 2495 2637 2546 in
2703 2510 2797 2547 ara
2826 2510 2986 2547 uxore
3003 2497 3142 2547 eius.

2178 2493 2247 2545 ibi
2268 2502 2409 2562 gesta
2437 2503 2555 2546 sunt
2582 2495 2637 2546 in
2663 2493 2797 2547 Sara
2826 2510 2986 2548 uxore
3003 2497 3142 2565 ejus.

1962 2599 2330 2670 Descenditque
2343 2600 2534 2653 Abram
2562 2600 2616 2655 in
2632 2599 2937 2671 zEgyptum,
2962 2612 3017 2656 ut
3030 2605 3443 2674 peregrinaretur

1891 2692 1974 2745 ibi.
2010 2689 2360 2745 Prwvaluemt
2403 2695 2539 2746 enim
2567 2693 2729 2763 {ames
2762 2696 2815 2747 in
2841 2704 2996 2748 terra.
3027 2695 3254 2756 Cumque
3291 2712 3447 2766 prape

1889 2791 2017 2834 esset
2064 2790 2119 2834 ut
2164 2782 2517 2851 ingrederetur
2556 2783 2870 2853 zEggpturn,
2918 2784 3048 2837 dixit
3095 2781 3249 2839 Sarai
3294 2786 3445 2837 uxori

1888 2888 1998 2925 sua:
2027 2884 2044 2921 :
2076 2871 2208 2925 Novi
2235 2873 2375 2942 quod
2397 2873 2615 2942 pulchra
2644 2890 2715 2929 sis
2740 2874 2951 2939 mulier,
2983 2885 3030 2929 et
3058 2876 3192 2947 quod
3222 2891 3339 2929 cum
3366 2877 3440 2930 vi-

1888 2962 2057 3015 derint
2102 2973 2149 3016 te
2176 2962 2413 3033 rEgyptii
2436 3004 2451 3031 ,
2495 2965 2685 3019 dicturi
2711 2977 2828 3021 sunt
2854 2983 2871 3018 :
2900 2965 3043 3021 Uxor
3066 2969 3232 3044 ipsius
3260 2977 3353 3033 est,
3394 2978 3441 3020 et

1887 3053 2191 3121 interﬁcient
2212 3072 2313 3120 me,
2340 3064 2387 3109 et
2417 3066 2464 3111 te
2492 3060 2835 3113 reservabant.
2865 3059 2961 3114 Dic
2989 3078 3127 3131 ergo,
3148 3061 3352 3115 obsecro
3374 3070 3439 3125 te,

1885 3143 2023 3213 quod
2045 3154 2196 3197 soror
2219 3162 2330 3199 mea
2352 3147 2441 3210 sis,
2476 3156 2530 3200 ut
2558 3148 2681 3201 bene
2707 3150 2773 3201 sit
2797 3151 2922 3203 milii
2944 3160 3149 3219 propter
3182 3159 3229 3204 te
3246 3191 3259 3215 ,
3284 3161 3337 3202 ut
3367 3151 3443 3203 ri-

1884 3244 1968 3287 vat
2013 3235 2188 3288 anima
2241 3252 2353 3289 mea
2403 3236 2464 3290 ob
2509 3241 2731 3308 gratiam
2776 3242 2870 3292 tui.
2914 3240 3129 3311 (Albim)
3178 3241 3442 3307 Quaeritur

1884 3333 2059 3377 utrum
2076 3328 2591 3382 conveniretAbram
2610 3338 2715 3382 tam
2736 3338 2922 3384 sancto
2936 3332 3046 3384 viro
3063 3340 3117 3384 ut
3132 3332 3327 3385 celaret
3345 3332 3441 3385 Sa-

1886 3424 1997 3468 ram
2025 3430 2245 3470 uxorem
2288 3432 2460 3482 suam,
2492 3425 2544 3471 et
2585 3433 2681 3472 cur
2714 3434 2815 3474 non
2844 3421 3010 3490 magis
3044 3426 3262 3488 poneret
3285 3436 3433 3489 spem

1884 3516 2032 3556 suam
2063 3503 2115 3555 in
2136 3503 2262 3566 Deo,
2291 3518 2357 3557 ne
2382 3504 2714 3559 occideretur
2738 3520 2766 3558 a
2789 3520 2928 3575 rege.
2960 3505 3262 3561 Ostenditur
3296 3509 3436 3561 enim

1888 3598 1988 3651 isto
2034 3596 2170 3651 facto
2208 3596 2322 3666 ejus
2351 3598 2491 3667 quod
2523 3593 2682 3653 homo
2704 3615 2806 3653 non
2838 3600 2992 3654 debet
3032 3609 3235 3665 tentare
3258 3602 3436 3654 Domi-

1887 3702 2010 3740 num
2038 3687 2202 3741 Deum
2234 3704 2387 3741 suum
2410 3728 2423 3753 ,
2454 3690 2858 3757 quanddbabet
2886 3691 3027 3758 quod
3068 3690 3223 3745 faciat
3256 3707 3320 3745 ex
3352 3709 3436 3744 ra-

1888 3778 2122 3831 tionabili
2168 3779 2412 3833 consilio.
2459 3779 2608 3833 Fecit
2650 3780 2789 3833 enim
2836 3781 2973 3848 quod
3012 3781 3178 3849 potuit
3212 3795 3305 3849 pro
3336 3783 3441 3833 vita

1885 3883 1998 3921 sua.
2050 3867 2201 3935 Quod
2245 3878 2420 3924 autem
2461 3884 2563 3923 non
2602 3870 2787 3939 potuit,
2820 3870 2890 3923 illi
2942 3872 3205 3924 commisit
3241 3872 3294 3923 in
3336 3887 3443 3940 (ιμυ

1884 3960 2135 4025 speravit,
2185 3960 2269 4013 cui
2312 3968 2365 4013 et
2393 3960 2698 4028 pudicitiam
2740 3961 2978 4028 conjugis
3030 3962 3435 4015 commendavit.

1885 4047 1989 4101 Nec
2019 4047 2159 4099 enim
2190 4062 2310 4100 eum
2337 4047 2466 4100 lides
2491 4063 2553 4100 ac
2582 4061 2701 4115 spes
2733 4044 2935 4100 fefellit.
2968 4046 3204 4117 Namque
3235 4050 3442 4103 Pharao

1881 4151 1909 4188 a
1942 4135 2049 4188 Deo
2081 4135 2320 4199 territus,
2366 4135 2649 4203 multisque
2688 4143 2905 4205 propter
2949 4150 3069 4190 eam
3109 4137 3263 4191 malis
3310 4137 3443 4192 ami-

1880 4231 2017 4285 ctus,
2048 4222 2136 4275 ubi
2179 4222 2292 4290 ejus
2319 4236 2538 4275 uxorem
2566 4222 2817 4277 divinitus
2844 4223 3041 4286 didicit,
3076 4224 3438 4279 illmsamcum
3474 4288 3477 4289 ν

1880 4315 2081 4368 honore
2125 4312 2343 4365 tradidit
2389 4312 2504 4366 viro
2546 4328 2662 4366 suo.
2706 4312 2886 4381 Neque
2915 4314 3056 4367 enim
3084 4314 3221 4367 Deus
3252 4316 3319 4369 ab
3353 4316 3442 4367 ilio

1882 4417 1985 4455 non
2004 4410 2212 4471 poterat
2236 4408 2457 4455 mortem
2484 4402 2739 4471 repellere
2760 4417 2917 4470 quam
2950 4402 3188 4466 timebat,
3212 4418 3440 4474 eumque

1882 4508 2001 4547 eum
2029 4492 2251 4562 conjuge
2276 4508 2369 4546 sua
2394 4491 2446 4545 in
2470 4491 2557 4544 illa
2587 4491 3009 4562 peregrinatione
3036 4493 3195 4546 tutari
3220 4534 3233 4557 ,
3257 4503 3315 4546 ut
3343 4511 3440 4549 nec

1882 4601 2015 4639 uxor
2053 4586 2167 4654 ejus
2189 4625 2204 4650 ,
2242 4584 2486 4653 quamvis
2508 4590 2649 4638 esset
2683 4583 3037 4651 pulcherrima
3063 4624 3077 4648 ,
3104 4592 3441 4653 appetcrctur

1881 4675 1948 4728 ab
1978 4671 2153 4741 aliquo
2178 4712 2191 4737 ,
2233 4687 2333 4727 nec
2361 4680 2554 4741 praeter
2586 4672 2729 4725 illam
2770 4680 3048 4726 necaretur
3071 4668 3157 4727 ille
3178 4674 3200 4725 i
3223 4673 3438 4728 Poterat

1881 4765 1996 4819 sine
2025 4764 2183 4818 dubio
2213 4764 2316 4819 hoc
2338 4761 2551 4816 efﬁcere
2580 4761 2737 4816 Deus.
2771 4761 2948 4833 (Aug)
2975 4760 3103 4827 Quis
3143 4763 3215 4815 ita
3256 4763 3324 4816 sit
3348 4765 3437 4816 dc~

1884 4868 2032 4907 mens
2056 4859 2112 4905 ut
2132 4853 2233 4906 hoc
2254 4852 2441 4920 neget?
2466 4851 2571 4906 Sed
2593 4852 2636 4905 si
2668 4852 3019 4921 interrogatus
3043 4851 3262 4916 Abram,
3291 4852 3431 4905 illam

1879 4941 2132 4995 feminam
2161 4940 2421 4997 indicaret
2443 4950 2681 5004 uxorem,
2698 4940 2827 4994 duas
2853 4956 2937 4995 res
2957 4942 3266 4995 metuendas
3291 4957 3435 4997 com-

1881 5040 2119 5093 mitteret
2143 5038 2272 5103 Deo,
2302 5046 2355 5091 et
2382 5051 2533 5091 suam
2561 5036 2725 5089 vitam
2752 5043 2804 5088 et
2837 5034 3074 5105 conjugis
3103 5036 3409 5105 pudicitiam
3438 5050 3441 5053 ·

1880 5127 2117 5180 Pertinet
2151 5133 2328 5180 autem
2373 5126 2440 5178 ad
2479 5138 2663 5178 sanam
2693 5123 3011 5189 doctrinam,
3042 5126 3252 5194 quando
3278 5126 3437 5179 habet

1880 5215 2016 5283 quod
2037 5214 2197 5268 iaciat
2219 5215 2399 5277 homo,
2418 5228 2523 5267 non
2545 5220 2749 5267 tentare
2770 5214 3049 5269 Dominum
3072 5215 3233 5267 Deum
3256 5230 3428 5267 suum.

1880 5304 2058 5373 Neque
2083 5304 2225 5358 enim
2254 5310 2306 5357 et
2334 5302 2447 5372 ipse
2476 5300 2721 5357 Salvator
2743 5318 2844 5357 non
2875 5310 3079 5373 poterat
3115 5302 3248 5357 tueri
3278 5303 3431 5356 disci-

1878 5392 2026 5461 pulos
2054 5391 2211 5446 suos?
2246 5388 2438 5459 quibus
2465 5398 2638 5445 tamen
2670 5392 2746 5445 ait
2789 5408 2802 5443 :
2852 5391 2909 5445 Si
2942 5408 3024 5443 vos
3048 5390 3295 5457 persecuti
3322 5390 3433 5457 fue-

1879 5482 1980 5534 rint
2006 5482 2058 5534 in
2088 5496 2189 5533 una
2214 5481 2446 5545 civitate,
2471 5480 2628 5551 fugite
2657 5482 2710 5534 in
2753 5481 2909 5533 aliam
2933 5479 3139 5550 (Matth.
3167 5478 3238 5547 ι).
3270 5480 3432 5548 Cujus

1881 5573 1954 5625 rei
1997 5574 2143 5641 prior
2179 5571 2479 5641 exemplum
2514 5572 2753 5640 praebuit.
2787 5570 2917 5624 Nam
2958 5585 3077 5625 cum
3118 5578 3431 5638 potestatem

1881 5665 2096 5716 haberet
2150 5664 2375 5732 ponendi
2424 5664 2653 5717 animum
2702 5677 2868 5725 suam,
2916 5675 3010 5714 nec
3052 5675 3167 5713 cam
3212 5672 3426 5729 poneret
