3968 6318
444 313 543 368 5‘35

1073 312 1136 365 Β.
1180 294 1431 369 nam:
1470 275 1685 368 nsunt
1724 293 2040 365 meumr.
2073 308 2380 368 uocum.
2418 262 2913 368 upmuu’raus
2951 313 2991 365 ι.

3568 309 3672 387 533

442 426 543 481 nisi
569 440 689 483 cuiu
713 424 912 490 vellet,
941 424 994 478 in
1026 424 1314 495 tEgyptum
1351 432 1528 479 tamen
1563 422 1758 488 infans,
1790 431 2006 492 portan-
2033 423 2085 481 Α
2110 421 2370 476 Hai‘lixit.
2400 421 2583 481 Bethel
2611 420 2752 498 enim
2795 421 3071 477 civitatula
3115 432 3216 489 est,
3257 423 3310 478 in
3358 389 3677 499 duodecim};

443 516 583 571 tibus
613 517 926 585 parentibus
950 556 965 582 ,
1008 515 1159 586 fugit,
1195 521 1251 570 et
1284 514 1351 569 ad
1381 513 1523 568 diem
1546 512 1751 569 festum‘
1768 526 1874 567 non
1900 509 2035 564 evi-v

440 609 649 672 denter,
676 607 768 661 sed
794 605 1025 661 latenter
1044 606 1303 669 ascendit,
1331 618 1451 660 cum
1473 603 1607 658 alias
1629 601 1807 673 palam
1828 592 2012 673 loque-

441 708 588 754 retur
608 696 806 754 iudicis
831 697 1205 761 irascentihus,
1235 702 1290 750 et
1311 681 1685 752 inimicissimo
1710 692 1892 750 animo
1916 708 2010 747 au-

439 790 713 846 dientibus
733 830 746 854 ,
780 804 881 846 nec
904 797 1083 842 tamen
1114 784 1412 840 valentibus
1437 784 1490 838 in
1517 798 1638 840 eum
1660 784 1873 840 mittere
1898 799 2011 838 ma-

442 898 561 945 nus,
596 882 740 952 quis
794 880 1027 935 nondum
1077 884 1300 933 venerat
1346 876 1478 931 hora
1524 874 1661 944 ejus,
1714 890 1821 929 non
1859 872 2011 943 cujus

442 975 588 1027 horae
607 971 930 1030 necessitate
957 968 1239 1040 cogeretur
1266 968 1422 1032 mori,
1462 966 1557 1022 sed
1582 964 1733 1040 cujus
1757 966 1902 1023 horae
1922 980 2012 1034 up-

444 1064 772 1133 portunitalc
792 1061 1099 1131 dignaretur
1124 1059 1317 1117 occidi.
1340 1057 1442 1125 Qui
1468 1064 1605 1129 ergo
1625 1056 1798 1128 palam
1818 1056 2013 1112 docen-

442 1157 512 1211 do
540 1164 595 1212 et
641 1155 929 1228 arguendo,
955 1162 1010 1210 et
1035 1161 1212 1209 tamen
1245 1152 1583 1209 inimicorum
1606 1150 1810 1206 rabiem
1835 1150 2014 1207 valere

443 1249 577 1305 inse
606 1248 808 1319 aliquid
841 1264 946 1305 non
980 1245 1202 1301 sinendo
1224 1285 1240 1308 ,
1283 1244 1376 1299 Dei
1401 1243 1803 1299 demonstrabat
1829 1250 2016 1312 poten-

444 1339 597 1405 tiam,
646 1338 787 1402 idem
818 1345 997 1395 tamen
1036 1333 1288 1404 fugiendo
1323 1340 1381 1387 et
1418 1331 1632 1386 latendo
1661 1330 1893 1386 hominis
1927 1330 2011 1383 in-

444 1430 686 1487 struebat
736 1427 1156 1490 inﬁrmitatem,
1188 1439 1259 1480 ne
1305 1424 1474 1481 Deum
1529 1432 1736 1483 tentare
1782 1422 2010 1487 audeat,

442 1520 657 1590 quando
696 1519 857 1573 habet
902 1516 1044 1588 quod
1077 1513 1270 1579 faciat,
1316 1522 1373 1569 ut
1408 1513 1551 1583 quod
1586 1527 1779 1567 cavere
1806 1519 2017 1582 oportet

442 1611 655 1667 evadat.
678 1608 861 1679 Neque
886 1609 1028 1663 enim
1052 1614 1108 1662 et
1131 1605 1401 1677 apostolus
1421 1604 1618 1663 Paulus
1638 1603 2016 1673 desporaverat

446 1702 770 1773 adjutorium
793 1699 1285 1771 protectionemque
1310 1696 1544 1753 divinam
1563 1737 1577 1760 ,
1604 1694 1871 1764 iidemque
1891 1705 2013 1765 per-

2113 511 2182 567 ab
2206 512 2344 568 Elia
2362 511 2537 581 lapide
2571 512 2639 565 ad
2671 511 2913 567 dextram
2945 514 3194 570 euntibus
3219 506 3678 585 Neapolimipqna

2110 601 2261 669 prius
2288 592 2450 666 Lusa,
2473 600 2525 654 id
2550 607 2656 666 est,
2680 598 3032 673 Amygdalon,
3063 603 3376 671 vocabatur,
3406 613 3463 660 et
3485 603 3681 663 cecidit

2110 691 2165 751 in
2193 697 2391 745 sortem
2433 688 2604 748 tribus
2640 687 2936 765 Benjamin.
2989 673 3088 755 Hai
3116 690 3172 745 in
3222 691 3365 747 tribu
3407 681 3559 747 Iuda:
3596 701 3679 752 est

2111 781 2241 835 urbs
2262 778 2627 835 sacerdotibus
2652 788 2917 851 separata.
2958 780 3345 851 Interpretatur
3369 792 3553 850 autem
3581 781 3687 839 Be-
3744 820 3747 823 λ

2110 870 2220 925 thel
2247 870 2432 937 domus
2458 870 2574 937 DeiI
2607 867 2703 925 Bai
2740 886 2865 932 vero
2905 871 3104 938 oculus,
3131 872 3211 926 vel
3259 874 3397 943 fons.
3438 874 3506 929 Et
3544 876 3679 931 bene

2108 958 2309 1025 Abram
2338 960 2738 1018 tabernaculum
2777 977 2932 1016 suum
2970 962 3023 1016 in
3050 952 3231 1037 monte
3263 966 3355 1036 qul
3395 973 3514 1021 erat
3543 965 3678 1020 inter

2110 1046 2294 1103 Bethel
2328 1058 2383 1104 et
2426 1046 2525 1106 Hai
2570 1049 2731 1121 ﬁgere
2768 1050 2990 1117 dicitur,
3036 1051 3217 1122 ibique
3252 1052 3364 1109 Deo
3410 1053 3685 1113 aediﬁcare

2113 1140 2301 1205 altare,
2338 1141 2464 1221 quia
2486 1142 2655 1205 sancti
2684 1142 2811 1207 viri,
2835 1138 3118 1217 postquam
3150 1157 3181 1197 a
3214 1143 3398 1198 mundi
3437 1143 3685 1216 principe
3730 1140 3739 1151 ’

2112 1241 2167 1286 et
2191 1221 2374 1291 smculi
2401 1232 2759 1304 voluptatibus
2781 1237 3137 1303 recesserint,
3169 1235 3334 1299 abluti
3364 1234 3511 1293 fonte
3540 1238 3685 1296 sacri

2113 1323 2448 1393 baptismatis
2467 1366 2481 1391 ,
2524 1341 2742 1381 cursum
2775 1329 3050 1398 praesentis
3078 1320 3201 1387 vita:
3239 1339 3395 1395 caute
3423 1340 3479 1388 et
3507 1334 3689 1406 ςουείτ

2113 1411 2301 1466 derata
2322 1413 2599 1479 ducentes,
2625 1416 2854 1475 hostiam
2882 1418 3053 1474 laudis
3086 1435 3151 1475 ac
3172 1420 3443 1479 booorum‘
3460 1436 3687 1491 operum

2117 1501 2173 1555 in
2199 1500 2358 1556 altari
2388 1511 2550 1576 rectae
2575 1504 2698 1560 ﬁdei
2725 1504 2835 1564 Deo
2865 1492 3184 1575 exhibendo,
3221 1510 3289 1564 ad
3324 1508 3541 1573 domum
3569 1514 3687 1583 Dei.

2114 1592 2387 1651 caelestem
2413 1594 2665 1654 videlicet
2681 1593 2996 1664 Jerusalem,
3034 1597 3274 1659 feliciter
3290 1601 3547 1663 tendunt-..

2695 1682 2921 1769 CAPUT
2950 1707 3086 1763 XIV.
3126 1724 3130 1729 -

447 1755 671 1857 diderat,
703 1755 918 1861 qua‘ndo
944 1804 1040 1860 per
1064 1755 1274 1843 murum
1303 1789 1356 1842 in
1386 1794 1564 1856 sporta
1586 1785 1881 1841 submissus
1900 1790 2011 1850 est,
2043 1755 2089 1816 Β
2118 1794 2195 1848 De
2217 1796 2540 1868 contentione
2559 1755 2945 1868 interponam
2965 1799 3120 1855 Abm
3143 1811 3190 1854 et
3218 1784 3350 1868 Lati,
3394 1815 3442 1860 ει
3470 1805 3535 1859 de
3560 1821 3685 1868 pro-7

448 1895 508 1940 ut
550 1886 891 1940 inimicorum
936 1895 1127 1935 manus
1165 1878 1423 1946 effugeret
1459 1876 1542 1947 (II
1583 1873 1705 1930 Cor.
1748 1874 1848 1947 ιι).
1900 1873 2017 1928 Non

450 1989 580 2045 ergo
601 1974 654 2028 in
675 1973 842 2027 Deum
867 1986 973 2024 non
1002 1968 1269 2023 credendo
1294 1968 1372 2023 sic
1409 1968 1557 2036 fugit,
1587 1967 1681 2021 sed
1707 1966 1872 2020 Deum
1898 1972 2015 2019 ten-

451 2071 618 2119 tasset
643 2063 685 2117 si
718 2062 900 2131 fugere
926 2059 1203 2123 noluisset,
1231 2072 1353 2110 cum
1376 2056 1454 2110 sic
1478 2055 1661 2125 fugere
1685 2054 1965 2125 potuisset.

519 2153 649 2210 Cum
682 2152 856 2222 itaque
878 2150 1139 2219 ingressus
1154 2156 1297 2211 ,essct
1320 2145 1513 2203 Abram
1537 2143 1844 2214 zEgyptum,
1875 2142 2019 2203 vide-

451 2253 572 2299 runt
600 2241 837 2312 .Egyptii
867 2237 1135 2293 mulierem
1165 2236 1303 2306 quod
1344 2244 1470 2292 esset
1506 2234 1727 2304 pulchra
1765 2233 1939 2296 nimis,
1971 2240 2019 2285 et

454 2335 816 2402 nuntiaverunt
843 2325 1427 2401 principesPharaoni,
1456 2336 1501 2379 et
1529 2324 1871 2379 laudauerunt
1906 2340 2020 2378 eam

459 2425 597 2494 apud
625 2406 803 2484 illum;
840 2430 886 2476 et
912 2419 1121 2491 sublata
1153 2426 1226 2472 est
1255 2418 1445 2470 mulier
1469 2418 1523 2469 in
1550 2416 1762 2497 domum
1786 2412 2021 2468 Pharao-

455 2517 554 2569 nis.
587 2513 780 2567 Abram
812 2527 928 2568 vero
959 2512 1081 2565 bene
1103 2526 1227 2565 usus
1252 2517 1326 2563 est
1343 2514 1550 2577 propter
1572 2505 1755 2570 illam;
1787 2504 2023 2574 fuerunt-

453 2621 551 2675 que
577 2604 625 2657 ei
650 2619 764 2656 oves
789 2610 837 2656 et
879 2600 1048 2665 boves,
1077 2598 1215 2658 asini
1242 2606 1290 2652 et
1318 2600 1450 2652 servi
1475 2638 1489 2663 ,
1520 2605 1567 2652 et
1593 2595 1828 2667 fantilite,
1860 2603 1907 2650 et
1935 2611 2023 2648 ca-

455 2693 593 2747 meli.
624 2686 777 2747 Licet
800 2703 995 2760 corpus
1020 2696 1329 2750 sanctarum
1352 2686 1634 2742 mulierum
1658 2700 1765 2740 non
1791 2685 1875 2740 vis
1902 2701 2019 2739 ma-

455 2782 618 2849 culet,
650 2780 746 2837 sed
780 2780 1058 2845 voluntas,
1098 2786 1153 2835 et
1177 2779 1419 2834 excusari
1452 2784 1633 2847 posset
1671 2775 1825 2831 Sarai
1859 2775 2022 2848 quod,

459 2872 617 2926 famis
640 2878 909 2940 tempore,
936 2867 1048 2932 sola
1090 2869 1202 2939 regi
1235 2869 1288 2924 in
1320 2866 1619 2939 peregrinis
1646 2865 1797 2931 locis,
1832 2866 2025 2919 marito

458 2961 801 3025 connivente,
827 2959 1077 3018 resistere
1096 2958 1416 3028 nequiverit,
1445 2965 1626 3011 tamen
1652 2962 1830 3026 potest
1852 2963 1905 3011 et
1924 2955 2023 3019 ali-

461 3059 542 3103 ter
588 3047 726 3104 foeda
773 3048 1065 3109 necessitas
1116 3047 1400 3123 excusari,
1453 3046 1598 3119 quod
1630 3046 1782 3116 justa
1830 3045 2023 3100 librum

457 3138 671 3201 Esther,
714 3151 1044 3208 quaecunque
1063 3131 1346 3195 mulierum
1370 3136 1659 3207 placuisset
1696 3137 1805 3206 regi
1834 3177 1848 3202 ,
1888 3136 2025 3207 apud

463 3236 668 3281 veteres
689 3242 782 3281 sex
804 3226 1077 3282 mensibus
1100 3225 1537 3296 ungebaturpleo
1557 3226 1823 3298 myrrhea,
1853 3235 1906 3281 et
1933 3242 2023 3293 sex

459 3317 730 3372 mensibus
777 3319 831 3371 in
883 3318 1169 3389 pigmentis
1210 3317 1376 3377 variis
1417 3324 1535 3371 erat
1566 3324 1620 3373 et
1658 3316 2027 3371 curationibus

459 3409 798 3473 feminarum,
830 3416 883 3461 et
910 3415 1036 3461 tunc
1062 3408 1275 3478 demum
1304 3405 1701 3490 ingrediebatur
1720 3406 1786 3461 ad
1810 3420 2020 3476 regem;

458 3506 617 3567 atque
642 3497 713 3551 ita
737 3502 912 3567 potest
931 3495 1045 3561 ﬁeri
1076 3504 1135 3550 ut
1161 3492 1312 3551 Sarai
1337 3504 1618 3569 postquam
1646 3497 1921 3565 plaCuerat
1944 3511 2031 3559 res

457 3592 531 3661 gi,
561 3591 688 3645 dum
728 3605 826 3660 per
857 3603 1056 3652 annum
1100 3586 1214 3656 ejus
1251 3579 1319 3643 ad
1362 3603 1539 3659 regem
1581 3579 1913 3665 praeparatur
1942 3587 2023 3645 in-

458 3683 669 3746 troitus,
698 3684 753 3735 et
771 3680 1001 3747 Abrahae
1019 3679 1230 3757 Pharao
1250 3678 1412 3733 multa
1440 3678 1739 3752 donaverit,
1760 3686 1814 3732 et
1840 3687 2024 3746 postea

458 3771 669 3825 Pharao
706 3771 778 3841 sit
821 3784 1107 3851 percussus
1141 3784 1172 3822 a
1196 3768 1453 3834 Domino,
1493 3767 1581 3825 illa
1616 3769 1787 3824 adhuc
1825 3769 2023 3823 intacta

458 3860 573 3927 ejus
596 3860 879 3917 concubitu
903 3867 1270 3930 permanente.

530 3948 679 4021 (Car.
702 3948 946 4019 xm.)vEt
971 3948 1199 4003 ascendit
1236 3948 1430 4003 Abram
1459 3965 1524 4004 ea:
1558 3948 1787 4020 ngypto
1805 3991 1819 4015 ,
1846 3950 1952 4019 ipse
1977 3959 2025 4004 et

458 4055 593 4093 uxor
618 4037 763 4110 ejus,
808 4048 856 4093 et
887 4038 1059 4105 omnia
1091 4038 1373 4109 quw‘illius
1398 4050 1549 4096 erunt
1574 4080 1589 4105 ,
1625 4051 1673 4094 et
1703 4039 1797 4094 Lot
1822 4056 1937 4101 cum
1966 4057 2024 4097 eo

459 4132 528 4185 ad
553 4124 847 4189 Aust’ralem
877 4130 1104 4204 plagam.
1147 4130 1279 4184 Erat
1319 4141 1491 4189 autem
1531 4132 1723 4195 Abram
1750 4133 1890 4187 dives
1917 4132 2026 4185 val-

460 4224 543 4285 de,
567 4224 619 4276 in
645 4223 963 4293 possessione
987 4220 1187 4296 argenti
1207 4229 1254 4274 et
1282 4221 1421 4279 auri.
1455 4220 1808 4295 Reversusque
1834 4232 1907 4275 est
1935 4239 2025 4293 per

458 4314 557 4365 iter
583 4327 684 4381 quo
715 4320 919 4365 uenerat
945 4350 961 4380 η
1001 4326 1033 4364 a
1081 4310 1294 4365 meridie
1331 4310 1387 4364 in
1421 4309 1602 4372 Bethel
1626 4351 1641 4375 ,
1691 4319 1747 4365 et
1797 4308 2021 4379 reliqua.

458 4386 684 4458 Pulchre
704 4401 771 4457 de
790 4400 1021 4477 Egypto
1043 4400 1323 4493 liberatus,
1350 4402 1655 4493 ascendisse
1676 4394 1890 4475 dicitur.
1916 4400 2022 4493 sed
2048 4435 2104 4493 Di

456 4494 691 4551 occurrit
723 4493 850 4567 huic
889 4491 1067 4561 sensui
1097 4492 1226 4555 illud
1267 4490 1409 4562 Quod
1449 4491 1708 4559 sequitur,
1758 4488 2081 4564 quomodo:

460 4585 690 4652 potuerit
730 4583 917 4651 exiens
950 4584 1014 4637 de
1038 4582 1273 4653 Egypto
1317 4596 1439 4640 esse
1478 4574 1629 4637 dives
1672 4580 1843 4635 valde.
1876 4578 2028 4655 Quod

459 4672 683 4726 solvitur
728 4671 815 4727 illa
867 4671 1130 4740 llehraica
1181 4672 1406 4727 veritate
1449 4671 1507 4745 in
1550 4685 1653 4742 qua
1701 4668 1955 4724 scribitur

461 4766 649 4817 Abram
684 4765 856 4834 grauis
903 4764 1263 4837 vehementer,
1307 4763 1410 4820 hoc
1456 4770 1555 4825 est,
1598 4762 1763 4835 βαρὺς
1792 4758 2023 4839 σφόδρα.

448 4853 677 4925 -ίΕεγριὶ
700 4855 845 4909 enim
872 4852 1108 4923 pondere
1127 4852 1482 4922 gravabatur;
1515 4859 1569 4906 et
1591 4848 1717 4905 licet
1744 4850 2028 4905 videantur

463 4956 581 4998 esse
604 4943 813 5011 pecoris
837 4931 1060 5007 divitias,
1081 4941 1196 4998 auri
1231 4948 1285 4994 et
1313 4941 1540 5010 argenti,
1573 4948 1749 5009 tamen
1788 4939 1835 4994 si
1863 4938 2028 5009 Egy-

463 5028 589 5102 ptiae
612 5041 755 5098 sunt,
779 5033 895 5087 viro
914 5042 1098 5101 sancto
1118 5048 1307 5103 graves
1330 5040 1473 5088 sunt.
1499 5032 1738 5101 Denique
1763 5046 1867 5093 non
1892 5039 1950 5085 ut
1973 5031 2025 5084 in

463 5123 812 5195 Septuaginta
860 5120 1105 5193 legimus,
1154 5123 1281 5181 abiit
1328 5125 1466 5189 unde
1513 5133 1721 5185 venerat
1771 5122 2027 5190 desertum

467 5231 628 5285 usque
674 5210 874 5275 Bethel,
921 5212 1033 5274 sed,
1081 5212 1217 5276 sicut
1257 5212 1312 5267 in
1350 5212 1575 5267 Hebraeo
1619 5211 1877 5280 scriptum
1924 5218 2023 5272 est,

458 5305 588 5374 abiit
612 5303 795 5359 itinere
836 5317 931 5363 suo
967 5317 1058 5371 per
1096 5301 1337 5374 Austrum
1383 5318 1542 5370 usque
1583 5290 1780 5354 Bel/cel.
1827 5299 2028 5355 Idcirco

462 5393 605 5446 enim
634 5392 701 5446 de
725 5389 955 5465 Egypto
980 5388 1250 5460 profectus
1269 5397 1380 5455 est,
1425 5374 1530 5450 non
1557 5398 1618 5445 ut
1643 5390 1912 5450 desertum
1942 5388 2023 5440 in-

457 5481 775 5550 grederetur
800 5481 943 5550 quod
972 5495 1093 5534 cum
1118 5478 1350 5549 t‘Egypto
1378 5472 1696 5548 reliquerat,
1726 5479 1820 5533 sed
1855 5485 1913 5531 ut
1934 5490 2028 5546 per

466 5570 715 5628 Austrum
745 5568 833 5639 qui
865 5566 1109 5638 Aquiloni
1136 5556 1441 5622 contrarius
1464 5574 1548 5622 est
1569 5607 1584 5632 ,
1610 5568 1816 5621 veniret
1833 5566 1899 5620 ad
1936 5570 2028 5622 do-

469 5670 609 5725 mum
639 5658 751 5732 Dei,
793 5661 878 5718 ubi
912 5660 1309 5725 tabernaculum
1336 5661 1453 5730 ejus
1476 5661 1527 5716 in
1561 5661 1735 5716 medio
1763 5661 1946 5718 Bethel
1975 5672 2025 5717 ct

2186 1865 2429 1945 missione
2446 1865 2599 1919 Alme
2619 1905 2659 1947 ,.
2673 1865 2777 1937 qua
2801 1868 2947 1926 Deus
2967 1870 3015 1923 ei
3037 1870 3287 1939 promittit
3302 1865 3505 1931 terram
3536 1865 3684 1931 Cita-

2190 1948 2335 1987 natm
2359 1947 2413 1989 tn
2436 1950 2807 2003 possessionem
2817 1978 2827 1989 .
3542 1992 3545 1999 ς

2186 2042 2331 2097 Dixit
2357 2029 2694 2115 ergoiibram
2724 2047 2793 2099 ad
2820 2046 2914 2101 Lat
2959 2064 2977 2100 :
3008 2047 3108 2113 Ne,
3137 2067 3333 2121 quem,
3356 2054 3423 2106 sit
3440 2052 3685 2123 jurgium

2117 2136 2251 2189 inter
2270 2151 2350 2193 me
2374 2144 2423 2189 et
2450 2144 2518 2200 te,
2547 2146 2594 2191 et
2621 2139 2754 2195 inter
2778 2149 3009 2208 pastores
3041 2148 3185 2199 meas
3214 2152 3262 2196 et
3282 2154 3517 2212 pastores
3540 2154 3679 2213 tuos,

2119 2226 2303 2295 fratres
2327 2227 2461 2285 enim
2487 2244 2685 2289 sumus.
2720 2229 2853 2290 Ecce
2875 2232 3114 2291 universa
3140 2243 3279 2293 terra
3303 2251 3479 2293 coram
3501 2245 3549 2291 te
3578 2249 3688 2301 est;

2122 2320 2298 2375 recede
2334 2338 2365 2375 a
2401 2338 2502 2387 me,
2546 2323 2771 2385 obsecro.
2796 2325 2864 2383 Si
2892 2327 2961 2380 ad
2988 2329 3255 2385 sinistram
3277 2328 3420 2395 ieris.
3442 2346 3536 2400 ισο
3561 2331 3690 2387 dex—

2120 2420 2284 2465 teram
2328 2413 2538 2479 tenebo;
2583 2415 2627 2469 si
2672 2425 2727 2470 tu
2773 2418 3037 2473 dexteram
3066 2418 3301 2491 elegeris,
3335 2438 3427 2495 ego
3452 2422 3524 2479 ad
3560 2422 3690 2481 sini:
3730 2486 3743 2492 _

2118 2512 2280 2555 stram
2306 2520 2536 2574 pergam.
2570 2504 2766 2577 Typice
2806 2516 2983 2567 autem
3021 2509 3209 2571 beatus
3243 2511 3445 2567 Abram
3483 2514 3690 2570 discor-

2118 2591 2263 2646 diam
2289 2602 2568 2663 pastarum
2608 2610 2828 2653 suorum
2865 2614 2930 2655 ac
2963 2607 3242 2670 pastorum
3270 2600 3370 2669 Lat
3392 2601 3568 2659 vitare
3597 2620 3693 2665 cu-_

2119 2682 2293 2751 piens,
2319 2693 2376 2737 et
2395 2683 2467 2739 ob
2486 2684 2589 2743 hoc
2608 2701 2891 2743 secessum
2906 2689 3204 2746 abinvicem
3230 2690 3451 2764 eligens,
3475 2708 3577 2749 nos
3600 2693 3695 2756 ad:

2122 2780 2304 2825 monet
2326 2780 2385 2827 ut
2410 2772 2543 2833 nihil
2571 2773 2822 2830 charitati
2862 2786 2915 2832 et
2959 2779 3257 2833 concordiae
3282 2794 3694 2851 priaponamus,

2123 2858 2218 2918 sed
2242 2873 2453 2929 semper
2480 2863 2658 2931 parati
2697 2863 2886 2929 simus,
2934 2880 3047 2927 sive
3088 2881 3187 2936 per
3226 2881 3507 2939 prospera,
3550 2871 3753 2940 quod“

2123 2951 2309 3006 dextra
2331 2951 2614 3021 signiﬁcat,
2637 2954 2748 3009 sive
2771 2969 2867 3025 per
2886 2955 3132 3023 adversa,
3159 2972 3278 3027 qua:
3294 2972 3391 3027 per
3416 2959 3696 3022 sinistram

2125 3043 2525 3121 exprimuntur,
2550 3045 2603 3103 in
2630 3060 2762 3115 pace
2789 3056 2845 3104 et
2870 3048 3153 3105 dilectione
3179 3036 3549 3118 perseverare.
3640 3034 3645 3043 ’

2200 3133 2429 3205 Elevatis
2463 3136 2636 3207 itaque
2682 3137 2778 3191 Lot
2815 3139 2998 3204 oculis,
3032 3137 3157 3193 uidit
3186 3155 3390 3194 omnem
3442 3142 3583 3197 circa
3615 3157 3698 3203 re,

2127 3229 2328 3298 gionem
2384 3227 2665 3295 Iordanis,
2720 3248 2837 3302 quia
2888 3232 3123 3311 universa
3170 3232 3491 3304 irrigabatur
3545 3244 3698 3289 ante-

2125 3335 2281 3388 quam
2313 3320 2623 3386 subverteret
2653 3320 2906 3377 Dominus
2938 3316 3223 3381 deomam
3248 3331 3297 3377 et
3318 3318 3693 3394 Eorum-rbem,

2125 3412 2257 3466 sicut
2283 3412 2562 3481 paradisus
2590 3414 2817 3481 Domini,
2842 3400 3046 3471 etsicut
3069 3415 3331 3487 Egyptus
3377 3417 3697 3492 venientibus

2125 3502 2179 3553 in
2205 3497 2388 3569 Seqor.
2422 3500 2601 3571 (δας.)
2631 3502 2784 3571 Quod
2820 3512 2961 3562 terra
3005 3504 3357 3563 Sodomorum
3380 3513 3437 3561 et
3469 3505 3699 3562 Gomor-

2127 3588 2238 3641 rhte
2257 3594 2542 3657 antequam
2557 3589 2828 3669 deleretur
2845 3602 3187 3663 comparatur
3207 3594 3457 3662 paradiso
3482 3594 3697 3653 Domini

2125 3692 2190 3731 eo
2224 3679 2364 3746 quod
2389 3686 2508 3735 erat
2558 3678 2775 3749 irrigua,
2811 3690 2864 3736 ct
2912 3691 3071 3738 terrae
3099 3683 3317 3755 Egypti
3339 3724 3353 3750 ,
3385 3686 3514 3755 quia
3545 3687 3699 3741 Nilus
3756 3733 3759 3736 ἠ

2125 3766 2331 3838 irrigat,
2364 3768 2512 3829 satis.
2544 3780 2603 3823 ut
2625 3770 2828 3841 Opinor,
2867 3774 3167 3828 ostenditur
3204 3776 3347 3845 quod
3382 3777 3578 3831 debeat
3613 3777 3700 3830 in-

2127 3855 2289 3926 telligi
2316 3856 2406 3911 ille
2444 3858 2725 3927 paradisus
2750 3877 2907 3931 quem
2933 3862 3194 3934 plantavit
3234 3864 3395 3928 Deus,
3429 3866 3520 3920 ubi
3568 3880 3700 3919 con-

2124 3943 2297 4000 atituit
2324 3944 2515 4005 Adam.
2558 3946 2688 4014 Quis
2711 3950 2851 4005 enim
2901 3952 3039 4008 alius
3064 3953 3388 4024 intelligatur
3411 3956 3699 4023 paradisus

2125 4034 2239 4099 Dei,
2262 4050 2369 4089 non
2398 4035 2571 4090 video.
2601 4037 2673 4096 Et
2700 4040 2883 4109 utique
2911 4041 2961 4095 si
2980 4042 3203 4096 arbores
3230 4042 3284 4095 in
3308 4044 3559 4111 paradiso
3582 4042 3699 4095 fru-

2123 4123 2326 4195 ctiferae
2352 4126 2577 4183 virtutes
2600 4129 2762 4185 animi
2808 4130 3133 4199 accipiendae
3167 4140 3368 4197 essent,
3397 4134 3537 4189 sicut
3562 4150 3700 4197 none

2124 4217 2251 4277 nulli
2286 4219 2634 4282 existimant,
2673 4220 2819 4281 nullo
2846 4222 3113 4294 corporali
3160 4223 3215 4277 in
3260 4231 3402 4281 terra
3445 4226 3701 4294 paradiso

2122 4309 2265 4377 veris
2299 4309 2583 4379 generibus
2633 4309 2898 4380 lignorum
2932 4312 3201 4379 instituto,
3251 4328 3358 4367 non
3399 4315 3603 4371 diceret
3630 4316 3711 4374 de

2124 4396 2224 4473 ista
2256 4405 2421 4462 terra,
2453 4398 2585 4451 sicut
2610 4400 2886 4467 paradisus
2914 4400 3031 4455 Dei.

2196 4485 2470 4558 Elegitque
2514 4488 2611 4542 sibi
2662 4488 2758 4544 Lot
2783 4492 3062 4563 ‘regionem
3119 4495 3258 4548 circa
3294 4493 3605 4561 Iordanem,
3648 4508 3700 4551 et

2128 4577 2331 4653 recessit
2362 4577 2426 4630 ab
2479 4575 2705 4634 Oriente.
2737 4580 3002 4654 Divisique
3034 4593 3154 4641 sunt
3186 4579 3496 4645 alterutrum
3523 4605 3558 4641 ο
3584 4587 3702 4658 [ra-

2127 4676 2204 4735 tre
2234 4684 2350 4722 suo.
2382 4669 2574 4745 Abram
2607 4687 2723 4726 vero
2752 4672 3001 4733 [cubitavit
3037 4676 3093 4728 in
3118 4684 3267 4728 terra
3310 4664 3565 4733 Chanaan
3585 4718 3600 4743 ,
3636 4657 3699 4733 et

2125 4756 2224 4834 Lot
2249 4767 2478 4837 moratus
2509 4769 2584 4815 est
2607 4761 2662 4814 in
2701 4761 2899 4832 oppidis
2926 4779 3042 4834 quin
3080 4772 3227 4818 erant
3271 4765 3412 4820 circa
3434 4767 3697 4835 regionem

2126 4846 2407 4931 Iordanis,
2444 4857 2491 4902 et
2514 4848 2760 4925 habitarit
2786 4852 2841 4905 in
2866 4850 3130 4907 Sodomis.
3172 4852 3357 4907 Potest
3398 4861 3454 4907 et
3498 4869 3699 4909 secun-

2128 4941 2253 4995 dum
2289 4940 2599 5017 allegoriam
2650 4936 2705 5006 in
2748 4943 3054 5016 pastoribus
3100 4943 3202 5005 Lot
3226 4983 3241 5009 ,
3276 4944 3369 5013 qui
3414 4944 3700 5014 planitiem

2127 5040 2284 5087 terra:
2330 5033 2685 5107 Sodomorum
2706 5041 2759 5107 et
2789 5033 2961 5111 locum
2988 5035 3360 5104 voluptuosum
3395 5035 3697 5107 elegerunt,

2126 5126 2499 5191 haereticorum
2537 5126 2915 5197 turbaraccipi,
2950 5128 3040 5199 qui
3068 5127 3424 5198 voluptatibus
3460 5141 3702 5201 ιιι-θεαμ-
3730 5169 3746 5177 -

2129 5218 2197 5273 tis
2217 5219 2342 5273 vitae
2372 5219 2559 5285 dediti,
2609 5218 3047 5295 atqueer'rorum
3084 5220 3292 5278 catenis
3318 5218 3506 5282 vincti,
3531 5217 3701 5273 decli-

2132 5316 2264 5371 nant
2287 5324 2316 5362 a
2362 5308 2446 5363 via
2477 5309 2740 5375 veritatis,
2791 5315 2846 5371 et
2881 5308 3209 5368 consortium
3235 5306 3435 5369 Christi
3461 5307 3696 5362 catholi—

2131 5412 2312 5467 ca2que
2362 5400 2486 5454 fidei
2526 5400 2782 5461 unitatem
2821 5399 3019 5455 habere
3047 5407 3325 5469 spernunt.
3378 5398 3541 5466 Quod.
3558 5400 3699 5453 bene

2132 5503 2323 5543 nomen
2346 5490 2448 5546 Lot
2494 5489 2766 5562 exprimit,
2796 5490 3176 5560 interpretatur
3216 5503 3445 5559 namque
3470 5488 3689 5551 cinctui.

2133 5578 2211 5629 vel
2246 5578 2537 5633 declinatio.

2206 5664 2269 5717 Et
2300 5667 2395 5719 viri
2428 5665 2769 5721 Sodomorum
2809 5669 2932 5723 mali
2959 5678 3004 5721 et
3027 5675 3319 5736 peccatores
3346 5666 3401 5718 in
3417 5664 3696 5747 conspectis
