3968 6334
299 337 405 393 557

1323 323 1672 397 contuear.
1712 336 1776 395 is
1814 341 2130 397 GENESIM.
2170 375 2240 386 -.-
2275 345 2405 400 ua.
2443 346 2505 401 ιι.

3408 354 3510 405 558

297 453 390 506 Dei
414 455 744 506 vehementer.
789 451 1062 520 Superllue
1087 454 1172 508 hic
1201 455 1252 508 iu
1297 453 1640 522 Septuaginta
1679 455 1846 507 inter—
1877 458 1923 513 Α
1951 453 2134 507 Zusim
2161 473 2276 508 cum
2292 457 2634 516 eis,etEmtm
2657 457 2936 518 cumSate,
2961 458 3273 514 ’Iariatltaim
3291 474 3335 514 et
3355 463 3506 518 Char.

253 543 259 558 ‘
294 545 536 613 pretibus
564 542 798 596 additum
822 551 923 606 est,
945 545 998 607 in
1021 554 1292 614 conspectu
1314 543 1424 596 Dei.
1440 543 1726 622 Siquidem
1753 544 1851 596 So-

296 636 572 689 domorum
628 633 799 687 colom
852 633 988 702 apud
1031 649 1216 688 omnes
1264 633 1389 686 mali
1450 642 1503 686 et
1547 642 1853 703 peccatores

292 732 465 778 erant.
513 722 603 778 ille
632 734 806 778 autem
836 725 1029 778 dicitur
1059 727 1108 779 in
1139 733 1426 792 conspectu
1455 723 1547 777 Dei
1581 735 1850 793 peccator,

269 813 384 880 qui
418 822 592 881 potest
619 813 917 868 hominibus
940 815 1117 883 justus
1138 814 1327 875 videri,
1359 816 1624 882 quomodo
1655 814 1720 868 de
1746 815 1850 867 Za-

291 902 477 954 t-liaria
531 910 584 954 et
623 901 686 957 de
718 901 982 956 Elisabeth
1032 903 1082 955 in
1122 902 1400 974 praeconio
1446 903 1661 966 ponitur
1708 903 1850 971 quod

291 993 485 1067 fuerint
522 992 651 1061 justi
693 994 838 1045 ambo
891 994 944 1046 in
971 1001 1240 1068 conspectu
1281 991 1376 1044 Dei
1402 991 1548 1063 (Luc.
1575 993 1612 1060 ι)
1639 985 1656 1057 ;’
1703 1003 1757 1047 et
1795 995 1848 1048 in

289 1082 498 1150 psalmo
519 1081 714 1139 dicitur
741 1079 912 1136 .‘Non
930 1081 1307 1152 justi/imbitur
1347 1082 1402 1134 in
1444 1094 1720 1153 conspectu
1759 1093 1849 1137 tuo

289 1171 456 1224 omnis
481 1171 647 1224 vivens
673 1169 839 1239 (Psal.
869 1175 1053 1242 cun).

362 1259 600 1330 Dixitque
650 1260 898 1319 Dominus
958 1263 1026 1314 ad
1065 1263 1605 1333 Abram,‘postquam
1654 1264 1848 1318 divisus

285 1362 362 1403 est
393 1350 485 1404 ιω
523 1352 586 1405 ab
634 1369 736 1408 eo:
772 1353 907 1405 Lava
947 1352 1122 1406 oculos
1150 1362 1287 1418 tuos,
1329 1365 1375 1407 et
1418 1355 1530 1409 vide
1576 1372 1607 1408 a
1632 1355 1764 1419 loco,
1793 1343 1849 1408 in

284 1459 386 1511 quo
412 1460 546 1497 nunc
572 1461 624 1497 as
655 1443 723 1495 ad
749 1443 1047 1512 Aquilonem
1078 1453 1124 1496 et
1151 1443 1443 1510 Haridiem,
1486 1446 1554 1498 ad
1587 1443 1848 1504 Orientem

285 1545 330 1586 et
357 1534 683 1587 Occidentem
711 1553 729 1589 :
777 1550 976 1586 omnem
1025 1543 1216 1587 terram
1259 1551 1415 1604 quam
1465 1537 1714 1602 conspicis
1757 1536 1849 1589 tibi

283 1627 436 1688 dabo,
460 1635 506 1679 et
529 1625 709 1678 semini
741 1636 828 1677 tuo
854 1640 1010 1694 usque
1035 1625 1088 1678 in
1122 1627 1488 1694 sempiternum
1512 1666 1526 1688 ,
1555 1626 1847 1694 faciamque

189 1730 191 1732 ·
282 1734 452 1770 semen
483 1727 627 1768 tuum
671 1717 801 1768 sicut
829 1714 1084 1784 pulverem
1117 1726 1290 1768 terrai.
1338 1714 1397 1768 Si
1424 1715 1537 1784 quis
1563 1725 1723 1783 potest
1753 1717 1845 1768 ho-

1953 562 2082 599 ra-os
2112 549 2165 599 in
2203 549 2461 602 montibus
2491 547 2606 602 Seir
2640 566 2800 617 usque
2837 549 2907 602 ad
2949 555 3253 618 campestria
3298 545 3507 608 Pharon

1947 645 2161 709 quaest
2183 636 2236 686 in
2265 635 2558 690 solitudine.
2603 636 2905 706 Reversique
2932 650 3072 702 sunt,
3107 647 3154 692 et
3177 653 3415 695 venerunt
3438 646 3508 696 ad

1948 724 2141 793 fontem
2167 723 2418 793 Hisphat,
2446 727 2558 795 ipsa
2582 736 2656 780 est
2683 723 2849 780 Cades
2873 744 2891 789 :
2935 735 2983 781 et
3021 742 3377 796 percusserunt
3401 750 3511 786 ons-

1949 800 2063 866 nem
2085 815 2337 882 regionem
2358 815 2756 869 Amalecitarum
2776 828 2823 869 et
2846 818 3283 882 Aman/uvarum,
3305 823 3393 888 qui
3416 822 3514 874 Isa-

1948 902 2139 955 bitabat
2169 903 2221 955 in
2261 903 2686 958 Asasontliamar.
2737 907 2853 959 Alia
2901 917 3079 961 autem
3107 908 3270 962 editio
3310 909 3387 962 sic
3413 910 3498 963 ba.

1947 995 2036 1049 bet
2067 1013 2078 1046 :
2121 993 2190 1046 Et
2216 985 2550 1049 concideritnt
2578 998 2806 1064 gigantes
2835 999 2887 1050 in
2926 998 3427 1060 Assarotltcarnaim,
3461 1012 3514 1052 et

1945 1097 2115 1156 gentes
2137 1087 2292 1156 fortes
2337 1104 2453 1140 cum
2476 1091 2548 1141 eis
2575 1090 2750 1152 simul,
2801 1101 2848 1143 et
2895 1091 3156 1146 0mina’as
3197 1093 3251 1145 in
3280 1089 3412 1145 Sabe
3437 1095 3514 1146 ci-

1947 1175 2117 1228 vitate.
2167 1176 2466 1244 Antequam
2498 1177 2782 1231 Sodomam
2807 1181 3148 1248 pervenirent
3177 1189 3406 1249 quatuor
3426 1197 3510 1235 re—

1909 1279 2038 1334 .ges
2082 1263 2306 1331 profecti
2357 1267 2422 1320 de
2474 1260 2765 1336 Bdbylone,
2824 1268 3206 1323 interfecerunt
3246 1272 3517 1340 gigantes,

1945 1355 2047 1409 hoc
2072 1363 2156 1409 est
2184 1355 2468 1424 Raphaim,
2511 1357 2758 1411 robustos
2783 1373 3021 1426 quosque
3043 1357 3252 1413 Arabia:
3272 1400 3286 1423 ,
3326 1368 3382 1412 et
3409 1359 3521 1412 Zu-

1948 1445 2053 1496 zim
2077 1445 2130 1498 in
2160 1444 2316 1510 Hom,
2344 1447 2515 1502 Emi‘m
2549 1448 2600 1499 iu
2629 1449 2844 1502 civitate
2875 1447 3032 1511 Save,
3077 1464 3195 1518 quas
3222 1464 3389 1516 usque
3415 1451 3515 1504 bo-

1945 1533 2029 1585 die
2051 1534 2129 1587 sic
2157 1547 2392 1589 vocatur.
2448 1537 2630 1590 Zuzim
2674 1546 2850 1591 autem
2881 1547 2935 1590 et
2966 1525 3139 1590 Emim
3165 1537 3416 1591 terribiles
3456 1551 3512 1593 et

1943 1622 2186 1676 horrendi
2241 1625 2678 1692 interpretantur,
2711 1639 2806 1693 pro
2856 1641 2960 1694 quo
2988 1618 3357 1694 Septuaginta,
3389 1641 3514 1680 seu-

1947 1727 2063 1766 sum
2118 1715 2286 1782 magis
2334 1732 2492 1784 quam
2532 1717 2755 1770 verbum
2801 1731 2865 1770 ex
2896 1717 3056 1770 verba
3103 1717 3506 1780 transferentes,

283 1805 480 1856 minam
517 1818 786 1856 numerare
829 1803 1106 1871 pulverem,
1137 1819 1307 1856 semen
1345 1819 1544 1873 quoque
1579 1813 1722 1856 tuum
1752 1820 1848 1856 nu-
1877 1788 1920 1846 Β
1949 1813 2117 1872 gentes
2149 1804 2456 1870 fortissimas
2487 1814 2796 1872 posuerunt.
2843 1804 2909 1858 Et
2938 1814 3235 1858 revertentes
3268 1815 3522 1859 venerunt»

284 1910 484 1946 merare
539 1893 742 1962 poterit.
820 1891 1057 1958 Quatuor
1116 1891 1331 1945 climata
1398 1893 1579 1946 mundi
1648 1893 1844 1962 posuit,

282 1983 555 2036 Orientem
594 1992 649 2040 et
689 1979 1073 2046 Occidentem,
1104 1980 1534 2052 Septentrionem
1585 1992 1639 2038 et
1690 1982 1847 2037 Meri-

282 2074 421 2127 diem
445 2072 843 2141 :possessioque
867 2081 1022 2126 terrae
1043 2070 1334 2128 Palmstina:
1356 2073 1646 2127 secundum
1685 2073 1847 2127 histo-

283 2165 418 2219 riam
453 2165 498 2218 ei
523 2164 812 2232 spondetur
835 2173 889 2217 et
915 2163 1102 2217 semini
1147 2163 1279 2232 ejus,
1318 2164 1420 2218 hoc
1445 2173 1527 2217 est
1555 2165 1746 2233 populo
1770 2163 1845 2218 ls-

285 2254 543 2311 raelitico.
563 2253 712 2320 Quod
727 2262 901 2307 autem
918 2253 967 2306 in
981 2254 1298 2322 quibusdam
1311 2254 1705 2322 exemplaribus
1720 2255 1848 2308 scri-

281 2355 430 2413 ptum
467 2346 748 2414 reperitur,
776 2345 907 2399 Lava
938 2336 1112 2398 oculos
1138 2355 1252 2398 tuas
1279 2345 1348 2400 ad
1372 2344 1675 2415 Aquilonem
1701 2357 1747 2398 et
1777 2351 1847 2398 ad

275 2433 551 2498 ~Austrum,
575 2445 622 2487 et
642 2435 710 2488 ad
733 2434 990 2488 Orientem
1011 2443 1058 2488 et
1082 2431 1242 2499 mare,
1258 2443 1388 2500 etc.,
1412 2450 1559 2490 mare
1583 2450 1678 2503 pro
1691 2435 1845 2490 Occi-

283 2527 442 2578 dente
469 2526 636 2594 ponit,
670 2525 738 2579 ab
765 2540 828 2580 eo
867 2526 1004 2594 quod
1031 2525 1325 2579 Palaestinae
1355 2526 1498 2592 regio
1527 2527 1596 2579 ita
1626 2526 1726 2579 sita
1756 2528 1843 2591 sit,

283 2624 340 2668 ut
367 2631 514 2668 mare
545 2617 594 2669 in
620 2617 924 2670 Occidentis
953 2615 1104 2685 plaga
1134 2616 1346 2670 habeat.
1400 2617 1620 2685 Mystice
1667 2628 1843 2671 autem

280 2705 472 2760 semini
500 2705 727 2761 Abraha:
772 2706 911 2773 quod
936 2715 1020 2760 est
1041 2704 1308 2771 Christus,
1336 2707 1574 2760 ennium
1605 2707 1843 2776 gentium

282 2795 570 2851 hazreditas
594 2795 944 2863 promittitur,
969 2795 1058 2862 qui
1083 2795 1367 2849 ecclesiam
1385 2809 1535 2848 suam
1559 2811 1654 2864 per
1681 2802 1844 2848 totam

284 2886 468 2940 mundi
493 2885 874 2955 longitudinem
905 2892 958 2940 et
980 2884 1314 2939 latitudinem
1336 2884 1557 2960 effundit
1587 2901 1601 2940 :
1637 2886 1724 2940 cui
1754 2885 1847 2939 Pa-

283 2985 366 3037 ter
389 2975 463 3028 ait
492 2993 504 3028 :
539 2970 759 3028 Postulo
787 2992 818 3028 a
861 2991 959 3040 me,
1006 2984 1053 3028 et
1078 2975 1211 3028 dabo
1248 2976 1342 3029 tibi
1361 2987 1539 3045 gentes
1564 2976 1842 3030 heredita-

279 3075 381 3117 tem
411 3074 578 3127 tuam,
605 3074 652 3116 et
680 3064 1050 3132 possessionem
1073 3074 1215 3118 tuam
1238 3065 1482 3120 terminos
1508 3063 1840 3135 terrte(Psat.

283 3155 384 3223 u);
435 3161 490 3208 et
537 3154 854 3211 Psalmista:
892 3155 958 3209 Et
993 3155 1366 3220 dominabitur,
1413 3143 1606 3223 inquit,
1647 3172 1680 3208 α
1707 3157 1845 3208 mari

282 3261 442 3316 usque
477 3245 546 3298 ad
571 3261 744 3308 mare,
775 3252 821 3297 et
853 3263 895 3296 α·
913 3246 1127 3313 ﬂumine
1162 3260 1327 3315 usque
1343 3245 1412 3296 ad
1437 3245 1679 3300 terminos
1707 3245 1846 3298 orbis

280 3345 451 3394 teme.
497 3334 566 3392 Et
607 3335 899 3389 adorabunt
925 3351 1038 3389 sum
1060 3349 1234 3407 omnes
1264 3350 1402 3404 reges
1447 3344 1624 3400 terra,
1672 3344 1844 3389 omnes

279 3436 453 3497 gentes
496 3426 711 3480 servierit
747 3426 794 3477 ei
836 3422 1004 3496 (Psal.
1033 3421 1222 3494 usu).

873 3539 1098 3595 CAPUT
1140 3540 1252 3594 XV.

282 3629 434 3696 Quod
507 3642 694 3683 uatuar
714 3646 852 3698 reges
880 3631 1124 3684 adversus
1150 3629 1495 3684 Sodomorum
1518 3631 1741 3701 quinque
1771 3646 1848 3684 re-

352 3697 438 3753 aes
470 3649 915 3753 gelliaerarerunt.
969 3712 1015 3752 et
1046 3700 1140 3752 Lat
1169 3701 1526 3753 nrmdaveruut
1559 3715 1577 3752 .·
1620 3711 1667 3753 et
1708 3702 1848 3753 quod

351 3715 438 3768 ges
474 3715 915 3769 belligerauerant,
969 3715 1015 3752 et
1046 3715 1140 3752 [λοι
1167 3715 1326 3768 ρηναι

353 3770 544 3822 Abram
569 3771 802 3839 pra’dam
838 3786 952 3822 cum
977 3768 1071 3822 Lot
1102 3770 1326 3826 reduxit.

505 3700 915 3781 elligerqrerunt,
969 3712 1015 3781 e't
1046 3700 1140 3781 Lat
1167 3700 1577 3781 prmdaverunt.‘
1620 3711 1667 3753 et
1708 3702 1848 3770 quod
1910 3740 1926 3781 ε

1948 1890 2016 1941 ad
2053 1889 2244 1956 fontem
2268 1889 2488 1957 Judicii,
2514 1894 2610 1945 liae
2631 1902 2704 1945 est
2729 1889 2913 1946 Gades.
2949 1891 3050 1945 Per
3081 1893 3508 1960 anticipationem

1943 1980 2159 2042 dicitur,
2189 1981 2330 2049 quod
2359 1990 2542 2049 postea
2595 1982 2673 2038 sic
2697 1991 2942 2037 vocatum
2973 1991 3071 2036 est.
3117 1981 3396 2051 Signiﬁcat
3421 1999 3515 2043 au-

1945 2081 2052 2127 tem
2077 2071 2248 2127 locum
2273 2059 2410 2141 apud
2441 2081 2667 2142 petram,
2699 2074 2788 2144 qui
2825 2073 2942 2127 fons
2963 2072 3152 2126 Judicii
3183 2072 3510 2139 nominatur,

1944 2161 2067 2228 quia
2120 2161 2190 2215 ibi
2240 2161 2381 2214 Deus
2426 2162 2675 2231 populum
2723 2162 2994 2229 judicarit.
3040 2161 3108 2215 Et
3147 2175 3510 2231 percusserunt

1944 2261 2146 2301 amnem
2222 2250 2477 2318 regionem
2550 2250 2995 2315 Amalecitarum,
3041 2260 3089 2303 et
3153 2249 3510 2302 Amorrltteum

1944 2339 2203 2392 sedentem
2245 2340 2753 2393 inAsasonthamar.
2804 2341 2915 2394 Hoc
2957 2339 3208 2410 oppidum
3242 2348 3324 2395 est
3372 2341 3510 2408 quod

1946 2443 2086 2482 nunc
2111 2438 2335 2483 vocatur
2354 2429 2609 2498 Engaddi,
2651 2428 2877 2483 balsami
2900 2438 2957 2486 et
2991 2421 3288 2498 palmarum
3312 2428 3510 2484 fertile.

1945 2517 2115 2572 Porro
2146 2517 2569 2572 Asasonthamar
2605 2520 2659 2573 in
2709 2519 2887 2588 lingua
2935 2528 3118 2574 nostra
3147 2519 3273 2573 urbs
3302 2518 3508 2588 palma-

1946 2627 2062 2665 rum
2093 2620 2326 2666 resonat.
2360 2612 2594 2666 Thamar
2633 2612 2826 2681 quippe
2863 2611 3035 2681 palma
3063 2611 3278 2665 dicitur.
3321 2608 3510 2674 Scien-

1945 2695 2074 2752 dum
2100 2707 2300 2761 autem,
2331 2713 2430 2768 pro
2454 2713 2518 2751 eo
2545 2698 2684 2766 quo‘d
2712 2710 2829 2766 post
2851 2686 3122 2766 paululum
3145 2697 3411 2764 sequitur,
3444 2695 3506 2749 Et

1946 2787 2247 2860 direxerant
2275 2796 2455 2840 contra
2493 2803 2580 2841 eos
2608 2787 2770 2844 aciem
2799 2788 2866 2840 ad
2916 2786 3102 2839 bellum
3128 2787 3182 2840 in
3206 2784 3339 2838 valle
3371 2783 3516 2839 Sali—

1947 2891 2156 2942 narum,
2190 2876 2243 2949 in
2271 2875 2496 2931 llebrmo
2533 2876 2782 2946 habetur,
2833 2875 2900 2929 In
2929 2875 3057 2930 valle
3083 2874 3309 2938 Siddim,
3336 2883 3512 2934 arva.

1946 2965 2089 3032 quod
2112 2964 2305 3034 Aquila
2336 2973 2394 3018 et
2424 2961 2758 3020 Tbeo‘dotion
2787 2981 2985 3018 amoena
3017 2980 3224 3017 nemora
3253 2962 3514 3035 iuterprc-
3599 2961 3602 2963 λ

1951 3055 2046 3111 tati
2072 3064 2216 3110 sunt.

1872 3104 1918 3176 θ
2016 3143 2085 3197 Et
2114 3143 2344 3198 tulerunt
2369 3160 2568 3200 omnem
2598 3144 2940 3204 substantiam
2975 3141 3317 3197 Sodomorum
3338 3149 3386 3193 et
3409 3135 3514 3192 Ca-

1946 3235 2342 3288 morrltceorum.
2414 3232 2763 3303 Septuaginta
2813 3251 2824 3284 :
2893 3231 2961 3285 Et
3028 3231 3254 3285 tuleram
3314 3246 3511 3283 omnem

1944 3314 2226 3394 equitatum
2282 3323 2719 3394 Sodomorumet
2769 3323 3092 3377 Gomorrhaz.
3140 3320 3244 3374 Pro
3270 3321 3509 3388 eQuitalu

1945 3416 1998 3468 in
2043 3414 2267 3470 Πεωο
2321 3413 2481 3468 habet
2530 3413 2716 3466 rae/tus
2742 3453 2758 3479 ,
2801 3421 2984 3474 tau-1,
3041 3403 3094 3463 id
3139 3417 3220 3464 est
3259 3408 3512 3462 substan-

1948 3505 2097 3560 tiam.
2173 3569 2180 3582 Ι
2448 3552 2450 3555 .
2503 3489 2508 3493 ’
2688 3508 2692 3509 ⁷
3021 3572 3029 3577 ι

2012 3594 2082 3652 Et
2124 3594 2214 3664 qui
2242 3593 2468 3663 fugerat,
2515 3591 2772 3644 nuntiavit
2820 3590 3011 3642 Abram
3057 3588 3342 3642 transitori.
3392 3587 3513 3656 Ipse

1944 3704 2062 3743 vero
2091 3669 2394 3741 sedebat-ad
2439 3668 2684 3755 quercum
2738 3683 2970 3736 Humbre
3012 3683 3301 3735 Amorrhtei
3328 3681 3510 3748 fratris

1946 3775 2122 3843 Esool,
2163 3785 2210 3835 et
2252 3775 2433 3844 fratris
2463 3775 2673 3835 Aunan,
2727 3769 2820 3842 qui
2839 3781 2985 3823 erant
3033 3771 3292 3839 conjurati
3334 3770 3508 3831 Abrae,

351 3879 500 3949 (ΟΑΡ.
531 3880 668 3948 xxv.)
723 3877 944 3932 Factum
976 3890 1048 3933 est
1095 3890 1266 3933 autem
1295 3882 1350 3933 in
1384 3881 1476 3933 illo
1523 3891 1746 3950 tempore
1792 3892 1845 3935 ut

1945 3870 2049 3924 Pro
2094 3883 2178 3933 eo,
2227 3867 2368 3938 quod
2401 3881 2496 3919 nos
2543 3864 2817 3933 posuimus
2855 3863 3143 3926 transitori,
3185 3861 3237 3914 in
3289 3860 3512 3915 Hebraeo

280 3970 558 4040 Amraphel
584 3987 674 4024 rea:
702 3969 961 4034 Sennaar,
999 3981 1045 4023 et
1084 3970 1270 4024 Ariocli
1301 3989 1389 4025 rex
1413 3971 1588 4036 Ponti,
1635 3983 1680 4040 et
1711 3972 1848 4028 Cho-

279 4059 615 4116 dorlaltomar
651 4075 742 4119 rex
765 4056 1133 4124 Elamitarum,
1160 4070 1208 4112 et
1253 4059 1456 4113 Thadal
1479 4077 1568 4114 rex
1594 4050 1840 4130 gentium,

278 4153 470 4205 inirent
498 4150 683 4204 bellum
705 4160 884 4203 contra
908 4150 1046 4204 Bora
1071 4167 1235 4219 regem
1261 4150 1630 4216 Sodomorum,
1658 4161 1706 4205 et
1727 4169 1846 4207 can-

282 4237 539 4295 traGersa
561 4256 724 4309 regent
756 4237 1058 4292 Gomorrhae
1082 4280 1096 4304 ,
1131 4250 1177 4292 et
1205 4250 1384 4293 contra
1397 4239 1652 4294 \Sennaab
1677 4259 1844 4312 regem

281 4329 522 4389 Adonidi,
547 4338 594 4381 et
621 4337 797 4382 contra
823 4327 1062 4382 Semeber
1095 4345 1262 4397 regem
1305 4327 1533 4393 Sebaim,
1562 4340 1842 4399 contraque

282 4437 453 4489 regem
499 4420 652 4490 galia,
691 4421 800 4485 ipsa
826 4429 897 4472 est
942 4418 1119 4488 Seqor.
1171 4417 1360 4474 Omnes
1405 4418 1466 4472 lii
1498 4430 1840 4475 convenerunt

281 4509 423 4577 apud
453 4507 634 4560 vallem
654 4506 933 4562 silvestrem
954 4521 1068 4575 quae
1092 4524 1226 4559 nunc
1258 4516 1332 4560 est
1359 4522 1502 4562 mare
1531 4506 1676 4562 salis.
1715 4507 1842 4561 Bale

284 4597 464 4666 lingua
489 4594 710 4649 Hebma
738 4595 997 4649 devoratio
1024 4595 1235 4649 dicitur.
1281 4595 1520 4650 Tradunt
1544 4596 1704 4666 igitur
1737 4595 1843 4651 He-

285 4687 411 4745 δι’ιεί
444 4688 582 4742 hanc
606 4686 846 4740 eamdem
879 4686 931 4737 in
961 4685 1064 4739 alio
1093 4684 1490 4753 Scripturarum
1526 4687 1643 4742 loco
1673 4687 1844 4742 Salisa

284 4777 572 4841 nominari,
589 4775 796 4844 dicique
824 4790 1032 4828 rursum
1055 4775 1256 4846 μόσχον
1280 4776 1652 4851 τριετίζινην,
1671 4776 1722 4831 id
1741 4786 1841 4840 est,

283 4868 506 4924 vitulum
538 4874 957 4931 conternantem,
986 4867 1125 4934 quod
1165 4865 1369 4919 scilicet
1390 4875 1548 4919 terra:
1574 4873 1718 4920 motu
1744 4875 1845 4936 ter-

286 4962 362 5014 tia
403 4958 650 5027 absorpta
679 4957 764 5019 sit,
796 4965 851 5011 et
895 4969 958 5010 ex
996 4969 1060 5008 eo
1102 4964 1340 5023 tempore
1383 4969 1491 5022 quo
1522 4953 1752 5008 Sodoma
1787 4962 1842 5022 et

285 5049 604 5111 Gomorrha,
637 5047 835 5100 Adama
864 5054 918 5100 et
944 5045 1176 5107 Seboim,
1207 5044 1385 5098 divino
1421 5044 1543 5113 igne
1574 5044 1843 5103 subversa:

283 5147 430 5203 sunt,
461 5139 547 5193 illa
576 5139 792 5206 parvula
814 5143 1164 5204 nuncupatur.
1196 5133 1466 5201 Siquidem
1481 5133 1648 5200 Segor
1671 5139 1844 5184 trans-

283 5231 458 5288 fertur
479 5230 533 5283 in
573 5246 812 5300 parvam,
849 5246 965 5298 quae
991 5230 1042 5283 in
1068 5228 1243 5299 lingua
1271 5226 1406 5295 Syra
1433 5226 1604 5280 Zoara
1626 5224 1841 5278 dicitur.

285 5319 454 5379 Vallis
506 5329 682 5373 autem
720 5318 1049 5384 Salinarum,
1098 5320 1235 5374 sicut
1269 5318 1322 5372 in
1369 5318 1468 5371 hoc
1496 5317 1682 5377 eodem
1711 5314 1846 5368 libro

285 5412 561 5476 scribitur,
599 5412 776 5479 inqua
807 5410 1021 5464 fuerunt
1059 5419 1182 5464 ante
1212 5409 1357 5478 putei
1380 5407 1677 5470 bituminis,
1726 5413 1847 5472 post

286 5507 386 5578 Dei
427 5505 560 5560 iram
595 5511 647 5557 et
672 5503 938 5570 sulphuris
988 5501 1238 5570 pluviam,
1283 5499 1334 5552 in
1378 5512 1527 5552 mare
1578 5496 1844 5551 Mortuum

286 5611 444 5665 versa
472 5601 574 5649 est.

315 5683 832 5754 "Percusseruntque
882 5684 1129 5755 Rarttdim
1163 5685 1212 5733 in
1266 5681 1748 5739 Assaratlwarnaim
1796 5687 1843 5732 et

1867 4461 1920 4520 D

1945 3959 2203 4028 scriptum
2228 3965 2330 4021 est,
2359 3957 2457 4009 ibri
2491 3965 2645 4019 7'13'1,
2686 3955 2786 4007 hoc
2811 3953 2951 4006 enim
2977 3952 3233 4004 transitor
3259 3949 3512 4018 exprimi-

1943 4061 2049 4106 tur.
2093 4049 2244 4116 Quod
2270 4058 2448 4102 autem
2474 4047 2571 4111 ait,
2601 4046 2739 4114 apud
2775 4061 3018 4115 quercum
3051 4043 3282 4096 Mambre
3330 4042 3513 4094 Amar-

1944 4140 2091 4204 rltwi,
2123 4138 2314 4193 melius
2341 4139 2394 4190 in
2423 4135 2646 4189 Hebraeo
2673 4135 2893 4204 legimus
2911 4131 3051 4202 apud
3070 4148 3314 4202 quercum
3341 4130 3510 4183 llam-

1943 4233 2021 4285 bri
2046 4230 2334 4285 Amorrhazi
2364 4228 2542 4300 fratris
2570 4227 2724 4280 Escol
2750 4237 2797 4280 et
2823 4226 3034 4295 fratris,
3065 4241 3168 4279 non
3202 4224 3416 4287 Aunan,
3452 4232 3512 4281 ut

1943 4321 2288 4391 Septuaginta
2340 4317 2745 4382 transtulerunt,
2789 4317 2880 4371 sed
2929 4318 3084 4379 Aner,
3117 4324 3177 4374 ut
3203 4314 3510 4369 ostenderet

1945 4412 2181 4476 Membro
2206 4419 2262 4467 et
2305 4409 2460 4464 Escol
2495 4418 2548 4463 et
2573 4409 2717 4463 Aner
2741 4408 3080 4462 Amorrbmos
3107 4395 3268 4475 atque
3297 4419 3510 4475 germa-

1946 4518 2062 4567 nos,
2093 4502 2269 4564 socios
2307 4499 2470 4553 fuisse
2496 4499 2672 4552 Abrae.
2707 4496 2772 4552 Et
2796 4506 3090 4567 persecutus
3128 4505 3201 4549 est
3239 4510 3324 4547 eos
3348 4510 3509 4563 usque

1945 4592 2082 4655 Dan,
2115 4591 2183 4646 ad
2224 4589 2494 4645 thnicis
2532 4588 2814 4661 oppidum,
2859 4587 2999 4654 quod
3029 4601 3168 4638 nunc
3183 4573 3395 4644 .Paneas
3423 4583 3506 4636 di.
3584 4597 3592 4604 ·

1945 4683 2104 4736 citur.
2143 4682 2253 4736 Dan
2283 4689 2460 4735 autem
2490 4694 2628 4734 unus
2649 4685 2684 4733 e’
2715 4679 2951 4732 fontibus
2976 4685 3058 4731 est
3085 4668 3350 4730 Iordanis.
3375 4673 3508 4734 Nam

1946 4783 2002 4829 et
2027 4775 2164 4828 alter
2191 4779 2415 4827 vocatur
2462 4769 2579 4836 Jor,
2613 4771 2756 4839 quod
2800 4768 3179 4836 interpretatur
3209 4767 3426 4840 ριῑθρον.
3455 4765 3508 4824 id

1945 4875 2049 4929 est,
2081 4867 2240 4918 rivus.
2287 4863 2502 4919 Duobus
2536 4877 2663 4930 ergo
2688 4859 2942 4920 fontibus,
2977 4857 3066 4924 qui
3099 4856 3237 4909 haud
3264 4854 3445 4922 procul
3476 4871 3506 4908 a

1946 4968 2006 5011 se
2047 4953 2268 5018 distant,
2309 4953 2362 5006 in
2409 4938 2573 5010 unum
2630 4948 2857 5007 rivulum
2904 4937 3213 5008 fmderatis,
3256 4943 3507 4999 Iordanis

1947 5046 2195 5112 deinceps
2222 5042 2536 5110 appellatur,
3055 5093 3058 5095 λ

2019 5133 2170 5198 Quod
2214 5147 2332 5189 cum
2374 5129 2603 5184 audisset
2635 5126 2850 5189 Abram,
2898 5134 3104 5193 captum
3147 5119 3373 5175 videlicet
3410 5121 3505 5176 Lat

1954 5225 2165 5293 fratrem
2201 5237 2374 5284 suum,
2406 5219 2692 5273 numeravit
2737 5215 2997 5283 expeditos
3044 5211 3342 5266 vernaculos
3383 5229 3504 5269 suos

1949 5321 2198 5366 trecentos
2223 5309 2395 5362 decem
2421 5316 2471 5360 et
2508 5316 2654 5369 octo,
2694 5314 2744 5358 et
2782 5311 3075 5372 persecutus
3118 5311 3192 5354 est
3229 5317 3315 5353 eos
3345 5317 3503 5368 usque

1947 5400 2088 5464 Dan,
2131 5407 2232 5453 etc.
2265 5394 2544 5464 Expeditos
2587 5393 2728 5459 dixit
2749 5393 2972 5462 juvenes
2996 5389 3066 5443 ad
3098 5389 3294 5442 bellum
3327 5403 3504 5456 prom-

1948 5499 2088 5559 ptos.‘
2118 5495 2173 5542 et
2219 5485 2308 5555 qui
2337 5499 2440 5538 non
2469 5481 2684 5537 fuerunt
2729 5475 2958 5543 urorati,
2999 5478 3064 5532 dc
3098 5477 3288 5545 quibus
3332 5476 3383 5534 in
3415 5490 3503 5528 se-

1948 5577 2230 5647 quentibus
2280 5573 2434 5640 dixit,
2480 5569 2722 5638 Exteptis
2767 5570 2844 5622 his
2887 5583 3000 5636 quas
3053 5565 3375 5622 comederunt
3405 5562 3501 5630 ju-

1949 5687 2112 5733 renes.
