3968 6314
424 306 527 365 559

1064 301 1123 355 Β.
1144 301 1407 356 ἰὶΑΒΔΝΙ
1445 300 1671 357 ΜΑΠΒΙ
1693 300 1973 355 ARClllEF

2074 298 2353 356 lOCUNT.
2393 297 2672 357 OPERUSI
2706 299 2883 357 PARS
2922 303 2959 355 l.

3518 301 3622 359 540

494 411 821 491 Rodiis-itque,
859 426 1061 465 omnem
1109 386 1479 478 substantiam,
1523 421 1571 464 et
1617 409 1708 463 Lat
1762 411 1974 479 fratrem
2005 413 2050 469 A
2077 417 2201 464 octo
2223 411 2601 466 comitantibus
2647 413 2982 467 adversarios
3026 416 3290 485 principes
3334 414 3642 476 debellavit,
3684 460 3697 465 -

421 517 573 570 suum
602 494 718 555 cuin
740 499 1029 554 substantia
1055 500 1217 563 illius,
1244 501 1479 555 mulieres
1507 518 1706 571 quoque
1735 512 1784 554 et
1812 517 1976 571 pOpu-

422 593 549 646 lum.
592 589 809 661 Mystice
834 590 995 661 igitur
1012 598 1241 660 quatuor
1264 604 1416 659 reges
1435 590 1524 658 qui
1556 589 1789 658 quinque
1826 604 1980 658 reges

422 671 828 751 superaverant,
873 689 1093 751 possunt
1120 668 1414 734 contrarias
1459 689 1747 749 potestates
1775 680 1979 751 signiti-

422 787 569 837 care,
619 771 1006 840 qu:e_carnales
1034 761 1265 839 quinque
1313 770 1556 824 sensibus
1582 771 1823 841 corporis
1851 771 1982 824 abu-

424 871 598 915 tentes
626 862 768 915 vitiis
788 864 1025 924 vincunt,
1054 875 1116 913 ac
1137 860 1190 913 in
1219 860 1510 932 dominium
1530 875 1685 915 suum
1714 860 1977 928 redigunt.

420 950 553 1004 Nam
583 948 879 1019 Amraphel,
907 950 995 1017 qui
1027 934 1413 1016 interpretatur
1437 949 1570 1003 dixit
1600 959 1653 1003 ut
1678 950 1903 1016 caderet,
1927 957 1982 1003 et

419 1052 513 1092 rex
541 1046 623 1092 est
642 1037 906 1103 Sennaar,
949 1038 1041 1105 qui
1068 1038 1303 1091 excussio
1340 1038 1595 1103 dentium,
1620 1037 1696 1092 uel
1727 1038 1864 1107 fetor
1897 1053 1983 1091 eo-

419 1147 535 1185 rum
564 1132 966 1202 interpretatur,
1005 1124 1183 1201 petest
1222 1131 1467 1184 haeresim
1513 1130 1834 1206 signiﬁcare,
1865 1142 1983 1196 qum

419 1219 487 1273 ad
514 1229 721 1275 certum
751 1237 935 1276 casum
963 1222 1207 1286 tendens,
1234 1220 1410 1275 verbis
1435 1220 1631 1275 dolosis
1653 1234 1866 1278 sensum
1902 1217 1981 1273 fe-

417 1310 587 1364 tidum
649 1311 866 1365 evomit.
918 1309 1099 1364 Arioth
1164 1319 1381 1375 autem,
1446 1308 1537 1378 qui
1602 1309 1982 1377 interpretatur

417 1399 607 1466 ebrius,
648 1398 727 1455 rel
750 1401 985 1464 ebrietas,
1028 1401 1203 1470 typice
1242 1399 1484 1468 designat
1508 1397 1781 1467 gentilium
1810 1396 1983 1451 stulti-

418 1490 565 1554 tiam,
606 1492 696 1559 qui
755 1491 1037 1559 iniquitate
1077 1490 1248 1553 ebrii,
1288 1502 1431 1542 c:cco
1464 1470 1653 1541 corde.
1678 1494 1982 1541 creaturam

412 1593 511 1648 pro
527 1578 783 1635 Creatore
810 1589 1154 1644 venerantur,
1178 1587 1233 1636 et
1256 1578 1436 1634 saeculi
1459 1578 1727 1633 illecebris
1753 1593 1851 1647 per
1873 1593 1984 1633 om-

413 1662 505 1727 nia
560 1672 919 1727 involvuntur.
962 1670 1408 1726 Chodorlahomor
1451 1685 1599 1735 vero,
1648 1672 1789 1740 quod
1821 1672 1985 1726 inter-

2075 497 2188 566 jam
2218 499 2271 553 in
2292 491 2626 557 sacramento
2646 503 2839 567 crucis,
2862 501 3011 569 cujus
3033 502 3195 573 ﬁgura
3220 520 3315 574 per
3331 526 3363 561 τ
3388 504 3622 558 litteram

2081 589 2320 644 Graecam
2352 600 2709 646 trecentorum
2763 608 2981 646 numero
3008 596 3343 663 exprimitur,
3376 596 3642 665 imagina-

2081 679 2258 744 batur,
2308 679 2445 749 quod
2470 696 2568 736 nos
2588 680 2783 736 Christi
2829 683 3004 752 passio
3024 683 3326 739 liberareta
3366 685 3641 739 dominatu

2082 768 2314 824 carnalis
2343 785 2549 835 sensus,
2588 771 2677 841 qui
2709 786 2807 826 nos
2851 781 3007 827 antea
3035 774 3197 828 variis
3240 776 3383 829 vitiis
3408 774 3641 844 captiva-

2085 867 2167 915 tos
2187 853 2621 930 exsuperaverat.
3374 852 3379 859 ’

2665 951 2887 1008 CAPUT
2922 953 3036 1008 XVI

2240 1041 2318 1095 De
2356 1041 2747 1106 Melchisedech,
2778 1052 2823 1097 et
2851 1044 2915 1097 de
2941 1043 3282 1099 decimalione
3304 1049 3476 1101 Abrre.

2152 1132 2219 1186 At
2246 1149 2360 1185 vero
2388 1131 2761 1185 Melchisedech
2793 1149 2880 1186 rea:
2910 1131 3105 1199 Salem,
3160 1135 3426 1203 proferens
3454 1153 3638 1204 panem

2081 1231 2128 1274 et
2153 1222 2327 1274 vinum
2354 1220 2485 1291 (erat
2514 1222 2651 1274 enim
2690 1221 2928 1274 sacerdos
2954 1220 3049 1275 Dei
3078 1222 3339 1292 altissimi)
3381 1222 3636 1275 benedixit

2081 1312 2148 1376 ei,
2174 1320 2221 1364 et
2258 1312 2331 1363 ait
2356 1326 2375 1364 :
2405 1309 2711 1363 Benedictus
2736 1310 2925 1363 Abram
2950 1310 3054 1365 Deo
3078 1310 3293 1373 excelso,
3337 1311 3427 1379 qui
3448 1312 3638 1364 creauit

2084 1397 2264 1452 caelum
2290 1407 2337 1451 et
2368 1408 2600 1463 terram;
2646 1407 2694 1452 et
2736 1397 3027 1452 benedictus
3070 1398 3209 1453 Deus
3236 1397 3488 1461 excelsus,
3537 1414 3639 1465 quo

2081 1495 2370 1555 protegente
2394 1487 2563 1540 hostes
2588 1487 2639 1540 in
2665 1487 2901 1540 manibus
2931 1488 3032 1539 tuis
3056 1496 3194 1550 sunt,
3234 1494 3339 1540 etc.
3371 1484 3638 1555 (Hieron)

2083 1575 2221 1642 Quid
2247 1575 2453 1630 Hebraei
2483 1575 2548 1630 de
2577 1577 2676 1630 hoc
2702 1576 2933 1630 sentiant
2970 1576 3276 1631 inferamus.
3308 1574 3473 1628 Aiunt
3496 1574 3639 1627 hunc

2085 1680 2204 1720 esse
2259 1665 2381 1720 Sem
2420 1665 2586 1719 ﬁlium
2635 1664 2763 1731 Noe,
2808 1673 2861 1719 et
2910 1674 3254 1735 supputantes
3300 1679 3468 1718 annos
3517 1664 3639 1717 vita:

412 1769 658 1832 pretatur
684 1762 834 1834 quasi
880 1762 1097 1821 decorus
1146 1760 1462 1831 manipulus,
1494 1770 1549 1816 et
1581 1776 1672 1815 rex
1695 1769 1779 1816 est
1808 1761 1976 1826 Elam,
2007 1761 2055 1820 Β
2082 1756 2267 1827 ipsius,
2309 1755 2607 1810 ostendunt
2634 1771 2755 1809 eum
2797 1757 2862 1810 ad
2897 1755 3043 1810 Isaac
3087 1770 3255 1824 usque
3282 1755 3501 1819 vixisse,
3528 1769 3638 1809 om«

412 1853 513 1907 hoc
544 1862 645 1918 est,
676 1852 874 1915 szeculi,
908 1852 991 1907 vel
1036 1852 1202 1916 orbis,
1247 1851 1553 1922 hypocrisin
1589 1866 1695 1905 non
1729 1851 1978 1905 income-

414 1943 623 1996 nientcr
646 1944 914 2011 exprimit,
959 1959 1077 2012 qua:
1123 1944 1246 1997 licet
1280 1958 1411 1995 vana
1445 1944 1516 1996 sit
1563 1951 1618 1997 et
1651 1943 1974 2011 perniciosa,

413 2045 587 2090 tamen
616 2037 811 2091 decora
857 2037 1137 2106 superﬁcie
1166 2036 1411 2104 imperito
1449 2036 1606 2103 vulgo
1644 2036 1695 2088 in
1728 2036 1975 2103 przcsenti

413 2128 532 2179 esse
561 2126 803 2191 videtur,
836 2127 928 2196 sed
954 2127 1008 2179 in
1040 2126 1219 2181 futuro
1258 2140 1354 2195 per
1378 2126 1661 2179 adventum
1685 2127 1797 2179 veri
1819 2126 1976 2179 lumi-

398 2213 494 2269 luis
515 2215 688 2284 qualis
718 2216 879 2271 fuerit
908 2217 1206 2286 apparebit.
1250 2216 1416 2271 Porro
1445 2216 1663 2281 Thadal,
1691 2218 1781 2287 qui
1808 2220 1974 2272 sciens

400 2304 606 2375 jugum,
654 2288 768 2361 sive
798 2306 1095 2377 explorator
1120 2307 1335 2370 dicitur,
1390 2316 1444 2361 et
1472 2322 1564 2360 rex
1592 2318 1674 2361 est
1711 2310 1972 2378 gentium,

346 2392 349 2397 ⁴
408 2403 531 2464 apte
577 2396 651 2450 ad-
690 2394 1136 2465 signiﬁcationem
1192 2396 1429 2450 avaritiae
1470 2395 1749 2450 transferri
1779 2406 1973 2467 potest,

388 2502 526 2555 (quae
552 2500 713 2551 sagax
741 2494 901 2555 atque
928 2495 1162 2552 versuta,
1196 2486 1391 2540 multos
1419 2502 1517 2541 suo
1545 2486 1789 2557 subjugat
1810 2490 1975 2559 impe-

410 2578 509 2631 rio.
546 2577 701 2633 Tales
720 2592 847 2649 ergo
878 2593 1029 2649 reges
1056 2579 1285 2647 primum
1314 2580 1533 2633 vincunt
1559 2579 1720 2645 Bara,
1756 2581 1847 2650 qui
1869 2598 1976 2636 ma-

408 2665 571 2721 litiam
598 2680 771 2733 sonat,
803 2669 915 2723 sive
944 2678 1257 2733 creaturam,
1288 2678 1341 2724 et
1368 2686 1463 2723 rex
1487 2678 1568 2723 est
1596 2668 1970 2736 Sodomorum,

409 2758 509 2813 hoc
537 2766 621 2813 est
653 2761 920 2823 ctecitatis,
961 2760 1072 2813 sive
1097 2761 1309 2828 pecudis
1356 2750 1576 2823 silentis,
1622 2776 1739 2813 cum
1763 2774 1855 2814 eos
1883 2761 1974 2828 qui

410 2848 462 2900 in
487 2848 683 2902 malitia
705 2857 915 2903 vetusta
942 2858 1305 2918 perseverant,
1356 2857 1619 2918 quatenus
1645 2866 1791 2904 more
1816 2865 1977 2920 pecu-

409 2938 533 2991 dum
563 2938 855 2991 caecitatem
884 2938 1119 2992 libidinis
1149 2948 1457 3006 sequantur,
1499 2940 1801 3007 persuadet.
1854 2940 1979 2994 Vin-

2079 1860 2281 1914 nesque
2307 1843 2688 1915 primogenitos
2723 1844 2849 1909 Noe,
2904 1845 3071 1899 donec
3110 1846 3410 1899 sacerdotio
3449 1843 3631 1915 funge-

2078 1942 2227 1988 retur
2253 1934 2451 1997 Aaron,
2482 1933 2761 2004 pontiﬁces
2786 1933 2965 1989 fuisse.
3011 1934 3175 1989 Porro
3199 1950 3288 1989 rex
3322 1932 3499 1988 Salem
3544 1948 3633 1987 rex

2074 2022 2368 2078 Jerusalem
2396 2025 2629 2087 dicitur,
2669 2040 2789 2093 qua:
2833 2026 2979 2093 prius
3030 2022 3206 2078 Salem
3253 2024 3631 2093 appellabatur.

2073 2115 2459 2171 Melchisedech
2505 2126 2706 2181 autem,
2760 2116 2951 2190 beatus
2974 2114 3257 2183 Apostolus
3292 2114 3356 2166 ad
3383 2113 3632 2166 Hebrmos

2075 2204 2225 2277 (Cap.
2256 2208 2352 2278 vn)
2404 2208 2519 2261 sine
2547 2216 2696 2276 patre
2744 2215 2797 2260 et
2847 2215 3020 2259 matre
3061 2218 3489 2259 commemorans
3516 2244 3530 2267 ,
3570 2205 3632 2255 ad

2074 2296 2561 2362 Cbristumrel‘ert,
2596 2304 2648 2351 et
2675 2311 2772 2366 per
2794 2296 3066 2350 Christum
3092 2295 3155 2348 ad
3187 2295 3421 2365 gentium
3458 2293 3627 2346 Eccle-

2074 2390 2209 2442 siam
2240 2405 2254 2453 ;
2305 2388 2483 2443 omnis
2507 2388 2647 2441 enim
2683 2387 2871 2457 capitis
2902 2385 3067 2456 gloria
3096 2384 3326 2439 refertur
3354 2383 3421 2436 ad
3466 2397 3626 2435 mem-

2072 2480 2189 2546 bra,
2240 2496 2304 2535 eo
2333 2479 2473 2551 quod
2497 2480 2811 2549 praeputium
2837 2479 3040 2533 habens
3058 2518 3071 2541 ,
3098 2477 3326 2532 Abrahae
3349 2474 3631 2529 benedixe—

2074 2574 2146 2646 rit
2189 2574 2528 2638 circumciso,
2574 2580 2629 2625 et
2667 2572 2720 2624 in
2756 2568 3026 2624 Abraham
3064 2570 3220 2632 Levi,
3273 2576 3327 2621 et
3367 2582 3463 2635 per
3507 2566 3628 2618 Levi

2072 2665 2274 2728 Aaron,
2324 2664 2388 2718 de
2416 2678 2523 2731 quo
2572 2670 2754 2731 postea
2785 2660 3162 2714 sacerdotium.
3212 2657 3288 2710 Ex
3319 2671 3425 2724 quo
3455 2654 3628 2723 colligi

2074 2751 2204 2815 vult,
2236 2748 2588 2805 sacerdotium
2616 2748 2863 2803 Ecclesiae
2888 2747 3133 2801 habentis
3171 2745 3510 2815 praeputium,
3540 2744 3629 2796 be-

2077 2841 2343 2896 nedixisse
2392 2840 2706 2893 circumciso
2755 2838 3050 2892 sacerdotio
3098 2835 3408 2905 Syuagogm.
3481 2831 3629 2898 Quod

2077 2938 2255 2985 autem
2278 2930 2353 2983 ait
2376 2947 2389 2982 :
2441 2927 2517 2981 Tu
2544 2945 2595 2981 es
2622 2926 2861 3000 sacerdos
2889 2928 2941 2977 in
2968 2936 3214 2979 atternum
3240 2920 3520 2976 secundum
3553 2937 3632 2973 or-

411 3032 542 3077 cuut
574 3033 627 3077 et
662 3023 845 3089 Bersa,
886 3026 986 3078 hoc
1012 3032 1124 3090 est,
1175 3025 1227 3077 in
1254 3024 1493 3093 angustia
1531 3027 1860 3078 constitutum
1892 3040 1976 3079 re-
2014 3089 2042 3093 _
2076 3020 2247 3074 dinem
2281 3017 2649 3072 Melchisedech
2678 3014 2844 3085 (Psal.
2877 3015 3007 3087 etx),
3035 3014 3344 3083 mysterium
3390 3019 3631 3066 nostrum

410 3127 527 3182 gem
565 3113 767 3165 scilicet
809 3110 1142 3176 Gomorrhm,
1193 3114 1244 3166 id
1280 3089 1365 3167 est
1414 3114 1589 3183 populi
1627 3115 1869 3167 tumentis
1912 3130 1972 3167 ac
2001 3089 2044 3150 (ἶ
2075 3110 2129 3163 in
2156 3108 2316 3162 verbo
2353 3106 2555 3161 ordinis
2579 3103 2928 3173 'signiﬁcatur,
2972 3117 3301 3173 nequaquam
3332 3115 3426 3169 per
3452 3099 3639 3176 Aaron»

409 3202 660 3266 seditiosi,
691 3216 811 3256 cum
853 3216 967 3265 eos,
1004 3203 1093 3272 qui
1140 3204 1479 3272 praesentium
1515 3204 1658 3258 curis
1688 3214 1974 3273 angustan-

410 3304 497 3346 tur
546 3288 743 3356 rerum,
792 3309 855 3348 ac
884 3293 1033 3347 nefas
1078 3295 1275 3361 rapina:
1308 3309 1466 3363 agere
1510 3311 1613 3350 non
1662 3295 1970 3361 formidant,

409 3382 641 3436 obruunt
670 3398 732 3435 ac
768 3390 1128 3450 prosternunt.
1170 3381 1399 3437 Vincunt
1426 3392 1479 3437 et
1522 3383 1763 3438 Scnnaar
1790 3400 1969 3455 regem

410 3473 640 3536 Adanue,
676 3475 776 3528 hoc
802 3483 881 3531 est
908 3482 1084 3538 terrm,
1118 3490 1238 3527 cum
1265 3488 1355 3529 eos
1384 3475 1471 3543 qui
1504 3476 1737 3530 carnalia
1762 3478 1970 3531 tantum

411 3563 642 3630 sapiunt,
692 3572 741 3617 ct
771 3565 835 3616 de
880 3563 1187 3618 coelestibus
1232 3580 1335 3618 non
1368 3566 1622 3634 cogitant,
1678 3568 1815 3620 utin
1845 3567 1970 3621 luxu

412 3653 737 3721 voluptatum
766 3664 1112 3722 permaneant
1138 3655 1515 3719 exhortantur,
1545 3657 1973 3725 quatenusjuxta

410 3739 535 3793 illud
562 3742 951 3810 propheticum,
1004 3741 1211 3799 actibus
1233 3743 1343 3795 suis
1374 3742 1552 3796 dicam
1580 3764 1591 3796 :
1631 3745 1970 3800 Comedamus

410 3839 455 3881 et
487 3830 736 3890 bibamus,
766 3845 880 3881 cras
907 3830 1039 3881 enim
1074 3831 1353 3881 moriemur
1375 3830 1422 3899 (I
1452 3820 1572 3884 Cor.
1605 3834 1710 3901 xv).
1743 3833 1972 3889 Vincunt

410 3930 464 3974 et
492 3922 748 3985 Semeber,
781 3922 869 3989 qui
909 3922 1287 3989 interpretatur
1309 3923 1376 3975 ibi
1407 3925 1649 3992 perditio,
1688 3935 1741 3979 ct
1773 3942 1864 3979 rex
1893 3935 1973 3980 est

414 4012 632 4073 Seboin,
672 4012 722 4064 id
744 4019 843 4073 est,
870 4012 1061 4080 cinguli
1093 4014 1343 4077 maeroris,
1371 4029 1491 4067 cum
1517 4031 1613 4083 per
1643 4017 1968 4071 iracundiam

412 4111 463 4155 et
495 4103 744 4153 invidiam
777 4102 1014 4154 incautos
1038 4118 1277 4170 quosque
1302 4104 1588 4171 decipiunt.
1644 4106 1792 4161 Unde
1841 4110 1971 4161 scri-

415 4203 563 4265 ptum
613 4201 733 4245 est:
786 4190 983 4243 Stultos
1024 4192 1258 4259 interﬁcit
1304 4194 1597 4257 iracundia,
1645 4211 1706 4245 ac
1730 4196 1968 4263 parvulos

412 4284 593 4335 occidit
630 4282 820 4334 inridia
874 4280 1012 4351 (Job.
1052 4280 1127 4350 v).
1181 4281 1431 4345 Quintmn
1478 4297 1606 4350 ergo
1638 4298 1833 4351 regem,
1869 4286 1968 4339 hoc

411 4383 490 4427 est
509 4388 683 4441 regem
700 4371 843 4424 Buta!
870 4372 1116 4425 similiter
1140 4372 1351 4425 vincunt
1377 4374 1678 4440 spirituales
1700 4378 1964 4444 nequitim,

411 4477 530 4516 cum
561 4464 922 4531 pusillanimes
953 4479 1013 4518 ac
1042 4464 1408 4518 formidolosos
1448 4465 1501 4518 in
1544 4467 1965 4535 desperationem

413 4555 649 4609 mittunt.
683 4551 813 4603 Bala
842 4552 980 4603 enim
1005 4552 1383 4620 interpretatur
1410 4554 1743 4621 prwcipitatio
1769 4556 1848 4607 vel
1880 4556 1968 4606 ab-

412 4641 648 4702 sorbitio,
696 4648 747 4692 et
778 4640 829 4691 in
866 4639 1005 4691 nulla
1036 4635 1093 4691 Fc
1121 4640 1368 4706 antiquus
1408 4641 1577 4694 hostis
1604 4643 1773 4711 magis
1798 4652 1969 4695 certat

412 4747 475 4786 nc
497 4730 711 4797 satagit,
744 4743 903 4796 quam
947 4737 1001 4781 ut
1028 4740 1147 4796 post
1192 4729 1397 4795 lapsum
1447 4729 1646 4795 peccati
1695 4729 1964 4798 deceptos,

413 4819 465 4876 in
491 4818 913 4885 desperationem
937 4857 950 4879 ,
987 4830 1052 4870 ne
1082 4830 1138 4870 se
1167 4831 1481 4883 recuperare
1518 4817 1739 4885 possint,
1777 4818 1968 4871 immit-

414 4918 488 4963 tat
536 4924 598 4961 ac
642 4908 848 4975 perdt.
904 4907 1007 4962 Sed
1061 4908 1187 4976 quid
1239 4908 1349 4961 lucc
1386 4908 1605 4960 victoria
1642 4908 1867 4963 Abrahre
1905 4911 1969 4964 de

412 5007 641 5066 quatuor
668 4996 879 5065 regibus
907 4998 1197 5061 indicabat,
1238 5012 1372 5066 quos
1402 4996 1487 5050 ille
1514 4998 1632 5051 ﬁdei
1682 5008 1835 5066 pater
1864 5016 1971 5069 my-

411 5088 577 5139 sterio
630 5085 921 5151 superavit,
976 5086 1074 5138 nisi
1106 5087 1244 5154 quod
1295 5086 1425 5140 ﬁdes
1462 5094 1639 5141 nostra
1686 5089 1729 5141 si
1768 5089 1966 5142 conﬁr-

415 5185 553 5227 mata
586 5175 657 5227 sit
690 5175 741 5226 in
774 5174 960 5241 spiritu
991 5174 1290 5242 principali,
1322 5192 1513 5245 corpus
1540 5188 1799 5241 nostrum,
1826 5181 1967 5247 quod

411 5271 641 5329 quatuor
661 5268 869 5315 constat
897 5259 1192 5324 elementis,
1218 5262 1389 5316 Verbo
1405 5264 1497 5317 Dei
1528 5266 1760 5334 subigit?
1786 5266 1964 5337 (Isid.)

416 5350 543 5404 Nam
568 5350 704 5404 sicut
732 5350 816 5403 ille
845 5351 910 5403 de
945 5350 1185 5417 proximo
1212 5352 1262 5403 in
1295 5352 1713 5418 regibus/victor
1743 5357 1963 5410 exstite-

417 5450 518 5501 rat,
548 5442 618 5493 ita
649 5451 702 5493 et
731 5440 861 5494 ﬁdes
890 5456 986 5509 pro
1028 5441 1202 5493 anima
1234 5441 1439 5503 victrix,
1486 5443 1551 5497 de
1576 5445 1840 5499 exteriore
1868 5445 1965 5498 lio-

417 5530 556 5584 mine
594 5532 897 5599 triumphat.
927 5531 1074 5597 Quod
1106 5546 1230 5585 vero
1260 5530 1346 5584 illc
1375 5547 1479 5586 non
1509 5534 1844 5587 multitudine
1871 5547 1968 5588 nec

418 5619 610 5674 virtute
657 5620 950 5689 legionum,
1005 5620 1095 5677 sed
1147 5631 1350 5678 tantum
1395 5623 1641 5677 trecentis
1684 5624 1863 5677 decem
1916 5634 1965 5679 ct

2074 3197 2526 3252 irrationabilibus
2540 3196 2768 3249 victimis
2796 3194 3147 3256 immolandis,
3169 3194 3263 3248 sed
3286 3194 3466 3247 oblato
3488 3207 3629 3261 pane

2072 3293 2125 3343 et
2151 3288 2296 3351 vino,
2348 3285 2399 3339 id
2449 3292 2557 3349 est,
2593 3300 2815 3354 corpore
2861 3284 3072 3338 Domini
3106 3282 3228 3338 Jesu
3254 3293 3306 3337 et
3350 3283 3626 3351 sanguine.

2072 3377 2254 3451 (Isid.)
2301 3377 2369 3431 At
2396 3392 2521 3431 vero
2557 3376 2858 3444 patriarcha
2906 3390 3129 3445 magnus
3173 3375 3407 3428 decimas
3447 3388 3631 3428 omnes

2073 3466 2392 3523 substantiae
2422 3480 2531 3518 sua:
2582 3464 2928 3518 Melchisedec
2968 3463 3227 3516 sacerdoti
3262 3470 3381 3530 post
3414 3462 3629 3514 benedi-

2070 3560 2303 3615 ctionem
2354 3557 2519 3621 dedit,
2564 3557 2737 3609 sciens
2777 3555 3123 3623 spiritualiter
3146 3554 3333 3608 melius
3378 3554 3629 3608 sacerdo-

2071 3651 2203 3702 tium
2232 3649 2466 3701 futurum
2498 3648 2549 3699 in
2579 3645 2773 3715 populo
2800 3646 3035 3715 gentium
3056 3686 3069 3708 ,
3123 3660 3282 3712 quam
3310 3642 3626 3705 Leviticum,

2072 3744 2211 3812 quod
2249 3743 2299 3796 in
2344 3741 2505 3795 Israel
2536 3741 2598 3793 de
2622 3741 2736 3808 ipso
2762 3747 2877 3794 erat
2905 3739 3255 3801 nasciturum,
3289 3738 3628 3803 futurumque

2070 3846 2129 3891 ut
2150 3837 2504 3891 sacerdotium
2534 3835 2783 3889 Ecclesiae
2827 3833 3073 3887 habentis
3117 3830 3432 3901 prmputium
3470 3830 3628 3882 bene-

2071 3929 2270 3981 diceret
2298 3927 2349 3978 in
2396 3925 2660 3978 Abraham
2709 3923 3026 3977 circumciso
3057 3920 3413 3975 sacerdotium
3462 3918 3627 3988 Syna-

2070 4034 2231 4088 gogae.
2260 4016 2387 4082 Quis
2412 4016 2552 4068 enim
2586 4014 2755 4083 major
2791 4021 2892 4077 est,
2928 4014 2971 4066 is
2997 4012 3085 4081 qui
3116 4002 3405 4071 benedicit,
3443 4024 3507 4060 an
3538 4006 3625 4075 qui

2068 4106 2437 4161 benedicitur?
2471 4105 2621 4159 Unle
2652 4096 2705 4157 et
2734 4102 3038 4157 sacerdotes
3075 4115 3136 4155 ex
3170 4100 3372 4154 semine
3403 4096 3625 4150 Abraha:

2071 4197 2179 4250 nati
2221 4194 2414 4247 fratres
2456 4209 2579 4247 suos
2619 4192 3017 4251 benedicebant,
3061 4189 3112 4242 id
3152 4198 3234 4241 est
3269 4185 3519 4256 populum
3550 4184 3623 4236 ιε.

2070 4286 2215 4338 rael:
2250 4283 2442 4351 quibus
2471 4284 2541 4334 illi
2580 4281 2812 4334 decimas
2846 4278 3133 4332 secundum
3165 4276 3296 4345 legis
3318 4276 3623 4327 mandatum

2071 4374 2288 4435 dabant,
2344 4388 2467 4425 vere
2506 4380 2563 4423 ut
2596 4368 2884 4436 majoribus
2927 4376 2980 4423 et
3007 4365 3449 4421 eminentioribus
3494 4365 3620 4417 suis.

2074 4466 2273 4519 Nomen
2302 4474 2474 4516 autem
2499 4464 2668 4531 ipsum
2695 4460 3075 4515 Melchisedech
3107 4475 3195 4511 rex
3226 4459 3403 4526 pacis,
3429 4456 3507 4510 vel
3540 4471 3625 4507 rex

2066 4553 2285 4622 justitia:
2331 4552 2709 4618 interpretatur
2734 4591 2747 4613 ,
2782 4535 2919 4617 quod
2947 4549 3079 4601 bene
3112 4544 3340 4600 refertur
3378 4544 3444 4597 ad
3477 4542 3625 4596 Chri-

2074 4654 2233 4705 stum,
2280 4641 2415 4693 sicut
2445 4640 2804 4707 supradictum
2842 4644 2941 4690 est.
2982 4636 3096 4705 Ipse
3134 4643 3214 4689 est
3240 4634 3382 4686 enim
3421 4648 3509 4685 rex
3536 4646 3625 4699 pa-

2073 4734 2171 4796 cis,
2202 4732 2324 4800 quia
2350 4745 2445 4797 per
2471 4732 2639 4798 ipsum
2668 4728 3074 4782 reconciliantur
3106 4727 3241 4785 Deo;
3285 4724 3398 4790 ipse
3423 4730 3504 4774 est
3536 4736 3619 4771 rex

2066 4806 2317 4890 justitiee,
2357 4822 2478 4891 quia
2516 4822 2626 4888 ipse
2657 4820 2847 4879 veniet,
2900 4827 2960 4871 ut
3005 4816 3274 4869 discernat
3322 4820 3533 4865 sanctos
3559 4810 3623 4861 ab

2070 4915 2262 4982 impiis.
2314 4912 2454 4965 Idem
2485 4926 2696 4979 quoque
2733 4910 2981 4963 sacerdos
3020 4915 3075 4959 et
3119 4922 3233 4967 rex,
3281 4904 3406 4972 quia
3448 4902 3512 4955 ad
3544 4916 3622 4953 rc-

2069 5004 2423 5073 demptionem
2456 5003 2689 5055 omnium
2721 5000 2945 5053 hostiam
2973 4998 3080 5050 Deo
3106 4995 3240 5064 patri
3280 4994 3618 5060 semet'psum

2067 5094 2287 5157 obtulit,
2338 5085 2392 5146 el.
2416 5107 2570 5145 verus
2617 5106 2707 5143 rex
2747 5091 2799 5143 in
2845 5088 3096 5157 praesenti
3138 5085 3330 5139 sacculo
3375 5084 3619 5154 populum

2068 5198 2222 5239 suum
2258 5184 2407 5250 regit,
2440 5189 2494 5234 et
2521 5181 2571 5233 in
2596 5177 3068 5247 futurojudicabit.

2639 5285 2860 5340 CAPUT
2900 5266 3058 5338 xvii.

2072 5375 2169 5431 Ubi
2199 5376 2337 5429 Deus
2370 5376 2517 5428 tertio
2558 5375 2697 5427 visus
2722 5380 2793 5426 est
2823 5371 3059 5426 Abrahte.
3089 5383 3135 5425 et
3161 5370 3328 5437 ﬁliam
3347 5370 3395 5422 ei
3414 5377 3617 5437 promit-

2415 5446 2516 5498 tit:
2558 5453 2603 5496 et
2637 5442 2700 5494 de
2728 5442 2980 5509 sacriﬁtt'o
3017 5442 3253 5499 Abrahae.

2141 5535 2285 5603 (CAP.
2321 5533 2431 5601 xv.)
2488 5531 2580 5584 llis
2629 5532 2796 5601 itaque
2844 5530 3118 5584 transactis
3144 5528 3310 5596 factus
3337 5537 3410 5580 est
3453 5540 3615 5579 sertno

2073 5623 2278 5678 Domini
2322 5622 2387 5675 ad
2420 5621 2609 5675 Abram
2642 5636 2721 5689 per
2756 5620 2996 5677 risimus!
3044 5619 3215 5673 dicens
3244 5639 3259 5674 :
3297 5616 3421 5671 Noli
3444 5617 3615 5669 timere
