3968 6336
331 280 426 337 5-H

215 560 219 564 ν
298 487 504 539 mimis.
562 482 805 553 Dixitque
839 481 1030 536 Abram
1057 497 1078 538 :
1105 480 1320 537 Domine
1357 477 1543 546 Deus;
1575 480 1699 551 quid
1727 479 1878 531 dabis

325 575 452 628 mihi
476 573 502 627 .’
525 571 632 643 Ego
661 572 844 628 uadum
877 563 1065 642 absque
1090 570 1288 636 liberis,
1318 579 1366 624 et
1404 570 1544 638 filius
1575 579 1879 638 procurato-

323 667 400 721 ris
425 667 606 720 domus
656 680 800 729 mea,
840 664 935 718 iste
965 662 1254 717 Damascus
1297 659 1518 714 Eliezer.
1568 658 1879 726 Addiditque

322 757 556 811 Abram:
583 753 715 809 Milli
743 763 909 808 autem
943 771 1044 808 non
1088 752 1277 807 dedisti
1308 767 1478 804 semen
1499 791 1514 816 ,
1556 759 1604 804 et
1631 766 1745 803 erce
1766 764 1877 802 ver-

319 836 540 900 naculus
561 861 702 900 meus
740 844 902 900 [neres
933 861 1074 898 meus
1095 844 1210 906 erit,
1240 852 1296 896 et
1338 841 1561 910 reliqua.
1609 838 1872 911 (Hierom)

317 938 477 1015 Quod
496 945 669 990 autem
696 937 840 1002 dicit,
874 937 975 992 hoc
999 945 1080 991 est
1111 954 1125 990 :
1157 935 1268 1003 Ego
1301 933 1418 988 sine
1444 931 1625 986 liberis
1654 930 1872 994 moriar,

312 1038 374 1083 et
399 1029 536 1084 ﬁlius
550 1028 908 1098 procuratoris
934 1028 1034 1082 mei
1059 1026 1143 1081 vel
1171 1025 1354 1086 villici,
1381 1023 1472 1092 qui
1502 1023 1748 1077 universa
1773 1021 1877 1076 dis-

312 1126 534 1188 pensat,
586 1127 639 1172 et
671 1118 938 1173 distribuit
981 1117 1180 1172 cibaria
1233 1113 1487 1178 familiae,
1548 1120 1874 1179 vocaturque

313 1208 603 1264 Damascus
626 1209 852 1273 Eliezer,
883 1207 971 1264 hic
991 1221 1141 1262 meus
1168 1207 1341 1260 haeres
1367 1204 1486 1258 erit.
1542 1203 1711 1256 Porro
1738 1202 1873 1256 Elie-

310 1312 407 1351 ιρι·
433 1298 810 1366 interpretatur
857 1296 990 1349 Deus
1030 1310 1172 1348 meus
1207 1292 1443 1362 'adjutor.
1484 1290 1566 1345 Ab
1599 1290 1702 1344 hoc
1725 1290 1874 1344 aiunt

311 1389 629 1471 Damascum
652 1397 707 1444 et
727 1389 994 1444 conditam
1025 1392 1484 1454 etnuncupatam.

382 1479 860 1551 Statimque'sermo
883 1478 1090 1534 Domini
1119 1476 1286 1546 factus
1307 1486 1378 1530 est
1407 1476 1475 1528 ad
1504 1491 1639 1537 eum,
1662 1473 1834 1527 dicens
1850 1487 1868 1523 :

309 1571 436 1626 Non
459 1573 552 1626 erit
581 1572 663 1626 hic
686 1572 850 1626 [iteres
879 1581 1017 1635 tuus,
1053 1555 1142 1624 sed
1165 1570 1253 1638 qui
1279 1566 1567 1636 egredietur
1615 1566 1678 1618 de
1722 1574 1869 1618 utero

305 1670 419 1723 tuo,
443 1662 608 1729 ipsum
629 1661 834 1714 habebis
855 1659 1130 1713 Itreredem.
1161 1657 1456 1727 Eduxitque
1479 1671 1596 1708 eum
1630 1653 1789 1722 foras,
1817 1660 1866 1705 et

1336 263 1787 342 contristaris
1825 282 2143 339 cesasm.
2184 316 2252 329 -
2285 285 2412 342 ua.
2451 281 2513 342 tt.

329 359 336 393 ι
2655 359 2663 368 ,

329 391 545 464 ﬁbram,
583 411 674 465 ego
699 403 952 464 protector
969 399 1088 450 tuus
1113 409 1250 460 sum,
1275 403 1322 449 et
1349 409 1540 449 merces
1575 403 1665 446 tua
1696 408 1882 461 magna
1907 397 1958 456 Α
1987 396 2135 459 tutis,
2160 395 2261 450 nisi
2291 395 2431 466 quod
2460 393 2700 450 carnales
2730 402 2778 448 et
2819 393 2871 448 in
2902 392 3094 463 popqu
3113 395 3298 460 veteri,
3324 405 3378 452 et
3398 412 3538 454 nunc

3437 289 3541 345 ΞΗ

1979 488 2119 540 inter
2165 502 2223 541 se
2254 485 2598 542 dividuntur?
2651 483 2819 539 Porro
2865 499 2991 538 aves
3031 483 3229 538 idcirco
3266 501 3369 540 non
3402 486 3534 542 divi-

1975 577 2208 639 duntur,
2261 575 2382 646 quia
2430 574 2733 644 spirituales
2778 573 3035 627 individui
3086 583 3247 628 sunt:
3301 576 3529 633 scbisma

1974 680 2079 720 non
2116 665 2373 734 cogitant,
2405 680 2503 719 nec
2525 664 2854 719 seducuntur
2875 663 2943 717 ab
2976 663 3277 728 ltareticis;
3311 665 3402 719 sed
3427 680 3528 734 pax

1972 764 2055 810 est
2077 770 2286 824 semper
2319 755 2378 808 in
2398 755 2548 824 ipsis,
2597 755 2708 808 sive
2733 770 2763 808 a
2801 754 2968 808 turbis
3011 762 3262 808 moveant
3287 767 3423 815 sese,
3469 765 3527 813 ut

1973 855 2180 910 turtur,
2209 847 2323 900 sive
2353 846 2490 900 inter
2527 844 2644 899 illas
2665 852 3052 899 conversentur
3096 844 3235 898 sicut
3261 843 3524 906 columba,

1971 950 2196 1009 utraque
2218 949 2394 993 tamen
2414 937 2530 992 avis
2555 946 2635 991 est
2656 935 2859 990 habens
2885 935 3276 1005 simplicitatem
3302 943 3354 989 et
3385 933 3529 988 inno-

1971 1029 2224 1084 centiam.
2276 1026 2532 1081 Volucres
2572 1033 2749 1079 autem
2790 1023 3171 1078 descendentes
3214 1037 3372 1091 supra
3404 1036 3526 1076 cor-

1972 1133 2101 1188 pora
2134 1132 2252 1186 quae
2277 1115 2440 1169 divisa
2462 1121 2636 1177 erant,
2664 1113 2884 1180 spiritus
2933 1112 3191 1164 immundi
3218 1094 3526 1179 signiﬁcan-

1973 1217 2077 1272 tur,
2108 1214 2315 1277 pastum
2341 1203 2622 1273 quemdam
2657 1216 2811 1254 suum
2852 1201 2917 1254 de
2939 1199 3230 1254 carnalium
3267 1198 3527 1252 divisione

1970 1304 2286 1368 qumrenles.
2321 1293 2468 1360 Quod
2497 1299 2671 1346 autem
2711 1291 2812 1344 illis
2842 1290 3124 1344 considens
3151 1289 3378 1350 Abram,
3407 1286 3526 1339 abi-

1970 1388 2125 1459 gebat
2142 1401 2255 1449 eas,
2288 1382 2622 1453 signiﬁcabat
2677 1379 2870 1434 multos
2900 1378 3140 1432 carnales
3187 1377 3378 1430 merito
3404 1389 3524 1428 san-

1968 1489 2175 1534 ctorum
2206 1477 2257 1530 in
2287 1475 2389 1528 ﬁne
2415 1473 2594 1526 rutundi
2619 1472 2684 1526 ab
2720 1469 2976 1540 angustiis
3012 1469 3350 1531 liberandos;
3380 1464 3522 1534 quod

1969 1579 2146 1625 autem
2173 1569 2314 1624 circa
2339 1567 2466 1620 solis
2497 1578 2744 1618 occasum
2769 1576 2932 1631 pavor
2959 1561 3113 1614 irruit
3141 1561 3192 1613 iu
3224 1559 3444 1623 Abram,
3467 1563 3521 1610 et

1972 1657 2160 1712 horror
2180 1671 2404 1725 magnus
2452 1662 2504 1707 et
2551 1653 2864 1704 tenebrosus
2911 1649 3173 1718 signiﬁcat
3197 1648 3339 1701 circa
3365 1648 3520 1716 hujus

302 1752 381 1804 ait
408 1751 484 1804 illi
510 1765 528 1803 :
559 1749 771 1819 Suspice
793 1750 996 1814 caelum,
1030 1758 1078 1803 et
1121 1763 1335 1802 numera
1378 1745 1553 1800 stellas
1573 1786 1588 1808 ,
1616 1747 1660 1798 si
1695 1755 1858 1814 potes.
1896 1719 1938 1777 Β
1967 1746 2143 1803 δωριιῆ
2173 1719 2329 1799 tim-in
2381 1757 2625 1811 magnam
2652 1739 3102 1809 perturbationem
3131 1737 3198 1790 ab
3244 1737 3522 1790 Antichri-

303 1841 377 1894 ΕΙ
415 1842 542 1894 dixit
581 1842 665 1895 ei:
705 1840 794 1896 Sic
836 1841 931 1894 erit
977 1855 1148 1893 semen
1184 1849 1349 1910 tuum.
1395 1834 1624 1890 Credidit
1671 1831 1861 1909 Abram

300 1929 545 1992 Domino,
589 1940 637 1984 et
686 1938 974 1999 reputatum
1016 1938 1090 1983 est
1141 1929 1188 1981 ei
1233 1904 1302 1980 ad
1328 1926 1608 1996 justitiam.
1660 1904 1856 1991 Duplex

300 2020 474 2089 ﬁgura
535 2021 778 2090 promissi
823 2022 1037 2075 seminis
1082 2019 1236 2086 ejus,
1289 2018 1340 2072 id
1387 2026 1504 2080 est,
1556 2017 1608 2070 in
1674 2014 1865 2070 similia

301 2112 541 2165 tudinem
571 2127 747 2166 arenae
796 2112 995 2176 maris,
1040 2110 1122 2163 vel
1175 2110 1225 2163 in
1275 2108 1670 2163 similitudinem
1729 2105 1856 2158 stel-

298 2199 472 2253 larum
533 2200 674 2254 cmli.
747 2191 988 2254 EduCens
1044 2213 1170 2268 ergo
1225 2199 1361 2252 Deus
1425 2196 1620 2249 Abram
1689 2193 1854 2257 foras,

295 2295 533 2351 ostendit
581 2295 652 2349 illi
709 2295 888 2348 stellas
914 2293 1034 2347 εαξιί
1066 2293 1248 2346 dicens
1278 2309 1290 2342 :
1321 2288 1410 2342 Sic
1453 2286 1644 2340 faciam
1675 2301 1855 2339 semen

295 2398 471 2450 tuum,
500 2388 672 2449 idest,
702 2387 1058 2440 Christianam
1088 2392 1316 2455 gentem,
1350 2383 1498 2448 cujus
1539 2388 1592 2433 tn
1628 2377 1853 2448 paterin

299 2478 408 2531 ﬁde
439 2476 701 2538 subsistis,
733 2476 811 2529 sic
859 2474 1049 2528 faciam
1099 2471 1504 2526 resurrectionis
1536 2469 1731 2520 lumine
1769 2481 1854 2519 co-

296 2582 538 2622 ruscare.
571 2566 769 2620 Deinde
803 2564 1183 2619 demonstravit
1222 2563 1295 2615 illi
1333 2575 1547 2614 arenam
1590 2558 1772 2620 maris,
1801 2565 1856 2609 et

294 2656 435 2710 dixit
463 2673 475 2708 :
515 2653 604 2709 Sic
632 2655 732 2708 erit
758 2654 810 2707 in
843 2653 1177 2707 multitudine
1203 2665 1384 2704 semen
1411 2657 1587 2712 tuum,
1623 2649 1722 2701 hoc
1749 2655 1850 2707 est,

294 2748 404 2800 erit
436 2746 649 2816 quidem
679 2745 889 2812 copiosa
940 2757 1068 2811 gens
1099 2739 1423 2802 Iudaeorum,
1456 2737 1547 2792 sed
1572 2736 1767 2790 sterilis
1799 2742 1855 2788 et

297 2834 584 2891 infecunda
639 2835 770 2889 sicut
807 2847 967 2886 arena
1018 2831 1200 2885 maris.
1260 2830 1388 2883 Post
1425 2825 1539 2881 haec
1572 2843 1691 2881 cum
1733 2840 1855 2892 pro-

295 2930 533 2982 mitteret
567 2927 614 2980 ei
644 2924 895 2979 Dominus
919 2923 1056 2991 quod
1085 2927 1227 2974 esset
1267 2933 1546 2988 possessor
1571 2914 1855 2982 repromis-
1927 2969 1930 2974 _

1961 1846 2042 1893 sto
2070 1837 2120 1890 in
2146 1835 2345 1890 sanctis
2367 1832 2617 1894 futuram,
2646 1831 2709 1883 d‘e
2731 1843 2832 1897 qua
2852 1827 3102 1880 Dominus
3126 1826 3254 1879 dicit
3281 1826 3333 1878 in
3351 1825 3519 1880 Evan-

1958 1928 2124 1998 gelio;
2156 1925 2269 1978 Erit
2290 1925 2422 1976 enim
2451 1933 2570 1975 tunc
2595 1919 2857 1973 tribulatio
2882 1934 3088 1986 magna,
3109 1916 3276 1985 qualis
3293 1933 3392 1970 non
3415 1917 3516 1985 fuit

1956 2018 2019 2070 ab
2051 2017 2196 2071 initio
2232 2013 2440 2085 (Matth.
2471 2010 2637 2080 XXIV).
2682 2009 2832 2076 Quod
2875 2024 3002 2076 ergo
3037 2006 3360 2077 adjungitur,
3393 2023 3513 2060 cum

1955 2109 2290 2162 occubuisset
2317 2105 2414 2168 sol,
2453 2103 2590 2156 facta
2622 2111 2702 2156 est
2725 2100 2892 2167 caligo
2925 2097 3225 2161 tenebrosa,
3254 2107 3310 2151 et
3352 2113 3513 2166 appa-

1956 2199 2065 2252 ruit
2089 2197 2330 2250 clibanus
2358 2193 2588 2255 fumans,
2618 2199 2670 2244 et
2691 2190 2890 2257 lampas
2915 2189 3053 2257 ignis
3086 2188 3350 2240 transiens
3371 2188 3510 2240 inter

1956 2287 2126 2342 media
2165 2285 2263 2348 illa,
2297 2298 2416 2352 qua:
2446 2281 2612 2335 divisa
2647 2263 2816 2338 erant,
2877 2277 3140 2346 signiﬁcat
3180 2283 3296 2343 post
3347 2276 3505 2330 linem

1954 2377 2167 2440 smculi,
2201 2374 2445 2427 tutorum
2484 2371 2624 2425 diem
2670 2367 2879 2438 judicii,
2930 2365 3142 2435 quando
3189 2381 3286 2435 per
3332 2367 3504 2435 ignem

1952 2466 2374 2536 segregtbuntur
2445 2469 2752 2514 sanctorum
2813 2455 2991 2525 populi
3058 2462 3112 2508 et
3182 2455 3503 2522 iniquorum.

1953 2549 2510 2626 (Greg.)'l‘ropologice
2533 2557 2886 2613 autem,s:epe
2910 2543 3068 2598 corda
3093 2541 3358 2609 justorum
3383 2542 3508 2596 sub-

1951 2656 2082 2701 ortae
2129 2641 2476 2712 cogitationes
2522 2647 2854 2692 terrenarum
2914 2649 3092 2688 rerum
3146 2633 3506 2688 delectationi-

1951 2735 2050 2787 bus
2101 2738 2359 2800 tangunt;
2401 2729 2494 2784 sed
2526 2742 2648 2781 cum
2685 2725 2841 2778 citius
2871 2739 3030 2776 manu
3079 2732 3273 2776 sanctae
3309 2721 3508 2775 discre~

1955 2822 2110 2876 tionis
2140 2820 2440 2888 abiguntur,
2474 2814 2662 2870 festiue
2688 2813 2862 2880 agitur
2904 2825 2970 2863 ne
3000 2807 3175 2862 coi‘dis
3207 2807 3395 2859 faciem
3424 2823 3509 2860 ca-

1953 2913 2055 2980 ligo
2093 2908 2400 2963 tentationis
2450 2905 2686 2974 operiat,
2735 2917 2852 2970 quae
2897 2901 3034 2954 hanc
3076 2897 3187 2964 jam
3226 2911 3288 2949 ex
3325 2895 3506 2950 illicita

294 3019 466 3074 sionis
522 3016 748 3077 futurus,
790 3015 998 3081 signum
1029 3013 1181 3080 petit,
1216 3026 1312 3079 per
1340 3007 1478 3075 quod
1521 3010 1848 3074 agnosceret,
1881 3045 1922 3095 Γ
1958 3003 2305 3057 delectatione
2333 2997 2596 3066 tangebat.
2645 2993 2774 3046 Nam
2825 2990 3045 3058 smpe'in
3096 2987 3209 3055 ipso
3253 2983 3509 3038 oration-is

296 3127 405 3166 non
438 3108 584 3180 quasi
609 3107 856 3160 dubitans
901 3119 966 3156 an
1001 3102 1169 3165 ﬁeret,
1206 3102 1296 3154 sed
1325 3098 1588 3167 quomodo
1616 3095 1850 3148 futurum

295 3213 443 3258 esset
482 3200 784 3269 exquirens.
837 3195 931 3251 Cui
981 3194 1236 3249 Dominus
1267 3192 1404 3244 hanc
1445 3186 1847 3248 similitudinem

295 3291 595 3363 proposuit.

373 3382 531 3436 Sume
557 3420 571 3443 ,
614 3377 814 3447 inquit,
844 3375 969 3428 mihi
1013 3389 1216 3428 vaccam
1263 3372 1534 3434 triennem,
1571 3379 1617 3423 et
1646 3387 1853 3439 capram

296 3477 532 3537 trimam,
571 3481 616 3525 et
649 3470 860 3523 arietem
886 3481 1136 3519 annorum
1168 3464 1343 3525 trium,
1377 3470 1626 3513 turturem
1654 3477 1857 3528 quoque

296 3576 349 3620 et
389 3563 692 3618 columbam.
724 3557 925 3611 Tollens
953 3556 1110 3624 igitur
1138 3553 1326 3606 Abram
1368 3552 1601 3603 universa
1643 3549 1751 3601 lure
1777 3551 1857 3600 di-

297 3657 419 3711 uisit
443 3672 501 3708 ea
527 3669 616 3722 per
643 3651 884 3710 medium,
913 3657 1227 3713 etvutrasque
1255 3653 1425 3711 partes
1473 3652 1647 3695 contra
1697 3657 1748 3692 se
1774 3638 1856 3691 al-

298 3748 555 3801 trinsecus
588 3743 783 3810 posuit,
834 3757 946 3794 ares
976 3745 1145 3790 autem
1191 3751 1292 3787 non
1340 3733 1532 3786 divisit.
1569 3729 1859 3782 Descende-

301 3849 523 3907 rumque
571 3833 794 3888 rohtcres
836 3820 986 3897 super
1009 3826 1280 3884 cadavera.
1321 3835 1366 3875 et
1393 3821 1623 3890 abigebat
1651 3837 1734 3871 eas
1759 3818 1862 3869 Ab-

301 3949 437 3986 ram.
479 3925 705 3994 Cumque
745 3920 1059 3988 decubuisset
1083 3915 1182 3976 sol,
1216 3930 1373 3982 pavor
1398 3912 1549 3964 irruit
1578 3927 1729 3978 super
1754 3909 1857 3960 Ab-

301 4039 440 4083 ram,
465 4025 510 4072 el
535 4020 719 4069 horror
746 4026 958 4079 magnus
982 4017 1028 4060 et
1053 4003 1343 4059 tenebrosus
1361 4002 1512 4055 irruit
1536 3986 1688 4068 super
1710 4015 1858 4060 eum;

301 4107 642 4176 apparuitque
668 4100 896 4155 clibanus
945 4097 1148 4165 fumans
1181 4103 1229 4170 et
1276 4092 1476 4159 lampas
1516 4089 1648 4157 ignis
1690 4097 1861 4142 trans-

302 4205 415 4257 iens
443 4203 574 4253 inter
622 4193 791 4249 media
819 4191 907 4246 illa
927 4207 1040 4259 qua:
1078 4189 1241 4241 divisa
1264 4196 1432 4247 erant,
1481 4187 1767 4252 dictumque
1789 4195 1860 4236 est

303 4294 400 4348 ei:
437 4284 794 4356 Cognoscendo
843 4281 975 4334 scias
1015 4279 1136 4348 quia
1183 4275 1504 4347 peregrinum
1549 4274 1642 4325 erit
1691 4289 1862 4325 semen

305 4393 453 4434 tuum
503 4381 553 4431 in
581 4388 716 4430 terra
764 4389 863 4426 non
893 4387 1008 4432 sua,
1044 4377 1092 4422 et
1133 4367 1311 4420 seruiet
1355 4375 1402 4417 et
1445 4364 1712 4433 aﬂligetur,
1755 4369 1858 4415 etc.
1892 4367 1938 4424 ι)
1965 4346 2256 4414 completus
2282 4349 2388 4403 εει,

307 4471 554 4524 Statutus
579 4474 659 4519 est
682 4465 857 4530 itaque
884 4458 1069 4512 modus
1092 4454 1336 4524 promissi
1361 4452 1578 4508 seminis
1609 4451 1856 4512 Abrahae,

305 4569 363 4614 et
399 4559 493 4612 ista
519 4562 600 4608 est
632 4553 818 4616 ﬁgura.
844 4548 945 4601 Per
971 4546 1251 4611 iuvencam
1283 4541 1422 4597 enim
1453 4539 1745 4609 signiﬁcata
1779 4546 1861 4592 est

303 4647 458 4716 plebs
511 4642 680 4712 posita
712 4638 810 4692 ιιι-ἰ
839 4634 964 4705 iugo
1014 4633 1179 4701 legis;
1239 4644 1334 4699 per
1368 4643 1620 4697 capram,
1673 4626 1859 4680 eadem

306 4714 458 4806 plebs
497 4730 767 4801 peccatrix
813 4725 1007 4780 t‘ntura.
1065 4721 1165 4776 Per
1195 4720 1434 4799 arietem,
1483 4715 1667 4770 eadem
1711 4714 1858 4782 plebs

307 4805 444 4885 bene
466 4829 627 4882 etiam
659 4829 960 4892 regnatura.
1008 4813 1272 4870 Animalia
1319 4826 1444 4865 vero
1480 4809 1597 4864 ideo
1627 4807 1728 4860 tria
1780 4805 1860 4858 di-

308 4927 522 4978 cuntur,
551 4913 672 4983 quia
697 4923 790 4978 per
813 4905 1065 4961 articulos
1093 4912 1386 4968 temporum
1414 4898 1480 4951 ab
1505 4897 1672 4950 Adam
1699 4907 1866 4960 usque

310 5006 444 5063 Noe.
471 5011 525 5058 et
556 5002 678 5055 inde
711 5014 874 5065 usque
897 4995 962 5048 ad
995 4993 1210 5050 Abram,
1259 4996 1310 5042 ct
1344 4988 1463 5040 inde
1488 4984 1740 5053 usquead
1772 4984 1869 5035 Da-

309 5097 421 5159 vid,
478 5100 729 5159 tanquam
785 5088 992 5140 tertiam
1039 5089 1247 5137 :etatem
1301 5092 1490 5149 gerens
1521 5075 1605 5128 ille
1649 5073 1870 5143 populus

311 5182 561 5240 adolevit.
595 5180 695 5233 Per
723 5185 982 5240 turturem
1009 5181 1061 5226 et
1084 5171 1405 5231 columbam,
1445 5163 1746 5233 spiritualcs
1781 5176 1872 5229 po-

312 5273 421 5343 puli
449 5268 654 5340 ﬁgurati
679 5273 818 5326 sunt,
853 5260 1107 5343 individui
1137 5257 1226 5311 ﬁlii
1252 5252 1640 5326 promissionis,
1676 5259 1730 5302 et
1757 5250 1866 5303 lue-

314 5337 468 5417 redes
493 5337 651 5425 regni
684 5353 843 5407 futuri
875 5370 887 5404 :
921 5337 1144 5418 quorum
1191 5355 1319 5400 aetas
1355 5341 1607 5409 temporis
1633 5339 1750 5391 ideo
1781 5343 1864 5386 ta-

313 5461 486 5510 cetur.
515 5425 637 5518 quia
660 5456 857 5500 (eterna
890 5441 1222 5500 meditantes,
1272 5430 1584 5501 transgressi
1618 5434 1743 5481 sunt
1775 5425 1865 5477 de-

313 5541 509 5599 sideria
534 5512 857 5606 temporalia.
895 5529 998 5583 Sed
1028 5527 1151 5596 quid
1177 5533 1278 5585 cst,
1329 5522 1468 5591 quod
1501 5515 1747 5571 animalia
1779 5512 1864 5566 illa

316 5632 418 5688 tria
443 5627 771 5685 dividuntur,
799 5621 1049 5675 adversus
1077 5628 1130 5668 se.
1156 5613 1380 5668 invicem
1417 5607 1655 5680 partiius
1678 5601 1868 5661 consti-

1910 3085 1923 3102 ¹
1959 3100 2151 3144 nostra:
2189 3088 2480 3149 sacriﬁcio,
2538 3085 2851 3152 importance
2904 3095 2960 3132 se
2983 3076 3330 3146 cogitationes
3360 3073 3508 3139 inge-

1955 3189 2098 3243 runt,
2130 3194 2246 3247 qua:
2278 3178 2380 3229 hoc
2408 3190 2592 3242 rapere
2615 3173 2695 3226 vel
2724 3169 2993 3224 maculare
3021 3167 3251 3225 valeant,
3286 3163 3423 3230 quod
3457 3161 3507 3213 in

1954 3271 2103 3324 notis
2130 3269 2234 3321 Deo
2267 3267 2536 3334 placentes
2569 3261 2925 3313 immolamus.
2974 3254 3077 3308 Sed
3120 3267 3215 3306 nos
3239 3252 3302 3304 ad
3328 3263 3508 3303 exem-

1955 3361 2096 3430 plum
2123 3356 2368 3417 Abl‘ﬂlldt,
2397 3355 2520 3405 dum
2563 3352 2612 3402 in
2639 3363 2730 3400 ara
2759 3346 2937 3400 contis
2985 3343 3348 3396 holocaustum
3402 3337 3506 3388 Deo

1954 3449 2243 3508 oderimus,
2269 3445 2334 3497 ab
2364 3425 2649 3496 immundis
2668 3437 2770 3490 hoc
2796 3431 3100 3488 volucribus
3122 3427 3503 3486 custodiamus,

1956 3554 2022 3592 ne
2049 3535 2260 3603 maligni
2291 3532 2508 3601 spiritus
2531 3538 2585 3581 et
2606 3539 2870 3595 perversa:
2897 3519 3246 3589 cogitationes
3271 3513 3504 3582 rapiant,

1955 3628 2096 3696 quod
2145 3639 2294 3678 mens
2345 3630 2524 3674 nostra
2574 3614 2764 3668 otl‘erre
2813 3626 2869 3665 se
2913 3610 3020 3662 Deo
3063 3605 3262 3658 utiliter
3306 3610 3504 3669 sperat.
3552 3672 3555 3675 _

1960 3692 2140 3790 (laid)
2183 3713 2333 3779 Quod
2388 3725 2513 3763 vero
2560 3707 2759 3760 dictum
2784 3711 2865 3756 est
2907 3700 2972 3752 ad
3013 3699 3227 3757 Abram,
3287 3692 3506 3746 Sciendo

1958 3807 2084 3860 scies
2108 3805 2227 3874 quia
2261 3799 2583 3870 peregrinum
2634 3795 2728 3847 erit
2760 3806 2927 3842 semen
2967 3797 3109 3837 tuum
3158 3783 3209 3834 in
3239 3792 3374 3859 terra
3407 3795 3509 3831 non

1958 3915 2074 3959 sua,
2119 3870 2175 3946 et
2204 3893 2253 3944 in
2297 3872 2586 3944 servitutem
2637 3881 2862 3950 redigent
2913 3892 3015 3936 eos,
3059 3883 3104 3925 et
3162 3870 3392 3937 afﬂigent
3425 3882 3510 3920 eos

1958 3986 2344 4058 quadringentis
2379 3979 2551 4040 annis,
2584 3976 2684 4028 hoc
2723 3972 2786 4024 de
2813 3965 3004 4036 populo
3040 3961 3200 4016 Israel
3248 3961 3371 4027 quia
3395 3965 3510 4009 erat

1960 4054 2011 4132 in
2037 4078 2262 4146 .iiigypto
2289 4070 2603 4129 serviturus,
2628 4059 2967 4133 apertissime
2988 4054 3364 4124 prophetatum
3388 4056 3468 4101 est
3492 4065 3505 4098 τ

1963 4187 2064 4224 non
2096 4166 2236 4236 quod
2269 4164 2368 4218 sub
2395 4156 2663 4228 [Egyptiis
2689 4139 3088 4221 quadringentis
3135 4141 3285 4194 annis
3317 4139 3512 4191 servie-

1964 4261 2090 4321 rint,
2116 4227 2236 4310 'sed
2277 4251 2420 4320 quod
2461 4227 2562 4302 iste
2601 4254 2855 4298 numerus
2898 4237 2949 4289 in
2998 4233 3181 4288 eadem
3229 4227 3511 4281 amictione

2432 4339 2520 4410 qui
2548 4340 2887 4402 computatur
2925 4328 2989 4380 ab
3031 4323 3116 4378 illo
3143 4332 3379 4387 tempore
3406 4330 3511 4386 quo

1966 4439 2068 4492 ista
2099 4432 2325 4488 Abraha'
2358 4428 2762 4500 promittuntur.

2037 4524 2112 4579 Tu
2138 4532 2307 4578 autem
2334 4497 2430 4575 ibis
2458 4517 2524 4571 ad
2549 4525 2718 4586 patres
2751 4521 2866 4563 tuos
2911 4509 2964 4585 in
3005 4520 3128 4574 pare
3151 4544 3164 4565 ,
3192 4498 3422 4571 sepultus
3459 4497 3508 4549 in

1963 4622 2215 4670 senectute
2245 4611 2394 4666 bona.
2426 4604 2765 4662 Generatione
2791 4610 2962 4652 autem
2993 4604 3175 4667 quarta
3202 4599 3512 4644 revertentur

1965 4706 2082 4758 ltuc.
2132 4695 2395 4768 (Hieron.)
2430 4694 2536 4749 Cur
2563 4693 2703 4746 Deus
2731 4688 2960 4756 loquitur
2990 4685 3052 4735 ad
3080 4680 3274 4733 Abram
3302 4716 3315 4740 ,
3371 4675 3510 4744 quod

1963 4766 2150 4865 quarta
2196 4766 2445 4858 progenie
2472 4783 2564 4836 ﬁlii
2593 4779 2755 4834 Israel
2794 4784 2968 4830 essent
3003 4772 3065 4824 due
3111 4779 3249 4823 terra
3299 4766 3511 4836 {Egypti

1963 4857 2228 4936 reversuri
2263 4917 2276 4939 ,
2331 4883 2385 4928 et
2430 4881 2610 4942 postea
2638 4869 2840 4936 Moyses
2866 4861 3049 4916 scribit
3079 4878 3090 4911 :
3125 4857 3317 4922 Quinta
3344 4864 3511 4907 autent

1962 4968 2200 5040 progenie
2235 5005 2249 5029 ,
2297 4963 2393 5030 ﬁlii
2443 4957 2608 5013 Israel
2635 4954 2969 5009 ascenderunt
2999 4951 3062 5002 de
3091 4959 3226 5000 terra
3256 4943 3513 5012 Afgypti?

1967 5035 2158 5130 (tired.
2191 5053 2293 5122 ιιι.)
2334 5049 2484 5115 Quod
2537 5047 2719 5113 utique
2773 5043 2873 5096 nisi
2921 5047 3256 5109 exponatur,
3309 5035 3515 5087 videtur

1969 5162 2084 5202 esse
2130 5142 2473 5199 contrariutu.
2519 5134 2727 5205 Egressi
2763 5140 2888 5186 sunt
2914 5145 3043 5199 ergo
3078 5134 3267 5196 quarta
3297 5136 3514 5189 genera.

1969 5238 2110 5290 tione
2152 5233 2241 5284 ﬁlii
2281 5228 2437 5283 Israel
2469 5227 2534 5280 de
2561 5235 2705 5278 terra
2736 5221 2968 5291 Egypti.
3013 5215 3220 5284 Replica
3271 5207 3511 5279 genealo-

1969 5327 2106 5395 giam
2134 5321 2257 5376 Levi
2289 5338 2299 5372 :
2331 5317 2454 5371 Levi
2486 5314 2668 5385 genuit
2698 5313 2904 5374 Iiaath;
2948 5307 3116 5361 Kaath
3165 5300 3341 5372 genuit
3389 5297 3515 5349 Am.

1971 5430 2116 5477 ram;
2145 5412 2361 5464 Annam
2401 5407 2582 5475 genuit
2610 5404 2819 5464 Aaron;
2850 5402 3024 5453 Aaron
3055 5393 3233 5464 genuit
3259 5389 3510 5447 Eleazar;

1973 5507 2192 5562 Eleazar
2219 5500 2399 5570 genuit
2419 5498 2663 5550 Pltiuces.
2697 5493 2866 5548 Kaath
2899 5498 3072 5543 autem
3101 5498 3218 5538 cum
3243 5487 3394 5548 patre
3423 5489 3520 5528 suo

1973 5593 2094 5649 Levi
2131 5592 2400 5660 ingressus
2434 5595 2512 5642 est
2547 5583 2830 5652 Aigvptnm
2861 5621 2873 5642 .
2905 5590 3089 5632 rursus
3139 5570 3361 5627 Eleazar
3397 5577 3518 5620 cum
