3968 6336
414 242 529 315 sis

1096 247 1154 301 Β.
1193 249 1441 303 RABANI
1484 249 1699 305 MAURI
1736 249 2053 321 ARCZIIEP‘.
2097 249 2402 306 MOGUNT.
2443 252 2725 309 OPEBUM
2763 254 2937 310 PARS
2968 255 3006 311 l.

3549 260 3655 313 διι

425 344 585 426 patre
606 371 705 411 suo
730 355 907 412 Aaron
938 373 1183 428 egressus
1208 370 1293 414 est
1339 360 1405 413 ab
1448 359 1698 430 Egypto.
1736 360 1781 412 Δ
1808 358 1981 427 Kaatb
2010 364 2058 420 Α
2085 360 2337 432 deinceps
2366 382 2378 416 :
2409 362 2540 416 Ecce
2593 365 2667 441 ait
2712 365 2986 433 concepisti
3021 374 3067 417 et
3111 367 3282 434 paries
3313 367 3482 435 ﬁlium
3513 384 3532 420 :
3563 344 3697 426 το.)

425 458 596 519 usque
645 446 712 517 ad
746 446 973 502 Eleazar
1002 457 1386 516 computantur
1433 448 1804 519 generationes
1838 464 1989 521 Aqua-

429 545 572 600 tuor,
600 536 727 592 licet
754 537 970 607 quidam
998 537 1163 591 velint
1198 536 1268 591 ab
1294 537 1511 589 Amram
1540 537 1801 605 incipere,
1832 532 1887 591 et
1922 538 1991 592 ad

426 626 659 702 Pbinees
678 667 692 690 ,
728 636 790 682 ut
819 643 917 682 nos
944 628 1000 689 in
1029 626 1247 681 Eleazar
1268 625 1496 687 fecimus
1524 666 1539 691 ,
1576 627 1880 696 pervenire.
1931 627 1989 683 Si

428 732 557 772 vero
590 717 822 775 volueris
875 718 1073 787 dispari
1124 732 1348 787 numero
1394 708 1679 775 ostendere
1726 719 1993 787 quomodo

427 808 720 872 secundum
752 808 990 863 Exodum
1018 807 1203 877 quinta
1232 808 1578 878 generatione
1619 809 1823 879 egressi
1867 816 1994 863 sunt

427 895 524 949 ﬁlii
558 895 721 950 Israel
760 895 827 950 de
878 904 1021 950 terra
1074 882 1325 966 Egypli',
1362 895 1534 951 tribus
1569 896 1664 949 tibi
1689 894 1837 951 Judz
1859 897 1992 951 ordo

426 997 759 1042 numeretur.
818 984 954 1041 Juda
999 988 1183 1056 genuit
1254 986 1497 1052 Phares,
1550 986 1762 1041 Phares
1812 986 1993 1055 genuit

426 1077 628 1143 Esron;
656 1076 828 1132 Esron
851 1078 1033 1148 genuit
1050 1064 1249 1143 Aram;
1280 1061 1441 1130 Aram
1467 1073 1987 1147 genuitAminadab;

426 1168 725 1225 Aminadab
749 1168 933 1240 genuit
960 1168 1229 1233 Naasson;
1262 1166 1499 1222 Naasson
1529 1167 1712 1238 genuit
1745 1165 2003 1235 Salmon.

426 1262 632 1317 Phares
654 1277 775 1317 cum
804 1269 955 1331 patre
976 1251 1071 1333 suo
1098 1259 1231 1313 Iuda
1264 1260 1536 1327 ingressus
1559 1266 1655 1336 est.
1676 1256 1987 1327 Egyptum.

428 1352 667 1407 Naasson
691 1352 936 1421 princeps
961 1351 1133 1404 tribus
1166 1348 1298 1405 Juda
1328 1350 1382 1404 in
1411 1350 1622 1403 deserto
1646 1348 1989 1415 describitur,

424 1443 577 1511 cujus
607 1442 747 1496 ﬁlius
774 1442 992 1513 Salmon
1034 1450 1230 1497 terram
1258 1439 1686 1514 repromissionis
1718 1435 1985 1493 introivit.

421 1537 683 1606 Computa
711 1551 741 1590 a
775 1536 989 1597 Phares
1029 1550 1198 1606 usque
1241 1536 1310 1590 ad
1350 1534 1613 1599 Naasson,
1657 1542 1713 1589 et
1749 1534 1992 1589 invenies

424 1627 797 1696 generationes
820 1626 1059 1699 quinque
1087 1668 1101 1691 ,
1133 1626 1342 1682 tametsi
1371 1625 1633 1691 nonnulli,
1663 1633 1723 1680 ut
1765 1626 1819 1679 in
1847 1625 1990 1679 tribu

2050 484 2053 487 ι
2088 453 2328 522 cabisque
2364 460 2556 507 nomen
2594 454 2706 523 ejus
2737 452 2928 508 Ismael
2951 494 2965 517 ,
3002 472 3060 507 eo
3095 456 3235 525 quod
3278 460 3513 533 audierit
3537 458 3651 513 Do-

2088 542 2258 596 minus
2285 544 2607 613 aﬂlictionem
2630 554 2792 596 tuam.
2820 541 2920 596 Hic
2946 545 3043 597 erit
3072 544 3214 613 ferus
3244 547 3395 601 homo
3422 564 3443 603 :
3464 564 3652 605 manus

2088 634 2203 703 ejus
2238 643 2418 687 contra
2458 650 2652 697 omnes,
2689 643 2734 688 et
2769 651 2955 688 manus
2986 637 3223 707 omnium
3276 649 3457 693 contra
3486 658 3607 695 am
3631 682 3649 707 ,

2088 732 2134 777 et
2163 738 2191 775 e
2212 722 2416 792 regione
2452 724 2806 784 universorum
2838 712 3062 793 fratrum
3090 743 3305 779 suorum
3334 728 3455 797 ﬁget
3481 730 3653 784 taber-

2090 811 2296 865 nacula.
2322 801 2440 865 Alia
2467 812 2631 867 editio
2660 814 2731 867 ita
2754 814 2913 869 habet
2934 832 2947 867 :
2968 814 3069 869 Hie
3087 818 3183 870 erit
3212 818 3436 873 rusticus
3458 820 3613 874 homo
3630 838 3671 875 :‘

2087 916 2272 954 manus
2301 901 2415 969 ejus
2458 918 2613 972 super
2649 920 2848 968 omnes,
2896 914 2944 960 et
2992 922 3177 961 manus
3220 911 3450 963 omnium
3496 928 3653 980 super

2088 1004 2223 1053 eunt,
2251 999 2301 1045 et
2336 1002 2517 1045 contra
2546 992 2733 1061 faciem
2761 996 2988 1071 omnium
3024 996 3249 1065 fratrum
3298 1016 3513 1053 suorum
3556 1002 3654 1055 Iut-

2090 1078 2290 1135 bitabit.
2346 1081 2452 1138 Pro
2502 1084 2704 1139 rustico
2760 1086 2815 1139 in
2873 1085 3095 1141 Hebraeo
3149 1088 3409 1158 scriptum
3440 1091 3652 1154 habet,

2089 1170 2257 1239 phere
2288 1180 2439 1238 m9,
2491 1174 2632 1243 quod
2683 1175 3063 1244 interpretatur
3107 1194 3318 1246 onager.
3367 1177 3653 1247 Signiﬁcat

2092 1270 2269 1314 autem
2323 1276 2505 1317 semen
2534 1260 2650 1330 ejus
2676 1263 3039 1319 habitaturum
3067 1266 3120 1319 in
3146 1281 3327 1321 eremo
3355 1306 3370 1331 ,
3419 1268 3473 1322 id
3522 1278 3607 1321 est
3635 1309 3649 1330 ,

2092 1345 2389 1402 Saracenos
2418 1364 2580 1418 vagos
2605 1351 2933 1422 incertisque
2957 1352 3204 1421 sedibus,
3235 1355 3326 1424 qui
3375 1356 3654 1411 universas

2090 1440 2299 1509 gentes,
2325 1440 2521 1509 quibus
2545 1442 2811 1497 desertum
2838 1460 2900 1500 ea
2924 1444 3092 1501 latere
3106 1442 3349 1517 jungitur
3372 1446 3655 1502 incursan—

2090 1537 2209 1595 tes,
2246 1530 2629 1602 ilnpngnantur
2676 1533 2744 1588 ab
2784 1536 3050 1590 omnibus.
3084 1535 3305 1607 Mystice
3350 1545 3531 1591 autem
3572 1538 3653 1591 lite

2090 1617 2208 1674 duae
2228 1622 2479 1677 mulieres
2499 1621 2651 1678 Sarai
2678 1623 2924 1701 videlicet
2950 1634 3006 1681 et
3028 1626 3189 1696 Agar,
3207 1626 3311 1681 duo
3337 1635 3654 1682 testamenta

426 1716 553 1770 Levi
598 1718 934 1772 ostendimus
960 1757 973 1781 ,
1024 1717 1078 1771 in
1104 1717 1274 1774 Esmn
1315 1717 1525 1773 iniriam
1556 1717 1760 1774 faciant
1784 1758 1800 1783 ,
1843 1724 1897 1772 ει
1925 1716 1993 1771 ad
2020 1709 2067 1767 B
2090 1708 2515 1781 juxta-Apostoli
2546 1712 3042 1783 interpretationem
3095 1716 3419 1787 significant,
3448 1717 3552 1772 hoc
3574 1726 3651 1771 est

428 1807 644 1861 Salmon
674 1822 843 1876 usque
868 1808 1202 1876 perveniant.
1334 1860 1341 1865 ,

497 1896 565 1949 1η
600 1896 687 1949 die
716 1895 807 1949 illo
831 1897 1017 1965 pepigit
1042 1896 1294 1951 Dominus
1324 1896 1491 1964 [trdus
1518 1912 1635 1953 cum
1667 1897 1862 1950 Abram
1906 1896 1993 1949 di-

427 2003 544 2040 cens
577 2000 595 2037 :
622 1986 825 2042 Semini
846 1976 1095 2042 tuodabo
1122 1997 1315 2043 terram
1344 1989 1478 2042 hanc
1519 2005 1552 2041 α
1587 1989 1745 2058 ﬂuvio
1776 1986 1993 2057 τεθυριί

426 2095 588 2149 usque
637 2078 706 2135 ad
754 2080 945 2147 ﬂumen
996 2096 1239 2149 magnum
1271 2068 1609 2150 Euphraten.
1640 2078 1755 2134 Non
1789 2095 1920 2150 ergo
1959 2095 1991 2135 a

427 2167 644 2222 nurnine
690 2183 887 2239 magno
916 2168 1155 2239 Egypli,
1180 2169 1283 2224 hoe
1306 2176 1390 2226 est
1414 2166 1534 2223 Nilo
1556 2210 1571 2233 ,
1609 2169 1703 2224 sed
1742 2169 1810 2222 ab
1860 2183 1992 2224 arvo

426 2258 614 2311 dividit
642 2258 779 2312 inter
802 2258 1090 2329 Egyptum
1118 2270 1174 2312 et
1194 2257 1558 2324 Palmstillam,
1583 2256 1671 2313 ubi
1694 2264 1776 2312 est
1802 2256 1994 2313 civitas

428 2344 813 2401 Rhinocorura.
894 2390 899 2399 .
1284 2380 1321 2407 ο,

990 2435 1211 2494 CAPUT
1250 2438 1429 2494 XVIII.

428 2526 505 2581 De
526 2530 1054 2604 conjuttcliovagur
1077 2531 1280 2604 ancilla:
1305 2532 1464 2586 Sarai
1484 2532 1552 2585 ad
1573 2532 1768 2587 Abram
1794 2542 1844 2587 et
1866 2532 1992 2604 fuga

1027 2601 1187 2670 ipsius
1216 2600 1376 2672 Agar.

498 2706 649 2779 (Cu.
696 2708 831 2780 ιη.)
860 2708 1031 2779 Igitur
1052 2708 1207 2766 Sarai
1235 2722 1369 2764 uxor
1394 2705 1718 2767 Abram'non
1745 2723 1993 2783 genuerat

425 2787 537 2855 sibi.
566 2799 754 2867 liberos
780 2818 797 2855 :
829 2784 917 2855 sed
946 2801 1136 2855 habens
1162 2801 1409 2856 ancillam
1448 2801 1754 2873 Aiggptiam
1789 2805 1994 2858 nomine

430 2892 606 2959 Agar,
635 2889 767 2943 dixit
796 2890 986 2943 marito
1016 2907 1107 2945 suo
1139 2907 1157 2945 ι
1186 2889 1321 2944 Ecce
1348 2891 1599 2946 conclusit
1629 2909 1709 2947 me
1737 2893 1992 2949 Dominus

428 2996 493 3032 ne
520 2995 777 3049 parerem,
833 2980 1099 3049 ingredere
1140 2980 1209 3033 ad
1254 2979 1501 3034 ancillam
1533 2997 1723 3047 meam,
1768 2984 1813 3036 si
1858 2982 1993 3051 forte

426 3068 610 3123 saltem
636 3086 701 3127 sa:
727 3069 819 3123 illa
846 3071 1122 3139 suscipiam
1146 3069 1317 3139 ﬁlios.
1338 3068 1556 3144 (Albim)
1588 3070 1866 3137 Quomodo
1894 3073 1989 3128 de-

429 3161 666 3215 fenditur
684 3161 885 3216 Abram
908 3160 1156 3217 adulterii
1182 3175 1308 3216 reus
1333 3178 1439 3217 non
1461 3177 1601 3227 esse,
1625 3162 1749 3217 dum
1781 3163 1991 3218 vivente

430 3248 665 3319 legitima
696 3264 884 3315 uxore,
902 3249 1319 3318 coniunctus-est
1354 3250 1560 3306 ancilla:
1583 3266 1711 3317 suae,
1742 3252 1845 3305 nisi
1867 3252 1993 3321 quia

427 3343 651 3396 necdum
680 3341 1013 3412 promulgata
1041 3350 1124 3397 est
1151 3342 1309 3405 unius
1341 3343 1523 3399 uxoris
1546 3344 1849 3415 evangelica
1881 3336 1987 3401 lex.

428 3431 669 3487 Habebat
719 3447 934 3502 quoque
981 3435 1389 3502 promissionem
1422 3451 1451 3489 a
1481 3435 1708 3505 Domino
1742 3436 1992 3507 multipli-

426 3522 531 3574 cati
552 3522 771 3575 seminis
794 3522 897 3589 sui,
928 3523 1023 3579 sed
1050 3524 1276 3579 necdum
1314 3524 1521 3579 sciebat
1552 3541 1618 3579 ex
1649 3540 1754 3594 qua
1783 3540 1949 3580 uxore
1971 3565 1986 3590 ,

415 3612 548 3679 quia
576 3619 759 3680 postea
791 3610 992 3665 dictum
1029 3621 1113 3666 est
1162 3614 1212 3667 ei
1266 3615 1333 3671 de
1378 3612 1534 3667 Sarai
1576 3615 1775 3667 habere
1801 3612 1988 3667 lilium.

426 3698 562 3753 Nam
592 3707 873 3767 propterea
899 3701 977 3754 sic
1003 3701 1326 3770 propagandi
1376 3702 1597 3756 seminis
1626 3703 1869 3757 voluntas
1905 3703 1990 3772 pia

430 3787 551 3853 fuit,
577 3789 703 3857 quia
730 3788 1115 3843 concumbeudi
1148 3788 1393 3842 voluntas
1422 3788 1701 3844 libidinosa
1735 3804 1837 3844 non
1870 3788 1987 3843 fuit;

431 3878 611 3931 Etiam
636 3886 692 3932 et
720 3876 875 3933 Sarai
901 3876 1105 3947 prolem
1135 3869 1294 3946 quam
1343 3877 1409 3931 de
1447 3894 1503 3933 se
1540 3880 1737 3934 habere
1764 3896 1868 3933 non
1894 3894 1989 3948 po-

430 3968 549 4032 tuit,
580 3968 645 4022 de
685 3966 877 4022 ancilla
911 3968 1110 4021 habere
1137 3967 1323 4021 voluit.
1360 3964 1738 4022 COnsentiebat
1766 3978 1989 4038 uterque

429 4058 483 4122 in
512 4057 675 4121 facto,
698 4057 835 4126 quia
854 4050 1077 4127 uterque
1105 4057 1258 4112 Sarai
1293 4058 1528 4121 sterilem
1565 4072 1685 4115 esse
1712 4059 1934 4115 sciebat.

502 4146 605 4211 Qui
644 4149 902 4217 ingressus
932 4157 1005 4201 est
1041 4147 1107 4200 ad
1144 4164 1276 4202 eam.
1306 4148 1370 4202 At
1395 4148 1488 4201 illa
1518 4151 1807 4219 concepisse
1833 4167 1887 4203 se
1914 4152 1990 4205 vi-

430 4238 556 4299 dens
581 4278 596 4303 ,
641 4236 871 4307 despexit
908 4237 1172 4292 dominam
1235 4255 1404 4291 suam.
1450 4238 1693 4307 Dixitque
1729 4237 1889 4305 Surai
1920 4240 1989 4291 ad

2092 1800 2238 1871 Agar
2263 1801 2442 1876 legem.
2455 1811 2709 1869 veterem,
2739 1820 2856 1873 qua:
2886 1805 2939 1859 in
2968 1803 3245 1879 Synagoga
3289 1808 3550 1879 pupulum
3564 1806 3657 1862 Ju-

2092 1890 2307 1945 daicu‘m
2331 1892 2576 1961 servituti
2606 1894 2893 1949 obnoxium
2920 1898 3211 1953 nutriebat.
3246 1899 3400 1955 Sarai
3442 1915 3655 1970 quoque

2091 1982 2458 2051 evangelicum
2492 1985 2759 2055 gratiam,
2807 2002 2925 2055 qua:
2982 1990 3233 2058 populum
3288 1990 3651 2046 Christianum

2092 2072 2148 2127 in
2177 2073 2484 2129 libertatem
2531 2074 2655 2130 ﬁdei
2685 2074 2979 2146 generavit.
3016 2074 3349 2149 Multiplicati
3380 2091 3504 2135 sunt
3526 2096 3653 2152 ergo

2092 2158 2261 2217 iudici
2296 2161 2502 2217 ancilla:
2529 2162 2656 2231 lilii,
2684 2172 2738 2219 et
2766 2180 2872 2220 non
2902 2169 3321 2236 numerabantur
3364 2185 3475 2239 pra:
3520 2171 3653 2223 mal.

2093 2254 2321 2311 titudine
2340 2274 2363 2327 ,ε
2387 2255 2455 2311 de
2484 2257 2678 2326 quibus
2703 2272 2862 2328 supra
2892 2259 3148 2330 scriptum
3173 2269 3286 2327 est,
3312 2261 3455 2331 quod
3484 2263 3647 2317 instar

2095 2362 2271 2402 arente
2298 2349 2464 2404 maris
2490 2342 2926 2424 multiplicemur.
3036 2388 3039 2393 .
3138 2340 3143 2343 Χ
3203 2378 3213 2390 κ
3496 2341 3500 2344 ’

2164 2437 2267 2493 Hic
2294 2449 2368 2493 est
2399 2437 2543 2509 ferus
2572 2440 2725 2495 homo
2750 2448 2840 2506 ,_et
2870 2455 3057 2495 manus
3085 2443 3199 2512 ejus
3219 2451 3403 2521 contra
3433 2459 3608 2496 omnes
3636 2485 3649 2507 ,

2063 2544 2379 2615 'manusque
2408 2529 2637 2583 omnium
2673 2538 2852 2585 contra
2890 2547 3027 2596 eum,
3066 2541 3113 2584 et
3144 2547 3171 2587 e
3202 2533 3406 2601 regione
3450 2533 3653 2584 univer-

2092 2634 2270 2672 sorum
2296 2617 2520 2687 fratrum
2569 2635 2781 2672 suorum
2826 2619 2944 2690 ﬁget
2978 2621 3354 2687 tabernacula;
3386 2623 3509 2691 quia
3540 2623 3653 2691 ipse

2091 2709 2318 2780 populus
2346 2708 2624 2764 ferocitate
2650 2725 2744 2787 sua
2774 2708 2994 2765 aemulus
3024 2719 3105 2765 est
3131 2720 3186 2767 et
3210 2712 3511 2767 contrarius
3535 2727 3649 2771 on;-

2092 2800 2251 2877 nibus
2276 2799 2452 2865 bonis,
2491 2799 2723 2854 maxime
2752 2815 2875 2855 cum
2922 2798 3278 2855 Christianam
3307 2800 3516 2870 plebem
3542 2810 3649 2854 toto

2092 2890 2221 2945 orbe
2260 2889 2459 2944 invidia
2506 2888 2813 2944 stimulante
2849 2891 3190 2960 persequitur
3212 2930 3228 2955 ,
3254 2898 3308 2944 et
3335 2890 3490 2960 longe
3518 2889 3642 2944 late-

2094 2996 2199 3051 que
2249 2980 2522 3051 dispersus
2574 2979 3015 3047 circumvagando
3081 2981 3243 3053 at’que
3291 2980 3608 3050 negotiando
3632 3021 3648 3044 ,
3738 3016 3759 3028 κ

2016 3053 2062 3116 C
2094 3063 2315 3127 incertis
2342 3070 2563 3126 sedibus
2586 3085 2796 3139 semper
2817 3071 3077 3145 existens,
3100 3071 3347 3126 omnibus
3370 3071 3524 3127 oneri
3546 3080 3647 3126 est.

2094 3163 2220 3234 Legi
2252 3171 2431 3217 tamen
2472 3162 2527 3216 in
2570 3163 2799 3232 quodam
2828 3170 3054 3217 tractatu
3080 3203 3097 3227 ,
3128 3177 3226 3233 per
3251 3161 3407 3217 Sarai
3430 3160 3648 3218 usurem

2090 3253 2289 3307 Abram
2314 3292 2329 3317 ,
2364 3251 2662 3307 Ecclesiam
2706 3252 3033 3321 primitivam
3080 3252 3518 3320 interpretatum;
3557 3266 3651 3305 an-

2092 3338 2269 3395 cillam
2291 3346 2469 3395 autem
2513 3338 2818 3411 Egyptiam
2842 3338 3135 3407 Ecclesiam
3157 3352 3224 3393 ex
3244 3339 3508 3410 gentibus,
3532 3328 3660 3409 qua"

2090 3439 2371 3501 postquam
2396 3430 2706 3499 conceperit
2724 3418 2953 3483 verbum
2969 3428 3137 3505 .lidei,
3164 3418 3466 3497 despexerii
3494 3427 3652 3483 steri-

2091 3520 2295 3574 litatem
2324 3518 2617 3597 Synagogie
2641 3536 2655 3584 ;
2682 3519 2821 3587 quod
2859 3526 3035 3600 autem
3063 3518 3282 3589 angelus
3303 3518 3647 3593 admonueral

2093 3611 2237 3681 Agar
2280 3610 2454 3664 redire
2494 3610 2559 3663 ad
2606 3608 2875 3663 dominam
2913 3623 3063 3662 suam
3094 3608 3267 3671 Sarai,
3298 3617 3352 3662 et
3381 3607 3645 3662 humiliari

2094 3702 2192 3755 sub
2216 3699 2465 3753 manibus
2490 3698 2657 3767 ipsius
2680 3739 2696 3764 ,
2722 3697 3023 3767 signiﬁcare
3044 3740 3057 3760 ,
3084 3697 3429 3768 apostolicam
3451 3696 3637 3753 doctri-

2094 3807 2218 3845 nam
2259 3790 2618 3844 admonuisse
2643 3798 2826 3861 gentes
2854 3804 2920 3843 ne
2951 3787 3288 3858 superbirent
3324 3796 3512 3842 contra
3539 3779 3645 3840 ‘Ju-

2093 3880 2298 3934 daicam
2332 3879 2560 3948 plebem.
2595 3860 2745 3933 Unde
2776 3878 2906 3962 dicit
2933 3876 3255 3945 Apostolus:
3290 3860 3417 3928 Non
3454 3874 3647 3945 gloria-

2094 3969 2139 4021 ri
2176 3970 2421 4022 adversus
2456 3983 2648 4020 ramos.
2674 3966 2823 4033 Quod
2846 3967 2891 4020 si
2915 3976 2971 4019 tu
3000 3965 3264 4036 gloriaris,
3290 3977 3394 4017 non
3421 3964 3644 4017 radicem

2090 4064 2269 4129 po‘rtas
2295 4101 2310 4126 ,
2357 4060 2448 4114 sed
2484 4060 2637 4113 radix
2665 4070 2712 4114 te
2752 4058 2927 4129 (Rom.
2959 4059 3069 4131 x1);
3100 4068 3155 4114 et
3181 4060 3309 4115 item
3337 4075 3353 4114 :
3382 4058 3441 4115 Si
3467 4059 3605 4113 Deus
3625 4099 3640 4121 ,

2091 4138 2303 4221 inquit,
2334 4151 2659 4205 naturalibus
2686 4153 2842 4206 ramis
2868 4166 2969 4205 non
2997 4153 3241 4221 pepercit,
3282 4170 3342 4205 ne
3389 4152 3522 4221 forte
3552 4168 3643 4205 nec

2092 4241 2182 4295 tibi
2208 4249 2383 4311 parcet
2431 4241 2639 4311 (lbid.).
2670 4240 2769 4307 Qui
2818 4241 2960 4295 ferus
3017 4242 3179 4295 homo
3234 4241 3497 4296 indirecte
3539 4242 3644 4297 dici

432 4329 662 4385 Abram:
686 4326 874 4395 Inique
915 4327 1026 4396 agis
1068 4338 1247 4380 contra
1285 4342 1383 4381 me.
1426 4327 1535 4398 Ego
1576 4327 1696 4381 dedi
1741 4327 1987 4381 ancillam
2026 4410 2031 4411 γ
2094 4333 2282 4401 possit,
2314 4331 2454 4399 quod
2489 4339 2673 4411 contra
2698 4331 2964 4385 daemones
2988 4338 3042 4384 et
3060 4330 3338 4385 haereticos
3365 4340 3564 4402 pugnet
3589 4337 3644 4385 et

364 4482 370 4487 ,
430 4433 595 4481 mnam
635 4418 690 4477 in
726 4417 895 4469 sinum
937 4427 1079 4469 tuum
1113 4431 1130 4468 ε
1168 4434 1282 4487 qum
1305 4418 1480 4471 videns
1516 4418 1653 4487 quod
1680 4419 1985 4486 conceperit,
2015 4410 2065 4466 D
2092 4423 2235 4476 vitiis
2256 4422 2488 4475 resistat.
2519 4419 2625 4474 Sed
2646 4410 2756 4474 hmc
2780 4418 2996 4473 lectoris
3011 4419 3213 4489 judicio
3236 4418 3608 4499 relinquimus.

430 4506 690 4574 despecmi
731 4523 812 4561 me
836 4506 985 4559 habet
1011 4523 1027 4558 :
1046 4507 1241 4575 judicet
1272 4507 1524 4562 Dominus
1570 4508 1707 4559 inter
1733 4524 1811 4560 me
1839 4518 1885 4560 et
1915 4516 1981 4559 te.

389 4634 397 4647 ,
430 4593 528 4659 Cui
560 4595 871 4665 respondens
900 4594 1091 4646 Abram
1117 4608 1133 4645 :
1165 4595 1297 4648 Ecce
1321 4598 1392 4648 ait
1421 4596 1611 4649 ancilla
1634 4606 1725 4652 tua
1747 4598 1803 4649 in
1822 4613 1983 4659 manu

429 4697 520 4755 tua
551 4696 625 4740 est
650 4724 665 4748 ,
693 4693 836 4737 utere
857 4700 917 4736 ea
944 4694 995 4736 ut
1024 4682 1163 4761 libet.
1214 4684 1473 4753 Aﬁligente
1499 4684 1655 4752 igitur
1681 4700 1793 4737 eam
1827 4684 1985 4739 Sarai

350 4762 353 4763 ν
430 4781 609 4863 fugant
652 4777 786 4832 iniit.
834 4774 1065 4847 Cumque
1099 4776 1366 4829 invenisset
1395 4792 1507 4829 eam
1536 4777 1747 4843 angelus
1778 4776 1986 4831 Domini

427 4858 575 4947 iusta
602 4875 794 4944 fontem
816 4890 965 4943 aqua
997 4874 1050 4926 in
1079 4872 1387 4937 solitudine,
1427 4874 1515 4943 qui
1540 4882 1614 4926 est
1638 4871 1689 4925 in
1712 4874 1794 4926 via
1822 4874 1988 4927 Assur

430 4970 483 5029 in
510 4966 734 5029 deserto,
772 4965 904 5017 dixit
943 4964 1017 5034 ad
1059 4980 1172 5018 eam
1208 4976 1225 5015 :
1255 4965 1397 5033 Agar
1415 4963 1607 5016 ancilla
1636 4962 1817 5028 Sarai,
1849 4964 1985 5017 unde

429 5053 570 5117 venis
614 5061 662 5106 et
702 5068 802 5122 quo
854 5052 997 5106 vadis
1019 5050 1473 5120 ?~Consequenter
1516 5050 1767 5122 Egyptia
1809 5052 1861 5105 in
1901 5052 1983 5105 via

432 5147 601 5209 Assur
628 5156 796 5210 ,-qu:e
829 5153 925 5209 per
977 5156 1215 5194 eremum
1259 5142 1406 5195 ducit
1451 5142 1517 5196 ad
1556 5139 1867 5212 Egyptum,
1906 5143 1985 5196 ire

430 5235 723 5305 Egyptum
754 5226 1065 5295 festinabat,
1107 5231 1196 5285 ubi
1247 5248 1365 5286 eam
1401 5233 1621 5302 angelus
1650 5232 1859 5289 Domini
1905 5232 1984 5286 in—

429 5325 593 5381 venit.
630 5322 881 5390 Dixitque
921 5322 970 5373 ei
1015 5320 1234 5390 angelus
1262 5316 1509 5375 Domini:

502 5411 770 5465 Reuertere
787 5407 856 5463 ad
877 5407 1139 5461 dominam
1154 5418 1317 5473 tuam,
1341 5417 1388 5463 et
1408 5409 1685 5462 humiliore
1710 5408 1803 5462 sub
1822 5424 1981 5461 manu

429 5488 610 5567 ipsius.
641 5498 719 5554 Ει-
734 5512 944 5553 rursum
972 5512 987 5550 :
1013 5496 1389 5566 Hultiplicans,
1411 5498 1601 5568 inquit,
1631 5498 1980 5567 multiplicabo

432 5600 796 5655 sentsu‘tuum,
823 5596 871 5645 et
899 5602 999 5643 non
1024 5587 1374 5643 numerabitur
1392 5592 1500 5657 pra'
1531 5587 1870 5643 multitudine.
1902 5588 1977 5643 At:

2172 4510 2375 4564 Vocavit
2401 4520 2571 4566 autem
2600 4511 2745 4580 Agar
2764 4527 2946 4563 nomen
2968 4510 3197 4573 Domini,
3226 4512 3315 4579 qui
3340 4509 3643 4580 loquebatur
3722 4512 3725 4515 ’

2090 4604 2157 4657 ad
2178 4620 2311 4665 eam,
2347 4600 2423 4655 Tu
2444 4600 2613 4666 Deus,
2648 4602 2738 4672 qui
2768 4602 2937 4659 uidisti
2975 4617 3072 4654 me.
3120 4600 3268 4653 Dixit
3302 4600 3435 4653 enim
3463 4613 3482 4649 :
3509 4595 3642 4650 Pro-

2091 4692 2221 4760 fecto
2259 4693 2342 4745 hic
2388 4692 2489 4744 ridi
2518 4692 2804 4760 posteriora
2838 4689 3058 4743 videntis
3092 4706 3190 4743 me.
3220 4688 3383 4743 Recte
3402 4678 3531 4759 ergo
3554 4689 3638 4742 di-

2088 4792 2229 4837 ctum
2257 4790 2340 4837 est
2384 4780 2525 4850 quod
2558 4795 2748 4834 nomen
2795 4779 3003 4833 Domini
3034 4778 3325 4842 vocaverit,
3353 4776 3429 4830 Tu
3455 4777 3594 4831 Deus
3621 4818 3636 4841 ,

2085 4872 2173 4940 qui
2201 4872 2372 4925 vidisti
2402 4886 2502 4933 me,
2531 4870 2655 4937 quia
2692 4867 2924 4940 gratuito
2963 4882 3181 4940 munere
3204 4864 3443 4940 consulit
3481 4863 3640 4940 mise-

2072 4932 2169 5007 ris,
2195 4952 2259 4997 δι’
2288 4932 2604 4996 consolatur
2637 4932 2869 4992 hullllles
2896 4936 2949 4988 ill
2978 4936 3325 4991 tribulatione
3352 4948 3473 4989 sua.
3498 4932 3645 4989 Hinc

2068 5034 2351 5090 Psalmista
2370 5034 2443 5088 ait
2463 5050 2485 5099 :_
2503 5030 2604 5095 Tu,
2630 5030 2868 5093 Domine,
2889 5028 3119 5081 laborem
3140 5028 3305 5093 uides,
3328 5035 3379 5081 et
3401 5027 3641 5083 dolorem

2068 5128 2388 5182 consideras.
2427 5124 2543 5178 Tibi
2568 5125 2706 5177 enim
2737 5122 3013 5176 derelictus
3044 5127 3119 5174 est
3163 5135 3389 5191 pauper,
3435 5118 3640 5187 pupillo

2070 5229 2123 5273 tu
2151 5222 2253 5279 eris
2270 5216 2670 5288 adjutor(Psal.
2699 5215 2798 5274 ιι).
2832 5213 2896 5268 Et
2925 5194 3243 5284 illud,qliod
3264 5214 3636 5291 subsequitur,

2070 5312 2315 5381 Profecto
2343 5312 2425 5364 llic
2454 5310 2555 5365 vidi
2592 5310 2884 5379 posteriora
2918 5307 3137 5383 videntis
3168 5322 3271 5373 me,
3318 5306 3454 5361 bene
3483 5318 3637 5359 τοπι-

2066 5405 2210 5474 gruit
2243 5404 2317 5456 illi
2360 5402 2581 5456 dictibui
2623 5416 2740 5469 ullae
2766 5399 3021 5454 Dominus
3056 5402 3121 5453 ad
3157 5400 3379 5471 Moysen
3408 5399 3628 5453 lorutns

2066 5506 2171 5563 est,
2197 5511 2318 5551 cum
2344 5496 2678 5563 lnajestalem
2720 5508 2878 5548 suam
2928 5494 3027 5548 sibi
3055 5492 3269 5549 ostendi
3299 5499 3587 5562 rogaverat
3614 5507 3650 5542 :V

2069 5592 2190 5647 Non
2205 5593 2421 5659 poteris.
2442 5590 2635 5659 inquit,
2660 5588 3028 5655 riderefuciem
3048 5586 3281 5655 meamet
3300 5589 3485 5643 virere.
3511 5584 3629 5640 Non
