3968 6320
346 335 443 388 ηις)
1350 328 1696 387 ΟΟΜΜΕΝΤ.
1736 328 1799 382 IN
1840 328 1891 384 Ci

1991 329 2154 383 ESIM.
2196 359 2265 369 —
2305 323 2426 382 LIB.
2469 329 2528 383 ιι.

3449 338 3550 393 550

341 460 436 509 qus
460 457 571 513 qua!
608 436 873 516 manifeste
914 439 965 492 in
1006 449 1268 516 carneest
1309 439 1655 501 circumcisio,
1695 438 1785 491 sed
1808 439 1896 507 qui
1924 443 1972 500 Α
1999 451 2088 491 sos
2128 447 2181 491 et
2224 435 2435 491 illicitos
2475 437 2672 506 passim
2719 439 2911 506 pendet
2950 443 3259 510 amplexus,
3298 452 3456 516 atque
3499 449 3551 501 iu

340 529 393 583 in
424 525 622 593 occulto
646 513 864 577 J'udcus
894 533 968 578 est
987 564 1003 589 ,
1026 513 1414 590 circumcisione
1438 522 1608 576 cordis
1636 522 1689 575 in
1713 523 1897 590 spiritu

341 639 442 676 non
469 606 641 674 littera
669 606 694 691 ί
714 615 932 682 Rom-"
955 618 995 690 ).
1024 618 1139 675 Non
1170 620 1269 676 tibi
1298 618 1511 689 dignius
1534 617 1745 673 videtur
1773 618 1897 673 talis

340 709 685 768 circumcisio
719 709 942 764 dicenda
974 711 1026 765 in
1054 711 1253 766 sanctis
1280 717 1334 764 et
1363 709 1551 765 amicis
1575 709 1669 764 Dei
1689 750 1704 774 ,
1734 723 1894 779 quam

339 799 519 854 carnis
556 797 936 852 obtruncatio?
976 797 1078 852 Sed
1117 797 1379 851 sermonis
1421 797 1630 852 novitas
1669 796 1895 852 fortasse

341 903 450 942 non
491 886 662 941 solum
699 884 935 952 Iudaeos.
968 887 1060 942 sed
1090 886 1254 941 etiam
1285 885 1495 955 aliquos
1537 884 1760 941 fratrum
1800 903 1893 943 no-

341 989 576 1034 strorum
602 977 885 1032 deterreat.
914 975 1268 1047 lmpossibilia
1295 974 1436 1029 enim
1464 975 1672 1030 videtur
1695 977 1894 1033 Paulus

340 1082 686 1139 praesumere,
709 1064 799 1136 qui
823 1065 1283 1121 circumcisionem
1306 1065 1482 1120 cordis
1504 1065 1726 1121 inducit.
1758 1067 1896 1136 Quo-

341 1160 498 1214 modo
519 1158 660 1213 enim
685 1156 798 1213 fleri
819 1158 1053 1228 potuerit
1077 1167 1138 1210 nt
1159 1157 1570 1211 circumcidatur
1597 1158 1892 1212 membrum

340 1249 482 1318 quod
513 1248 739 1306 internis
766 1244 1061 1312 visceribus
1087 1244 1387 1310 obtectum,
1409 1246 1579 1302 etiam
1609 1262 1639 1300 a
1669 1241 1892 1316 Conspe-

339 1341 516 1398 ctibus
554 1341 685 1410 ipsis
720 1330 999 1392 hominum
1035 1331 1204 1389 latet?
1234 1332 1340 1390 Vos
1369 1343 1546 1390 autem
1571 1376 1585 1400 ,
1614 1352 1647 1390 ο
1671 1337 1895 1407 p0pnlus

342 1431 462 1496 Dei,
496 1441 549 1486 et
579 1429 804 1501 populus
835 1428 888 1483 in
916 1427 1319 1498 acquisitionem
1360 1428 1595 1494 electus,
1627 1429 1692 1483 ad
1734 1435 1893 1483 enar—

341 1523 536 1576 randas
563 1522 790 1576 virtutes
817 1519 1025 1576 Domini
1046 1562 1061 1587 ,
1093 1519 1342 1591 susc'pite
1370 1521 1582 1592 dignam
1611 1521 1892 1574 circumci-

337 1611 543 1667 sionem
585 1610 733 1664 verbi
773 1609 868 1664 Dei
897 1610 950 1664 in
980 1610 1196 1674 auribus
1226 1609 1448 1672 vestris,
1483 1617 1536 1664 et
1567 1609 1620 1663 in
1663 1609 1816 1664 labiis
1843 1618 1896 1663 et

340 1708 390 1760 iu
418 1703 608 1767 corde,
639 1709 694 1756 et
722 1701 773 1754 in
802 1702 1060 1772 prmputio
1080 1701 1266 1756 carnis
1295 1707 1515 1765 vestrae,
1548 1708 1601 1754 et
1633 1700 1685 1753 in
1716 1700 1891 1753 omni-

1997 543 2210 583 omnem
2242 527 2476 582 libidinis
2504 527 2765 595 gurgitem
2792 526 2961 582 fertur
2988 530 3228 596 infrenis,
3258 534 3357 590 iste
3390 537 3551 591 incir-
3590 590 3592 592 ,

1995 617 2264 671 cumcisus
2292 623 2373 670 est
2403 617 2661 685 prmputio
2690 617 2869 670 earn-is
2907 633 3034 673 sum.
3078 619 3273 674 Verum
3314 623 3550 680 Ecclesia

1993 703 2194 764 Christi
2241 704 2410 773 gratia
2450 703 2564 772 ejus
2605 706 2695 773 qui
2733 720 2831 774 pro
2859 721 2916 761 se
2945 708 3235 772 crucifixus
3270 720 3351 765 est
3391 715 3548 768 robo-

1994 803 2143 860 rata,
2175 810 2280 851 non
2321 795 2490 848 solum
2532 795 2598 850 ab
2640 795 2838 850 illicitis
2875 796 3228 868 nefandisque
3254 801 3544 862 cubilibus.

1992 897 2182 937 verum
2213 883 2374 936 etiam
2403 898 2433 936 a
2459 885 2726 940 concessis
2753 895 2807 941 et
2836 886 2996 942 licitis
3027 896 3321 958 temperat,
3350 899 3403 944 et
3433 901 3546 945 tan-

1993 987 2152 1041 quam
2196 971 2347 1042 virgo
2387 979 2582 1041 sponsa
2620 967 2857 1037 Christi,
2897 976 3058 1030 castis
3098 985 3148 1031 et
3199 977 3405 1047 pudicis
3443 980 3526 1032 vir

1994 1067 2210 1138 ginibus
2261 1066 2448 1130 ﬂoret,
2497 1067 2550 1120 in
2596 1067 2790 1136 quibus
2833 1083 2956 1123 vera
2998 1071 3333 1126 circumcisio
3373 1073 3553 1126 carnis

1993 1157 2237 1226 praeputii
2264 1157 2402 1210 facta
2429 1166 2542 1222 est,
2561 1167 2615 1213 et
2641 1173 2764 1213 vere
2788 1168 3162 1219 testamentum
3189 1163 3281 1216 Dei
3307 1171 3362 1216 ct
3387 1172 3551 1219 testa-

1995 1257 2230 1302 mentum
2255 1257 2512 1304 aeternum
2540 1250 2589 1303 in
2614 1264 2797 1304 eorum
2825 1265 2985 1305 carne
3009 1263 3268 1307 servatur.
3295 1254 3552 1322 Superest

1996 1338 2274 1407 designare
2302 1340 2465 1393 etiam
2496 1340 2957 1395 circumcisionem
2987 1342 3181 1395 cordis.
3229 1341 3283 1397 Si
3327 1345 3446 1412 quis
3473 1353 3555 1398 est

1996 1428 2084 1495 qui
2109 1429 2353 1483 obscenis
2377 1430 2658 1484 desideriis
2679 1437 2730 1484 et
2756 1430 2911 1486 fmdis
2939 1432 3314 1500 cupiditatibus
3339 1442 3556 1498 aestuat,

1996 1526 2050 1572 ct
2069 1560 2082 1582 ,
2109 1526 2162 1573 ut
2193 1519 2428 1574 breviter
2455 1520 2628 1575 dicam
2648 1559 2660 1583 ,
2692 1519 2779 1590 qui
2806 1521 3111 1574 mmehatur
3135 1522 3337 1585 corde,
3357 1522 3445 1576 hic
3471 1521 3552 1575 in-

1998 1609 2346 1665 cir‘cumcisus
2376 1620 2456 1664 est
2484 1612 2661 1666 corde.
2709 1611 2812 1665 Sed
2840 1619 2893 1664 et
2922 1610 3010 1678 qui
3052 1611 3338 1665 haereticos
3362 1626 3556 1666 sensus

1954 1708 2177 1760 ,meute
2229 1701 2455 1762 retinet,
2509 1707 2563 1754 et
2613 1701 2945 1769 blasphemas
2993 1701 3314 1754 assertiones
3367 1708 3550 1754 contra

341 1796 439 1849 l.us
478 1793 696 1847 omnino
737 1792 990 1847 membris
1028 1793 1258 1847 vestris.-
1286 1790 1627 1845 Circumcisa:
1662 1803 1893 1858 namque
1923 1785 1967 1840 Β
1996 1786 2274 1840 scientiam
2305 1786 2504 1840 Christi
2547 1787 2779 1856 disponit
2819 1787 2872 1840 in
2915 1790 3106 1854 corde,
3139 1789 3224 1842 hic
3266 1789 3555 1844 incircum-

341 1884 450 1937 sint
493 1896 650 1936 aures
679 1888 868 1936 vestra:
901 1881 1188 1936 secundum
1221 1881 1440 1937 verbum
1471 1879 1596 1946 Dei,
1626 1888 1685 1933 ut
1713 1895 1895 1933 vocem

341 1988 442 2028 non
475 1972 733 2044 recipiant
757 1971 1136 2034 obtrectantis,
1161 1977 1219 2024 ut
1248 1959 1489 2025 maledici
1521 1977 1576 2024 et
1601 1968 1892 2039 blasphemi

344 2064 499 2118 verba
539 2078 644 2117 non
674 2050 922 2126 audiant,
955 2061 1037 2116 vel
1080 2059 1226 2115 falsis
1255 2060 1717 2116 criminationibus
1747 2074 1895 2114 men-

342 2165 448 2210 tem
482 2138 585 2209 non
614 2152 952 2224 patefaciant.
997 2151 1312 2222 Oppilentur
1339 2162 1392 2207 et
1421 2153 1617 2207 clausa:
1656 2152 1793 2216 sint,
1828 2165 1894 2205 ne

337 2244 595 2312 judicium
637 2243 906 2314 sanguinis
950 2243 1202 2308 audiant,
1233 2251 1324 2296 aut
1365 2241 1645 2312 impudicis
1672 2241 1894 2295 canticis

339 2345 394 2389 et
433 2319 783 2389 theatralibus
827 2335 973 2387 sonis
1001 2340 1233 2412 pateant.
1269 2331 1411 2386 Nihil
1436 2333 1725 2386 obscenum
1755 2331 1891 2384 reci-

335 2425 523 2494 piant;
559 2424 651 2478 sed
683 2421 750 2476 ab
775 2423 920 2478 omni
963 2438 1121 2477 scena
1152 2422 1505 2493 corruptionis
1536 2435 1737 2488 aversae
1766 2420 1888 2474 sint.

340 2512 464 2566 llaec
493 2521 574 2565 est
603 2512 938 2566 circumcisio
969 2526 1070 2580 qua
1092 2511 1327 2566 Ecclesia
1351 2509 1551 2565 Christi
1583 2524 1738 2564 aures
1762 2524 1889 2563 suo-

341 2615 457 2653 rum
499 2600 833 2655 circumcidit
855 2593 1135 2653 infantum.
1167 2600 1313 2664 lstze,
1347 2601 1538 2662 credo,
1569 2605 1691 2653 sunt
1734 2611 1892 2651 aures

339 2705 474 2759 quas
501 2690 552 2742 in
579 2687 1046 2746 auditoribuslsuis
1067 2689 1322 2743 Dominus
1346 2689 1650 2757 requirebat
1677 2687 1886 2741 dicens:

342 2781 445 2846 Qui
485 2780 634 2833 liabet
680 2795 831 2833 aures
867 2779 1148 2841 audiendi,
1191 2779 1371 2835 audiat
1403 2778 1571 2849 (Luc.
1605 2794 1695 2832 vm
1791 2777 1892 2832 Ne-

342 2884 429 2924 mo
467 2871 609 2924 enim
653 2877 828 2938 potest
856 2869 1242 2922 incircumcisis
1272 2868 1488 2921 adribus
1526 2875 1580 2920 et
1609 2866 1892 2920 immundis

340 2960 536 3012 munda
581 2957 740 3011 verba
781 2958 1054 3027 sapientia:
1093 2966 1146 3011 et
1186 2957 1426 3012 veritatis
1465 2957 1668 3010 audire.
1700 2956 1892 3032 Venia-3

341 3065 460 3103 mus
480 3090 494 3112 ,
521 3049 563 3102 si
593 3048 780 3111 vultis,
807 3057 860 3102 et
886 3047 949 3100 ad
981 3048 1242 3102 labiorum
1272 3047 1748 3101 circumcisionem.
1781 3047 1888 3116 Ego

2000 1874 2143 1927 cisus
2171 1882 2253 1928 est
2285 1875 2461 1928 corde.
2505 1874 2604 1939 Qui
2639 1890 2765 1928 vero
2789 1890 2975 1945 puram
3007 1876 3162 1930 fidem
3192 1877 3246 1930 in
3277 1879 3554 1932 conscicn-

2001 1965 2086 2018 tice
2115 1966 2418 2019 sinceritate
2446 1967 2708 2030 custodit,
2757 1967 2856 2021 iste
2884 1968 3231 2024 circumcisus
3257 1977 3339 2024 est
3362 1970 3548 2031 corde.

1997 2055 2061 2108 de
2091 2070 2196 2123 quo
2225 2055 2326 2109 dici
2355 2062 2560 2122 potest:
2586 2055 2732 2108 Beati
2759 2056 2948 2110 mundo
2977 2058 3148 2122 corde,
3175 2061 3418 2128 quoniam
3448 2063 3546 2129 ipsi

1995 2143 2159 2195 Deum
2190 2143 2425 2196 videbunt
2458 2143 2476 2214 (
2501 2144 2690 2196 Matth.
2721 2160 2752 2196 v
2773 2144 2811 2215 ).
2846 2145 2957 2215 Ego
2999 2161 3124 2212 vero
3164 2149 3334 2202 audeo
3361 2132 3452 2204 ex,
3480 2151 3552 2204 si-

1996 2234 2139 2298 mili,
2184 2235 2343 2288 etiam
2383 2235 2499 2289 haec
2540 2236 2867 2304 propheticis
2905 2237 3123 2292 vocibus
3162 2238 3386 2302 addere,
3427 2241 3555 2308 quia

1994 2324 2134 2377 sicut
2160 2332 2368 2391 Oportet
2398 2323 2616 2378 auribus
2642 2333 2696 2378 et
2726 2324 2882 2380 labiis
2908 2332 2961 2379 et
2989 2325 3178 2390 corde,
3210 2329 3388 2383 carnis
3417 2345 3554 2398 pne-

1995 2413 2143 2482 putio
2172 2415 2462 2467 secundum
2490 2428 2552 2468 ea
2581 2429 2699 2482 quae
2739 2429 2898 2484 supra
2937 2415 3167 2472 diximus
3208 2419 3550 2485 circumcidi,

1996 2494 2066 2556 ita
2113 2501 2356 2557 fortassis
2404 2511 2458 2556 et
2507 2519 2694 2558 manus
2743 2512 2939 2559 nostra
2985 2506 3225 2575 indigent
3272 2510 3551 2564 circumci-

1994 2595 2168 2659 sione,
2209 2602 2262 2649 et
2299 2595 2491 2664 pedes,
2536 2602 2589 2648 et
2620 2595 2808 2659 visus,
2838 2603 2891 2649 et
2929 2597 3182 2651 odoratus
3205 2638 3218 2662 ,
3261 2608 3315 2652 et
3355 2608 3546 2655 tactus.

1996 2685 2064 2743 Ut
2124 2685 2267 2741 cnim
2323 2685 2594 2754 perfectus
2653 2685 2723 2740 sit
2791 2686 2949 2741 homo
2995 2687 3090 2742 Dei
3148 2689 3203 2754 in
3271 2691 3544 2755 omnibus,

1994 2790 2190 2834 cuncta
2213 2780 2638 2836 circumcidenda
2666 2787 2788 2833 sunt
2812 2780 3048 2833 membra
3075 2799 3086 2832 :
3121 2796 3310 2836 manus
3334 2783 3552 2851 quidem

1993 2883 2023 2920 τι
2056 2868 2278 2937 rapinis,
2309 2883 2338 2921 a
2370 2867 2549 2931 furtis,
2577 2882 2640 2923 ac
2663 2867 2914 2931 caedibus,
2945 2877 2998 2922 et
3027 2869 3093 2923 ad
3122 2869 3234 2924 sola
3261 2885 3420 2939 opera
3449 2872 3541 2925 Dei

1993 2959 2305 3029 pandenda.
2331 2957 2754 3012 Circumcidendi
2777 2967 2900 3012 sunt
2920 2960 3101 3027 pedes,
3127 2975 3193 3014 ne
3215 2962 3423 3016 veloces
3443 2965 3552 3017 sint

1997 3052 2063 3105 ad
2095 3050 2470 3105 effundendum
2501 3049 2814 3119 sanguinem
2836 3090 2849 3112 ,
2880 3058 2933 3103 et
2962 3066 3026 3104 ne
3058 3051 3258 3105 intrent
3285 3053 3338 3106 in
3367 3054 3547 3108 conci-

338 3145 467 3204 puto
496 3137 633 3206 quod
665 3136 1068 3192 incircumcisus
1099 3136 1167 3190 sit
1192 3135 1362 3199 labiis,
1396 3135 1482 3202 qui
1515 3135 1744 3188 nondum
1775 3150 1891 3188 ces-
1919 3123 1962 3184 C
1995 3141 2123 3194 lium
2151 3140 2583 3210 malignantium,
2612 3141 2705 3194 sed
2733 3148 2789 3194 ut
2818 3149 3018 3195 tantum
3047 3157 3144 3210 pro
3171 3144 3434 3200 niandaus
3458 3143 3547 3200 Dei

337 3229 477 3282 savit
500 3245 528 3282 a
551 3227 898 3297 stultiloquio,
924 3244 951 3281 a
977 3229 1320 3292 scurrilitate,
1345 3230 1430 3298 qui
1460 3225 1613 3283 bonis
1640 3227 1886 3300 derogat,

340 3317 430 3384 qui
459 3316 776 3370 criminatur
802 3317 1104 3384 proximos,
1136 3319 1223 3397 qui
1255 3318 1374 3372 lites
1405 3318 1656 3388 instigat,
1684 3321 1772 3388 qui
1802 3335 1890 3373 ca-

339 3407 568 3460 lumnias
605 3415 816 3469 movet,
859 3405 1184 3475 qui-fratres
1213 3409 1352 3462 inter
1379 3422 1435 3463 se
1462 3407 1594 3462 falsa
1627 3409 1889 3478 loquendo

343 3495 662 3560 committit,
694 3496 786 3565 qui
825 3510 960 3549 vana
1000 3503 1051 3549 et
1094 3496 1271 3566 inepta
1291 3491 1307 3561 ,‘
1335 3498 1606 3559 saacularia
1635 3508 1687 3552 et
1716 3500 1887 3567 impu-

342 3585 493 3649 dica,
538 3585 712 3655 turpia
752 3593 806 3639 et
839 3585 1120 3654 injuriosa,
1163 3593 1439 3653 proterva,
1469 3585 1806 3656 blasphema,
1837 3596 1892 3642 et

340 3684 532 3729 caetera
558 3689 676 3744 qua
699 3675 911 3746 indigna
938 3685 1062 3730 sunt
1083 3675 1388 3731 Christiano
1409 3718 1422 3740 ,
1449 3677 1798 3746 proloquitur.
1833 3675 1896 3733 Si

340 3767 462 3836 quis
488 3782 615 3822 vero
642 3767 709 3821 ab
739 3768 822 3822 his
853 3768 1104 3822 omnibus
1131 3767 1368 3822 continet
1405 3783 1467 3822 os
1505 3783 1690 3833 suum,
1721 3777 1776 3822 et
1813 3769 1892 3822 di-

337 3857 520 3927 sponit
558 3869 831 3911 sermones
870 3872 994 3911 suos
1033 3857 1085 3909 in
1119 3855 1350 3923 judicio,
1381 3859 1760 3912 verbositatem
1802 3875 1890 3913 re-

341 3945 557 4016 primit,
609 3946 859 4015 linguam.
884 3953 1175 4014 temperat,
1215 3946 1374 4000 verba
1421 3947 1752 4013 moderatur,
1792 3949 1891 4006 istc

341 4037 536 4092 merito
563 4036 910 4091 circumcisus
935 4037 1090 4090 labiis
1121 4036 1331 4090 dicitur.
1367 4035 1469 4090 Sed
1499 4045 1553 4091 et
1579 4038 1667 4105 qui
1700 4038 1891 4106 iniqui-

344 4137 504 4183 tatem
532 4128 582 4182 in
609 4127 874 4183 excelsum
901 4127 1204 4195 loquuntur,
1226 4136 1281 4181 et
1308 4129 1595 4182 extendunt
1619 4129 1671 4182 in
1698 4129 1888 4182 caelum

342 4218 574 4289 linguam
615 4233 766 4272 suam
810 4219 950 4272 sicut
993 4219 1229 4272 haeretici
1261 4218 1494 4283 faciunt,
1529 4219 1888 4274 incircumcisi

341 4317 395 4361 et
423 4307 678 4361 immundi
706 4306 861 4360 labiis
887 4307 1094 4361 dicendi
1127 4316 1266 4361 sunt.
1299 4306 1655 4363 Circumcisus
1682 4324 1810 4364 vero
1836 4318 1890 4364 et

342 4395 588 4458 mundus,
619 4395 709 4464 qui
740 4409 948 4464 semper
975 4397 1192 4449 verbum
1224 4396 1316 4449 Dei
1349 4396 1596 4465 loquitur,
1624 4405 1677 4451 et
1703 4384 1886 4452 sabam

345 4484 990 4554 doctrinam‘evangelicis
1021 4492 1075 4539 et
1105 4484 1412 4553 apostolicis
1442 4486 1698 4540 munitam
1727 4502 1884 4557 regu-

342 4574 408 4627 lis
435 4573 653 4642 profert.
688 4573 809 4628 .lloc
847 4589 972 4644 ergo
1004 4575 1159 4630 modo
1185 4583 1240 4628 et
1267 4575 1600 4630 circumcisio
1627 4577 1889 4634 labiorum

342 4665 500 4717 datur
529 4665 580 4717 in
612 4664 846 4731 Ecclesia
881 4665 992 4718 Dei.
1025 4663 1330 4720 Nuncvero
1369 4666 1656 4719 secundum
1686 4667 1890 4734 pollici-

347 4756 599 4810 tationem
639 4766 876 4810 nostram
898 4796 912 4819 ,
945 4756 1175 4824 qualiter
1201 4757 1364 4811 etiam
1398 4757 1576 4810 carnis
1604 4757 1888 4810 circumci-

345 4848 426 4902 sio
455 4847 650 4916 suscipi
679 4847 897 4912 debeat,
929 4848 1214 4901 videamus.
1249 4847 1538 4900 Membrum
1570 4846 1670 4900 hoc
1700 4847 1752 4898 in
1783 4861 1889 4915 quo

346 4937 659 5006 praeputium
700 4937 908 4991 videtur
943 4950 1094 5001 esse,
1122 4934 1309 4990 ciliciis
1349 4934 1682 4989 naturalibus
1720 4935 1890 4990 coitus

347 5037 400 5080 ct
427 5027 783 5096 generationis
813 5025 1082 5079 deservire
1106 5065 1121 5089 ,
1152 5039 1312 5078 nemo
1336 5010 1419 5077 est
1445 5023 1534 5092 qui
1573 5024 1796 5078 dubitet.
1832 5023 1889 5077 Si

345 5113 465 5182 quis
505 5113 666 5182 igitur
706 5127 828 5182 erga
869 5111 1230 5179 hujuscemodi
1273 5119 1446 5166 motus
1485 5127 1590 5166 non
1629 5112 1888 5181 importu-

348 5218 448 5256 nus
475 5203 671 5256 existat
690 5244 704 5266 ,
739 5218 836 5257 nec
868 5211 1096 5257 statutos
1128 5203 1337 5272 legibus.
1360 5203 1615 5257 terminos
1640 5212 1887 5270 superet,

348 5306 448 5346 nec
475 5291 631 5344 aliam
675 5292 924 5346 feminam
964 5309 1123 5361 quam
1165 5294 1438 5363 conjugem
1483 5292 1768 5361 legitimam
1800 5308 1892 5347 no-

348 5383 516 5444 verit,
560 5389 616 5434 et
657 5396 753 5435 nec
787 5396 995 5449 quoque
1036 5383 1148 5451 ipsa
1174 5383 1276 5437 nisi
1307 5382 1629 5452 posteritatis
1659 5390 1892 5434 tantum-

350 5470 508 5524 modo
553 5485 712 5525 causa
763 5472 925 5525 certis
970 5481 1023 5525 et
1075 5472 1334 5542 legitimis
1366 5473 1691 5542 temporibus
1734 5482 1891 5540 agat,

351 5559 451 5614 iste
489 5559 832 5614 circumcisus
868 5560 1128 5629 pxrputio
1151 5562 1329 5615 carnis
1351 5575 1460 5615 sum
1501 5561 1754 5614 dicendus
1789 5569 1892 5614 est.

351 5647 451 5713 Qui
482 5664 606 5704 vero
635 5649 687 5703 in
713 5664 923 5704 omnem
957 5649 1227 5704 lasciviam
1257 5651 1496 5717 proruit,
1525 5659 1576 5704 et
1602 5666 1698 5721 per
1724 5651 1895 5707 diver-

1912 4449 1964 4507 D

1993 3231 2343 3285 circumeant.
2385 3230 2811 3289 Circumcidatur
2848 3241 2901 3286 et
2934 3231 3150 3297 oculus,
3183 3249 3250 3288 ne
3289 3237 3546 3305 concupi-

1991 3334 2106 3382 scat
2143 3326 2374 3380 alienum
2399 3367 2416 3390 ,
2447 3343 2513 3381 ne
2543 3327 2721 3380 videat
2749 3325 2814 3378 ad
2844 3327 3324 3394 concupiscendam
3356 3327 3546 3381 mulie-

1992 3433 2123 3471 rem.
2158 3416 2322 3485 Cujus
2349 3418 2488 3471 enim
2531 3419 2672 3470 circa
2715 3416 3032 3470 feminarum
3077 3416 3274 3470 formas
3317 3416 3547 3472 lascivus

1990 3516 2043 3561 et
2068 3507 2313 3560 curiosus
2339 3508 2558 3560 oberrat
2587 3515 2834 3575 aspectus
2853 3546 2866 3569 ,
2900 3505 2998 3559 iste
3027 3505 3436 3560 incircumcisus
3464 3515 3548 3559 est

1989 3596 2172 3650 oculis.
2205 3595 2309 3650 Sed
2338 3603 2391 3650 et
2420 3598 2463 3649 si
2493 3597 2614 3664 quis
2650 3604 2765 3660 est,
2807 3595 2899 3664 qui
2940 3595 3052 3649 sive
3080 3595 3398 3658 manducet,
3430 3597 3547 3650 sive

1989 3685 2168 3750 bibat,
2216 3685 2352 3738 sicut
2395 3684 2682 3753 Apostolus
2726 3685 3009 3753 praecepit,
3061 3685 3128 3738 ad
3176 3685 3400 3753 gloriam
3449 3687 3550 3741 Dei

1988 3776 2276 3829 manducet
2304 3782 2358 3828 et
2383 3775 2532 3828 bibat
2565 3774 2583 3844 (
2606 3773 2634 3826 I
2666 3773 2788 3828 Cor.
2817 3790 2849 3827 ι
2871 3774 2889 3842 )
2911 3813 2926 3839 ,
2961 3775 3060 3829 iste
3087 3775 3438 3831 circumcisus
3464 3786 3550 3832 est

1991 3864 2166 3933 gustu.
2197 3864 2360 3932 Cujus
2389 3865 2529 3918 Deus
2559 3874 2746 3919 venter
2785 3874 2894 3928 est,
2939 3873 2993 3917 et
3028 3867 3379 3922 suavitatibus
3415 3870 3552 3937 gular

1993 3955 2256 4017 deservit,
2298 3955 2455 4023 hujus
2496 3944 2925 4008 incircumcisum
2953 3954 3177 4008 dixerim
3217 3965 3448 4026 gustum.
3491 3959 3551 4014 Si

1923 4113 1927 4119 ἡ
1990 4045 2110 4112 quis
2155 4042 2350 4097 Christi
2402 4044 2619 4098 odorem
2664 4043 2862 4097 bonum
2905 4044 3075 4111 capit,
3115 4054 3166 4098 et
3205 4046 3256 4098 in
3299 4049 3551 4115 Operibus

1994 4132 2372 4187 misericordia:
2398 4133 2615 4186 odorem
2645 4133 2925 4188 suavitatis
2968 4135 3221 4201 requirit,
3258 4135 3416 4202 bujus
3445 4139 3550 4192 eir-

1990 4221 2223 4275 cumcisa
2250 4227 2333 4274 est
2360 4221 2619 4275 odoratio.
2651 4219 2750 4285 Qui
2779 4235 2910 4273 vero
2935 4220 3123 4289 primis
3153 4224 3439 4291 unguentis
3462 4224 3544 4280 de-

1990 4309 2187 4363 libutus
2224 4300 2459 4374 incedit,
2504 4309 2604 4362 iste
2649 4309 3057 4362 incircumcisus
3101 4309 3323 4363 odoratu
3367 4311 3546 4386 dicen-

1991 4400 2090 4454 dus
2129 4407 2227 4453 est.
2276 4399 2383 4453 Sed
2420 4406 2476 4454 et
2513 4399 2720 4469 singula
2757 4411 2980 4466 qumque
3020 4399 3380 4453 membrorum
3415 4402 3461 4454 si
3491 4403 3546 4455 in

1992 4491 2179 4546 ofltciis
2218 4489 2589 4544 mandatorum
2621 4489 2714 4543 Dei
2745 4489 3081 4554 deserviant,
3125 4491 3440 4545 circumcisa
3471 4493 3549 4546 di-

1992 4583 2160 4637 cenda
2194 4587 2335 4636 sunt.
2369 4578 2428 4634 Si
2457 4595 2585 4634 vero
2615 4580 2750 4633 ultra
2786 4580 3127 4650 praescriptas
3158 4580 3256 4634 sibi
3288 4581 3551 4636 divinitus

1991 4671 2324 4723 luxuriantur
2351 4668 2526 4738 leges,
2560 4668 2929 4721 incircumcisa
2963 4669 3250 4736 reputanda
3285 4679 3426 4722 sunt.

2563 4774 2784 4829 CAPUT
2824 4775 2961 4828 XXI.

1994 4869 2090 4923 ι’ϋὶ
2117 4881 2215 4921 tres
2241 4869 2334 4921 viri
2359 4877 2705 4935 apparuerunt
2729 4867 2945 4918 Alma/nr
2967 4867 3021 4917 in
3042 4864 3268 4935 convalle
3289 4863 3547 4930 Humbre,

2301 4933 2496 4989 sedenti
2541 4940 2591 4988 in
2621 4936 2749 4986 ostio
2779 4933 3095 4985 tabernaculi
3126 4936 3227 4986 sui.

2061 5024 2228 5095 (Cn.
2259 5039 2410 5077 ινιιι.
2435 5023 2452 5090 )
2492 5023 2742 5090 Apparuit
2783 5029 2951 5071 autem
2982 5022 3027 5071 ei
3059 5019 3307 5072 Dominus
3337 5021 3390 5073 in
3418 5037 3548 5073 con-

1990 5113 2121 5166 valle
2151 5111 2382 5163 Mambre
2400 5149 2414 5172 ,
2444 5109 2637 5162 sedenti
2664 5108 2715 5158 in
2744 5108 2871 5159 ostio
2901 5105 3217 5160 tabernaculi
3245 5107 3327 5160 sui
3356 5108 3411 5159 in
3437 5108 3549 5175 ipso

1992 5202 2189 5270 fervore
2228 5199 2349 5251 diei.
2395 5197 2623 5267 Cumque
2663 5197 2905 5250 elevassct
2946 5197 3157 5262 oculos,
3194 5207 3547 5267 apparuerunt

1991 5297 2036 5346 ei
2066 5302 2165 5344 tres
2200 5290 2296 5343 viri
2319 5298 2508 5342 stantes
2541 5305 2695 5356 prope
2723 5305 2858 5341 eum.
2892 5287 3032 5352 Quos
3059 5305 3172 5340 cum
3199 5288 3431 5352 vidisset,
3460 5304 3546 5344 cu-

1992 5381 2151 5434 currit
2181 5381 2233 5431 in
2265 5393 2528 5430 occursum
2560 5393 2736 5429 eorum
2767 5377 2828 5429 de
2855 5376 2983 5430 osiio
3012 5376 3326 5429 tabernaculi
3354 5376 3466 5436 sui,
3492 5385 3539 5427 et

1991 5469 2220 5523 adorauit
2247 5467 2455 5520 interra
2484 5474 2531 5518 et
2551 5465 2713 5518 dixit:
2735 5464 3026 5528 Domine,si
3048 5463 3214 5516 iuveni
3240 5462 3461 5530 gratiam
3490 5463 3544 5514 in

1991 5559 2153 5613 oculis
2179 5557 2301 5619 tuis,
2346 5571 2407 5609 ne
2442 5563 2678 5608 transeas
2718 5570 2917 5607 servum
2964 5563 3147 5615 tuum;
3190 5551 3278 5604 sed
3320 5551 3540 5618 aﬁ‘cram

1988 5645 2277 5720 pauxillum
2309 5661 2482 5714 aqum,
2511 5653 2556 5698 et
2584 5641 2820 5697 laventur
2850 5641 2998 5708 [cdes
3031 5639 3212 5704 vestri;
3239 5647 3298 5709 _ct
3341 5652 3546 5704 “un-
