  <div class='ocr_page' id='page_1' title='image "/cluster/home/n/w/nwhite01/storage/ocr_20150623/107/uva.x000827064/281.png"; bbox 0 0 3968 6340; ppageno 0'>
   <div class='ocr_carea' id='block_1_1' title="bbox 481 318 500 348">
    <p class='ocr_par' dir='ltr' id='par_1_1' title="bbox 481 318 500 348">
     <span class='ocr_line' id='line_1_1' title="bbox 481 318 500 348; baseline 0 0"><span class='ocrx_word' id='word_1_1' title='bbox 481 318 500 348; x_wconf 62' lang='grc' dir='ltr'>ιε</span> 
     </span>
    </p>
   </div>
   <div class='ocr_carea' id='block_1_2' title="bbox 485 500 2052 586">
    <p class='ocr_par' dir='ltr' id='par_1_2' title="bbox 485 500 2052 586">
     <span class='ocr_line' id='line_1_2' title="bbox 485 500 2052 586; baseline -0.013 -15"><span class='ocrx_word' id='word_1_2' title='bbox 485 515 628 586; x_wconf 87' lang='lat' dir='ltr'><strong>quod</strong></span> <span class='ocrx_word' id='word_1_3' title='bbox 669 513 941 566; x_wconf 80' lang='lat' dir='ltr'><strong>Abraham</strong></span> <span class='ocrx_word' id='word_1_4' title='bbox 986 508 1247 578; x_wconf 78' lang='lat' dir='ltr'><strong>triplicem</strong></span> <span class='ocrx_word' id='word_1_5' title='bbox 1292 505 1486 560; x_wconf 90' lang='lat' dir='ltr'><strong>habeat</strong></span> <span class='ocrx_word' id='word_1_6' title='bbox 1515 501 1737 571; x_wconf 88' lang='lat' dir='ltr'><strong>ﬁguram</strong></span> <span class='ocrx_word' id='word_1_7' title='bbox 1771 500 1824 552; x_wconf 89' lang='lat' dir='ltr'><strong>in</strong></span> <span class='ocrx_word' id='word_1_8' title='bbox 1857 506 2052 552; x_wconf 86' lang='lat' dir='ltr'><strong>semet-</strong></span> 
     </span>
    </p>
   </div>
   <div class='ocr_carea' id='block_1_3' title="bbox 485 585 2050 675">
    <p class='ocr_par' dir='ltr' id='par_1_3' title="bbox 485 585 2050 675">
     <span class='ocr_line' id='line_1_3' title="bbox 485 585 2050 675; baseline -0.012 -17"><span class='ocrx_word' id='word_1_9' title='bbox 485 585 622 675; x_wconf 86' lang='lat' dir='ltr'><strong>ipso.</strong></span> <span class='ocrx_word' id='word_1_10' title='bbox 672 601 910 655; x_wconf 85' lang='lat' dir='ltr'><strong>Primum</strong></span> <span class='ocrx_word' id='word_1_11' title='bbox 955 597 1284 659; x_wconf 83' lang='lat' dir='ltr'><strong>Salvatoris,</strong></span> <span class='ocrx_word' id='word_1_12' title='bbox 1331 591 1577 661; x_wconf 82' lang='lat' dir='ltr'><strong>quando,</strong></span> <span class='ocrx_word' id='word_1_13' title='bbox 1623 585 1809 642; x_wconf 85' lang='lat' dir='ltr'><strong>relicta</strong></span> <span class='ocrx_word' id='word_1_14' title='bbox 1858 600 2050 655; x_wconf 87' lang='lat' dir='ltr'><strong>cogna-</strong></span> 
     </span>
    </p>
   </div>
   <div class='ocr_carea' id='block_1_4' title="bbox 487 678 2052 757">
    <p class='ocr_par' dir='ltr' id='par_1_4' title="bbox 487 678 2052 757">
     <span class='ocr_line' id='line_1_4' title="bbox 487 678 2052 757; baseline -0.013 -8"><span class='ocrx_word' id='word_1_15' title='bbox 487 697 632 750; x_wconf 90' lang='lat' dir='ltr'><strong>tione</strong></span> <span class='ocrx_word' id='word_1_16' title='bbox 659 709 755 748; x_wconf 89' lang='lat' dir='ltr'><strong>sua</strong></span> <span class='ocrx_word' id='word_1_17' title='bbox 774 734 788 757; x_wconf 95' lang='lat'><strong>,</strong></span> <span class='ocrx_word' id='word_1_18' title='bbox 819 691 967 745; x_wconf 88' lang='lat' dir='ltr'><strong>venit</strong></span> <span class='ocrx_word' id='word_1_19' title='bbox 998 689 1049 742; x_wconf 90' lang='lat' dir='ltr'><strong>in</strong></span> <span class='ocrx_word' id='word_1_20' title='bbox 1080 688 1222 742; x_wconf 82' lang='lat' dir='ltr'><strong>hunc</strong></span> <span class='ocrx_word' id='word_1_21' title='bbox 1261 683 1538 739; x_wconf 90' lang='lat' dir='ltr'><strong>mundum.</strong></span> <span class='ocrx_word' id='word_1_22' title='bbox 1582 680 1820 734; x_wconf 81' lang='lat' dir='ltr'><strong>Alteram</strong></span> <span class='ocrx_word' id='word_1_23' title='bbox 1847 678 2052 748; x_wconf 78' lang='lat' dir='ltr'><strong>patris,</strong></span> 
     </span>
    </p>
   </div>
   <div class='ocr_carea' id='block_1_5' title="bbox 485 768 2052 851">
    <p class='ocr_par' dir='ltr' id='par_1_5' title="bbox 485 768 2052 851">
     <span class='ocr_line' id='line_1_5' title="bbox 485 768 2052 851; baseline -0.009 -17"><span class='ocrx_word' id='word_1_24' title='bbox 485 781 701 851; x_wconf 89' lang='lat' dir='ltr'><strong>quando</strong></span> <span class='ocrx_word' id='word_1_25' title='bbox 753 777 1048 834; x_wconf 79' lang='lat' dir='ltr'><strong>immolavit</strong></span> <span class='ocrx_word' id='word_1_26' title='bbox 1098 772 1263 826; x_wconf 89' lang='lat' dir='ltr'><strong>ﬁlium</strong></span> <span class='ocrx_word' id='word_1_27' title='bbox 1312 771 1550 825; x_wconf 88' lang='lat' dir='ltr'><strong>unicum.</strong></span> <span class='ocrx_word' id='word_1_28' title='bbox 1603 768 1843 822; x_wconf 84' lang='lat' dir='ltr'><strong>Tertiam</strong></span> <span class='ocrx_word' id='word_1_29' title='bbox 1889 781 2052 829; x_wconf 82' lang='lat' dir='ltr'><strong>vero,</strong></span> 
     </span>
    </p>
   </div>
   <div class='ocr_carea' id='block_1_6' title="bbox 489 856 2056 937">
    <p class='ocr_par' dir='ltr' id='par_1_6' title="bbox 489 856 2056 937">
     <span class='ocr_line' id='line_1_6' title="bbox 489 856 2056 937; baseline -0.009 -15"><span class='ocrx_word' id='word_1_30' title='bbox 489 873 632 937; x_wconf 89' lang='lat' dir='ltr'><strong>quod</strong></span> <span class='ocrx_word' id='word_1_31' title='bbox 661 871 760 922; x_wconf 92' lang='lat' dir='ltr'><strong>hoc</strong></span> <span class='ocrx_word' id='word_1_32' title='bbox 788 868 904 921; x_wconf 90' lang='lat' dir='ltr'><strong>loco</strong></span> <span class='ocrx_word' id='word_1_33' title='bbox 932 871 1043 928; x_wconf 89' lang='lat' dir='ltr'><strong>est,</strong></span> <span class='ocrx_word' id='word_1_34' title='bbox 1076 858 1314 928; x_wconf 83' lang='lat' dir='ltr'><strong>ﬁguram</strong></span> <span class='ocrx_word' id='word_1_35' title='bbox 1333 859 1565 930; x_wconf 77' lang='lat' dir='ltr'><strong>gestavit</strong></span> <span class='ocrx_word' id='word_1_36' title='bbox 1591 866 1930 919; x_wconf 88' lang='lat' dir='ltr'><strong>sanctorum,</strong></span> <span class='ocrx_word' id='word_1_37' title='bbox 1964 856 2056 924; x_wconf 89' lang='lat' dir='ltr'><strong>qui</strong></span> 
     </span>
    </p>
   </div>
   <div class='ocr_carea' id='block_1_7' title="bbox 491 947 2058 1025">
    <p class='ocr_par' dir='ltr' id='par_1_7' title="bbox 491 947 2058 1025">
     <span class='ocr_line' id='line_1_7' title="bbox 491 947 2058 1025; baseline -0.011 -9"><span class='ocrx_word' id='word_1_38' title='bbox 491 963 779 1016; x_wconf 85' lang='lat' dir='ltr'><strong>adventum</strong></span> <span class='ocrx_word' id='word_1_39' title='bbox 817 957 1018 1012; x_wconf 82' lang='lat' dir='ltr'><strong>Christi</strong></span> <span class='ocrx_word' id='word_1_40' title='bbox 1061 971 1186 1010; x_wconf 92' lang='lat' dir='ltr'><strong>cum</strong></span> <span class='ocrx_word' id='word_1_41' title='bbox 1228 952 1426 1025; x_wconf 78' lang='lat' dir='ltr'><strong>gaudio</strong></span> <span class='ocrx_word' id='word_1_42' title='bbox 1453 958 1828 1019; x_wconf 79' lang='lat' dir='ltr'><strong>susceperunt.</strong></span> <span class='ocrx_word' id='word_1_43' title='bbox 1858 947 2058 1014; x_wconf 80' lang='lat' dir='ltr'><strong>Taber-</strong></span> 
     </span>
    </p>
   </div>
   <div class='ocr_carea' id='block_1_8' title="bbox 494 1034 2056 1108">
    <p class='ocr_par' dir='ltr' id='par_1_8' title="bbox 494 1034 2056 1108">
     <span class='ocr_line' id='line_1_8' title="bbox 494 1034 2056 1108; baseline -0.012 -5"><span class='ocrx_word' id='word_1_44' title='bbox 494 1050 743 1104; x_wconf 90' lang='lat' dir='ltr'><strong>naculum</strong></span> <span class='ocrx_word' id='word_1_45' title='bbox 798 1053 977 1100; x_wconf 88' lang='lat' dir='ltr'><strong>autem</strong></span> <span class='ocrx_word' id='word_1_46' title='bbox 1032 1043 1161 1098; x_wconf 92' lang='lat' dir='ltr'><strong>illud</strong></span> <span class='ocrx_word' id='word_1_47' title='bbox 1213 1041 1487 1105; x_wconf 72' lang='lat' dir='ltr'><strong>Abrahte,</strong></span> <span class='ocrx_word' id='word_1_48' title='bbox 1541 1041 1710 1108; x_wconf 82' lang='lat' dir='ltr'><strong>ipsam</strong></span> <span class='ocrx_word' id='word_1_49' title='bbox 1761 1034 2056 1091; x_wconf 87' lang='lat' dir='ltr'><strong>Jerusalem</strong></span> 
     </span>
    </p>
   </div>
   <div class='ocr_carea' id='block_1_9' title="bbox 493 1124 2059 1203">
    <p class='ocr_par' dir='ltr' id='par_1_9' title="bbox 493 1124 2059 1203">
     <span class='ocr_line' id='line_1_9' title="bbox 493 1124 2059 1203; baseline -0.011 -11"><span class='ocrx_word' id='word_1_50' title='bbox 493 1139 709 1199; x_wconf 83' lang='lat' dir='ltr'><strong>habuit,</strong></span> <span class='ocrx_word' id='word_1_51' title='bbox 743 1135 833 1190; x_wconf 92' lang='lat' dir='ltr'><strong>ubi</strong></span> <span class='ocrx_word' id='word_1_52' title='bbox 862 1149 960 1203; x_wconf 89' lang='lat' dir='ltr'><strong>pro</strong></span> <span class='ocrx_word' id='word_1_53' title='bbox 989 1141 1227 1202; x_wconf 86' lang='lat' dir='ltr'><strong>tempore</strong></span> <span class='ocrx_word' id='word_1_54' title='bbox 1253 1131 1531 1201; x_wconf 70' lang='lat' dir='ltr'><strong>prephetm</strong></span> <span class='ocrx_word' id='word_1_55' title='bbox 1557 1137 1612 1182; x_wconf 90' lang='lat' dir='ltr'><strong>et</strong></span> <span class='ocrx_word' id='word_1_56' title='bbox 1637 1125 1862 1196; x_wconf 79' lang='lat' dir='ltr'><strong>apostoli</strong></span> <span class='ocrx_word' id='word_1_57' title='bbox 1904 1124 2059 1179; x_wconf 86' lang='lat' dir='ltr'><strong>habi-</strong></span> 
     </span>
    </p>
   </div>
   <div class='ocr_carea' id='block_1_10' title="bbox 495 1217 2057 1288">
    <p class='ocr_par' dir='ltr' id='par_1_10' title="bbox 495 1217 2057 1288">
     <span class='ocr_line' id='line_1_10' title="bbox 495 1217 2057 1288; baseline -0.009 -7"><span class='ocrx_word' id='word_1_58' title='bbox 495 1236 764 1282; x_wconf 84' lang='lat' dir='ltr'><strong>taverunt.</strong></span> <span class='ocrx_word' id='word_1_59' title='bbox 812 1225 964 1281; x_wconf 89' lang='lat' dir='ltr'><strong>Unde</strong></span> <span class='ocrx_word' id='word_1_60' title='bbox 1000 1231 1054 1278; x_wconf 92' lang='lat' dir='ltr'><strong>et</strong></span> <span class='ocrx_word' id='word_1_61' title='bbox 1095 1222 1353 1276; x_wconf 89' lang='lat' dir='ltr'><strong>Dominus</strong></span> <span class='ocrx_word' id='word_1_62' title='bbox 1391 1221 1627 1288; x_wconf 89' lang='lat' dir='ltr'><strong>primum</strong></span> <span class='ocrx_word' id='word_1_63' title='bbox 1669 1217 1995 1278; x_wconf 78' lang='lat' dir='ltr'><strong>adveniens,</strong></span> <span class='ocrx_word' id='word_1_64' title='bbox 2025 1228 2057 1267; x_wconf 87' lang='lat' dir='ltr'><strong>a</strong></span> 
     </span>
    </p>
   </div>
   <div class='ocr_carea' id='block_1_11' title="bbox 495 1309 2059 1384">
    <p class='ocr_par' dir='ltr' id='par_1_11' title="bbox 495 1309 2059 1384">
     <span class='ocr_line' id='line_1_11' title="bbox 495 1309 2059 1384; baseline -0.009 -10"><span class='ocrx_word' id='word_1_65' title='bbox 495 1321 836 1376; x_wconf 87' lang='lat' dir='ltr'><strong>credentibus</strong></span> <span class='ocrx_word' id='word_1_66' title='bbox 863 1325 1136 1384; x_wconf 83' lang='lat' dir='ltr'><strong>acceptus,</strong></span> <span class='ocrx_word' id='word_1_67' title='bbox 1165 1315 1232 1369; x_wconf 90' lang='lat' dir='ltr'><strong>ab</strong></span> <span class='ocrx_word' id='word_1_68' title='bbox 1260 1313 1553 1367; x_wconf 88' lang='lat' dir='ltr'><strong>incredulis</strong></span> <span class='ocrx_word' id='word_1_69' title='bbox 1582 1312 1634 1364; x_wconf 91' lang='lat' dir='ltr'><strong>in</strong></span> <span class='ocrx_word' id='word_1_70' title='bbox 1666 1309 1807 1380; x_wconf 85' lang='lat' dir='ltr'><strong>ligno</strong></span> <span class='ocrx_word' id='word_1_71' title='bbox 1834 1323 2059 1377; x_wconf 89' lang='lat' dir='ltr'><strong>suspen-</strong></span> 
     </span>
    </p>
   </div>
   <div class='ocr_carea' id='block_1_12' title="bbox 495 1395 2057 1468">
    <p class='ocr_par' dir='ltr' id='par_1_12' title="bbox 495 1395 2057 1468">
     <span class='ocr_line' id='line_1_12' title="bbox 495 1395 2057 1468; baseline -0.007 -8"><span class='ocrx_word' id='word_1_72' title='bbox 495 1424 586 1461; x_wconf 77' lang='lat' dir='ltr'><strong>sus</strong></span> <span class='ocrx_word' id='word_1_73' title='bbox 619 1417 716 1462; x_wconf 89' lang='lat' dir='ltr'><strong>est.</strong></span> <span class='ocrx_word' id='word_1_74' title='bbox 752 1407 805 1459; x_wconf 87' lang='lat' dir='ltr'><strong>In</strong></span> <span class='ocrx_word' id='word_1_75' title='bbox 841 1405 1011 1458; x_wconf 87' lang='lat' dir='ltr'><strong>tribus</strong></span> <span class='ocrx_word' id='word_1_76' title='bbox 1051 1413 1228 1456; x_wconf 90' lang='lat' dir='ltr'><strong>autem</strong></span> <span class='ocrx_word' id='word_1_77' title='bbox 1273 1401 1405 1454; x_wconf 84' lang='lat' dir='ltr'><strong>viris</strong></span> <span class='ocrx_word' id='word_1_78' title='bbox 1447 1400 1538 1468; x_wconf 89' lang='lat' dir='ltr'><strong>qui</strong></span> <span class='ocrx_word' id='word_1_79' title='bbox 1578 1406 1840 1453; x_wconf 88' lang='lat' dir='ltr'><strong>venerunt</strong></span> <span class='ocrx_word' id='word_1_80' title='bbox 1880 1398 1946 1450; x_wconf 90' lang='lat' dir='ltr'><strong>ad</strong></span> <span class='ocrx_word' id='word_1_81' title='bbox 1993 1395 2057 1450; x_wconf 91' lang='lat' dir='ltr'><strong>il-</strong></span> 
     </span>
    </p>
   </div>
   <div class='ocr_carea' id='block_1_13' title="bbox 492 1489 2056 1562">
    <p class='ocr_par' dir='ltr' id='par_1_13' title="bbox 492 1489 2056 1562">
     <span class='ocr_line' id='line_1_13' title="bbox 492 1489 2056 1562; baseline -0.006 -11"><span class='ocrx_word' id='word_1_82' title='bbox 492 1500 602 1552; x_wconf 89' lang='lat' dir='ltr'><strong>lum</strong></span> <span class='ocrx_word' id='word_1_83' title='bbox 627 1538 642 1562; x_wconf 89' lang='lat'><strong>,</strong></span> <span class='ocrx_word' id='word_1_84' title='bbox 685 1495 893 1549; x_wconf 93' lang='lat' dir='ltr'><strong>Domini</strong></span> <span class='ocrx_word' id='word_1_85' title='bbox 934 1494 1057 1547; x_wconf 79' lang='lat' dir='ltr'><strong>Jesu</strong></span> <span class='ocrx_word' id='word_1_86' title='bbox 1099 1491 1298 1546; x_wconf 86' lang='lat' dir='ltr'><strong>Christi</strong></span> <span class='ocrx_word' id='word_1_87' title='bbox 1340 1491 1718 1559; x_wconf 87' lang='lat' dir='ltr'><strong>pronuntiatur</strong></span> <span class='ocrx_word' id='word_1_88' title='bbox 1758 1489 2056 1554; x_wconf 80' lang='lat' dir='ltr'><strong>adventus,</strong></span> 
     </span>
    </p>
   </div>
   <div class='ocr_carea' id='block_1_14' title="bbox 493 1581 2061 1656">
    <p class='ocr_par' dir='ltr' id='par_1_14' title="bbox 493 1581 2061 1656">
     <span class='ocr_line' id='line_1_14' title="bbox 493 1581 2061 1656; baseline -0.003 -15"><span class='ocrx_word' id='word_1_89' title='bbox 493 1605 612 1641; x_wconf 75' lang='lat' dir='ltr'><strong>etim</strong></span> <span class='ocrx_word' id='word_1_90' title='bbox 655 1602 762 1656; x_wconf 86' lang='lat' dir='ltr'><strong>quo</strong></span> <span class='ocrx_word' id='word_1_91' title='bbox 800 1587 903 1640; x_wconf 87' lang='lat' dir='ltr'><strong>duo</strong></span> <span class='ocrx_word' id='word_1_92' title='bbox 946 1583 1118 1655; x_wconf 78' lang='lat' dir='ltr'><strong>angeli</strong></span> <span class='ocrx_word' id='word_1_93' title='bbox 1163 1584 1587 1647; x_wconf 75' lang='lat' dir='ltr'><strong>comitabantur,</strong></span> <span class='ocrx_word' id='word_1_94' title='bbox 1639 1595 1771 1650; x_wconf 91' lang='lat' dir='ltr'><strong>quos</strong></span> <span class='ocrx_word' id='word_1_95' title='bbox 1818 1581 2061 1651; x_wconf 81' lang='lat' dir='ltr'><strong>plerique</strong></span> 
     </span>
    </p>
   </div>
   <div class='ocr_carea' id='block_1_15' title="bbox 497 1669 2063 1748">
    <p class='ocr_par' dir='ltr' id='par_1_15' title="bbox 497 1669 2063 1748">
     <span class='ocr_line' id='line_1_15' title="bbox 497 1669 2063 1748; baseline -0.005 -15"><span class='ocrx_word' id='word_1_96' title='bbox 497 1679 709 1748; x_wconf 71' lang='lat' dir='ltr'><strong>Moysen</strong></span> <span class='ocrx_word' id='word_1_97' title='bbox 741 1686 794 1730; x_wconf 93' lang='lat' dir='ltr'><strong>et</strong></span> <span class='ocrx_word' id='word_1_98' title='bbox 826 1675 992 1729; x_wconf 87' lang='lat' dir='ltr'><strong>Eliam</strong></span> <span class='ocrx_word' id='word_1_99' title='bbox 1023 1669 1310 1743; x_wconf 76' lang='lat' dir='ltr'><strong>accipiunt.</strong></span> <span class='ocrx_word' id='word_1_100' title='bbox 1355 1673 1532 1727; x_wconf 90' lang='lat' dir='ltr'><strong>Unum</strong></span> <span class='ocrx_word' id='word_1_101' title='bbox 1573 1672 1764 1742; x_wconf 66' lang='lat' dir='ltr'><strong>priscm</strong></span> <span class='ocrx_word' id='word_1_102' title='bbox 1792 1671 2063 1741; x_wconf 85' lang='lat' dir='ltr'><strong>legislato—</strong></span> 
     </span>
    </p>
   </div>
   <div class='ocr_carea' id='block_1_16' title="bbox 478 279 3065 371">
    <p class='ocr_par' dir='ltr' id='par_1_16' title="bbox 478 279 3065 371">
     <span class='ocr_line' id='line_1_16' title="bbox 478 279 3065 371; baseline -0.005 -18"><span class='ocrx_word' id='word_1_103' title='bbox 478 316 574 371; x_wconf 59' lang='lat'><strong>55,</strong></span> <span class='ocrx_word' id='word_1_104' title='bbox 1154 295 1211 358; x_wconf 71' lang='lat' dir='ltr'><strong>is.</strong></span> <span class='ocrx_word' id='word_1_105' title='bbox 1255 289 1503 358; x_wconf 68' lang='lat' dir='ltr'><strong>Mem</strong></span> <span class='ocrx_word' id='word_1_106' title='bbox 1541 298 1755 354; x_wconf 63' lang='lat' dir='ltr'><strong>usum</strong></span> <span class='ocrx_word' id='word_1_107' title='bbox 1794 283 2108 350; x_wconf 66' lang='lat' dir='ltr'><strong>meumr.</strong></span> <span class='ocrx_word' id='word_1_108' title='bbox 2153 281 2455 348; x_wconf 67' lang='lat' dir='ltr'><strong>uocum.</strong></span> <span class='ocrx_word' id='word_1_109' title='bbox 2495 279 2774 344; x_wconf 69' lang='lat' dir='ltr'><strong>orEnuu</strong></span> <span class='ocrx_word' id='word_1_110' title='bbox 2815 281 2991 344; x_wconf 66' lang='lat' dir='ltr'><strong>bans</strong></span> <span class='ocrx_word' id='word_1_111' title='bbox 3029 291 3065 342; x_wconf 87' lang='grc' dir='ltr'><strong>ι.</strong></span> 
     </span>
    </p>
   </div>
   <div class='ocr_carea' id='block_1_17' title="bbox 3607 283 3715 340">
    <p class='ocr_par' dir='ltr' id='par_1_17' title="bbox 3607 283 3715 340">
     <span class='ocr_line' id='line_1_17' title="bbox 3607 283 3715 340; baseline -0.019 0"><span class='ocrx_word' id='word_1_112' title='bbox 3607 283 3715 340; x_wconf 67' lang='grc'><strong>552</strong></span> 
     </span>
    </p>
   </div>
   <div class='ocr_carea' id='block_1_18' title="bbox 385 390 3716 485">
    <p class='ocr_par' dir='ltr' id='par_1_18' title="bbox 385 390 3716 485">
     <span class='ocr_line' id='line_1_18' title="bbox 385 390 3716 485; baseline -0.009 -1"><span class='ocrx_word' id='word_1_113' title='bbox 385 419 388 424; x_wconf 59' lang='grc'><em>’</em></span> <span class='ocrx_word' id='word_1_114' title='bbox 478 430 602 482; x_wconf 83' lang='lat' dir='ltr'><strong>scite</strong></span> <span class='ocrx_word' id='word_1_115' title='bbox 629 423 722 479; x_wconf 83' lang='lat' dir='ltr'><strong>sub</strong></span> <span class='ocrx_word' id='word_1_116' title='bbox 753 422 969 485; x_wconf 77' lang='lat' dir='ltr'><strong>arbore,</strong></span> <span class='ocrx_word' id='word_1_117' title='bbox 1015 429 1120 474; x_wconf 86' lang='lat' dir='ltr'><strong>etc.</strong></span> <span class='ocrx_word' id='word_1_118' title='bbox 1165 400 1338 484; x_wconf 83' lang='lat' dir='ltr'><strong>(Isid.</strong></span> <span class='ocrx_word' id='word_1_119' title='bbox 1369 414 1470 483; x_wconf 88' lang='lat' dir='ltr'><strong>v.)</strong></span> <span class='ocrx_word' id='word_1_120' title='bbox 1511 411 1810 466; x_wconf 73' lang='lat' dir='ltr'><strong>Notandum</strong></span> <span class='ocrx_word' id='word_1_121' title='bbox 1852 409 2047 477; x_wconf 87' lang='lat' dir='ltr'><strong>quippe</strong></span> <span class='ocrx_word' id='word_1_122' title='bbox 2076 413 2122 469; x_wconf 85' lang='grc' dir='ltr'>Α</span> <span class='ocrx_word' id='word_1_123' title='bbox 2153 419 2316 477; x_wconf 86' lang='lat' dir='ltr'><strong>guore</strong></span> <span class='ocrx_word' id='word_1_124' title='bbox 2364 403 2649 471; x_wconf 65' lang='lat' dir='ltr'><strong>nequitias,</strong></span> <span class='ocrx_word' id='word_1_125' title='bbox 2701 390 2819 457; x_wconf 76' lang='lat' dir='ltr'><strong>sine</strong></span> <span class='ocrx_word' id='word_1_126' title='bbox 2870 402 3081 456; x_wconf 77' lang='lat' dir='ltr'><strong>fervore</strong></span> <span class='ocrx_word' id='word_1_127' title='bbox 3132 416 3398 470; x_wconf 80' lang='lat' dir='ltr'><strong>perversa:</strong></span> <span class='ocrx_word' id='word_1_128' title='bbox 3449 400 3716 454; x_wconf 60' lang='lat' dir='ltr'><strong>doctrina!</strong></span> 
     </span>
    </p>
   </div>
   <div class='ocr_carea' id='block_1_19' title="bbox 2155 492 3717 566">
    <p class='ocr_par' dir='ltr' id='par_1_19' title="bbox 2155 492 3717 566">
     <span class='ocr_line' id='line_1_19' title="bbox 2155 492 3717 566; baseline -0.003 -17"><span class='ocrx_word' id='word_1_129' title='bbox 2155 501 2395 566; x_wconf 87' lang='lat' dir='ltr'><strong>oporteat</strong></span> <span class='ocrx_word' id='word_1_130' title='bbox 2423 506 2543 546; x_wconf 85' lang='lat' dir='ltr'><strong>esse</strong></span> <span class='ocrx_word' id='word_1_131' title='bbox 2571 493 2901 556; x_wconf 84' lang='lat' dir='ltr'><strong>credentium</strong></span> <span class='ocrx_word' id='word_1_132' title='bbox 2933 493 3207 545; x_wconf 88' lang='lat' dir='ltr'><strong>unitatem.</strong></span> <span class='ocrx_word' id='word_1_133' title='bbox 3239 492 3584 546; x_wconf 89' lang='lat' dir='ltr'><strong>Subcineritii</strong></span> <span class='ocrx_word' id='word_1_134' title='bbox 3620 506 3717 544; x_wconf 85' lang='lat' dir='ltr'><strong>au-</strong></span> 
     </span>
    </p>
   </div>
   <div class='ocr_carea' id='block_1_20' title="bbox 2151 579 3717 650">
    <p class='ocr_par' dir='ltr' id='par_1_20' title="bbox 2151 579 3717 650">
     <span class='ocr_line' id='line_1_20' title="bbox 2151 579 3717 650; baseline -0.005 -11"><span class='ocrx_word' id='word_1_135' title='bbox 2151 593 2255 639; x_wconf 69' lang='lat' dir='ltr'><strong>tem</strong></span> <span class='ocrx_word' id='word_1_136' title='bbox 2298 583 2446 643; x_wconf 89' lang='lat' dir='ltr'><strong>ideo,</strong></span> <span class='ocrx_word' id='word_1_137' title='bbox 2495 590 2555 635; x_wconf 91' lang='lat' dir='ltr'><strong>ut</strong></span> <span class='ocrx_word' id='word_1_138' title='bbox 2598 596 2694 650; x_wconf 90' lang='lat' dir='ltr'><strong>per</strong></span> <span class='ocrx_word' id='word_1_139' title='bbox 2731 580 3101 650; x_wconf 69' lang='lat' dir='ltr'><strong>paenitentiam</strong></span> <span class='ocrx_word' id='word_1_140' title='bbox 3147 582 3541 648; x_wconf 62' lang='lat' dir='ltr'><strong>praeteritorum</strong></span> <span class='ocrx_word' id='word_1_141' title='bbox 3587 579 3717 634; x_wconf 84' lang='lat' dir='ltr'><strong>deli-</strong></span> 
     </span>
    </p>
   </div>
   <div class='ocr_carea' id='block_1_21' title="bbox 2153 670 3718 741">
    <p class='ocr_par' dir='ltr' id='par_1_21' title="bbox 2153 670 3718 741">
     <span class='ocr_line' id='line_1_21' title="bbox 2153 670 3718 741; baseline -0.005 -12"><span class='ocrx_word' id='word_1_142' title='bbox 2153 685 2358 729; x_wconf 89' lang='lat' dir='ltr'><strong>ctorum</strong></span> <span class='ocrx_word' id='word_1_143' title='bbox 2379 714 2392 738; x_wconf 96' lang='lat'><strong>,</strong></span> <span class='ocrx_word' id='word_1_144' title='bbox 2426 671 2659 741; x_wconf 83' lang='lat' dir='ltr'><strong>Spiritus</strong></span> <span class='ocrx_word' id='word_1_145' title='bbox 2686 671 2852 725; x_wconf 89' lang='lat' dir='ltr'><strong>sancti</strong></span> <span class='ocrx_word' id='word_1_146' title='bbox 2885 686 3080 739; x_wconf 88' lang='lat' dir='ltr'><strong>vapore</strong></span> <span class='ocrx_word' id='word_1_147' title='bbox 3123 670 3360 735; x_wconf 79' lang='lat' dir='ltr'><strong>decocti,</strong></span> <span class='ocrx_word' id='word_1_148' title='bbox 3402 671 3550 725; x_wconf 85' lang='lat' dir='ltr'><strong>velut</strong></span> <span class='ocrx_word' id='word_1_149' title='bbox 3589 685 3718 724; x_wconf 89' lang='lat' dir='ltr'><strong>esca</strong></span> 
     </span>
    </p>
   </div>
   <div class='ocr_carea' id='block_1_22' title="bbox 2154 760 3717 833">
    <p class='ocr_par' dir='ltr' id='par_1_22' title="bbox 2154 760 3717 833">
     <span class='ocr_line' id='line_1_22' title="bbox 2154 760 3717 833; baseline -0.004 -14"><span class='ocrx_word' id='word_1_150' title='bbox 2154 767 2288 819; x_wconf 82' lang='lat' dir='ltr'><strong>bene</strong></span> <span class='ocrx_word' id='word_1_151' title='bbox 2316 763 2510 833; x_wconf 85' lang='lat' dir='ltr'><strong>placita</strong></span> <span class='ocrx_word' id='word_1_152' title='bbox 2539 762 2682 828; x_wconf 91' lang='lat' dir='ltr'><strong>Deo,</strong></span> <span class='ocrx_word' id='word_1_153' title='bbox 2723 761 3081 830; x_wconf 88' lang='lat' dir='ltr'><strong>acccptabiles</strong></span> <span class='ocrx_word' id='word_1_154' title='bbox 3124 760 3440 814; x_wconf 84' lang='lat' dir='ltr'><strong>eﬁlciautur.</strong></span> <span class='ocrx_word' id='word_1_155' title='bbox 3486 760 3600 814; x_wconf 88' lang='lat' dir='ltr'><strong>Sub</strong></span> <span class='ocrx_word' id='word_1_156' title='bbox 3625 775 3717 812; x_wconf 77' lang='lat' dir='ltr'><strong>ar-</strong></span> 
     </span>
    </p>
   </div>
   <div class='ocr_carea' id='block_1_23' title="bbox 2153 853 3722 923">
    <p class='ocr_par' dir='ltr' id='par_1_23' title="bbox 2153 853 3722 923">
     <span class='ocr_line' id='line_1_23' title="bbox 2153 853 3722 923; baseline -0.003 -13"><span class='ocrx_word' id='word_1_157' title='bbox 2153 856 2282 910; x_wconf 85' lang='lat' dir='ltr'><strong>bore</strong></span> <span class='ocrx_word' id='word_1_158' title='bbox 2324 862 2502 908; x_wconf 92' lang='lat' dir='ltr'><strong>autem</strong></span> <span class='ocrx_word' id='word_1_159' title='bbox 2546 869 2638 909; x_wconf 92' lang='lat' dir='ltr'><strong>eos</strong></span> <span class='ocrx_word' id='word_1_160' title='bbox 2683 855 2918 918; x_wconf 86' lang='lat' dir='ltr'><strong>sedisse,</strong></span> <span class='ocrx_word' id='word_1_161' title='bbox 2961 854 3227 923; x_wconf 87' lang='lat' dir='ltr'><strong>passionis</strong></span> <span class='ocrx_word' id='word_1_162' title='bbox 3270 853 3561 908; x_wconf 66' lang='lat' dir='ltr'><strong>Dominiczr</strong></span> <span class='ocrx_word' id='word_1_163' title='bbox 3599 862 3722 906; x_wconf 86' lang='lat' dir='ltr'><strong>erat</strong></span> 
     </span>
    </p>
   </div>
   <div class='ocr_carea' id='block_1_24' title="bbox 2156 939 3721 1014">
    <p class='ocr_par' dir='ltr' id='par_1_24' title="bbox 2156 939 3721 1014">
     <span class='ocr_line' id='line_1_24' title="bbox 2156 939 3721 1014; baseline -0.003 -16"><span class='ocrx_word' id='word_1_164' title='bbox 2156 945 2401 1014; x_wconf 83' lang='lat' dir='ltr'><strong>signum,</strong></span> <span class='ocrx_word' id='word_1_165' title='bbox 2442 945 2594 1014; x_wconf 81' lang='lat' dir='ltr'><strong>cujus</strong></span> <span class='ocrx_word' id='word_1_166' title='bbox 2639 945 2738 1014; x_wconf 88' lang='lat' dir='ltr'><strong>ipsi</strong></span> <span class='ocrx_word' id='word_1_167' title='bbox 2777 951 2900 998; x_wconf 88' lang='lat' dir='ltr'><strong>sunt</strong></span> <span class='ocrx_word' id='word_1_168' title='bbox 2926 943 3324 1012; x_wconf 63' lang='lat' dir='ltr'><strong>praedicatores.</strong></span> <span class='ocrx_word' id='word_1_169' title='bbox 3358 939 3508 1007; x_wconf 84' lang='lat' dir='ltr'><strong>Quod</strong></span> <span class='ocrx_word' id='word_1_170' title='bbox 3536 948 3721 997; x_wconf 89' lang='lat' dir='ltr'><strong>autem</strong></span> 
     </span>
    </p>
   </div>
   <div class='ocr_carea' id='block_1_25' title="bbox 2155 1027 3724 1104">
    <p class='ocr_par' dir='ltr' id='par_1_25' title="bbox 2155 1027 3724 1104">
     <span class='ocr_line' id='line_1_25' title="bbox 2155 1027 3724 1104; baseline -0.005 -15"><span class='ocrx_word' id='word_1_171' title='bbox 2155 1034 2424 1104; x_wconf 80' lang='lat' dir='ltr'><strong>promittit</strong></span> <span class='ocrx_word' id='word_1_172' title='bbox 2452 1035 2592 1090; x_wconf 89' lang='lat' dir='ltr'><strong>Deus</strong></span> <span class='ocrx_word' id='word_1_173' title='bbox 2623 1034 2772 1089; x_wconf 71' lang='lat' dir='ltr'><strong>Sara:</strong></span> <span class='ocrx_word' id='word_1_174' title='bbox 2797 1033 2962 1088; x_wconf 86' lang='lat' dir='ltr'><strong>sterili</strong></span> <span class='ocrx_word' id='word_1_175' title='bbox 2995 1031 3162 1086; x_wconf 91' lang='lat' dir='ltr'><strong>ﬁlium</strong></span> <span class='ocrx_word' id='word_1_176' title='bbox 3194 1033 3406 1095; x_wconf 90' lang='lat' dir='ltr'><strong>dicens,</strong></span> <span class='ocrx_word' id='word_1_177' title='bbox 3441 1027 3595 1084; x_wconf 86' lang='lat' dir='ltr'><strong>Circa</strong></span> <span class='ocrx_word' id='word_1_178' title='bbox 3626 1030 3724 1083; x_wconf 77' lang='lat' dir='ltr'><strong>hoc</strong></span> 
     </span>
    </p>
   </div>
   <div class='ocr_carea' id='block_1_26' title="bbox 2161 1123 3734 1194">
    <p class='ocr_par' dir='ltr' id='par_1_26' title="bbox 2161 1123 3734 1194">
     <span class='ocr_line' id='line_1_26' title="bbox 2161 1123 3734 1194; baseline -0.001 -18"><span class='ocrx_word' id='word_1_179' title='bbox 2161 1135 2360 1194; x_wconf 84' lang='lat' dir='ltr'><strong>tempus</strong></span> <span class='ocrx_word' id='word_1_180' title='bbox 2402 1125 2637 1188; x_wconf 76' lang='lat' dir='ltr'><strong>veniam,</strong></span> <span class='ocrx_word' id='word_1_181' title='bbox 2682 1140 2786 1178; x_wconf 91' lang='lat' dir='ltr'><strong>non</strong></span> <span class='ocrx_word' id='word_1_182' title='bbox 2827 1125 2891 1179; x_wconf 88' lang='lat' dir='ltr'><strong>de</strong></span> <span class='ocrx_word' id='word_1_183' title='bbox 2918 1124 3246 1194; x_wconf 89' lang='lat' dir='ltr'><strong>temporibus</strong></span> <span class='ocrx_word' id='word_1_184' title='bbox 3287 1123 3586 1192; x_wconf 87' lang='lat' dir='ltr'><strong>signiﬁcat,</strong></span> <span class='ocrx_word' id='word_1_185' title='bbox 3629 1124 3734 1176; x_wconf 69' lang='lat' dir='ltr'><strong>sed.</strong></span> 
     </span>
    </p>
   </div>
   <div class='ocr_carea' id='block_1_27' title="bbox 2158 1213 3728 1287">
    <p class='ocr_par' dir='ltr' id='par_1_27' title="bbox 2158 1213 3728 1287">
     <span class='ocr_line' id='line_1_27' title="bbox 2158 1213 3728 1287; baseline -0.002 -18"><span class='ocrx_word' id='word_1_186' title='bbox 2158 1216 2224 1269; x_wconf 89' lang='lat' dir='ltr'><strong>de</strong></span> <span class='ocrx_word' id='word_1_187' title='bbox 2253 1214 2511 1284; x_wconf 85' lang='lat' dir='ltr'><strong>qualitate</strong></span> <span class='ocrx_word' id='word_1_188' title='bbox 2543 1216 2803 1287; x_wconf 81' lang='lat' dir='ltr'><strong>adventus</strong></span> <span class='ocrx_word' id='word_1_189' title='bbox 2834 1215 2952 1280; x_wconf 90' lang='lat' dir='ltr'><strong>sui,</strong></span> <span class='ocrx_word' id='word_1_190' title='bbox 2983 1215 3195 1284; x_wconf 81' lang='lat' dir='ltr'><strong>quando</strong></span> <span class='ocrx_word' id='word_1_191' title='bbox 3222 1229 3318 1282; x_wconf 91' lang='lat' dir='ltr'><strong>per</strong></span> <span class='ocrx_word' id='word_1_192' title='bbox 3348 1213 3513 1267; x_wconf 89' lang='lat' dir='ltr'><strong>ﬁlium</strong></span> <span class='ocrx_word' id='word_1_193' title='bbox 3546 1229 3728 1283; x_wconf 79' lang='lat' dir='ltr'><strong>repro-</strong></span> 
     </span>
    </p>
   </div>
   <div class='ocr_carea' id='block_1_28' title="bbox 2159 1304 3725 1376">
    <p class='ocr_par' dir='ltr' id='par_1_28' title="bbox 2159 1304 3725 1376">
     <span class='ocr_line' id='line_1_28' title="bbox 2159 1304 3725 1376; baseline 0 -17"><span class='ocrx_word' id='word_1_194' title='bbox 2159 1306 2387 1359; x_wconf 88' lang='lat' dir='ltr'><strong>missum</strong></span> <span class='ocrx_word' id='word_1_195' title='bbox 2432 1304 2759 1360; x_wconf 72' lang='lat' dir='ltr'><strong>ﬁdelis&#39;erat</strong></span> <span class='ocrx_word' id='word_1_196' title='bbox 2799 1307 3025 1376; x_wconf 89' lang='lat' dir='ltr'><strong>populus</strong></span> <span class='ocrx_word' id='word_1_197' title='bbox 3067 1307 3385 1369; x_wconf 80' lang='lat' dir='ltr'><strong>nasciturus.</strong></span> <span class='ocrx_word' id='word_1_198' title='bbox 3431 1307 3536 1360; x_wconf 88' lang='lat' dir='ltr'><strong>Ista</strong></span> <span class='ocrx_word' id='word_1_199' title='bbox 3580 1321 3725 1360; x_wconf 90' lang='lat' dir='ltr'><strong>emm</strong></span> 
     </span>
    </p>
   </div>
   <div class='ocr_carea' id='block_1_29' title="bbox 2161 1396 3723 1467">
    <p class='ocr_par' dir='ltr' id='par_1_29' title="bbox 2161 1396 3723 1467">
     <span class='ocr_line' id='line_1_29' title="bbox 2161 1396 3723 1467; baseline 0 -18"><span class='ocrx_word' id='word_1_200' title='bbox 2161 1397 2292 1449; x_wconf 86' lang='lat' dir='ltr'><strong>Sara</strong></span> <span class='ocrx_word' id='word_1_201' title='bbox 2340 1396 2570 1460; x_wconf 84' lang='lat' dir='ltr'><strong>sterilis,</strong></span> <span class='ocrx_word' id='word_1_202' title='bbox 2619 1398 2707 1451; x_wconf 92' lang='lat' dir='ltr'><strong>cui</strong></span> <span class='ocrx_word' id='word_1_203' title='bbox 2758 1410 2854 1466; x_wconf 90' lang='lat' dir='ltr'><strong>per</strong></span> <span class='ocrx_word' id='word_1_204' title='bbox 2902 1400 3215 1467; x_wconf 84' lang='lat' dir='ltr'><strong>prophetam</strong></span> <span class='ocrx_word' id='word_1_205' title='bbox 3261 1399 3515 1453; x_wconf 90' lang='lat' dir='ltr'><strong>Dominus</strong></span> <span class='ocrx_word' id='word_1_206' title='bbox 3557 1399 3723 1453; x_wconf 88' lang='lat' dir='ltr'><strong>dicit:</strong></span> 
     </span>
    </p>
   </div>
   <div class='ocr_carea' id='block_1_30' title="bbox 2161 1486 3727 1558">
    <p class='ocr_par' dir='ltr' id='par_1_30' title="bbox 2161 1486 3727 1558">
     <span class='ocr_line' id='line_1_30' title="bbox 2161 1486 3727 1558; baseline 0.001 -18"><span class='ocrx_word' id='word_1_207' title='bbox 2161 1486 2395 1548; x_wconf 77' lang='lat' dir='ltr'><strong>Lwtare,</strong></span> <span class='ocrx_word' id='word_1_208' title='bbox 2438 1487 2658 1551; x_wconf 75' lang='lat' dir='ltr'><strong>sterilis,</strong></span> <span class='ocrx_word' id='word_1_209' title='bbox 2696 1505 2814 1558; x_wconf 65' lang='lat' dir='ltr'><strong>qua</strong></span> <span class='ocrx_word' id='word_1_210' title='bbox 2847 1503 2949 1542; x_wconf 77' lang='lat' dir='ltr'><strong>non</strong></span> <span class='ocrx_word' id='word_1_211' title='bbox 2989 1491 3167 1558; x_wconf 87' lang='lat' dir='ltr'><strong>paris,</strong></span> <span class='ocrx_word' id='word_1_212' title='bbox 3194 1507 3399 1558; x_wconf 79' lang='lat' dir='ltr'><strong>erumpe</strong></span> <span class='ocrx_word' id='word_1_213' title='bbox 3433 1502 3479 1542; x_wconf 85' lang='lat' dir='ltr'><strong>et</strong></span> <span class='ocrx_word' id='word_1_214' title='bbox 3523 1487 3727 1552; x_wconf 77' lang='lat' dir='ltr'><strong>clama,</strong></span> 
     </span>
    </p>
   </div>
   <div class='ocr_carea' id='block_1_31' title="bbox 2161 1569 3731 1650">
    <p class='ocr_par' dir='ltr' id='par_1_31' title="bbox 2161 1569 3731 1650">
     <span class='ocr_line' id='line_1_31' title="bbox 2161 1569 3731 1650; baseline 0.001 -19"><span class='ocrx_word' id='word_1_215' title='bbox 2161 1569 2277 1648; x_wconf 61' lang='lat' dir='ltr'><strong>qua}</strong></span> <span class='ocrx_word' id='word_1_216' title='bbox 2305 1595 2405 1632; x_wconf 81' lang='lat' dir='ltr'><strong>non</strong></span> <span class='ocrx_word' id='word_1_217' title='bbox 2433 1580 2678 1648; x_wconf 85' lang='lat' dir='ltr'><strong>parturis,</strong></span> <span class='ocrx_word' id='word_1_218' title='bbox 2713 1581 2960 1650; x_wconf 76' lang='lat' dir='ltr'><strong>quoniam</strong></span> <span class='ocrx_word' id='word_1_219' title='bbox 2985 1577 3159 1649; x_wconf 79' lang='lat' dir='ltr'><strong>plures</strong></span> <span class='ocrx_word' id='word_1_220' title='bbox 3199 1581 3297 1648; x_wconf 76' lang='lat' dir='ltr'><strong>ﬁlii</strong></span> <span class='ocrx_word' id='word_1_221' title='bbox 3339 1581 3588 1646; x_wconf 65' lang='lat' dir='ltr'><strong>deserar,</strong></span> <span class='ocrx_word' id='word_1_222' title='bbox 3621 1599 3731 1633; x_wconf 86' lang='lat' dir='ltr'><strong>ma-</strong></span> 
     </span>
    </p>
   </div>
   <div class='ocr_carea' id='block_1_32' title="bbox 2164 1670 3734 1745">
    <p class='ocr_par' dir='ltr' id='par_1_32' title="bbox 2164 1670 3734 1745">
     <span class='ocr_line' id='line_1_32' title="bbox 2164 1670 3734 1745; baseline 0.003 -22"><span class='ocrx_word' id='word_1_223' title='bbox 2164 1670 2240 1738; x_wconf 81' lang='lat' dir='ltr'><strong>gis</strong></span> <span class='ocrx_word' id='word_1_224' title='bbox 2266 1687 2421 1740; x_wconf 84' lang='lat' dir='ltr'><strong>quam</strong></span> <span class='ocrx_word' id='word_1_225' title='bbox 2446 1671 2559 1740; x_wconf 81' lang='lat' dir='ltr'><strong>ejus</strong></span> <span class='ocrx_word' id='word_1_226' title='bbox 2584 1688 2700 1741; x_wconf 70' lang='lat' dir='ltr'><strong>qum</strong></span> <span class='ocrx_word' id='word_1_227' title='bbox 2728 1671 2876 1726; x_wconf 80' lang='lat' dir='ltr'><strong>habet</strong></span> <span class='ocrx_word' id='word_1_228' title='bbox 2907 1673 3070 1727; x_wconf 82' lang='lat' dir='ltr'><strong>virum</strong></span> <span class='ocrx_word' id='word_1_229' title='bbox 3093 1673 3236 1745; x_wconf 85' lang='lat' dir='ltr'><strong>(lsa.</strong></span> <span class='ocrx_word' id='word_1_230' title='bbox 3268 1674 3419 1742; x_wconf 62' lang='lat' dir='ltr'><strong>xcv).</strong></span> <span class='ocrx_word' id='word_1_231' title='bbox 3451 1674 3614 1728; x_wconf 82' lang='lat' dir='ltr'><strong>l&#39;tisus</strong></span> <span class='ocrx_word' id='word_1_232' title='bbox 3643 1690 3734 1728; x_wconf 81' lang='lat' dir='ltr'><strong>au-</strong></span> 
     </span>
    </p>
   </div>
   <div class='ocr_carea' id='block_1_33' title="bbox 497 1759 3736 1834">
    <p class='ocr_par' dir='ltr' id='par_1_33' title="bbox 497 1759 3736 1834">
     <span class='ocr_line' id='line_1_33' title="bbox 497 1759 3736 1834; baseline -0.002 -11"><span class='ocrx_word' id='word_1_233' title='bbox 497 1784 608 1823; x_wconf 89' lang='lat' dir='ltr'><strong>rem</strong></span> <span class='ocrx_word' id='word_1_234' title='bbox 631 1809 644 1830; x_wconf 94' lang='lat'><strong>,</strong></span> <span class='ocrx_word' id='word_1_235' title='bbox 686 1767 774 1834; x_wconf 92' lang='lat' dir='ltr'><strong>qui</strong></span> <span class='ocrx_word' id='word_1_236' title='bbox 810 1781 905 1834; x_wconf 90' lang='lat' dir='ltr'><strong>per</strong></span> <span class='ocrx_word' id='word_1_237' title='bbox 945 1763 1186 1818; x_wconf 78' lang='lat' dir='ltr'><strong>eamdem</strong></span> <span class='ocrx_word' id='word_1_238' title='bbox 1227 1763 1395 1832; x_wconf 81' lang='lat' dir='ltr'><strong>legem</strong></span> <span class='ocrx_word' id='word_1_239' title='bbox 1437 1763 1724 1816; x_wconf 84' lang='lat' dir='ltr'><strong>adventum</strong></span> <span class='ocrx_word' id='word_1_240' title='bbox 1769 1762 2061 1814; x_wconf 86' lang='lat' dir='ltr'><strong>indicavit:</strong></span> <span class='ocrx_word' id='word_1_241' title='bbox 2096 1763 2141 1821; x_wconf 86' lang='grc' dir='ltr'><strong>Β</strong></span> <span class='ocrx_word' id='word_1_242' title='bbox 2171 1768 2275 1813; x_wconf 90' lang='lat' dir='ltr'><strong>tem</strong></span> <span class='ocrx_word' id='word_1_243' title='bbox 2305 1759 2452 1815; x_wconf 72' lang='lat' dir='ltr'><strong>Sara:</strong></span> <span class='ocrx_word' id='word_1_244' title='bbox 2475 1761 2756 1831; x_wconf 83' lang='lat' dir='ltr'><strong>prophetia</strong></span> <span class='ocrx_word' id='word_1_245' title='bbox 2783 1771 2866 1816; x_wconf 91' lang='lat' dir='ltr'><strong>est</strong></span> <span class='ocrx_word' id='word_1_246' title='bbox 2891 1769 2907 1815; x_wconf 66' lang='grc' dir='ltr'><strong>ξ</strong></span> <span class='ocrx_word' id='word_1_247' title='bbox 2939 1760 3092 1830; x_wconf 85' lang='lat' dir='ltr'><strong>cujus</strong></span> <span class='ocrx_word' id='word_1_248' title='bbox 3116 1764 3254 1818; x_wconf 86' lang='lat' dir='ltr'><strong>risus</strong></span> <span class='ocrx_word' id='word_1_249' title='bbox 3280 1764 3544 1834; x_wconf 85' lang='lat' dir='ltr'><strong>duplicem</strong></span> <span class='ocrx_word' id='word_1_250' title='bbox 3575 1765 3736 1819; x_wconf 87' lang='lat' dir='ltr'><strong>habet</strong></span> 
     </span>
    </p>
   </div>
   <div class='ocr_carea' id='block_1_34' title="bbox 499 1853 2064 1927">
    <p class='ocr_par' dir='ltr' id='par_1_34' title="bbox 499 1853 2064 1927">
     <span class='ocr_line' id='line_1_34' title="bbox 499 1853 2064 1927; baseline -0.003 -15"><span class='ocrx_word' id='word_1_251' title='bbox 499 1860 659 1912; x_wconf 89' lang='lat' dir='ltr'><strong>alium</strong></span> <span class='ocrx_word' id='word_1_252' title='bbox 686 1860 773 1927; x_wconf 89' lang='lat' dir='ltr'><strong>qui</strong></span> <span class='ocrx_word' id='word_1_253' title='bbox 804 1859 856 1910; x_wconf 91' lang='lat' dir='ltr'><strong>in</strong></span> <span class='ocrx_word' id='word_1_254' title='bbox 887 1856 989 1909; x_wconf 92' lang='lat' dir='ltr'><strong>ﬁne</strong></span> <span class='ocrx_word' id='word_1_255' title='bbox 1017 1855 1198 1908; x_wconf 89' lang='lat' dir='ltr'><strong>mundi</strong></span> <span class='ocrx_word' id='word_1_256' title='bbox 1224 1863 1482 1907; x_wconf 82' lang='lat' dir='ltr'><strong>venturus</strong></span> <span class='ocrx_word' id='word_1_257' title='bbox 1510 1863 1619 1917; x_wconf 88' lang='lat' dir='ltr'><strong>est,</strong></span> <span class='ocrx_word' id='word_1_258' title='bbox 1653 1853 2064 1907; x_wconf 89' lang='lat' dir='ltr'><strong>denuntiaturus</strong></span> 
     </span>
    </p>
   </div>
   <div class='ocr_carea' id='block_1_35' title="bbox 501 1943 2058 2014">
    <p class='ocr_par' dir='ltr' id='par_1_35' title="bbox 501 1943 2058 2014">
     <span class='ocr_line' id='line_1_35' title="bbox 501 1943 2058 2014; baseline -0.004 -10"><span class='ocrx_word' id='word_1_259' title='bbox 501 1960 556 2004; x_wconf 85' lang='lat' dir='ltr'><strong>et</strong></span> <span class='ocrx_word' id='word_1_260' title='bbox 583 1949 872 2003; x_wconf 81' lang='lat' dir='ltr'><strong>secundum</strong></span> <span class='ocrx_word' id='word_1_261' title='bbox 905 1947 1190 2000; x_wconf 87' lang='lat' dir='ltr'><strong>adventum</strong></span> <span class='ocrx_word' id='word_1_262' title='bbox 1222 1945 1454 2008; x_wconf 87' lang='lat' dir='ltr'><strong>Christi,</strong></span> <span class='ocrx_word' id='word_1_263' title='bbox 1486 1952 1646 2014; x_wconf 86' lang='lat' dir='ltr'><strong>atque</strong></span> <span class='ocrx_word' id='word_1_264' title='bbox 1675 1943 1787 2012; x_wconf 84' lang='lat' dir='ltr'><strong>ejus</strong></span> <span class='ocrx_word' id='word_1_265' title='bbox 1818 1944 2058 2013; x_wconf 84' lang='lat' dir='ltr'><strong>Evange-</strong></span> 
     </span>
    </p>
   </div>
   <div class='ocr_carea' id='block_1_36' title="bbox 499 2035 2060 2108">
    <p class='ocr_par' dir='ltr' id='par_1_36' title="bbox 499 2035 2060 2108">
     <span class='ocr_line' id='line_1_36' title="bbox 499 2035 2060 2108; baseline -0.004 -13"><span class='ocrx_word' id='word_1_266' title='bbox 499 2045 625 2097; x_wconf 82' lang='lat' dir='ltr'><strong>Iium</strong></span> <span class='ocrx_word' id='word_1_267' title='bbox 669 2042 867 2096; x_wconf 83' lang='lat' dir='ltr'><strong>Judaeis</strong></span> <span class='ocrx_word' id='word_1_268' title='bbox 910 2039 1318 2108; x_wconf 65' lang='lat' dir='ltr'><strong>praedicaturus.</strong></span> <span class='ocrx_word' id='word_1_269' title='bbox 1365 2035 1516 2092; x_wconf 86' lang='lat' dir='ltr'><strong>Unde</strong></span> <span class='ocrx_word' id='word_1_270' title='bbox 1552 2037 1687 2090; x_wconf 88' lang='lat' dir='ltr'><strong>etin</strong></span> <span class='ocrx_word' id='word_1_271' title='bbox 1717 2044 1903 2091; x_wconf 91' lang='lat' dir='ltr'><strong>monte</strong></span> <span class='ocrx_word' id='word_1_272' title='bbox 1934 2035 2060 2089; x_wconf 92' lang='lat' dir='ltr'><strong>dum</strong></span> 
     </span>
    </p>
   </div>
   <div class='ocr_carea' id='block_1_37' title="bbox 499 2122 2068 2197">
    <p class='ocr_par' dir='ltr' id='par_1_37' title="bbox 499 2122 2068 2197">
     <span class='ocr_line' id='line_1_37' title="bbox 499 2122 2068 2197; baseline -0.005 -13"><span class='ocrx_word' id='word_1_273' title='bbox 499 2131 757 2185; x_wconf 82' lang='lat' dir='ltr'><strong>Dominus</strong></span> <span class='ocrx_word' id='word_1_274' title='bbox 788 2129 976 2183; x_wconf 79' lang='lat' dir='ltr'><strong>fuisset</strong></span> <span class='ocrx_word' id='word_1_275' title='bbox 1008 2126 1460 2197; x_wconf 85' lang='lat' dir='ltr'><strong>transﬁguratus,</strong></span> <span class='ocrx_word' id='word_1_276' title='bbox 1496 2125 1554 2179; x_wconf 84' lang='lat' dir='ltr'><strong>bi</strong></span> <span class='ocrx_word' id='word_1_277' title='bbox 1595 2125 1732 2188; x_wconf 90' lang='lat' dir='ltr'><strong>duo,</strong></span> <span class='ocrx_word' id='word_1_278' title='bbox 1775 2122 1985 2194; x_wconf 83' lang='lat' dir='ltr'><strong>Moyses</strong></span> <span class='ocrx_word' id='word_1_279' title='bbox 2011 2129 2068 2177; x_wconf 89' lang='lat' dir='ltr'><strong>et</strong></span> 
     </span>
    </p>
   </div>
   <div class='ocr_carea' id='block_1_38' title="bbox 503 2211 2068 2284">
    <p class='ocr_par' dir='ltr' id='par_1_38' title="bbox 503 2211 2068 2284">
     <span class='ocr_line' id='line_1_38' title="bbox 503 2211 2068 2284; baseline -0.003 -12"><span class='ocrx_word' id='word_1_280' title='bbox 503 2220 645 2274; x_wconf 82' lang='lat' dir='ltr'><strong>Elias</strong></span> <span class='ocrx_word' id='word_1_281' title='bbox 685 2233 806 2274; x_wconf 91' lang='lat' dir='ltr'><strong>cum</strong></span> <span class='ocrx_word' id='word_1_282' title='bbox 838 2233 901 2271; x_wconf 89' lang='lat' dir='ltr'><strong>eo</strong></span> <span class='ocrx_word' id='word_1_283' title='bbox 928 2215 998 2269; x_wconf 89' lang='lat' dir='ltr'><strong>ab</strong></span> <span class='ocrx_word' id='word_1_284' title='bbox 1027 2215 1283 2284; x_wconf 76' lang='lat' dir='ltr'><strong>apostolis</strong></span> <span class='ocrx_word' id='word_1_285' title='bbox 1311 2215 1413 2267; x_wconf 90' lang='lat' dir='ltr'><strong>visi</strong></span> <span class='ocrx_word' id='word_1_286' title='bbox 1444 2221 1589 2268; x_wconf 91' lang='lat' dir='ltr'><strong>sunt.</strong></span> <span class='ocrx_word' id='word_1_287' title='bbox 1630 2211 1904 2268; x_wconf 85' lang='lat' dir='ltr'><strong>Abraham</strong></span> <span class='ocrx_word' id='word_1_288' title='bbox 1938 2227 2068 2267; x_wconf 91' lang='lat' dir='ltr'><strong>vero</strong></span> 
     </span>
    </p>
   </div>
   <div class='ocr_carea' id='block_1_39' title="bbox 504 2301 2069 2370">
    <p class='ocr_par' dir='ltr' id='par_1_39' title="bbox 504 2301 2069 2370">
     <span class='ocr_line' id='line_1_39' title="bbox 504 2301 2069 2370; baseline -0.005 -7"><span class='ocrx_word' id='word_1_289' title='bbox 504 2305 613 2363; x_wconf 87' lang='lat' dir='ltr'><strong>tres</strong></span> <span class='ocrx_word' id='word_1_290' title='bbox 645 2309 859 2368; x_wconf 84' lang='lat' dir='ltr'><strong>videns.</strong></span> <span class='ocrx_word' id='word_1_291' title='bbox 892 2322 1053 2360; x_wconf 90' lang='lat' dir='ltr'><strong>unum</strong></span> <span class='ocrx_word' id='word_1_292' title='bbox 1086 2306 1363 2370; x_wconf 90' lang='lat' dir='ltr'><strong>adoravit,</strong></span> <span class='ocrx_word' id='word_1_293' title='bbox 1392 2303 1679 2360; x_wconf 91' lang='lat' dir='ltr'><strong>Dominum</strong></span> <span class='ocrx_word' id='word_1_294' title='bbox 1722 2304 1925 2358; x_wconf 89' lang='lat' dir='ltr'><strong>scilicet</strong></span> <span class='ocrx_word' id='word_1_295' title='bbox 1953 2301 2069 2357; x_wconf 83' lang='lat' dir='ltr'><strong>Sal-</strong></span> 
     </span>
    </p>
   </div>
   <div class='ocr_carea' id='block_1_40' title="bbox 505 2380 2066 2465">
    <p class='ocr_par' dir='ltr' id='par_1_40' title="bbox 505 2380 2066 2465">
     <span class='ocr_line' id='line_1_40' title="bbox 505 2380 2066 2465; baseline -0.001 -16"><span class='ocrx_word' id='word_1_296' title='bbox 505 2407 747 2452; x_wconf 84' lang='lat' dir='ltr'><strong>vatorem</strong></span> <span class='ocrx_word' id='word_1_297' title='bbox 776 2397 1093 2458; x_wconf 89' lang='lat' dir='ltr'><strong>ostendens,</strong></span> <span class='ocrx_word' id='word_1_298' title='bbox 1127 2396 1278 2465; x_wconf 84' lang='lat' dir='ltr'><strong>cujus</strong></span> <span class='ocrx_word' id='word_1_299' title='bbox 1300 2380 1413 2462; x_wconf 53' lang='lat' dir='ltr'><strong>j&#39;am</strong></span> <span class='ocrx_word' id='word_1_300' title='bbox 1443 2394 1704 2448; x_wconf 85' lang='lat' dir='ltr'><strong>adventus</strong></span> <span class='ocrx_word' id='word_1_301' title='bbox 1729 2402 1812 2448; x_wconf 92' lang='lat' dir='ltr'><strong>est</strong></span> <span class='ocrx_word' id='word_1_302' title='bbox 1837 2400 2066 2462; x_wconf 62' lang='lat' dir='ltr'><strong>praesto-</strong></span> 
     </span>
    </p>
   </div>
   <div class='ocr_carea' id='block_1_41' title="bbox 425 2471 2064 2557">
    <p class='ocr_par' dir='ltr' id='par_1_41' title="bbox 425 2471 2064 2557">
     <span class='ocr_line' id='line_1_41' title="bbox 425 2471 2064 2557; baseline -0.003 -16"><span class='ocrx_word' id='word_1_303' title='bbox 425 2471 427 2473; x_wconf 12' lang='lat'><strong><em>.</em></strong></span> <span class='ocrx_word' id='word_1_304' title='bbox 505 2489 662 2544; x_wconf 82' lang='lat' dir='ltr'><strong>latus.</strong></span> <span class='ocrx_word' id='word_1_305' title='bbox 706 2487 860 2542; x_wconf 78' lang='lat' dir='ltr'><strong>Juxta</strong></span> <span class='ocrx_word' id='word_1_306' title='bbox 899 2488 1038 2557; x_wconf 89' lang='lat' dir='ltr'><strong>quod</strong></span> <span class='ocrx_word' id='word_1_307' title='bbox 1067 2485 1230 2542; x_wconf 88' lang='lat' dir='ltr'><strong>etiam</strong></span> <span class='ocrx_word' id='word_1_308' title='bbox 1261 2483 1519 2540; x_wconf 90' lang='lat' dir='ltr'><strong>Dominus</strong></span> <span class='ocrx_word' id='word_1_309' title='bbox 1550 2486 1603 2538; x_wconf 91' lang='lat' dir='ltr'><strong>in</strong></span> <span class='ocrx_word' id='word_1_310' title='bbox 1634 2484 1921 2555; x_wconf 80' lang='lat' dir='ltr'><strong>Evangelia</strong></span> <span class='ocrx_word' id='word_1_311' title='bbox 1945 2484 2064 2539; x_wconf 86' lang='lat' dir='ltr'><strong>ait:</strong></span> 
     </span>
    </p>
   </div>
   <div class='ocr_carea' id='block_1_42' title="bbox 505 2574 2068 2647">
    <p class='ocr_par' dir='ltr' id='par_1_42' title="bbox 505 2574 2068 2647">
     <span class='ocr_line' id='line_1_42' title="bbox 505 2574 2068 2647; baseline -0.003 -17"><span class='ocrx_word' id='word_1_312' title='bbox 505 2578 767 2630; x_wconf 72' lang='lat' dir='ltr'><strong>Abraham</strong></span> <span class='ocrx_word' id='word_1_313' title='bbox 791 2577 1024 2647; x_wconf 78' lang='lat' dir='ltr'><strong>qmrsivit</strong></span> <span class='ocrx_word' id='word_1_314' title='bbox 1051 2576 1221 2629; x_wconf 78' lang='lat' dir='ltr'><strong>ridere</strong></span> <span class='ocrx_word' id='word_1_315' title='bbox 1248 2575 1382 2628; x_wconf 85' lang='lat' dir='ltr'><strong>diem</strong></span> <span class='ocrx_word' id='word_1_316' title='bbox 1410 2590 1580 2628; x_wconf 88' lang='lat' dir='ltr'><strong>meum</strong></span> <span class='ocrx_word' id='word_1_317' title='bbox 1600 2616 1614 2639; x_wconf 91' lang='lat'><strong>,</strong></span> <span class='ocrx_word' id='word_1_318' title='bbox 1644 2575 1766 2628; x_wconf 78' lang='lat' dir='ltr'><strong>vidit</strong></span> <span class='ocrx_word' id='word_1_319' title='bbox 1793 2584 1839 2627; x_wconf 84' lang='lat' dir='ltr'><strong>et</strong></span> <span class='ocrx_word' id='word_1_320' title='bbox 1862 2574 2068 2643; x_wconf 77' lang='lat' dir='ltr'><strong>gavisus</strong></span> 
     </span>
    </p>
   </div>
   <div class='ocr_carea' id='block_1_43' title="bbox 504 2664 2070 2748">
    <p class='ocr_par' dir='ltr' id='par_1_43' title="bbox 504 2664 2070 2748">
     <span class='ocr_line' id='line_1_43' title="bbox 504 2664 2070 2748; baseline -0.001 -30"><span class='ocrx_word' id='word_1_321' title='bbox 504 2677 577 2720; x_wconf 79' lang='lat' dir='ltr'><strong>est</strong></span> <span class='ocrx_word' id='word_1_322' title='bbox 605 2666 784 2738; x_wconf 80' lang='lat' dir='ltr'><strong>(Joau.</strong></span> <span class='ocrx_word' id='word_1_323' title='bbox 810 2665 947 2734; x_wconf 78' lang='lat' dir='ltr'><strong>vin).</strong></span> <span class='ocrx_word' id='word_1_324' title='bbox 983 2665 1133 2720; x_wconf 85' lang='lat' dir='ltr'><strong>Tunc</strong></span> <span class='ocrx_word' id='word_1_325' title='bbox 1157 2665 1299 2748; x_wconf 77' lang='lat' dir='ltr'><strong>enim</strong></span> <span class='ocrx_word' id='word_1_326' title='bbox 1330 2664 1493 2718; x_wconf 88' lang='lat' dir='ltr'><strong>futuri</strong></span> <span class='ocrx_word' id='word_1_327' title='bbox 1521 2665 1730 2732; x_wconf 81' lang='lat' dir='ltr'><strong>aspexit</strong></span> <span class='ocrx_word' id='word_1_328' title='bbox 1755 2665 2070 2734; x_wconf 80' lang='lat' dir='ltr'><strong>mysterium</strong></span> 
     </span>
    </p>
   </div>
   <div class='ocr_carea' id='block_1_44' title="bbox 505 2754 2074 2824">
    <p class='ocr_par' dir='ltr' id='par_1_44' title="bbox 505 2754 2074 2824">
     <span class='ocr_line' id='line_1_44' title="bbox 505 2754 2074 2824; baseline -0.001 -15"><span class='ocrx_word' id='word_1_329' title='bbox 505 2754 844 2809; x_wconf 84' lang='lat' dir='ltr'><strong>sacramenti.</strong></span> <span class='ocrx_word' id='word_1_330' title='bbox 877 2754 1028 2808; x_wconf 86' lang='lat' dir='ltr'><strong>Unde</strong></span> <span class='ocrx_word' id='word_1_331' title='bbox 1052 2763 1105 2808; x_wconf 87' lang='lat' dir='ltr'><strong>et</strong></span> <span class='ocrx_word' id='word_1_332' title='bbox 1128 2754 1292 2824; x_wconf 83' lang='lat' dir='ltr'><strong>pedes</strong></span> <span class='ocrx_word' id='word_1_333' title='bbox 1317 2769 1503 2810; x_wconf 89' lang='lat' dir='ltr'><strong>eorum</strong></span> <span class='ocrx_word' id='word_1_334' title='bbox 1536 2754 1692 2818; x_wconf 90' lang='lat' dir='ltr'><strong>lavit,</strong></span> <span class='ocrx_word' id='word_1_335' title='bbox 1722 2762 1782 2808; x_wconf 91' lang='lat' dir='ltr'><strong>ut</strong></span> <span class='ocrx_word' id='word_1_336' title='bbox 1813 2755 1864 2807; x_wconf 92' lang='lat' dir='ltr'><strong>in</strong></span> <span class='ocrx_word' id='word_1_337' title='bbox 1896 2762 2074 2809; x_wconf 80' lang='lat' dir='ltr'><strong>extre-</strong></span> 
     </span>
    </p>
   </div>
   <div class='ocr_carea' id='block_1_45' title="bbox 507 2842 2072 2913">
    <p class='ocr_par' dir='ltr' id='par_1_45' title="bbox 507 2842 2072 2913">
     <span class='ocr_line' id='line_1_45' title="bbox 507 2842 2072 2913; baseline -0.003 -13"><span class='ocrx_word' id='word_1_338' title='bbox 507 2860 595 2900; x_wconf 92' lang='lat' dir='ltr'><strong>mo</strong></span> <span class='ocrx_word' id='word_1_339' title='bbox 647 2844 845 2898; x_wconf 83' lang='lat' dir='ltr'><strong>lavacri</strong></span> <span class='ocrx_word' id='word_1_340' title='bbox 891 2843 1321 2913; x_wconf 83' lang='lat' dir='ltr'><strong>puriﬁcationem</strong></span> <span class='ocrx_word' id='word_1_341' title='bbox 1371 2844 1762 2898; x_wconf 84' lang='lat' dir='ltr'><strong>demonstraret</strong></span> <span class='ocrx_word' id='word_1_342' title='bbox 1804 2842 2072 2906; x_wconf 83' lang='lat' dir='ltr'><strong>futuram,</strong></span> 
     </span>
    </p>
   </div>
   <div class='ocr_carea' id='block_1_46' title="bbox 506 2929 2077 3003">
    <p class='ocr_par' dir='ltr' id='par_1_46' title="bbox 506 2929 2077 3003">
     <span class='ocr_line' id='line_1_46' title="bbox 506 2929 2077 3003; baseline 0.001 -18"><span class='ocrx_word' id='word_1_343' title='bbox 506 2933 669 3003; x_wconf 80' lang='lat' dir='ltr'><strong>pedes</strong></span> <span class='ocrx_word' id='word_1_344' title='bbox 706 2946 933 3000; x_wconf 81' lang='lat' dir='ltr'><strong>namque</strong></span> <span class='ocrx_word' id='word_1_345' title='bbox 971 2931 1264 2986; x_wconf 89' lang='lat' dir='ltr'><strong>novissima</strong></span> <span class='ocrx_word' id='word_1_346' title='bbox 1307 2930 1631 3001; x_wconf 80' lang='lat' dir='ltr'><strong>signiﬁcant.</strong></span> <span class='ocrx_word' id='word_1_347' title='bbox 1677 2929 1734 2984; x_wconf 90' lang='lat' dir='ltr'><strong>Si</strong></span> <span class='ocrx_word' id='word_1_348' title='bbox 1779 2930 1994 3000; x_wconf 83' lang='lat' dir='ltr'><strong>quidem</strong></span> <span class='ocrx_word' id='word_1_349' title='bbox 2023 2942 2077 2986; x_wconf 91' lang='lat' dir='ltr'><strong>et</strong></span> 
     </span>
    </p>
   </div>
   <div class='ocr_carea' id='block_1_47' title="bbox 511 3019 2119 3091">
    <p class='ocr_par' dir='ltr' id='par_1_47' title="bbox 511 3019 2119 3091">
     <span class='ocr_line' id='line_1_47' title="bbox 511 3019 2119 3091; baseline -0.001 -15"><span class='ocrx_word' id='word_1_350' title='bbox 511 3021 812 3076; x_wconf 88' lang='lat' dir='ltr'><strong>convivium</strong></span> <span class='ocrx_word' id='word_1_351' title='bbox 860 3030 1158 3090; x_wconf 64' lang='lat' dir='ltr'><strong>praeparat,</strong></span> <span class='ocrx_word' id='word_1_352' title='bbox 1211 3020 1436 3074; x_wconf 88' lang='lat' dir='ltr'><strong>vitulum</strong></span> <span class='ocrx_word' id='word_1_353' title='bbox 1490 3019 1696 3074; x_wconf 76' lang='lat' dir='ltr'><strong>scilicet</strong></span> <span class='ocrx_word' id='word_1_354' title='bbox 1749 3021 2071 3091; x_wconf 86' lang='lat' dir='ltr'><strong>saginatum.</strong></span> <span class='ocrx_word' id='word_1_355' title='bbox 2115 3019 2119 3022; x_wconf 75' lang='grc'><strong>’</strong></span> 
     </span>
    </p>
   </div>
   <div class='ocr_carea' id='block_1_48' title="bbox 2165 1850 3736 1921">
    <p class='ocr_par' dir='ltr' id='par_1_48' title="bbox 2165 1850 3736 1921">
     <span class='ocr_line' id='line_1_48' title="bbox 2165 1850 3736 1921; baseline 0.001 -17"><span class='ocrx_word' id='word_1_356' title='bbox 2165 1850 2650 1919; x_wconf 78' lang='lat' dir='ltr'><strong>signiﬁcatiOnemt</strong></span> <span class='ocrx_word' id='word_1_357' title='bbox 2687 1851 2800 1905; x_wconf 83' lang='lat' dir='ltr'><strong>sive</strong></span> <span class='ocrx_word' id='word_1_358' title='bbox 2842 1853 2984 1921; x_wconf 88' lang='lat' dir='ltr'><strong>quod</strong></span> <span class='ocrx_word' id='word_1_359' title='bbox 3030 1853 3170 1908; x_wconf 89' lang='lat' dir='ltr'><strong>risus</strong></span> <span class='ocrx_word' id='word_1_360' title='bbox 3211 1862 3351 1908; x_wconf 89' lang='lat' dir='ltr'><strong>esset</strong></span> <span class='ocrx_word' id='word_1_361' title='bbox 3397 1852 3610 1907; x_wconf 83' lang='lat' dir='ltr'><strong>futurus</strong></span> <span class='ocrx_word' id='word_1_362' title='bbox 3655 1852 3736 1905; x_wconf 85' lang='lat' dir='ltr'><strong>in-</strong></span> 
     </span>
    </p>
   </div>
   <div class='ocr_carea' id='block_1_49' title="bbox 2163 1936 3737 2010">
    <p class='ocr_par' dir='ltr' id='par_1_49' title="bbox 2163 1936 3737 2010">
     <span class='ocr_line' id='line_1_49' title="bbox 2163 1936 3737 2010; baseline 0.003 -17"><span class='ocrx_word' id='word_1_363' title='bbox 2163 1936 2395 1994; x_wconf 86' lang='lat' dir='ltr'><strong>credulis</strong></span> <span class='ocrx_word' id='word_1_364' title='bbox 2435 1939 2711 2004; x_wconf 85' lang='lat' dir='ltr'><strong>Christus,</strong></span> <span class='ocrx_word' id='word_1_365' title='bbox 2759 1941 2872 1994; x_wconf 83' lang='lat' dir='ltr'><strong>sive</strong></span> <span class='ocrx_word' id='word_1_366' title='bbox 2911 1942 3050 2010; x_wconf 92' lang='lat' dir='ltr'><strong>quod</strong></span> <span class='ocrx_word' id='word_1_367' title='bbox 3093 1955 3279 1997; x_wconf 82' lang='lat' dir='ltr'><strong>omnes</strong></span> <span class='ocrx_word' id='word_1_368' title='bbox 3321 1944 3568 1998; x_wconf 90' lang='lat' dir='ltr'><strong>inimicos</strong></span> <span class='ocrx_word' id='word_1_369' title='bbox 3610 1958 3737 1998; x_wconf 86' lang='lat' dir='ltr'><strong>suos</strong></span> 
     </span>
    </p>
   </div>
   <div class='ocr_carea' id='block_1_50' title="bbox 2165 2025 3739 2102">
    <p class='ocr_par' dir='ltr' id='par_1_50' title="bbox 2165 2025 3739 2102">
     <span class='ocr_line' id='line_1_50' title="bbox 2165 2025 3739 2102; baseline 0.002 -18"><span class='ocrx_word' id='word_1_370' title='bbox 2165 2031 2217 2084; x_wconf 92' lang='lat' dir='ltr'><strong>in</strong></span> <span class='ocrx_word' id='word_1_371' title='bbox 2244 2029 2451 2098; x_wconf 87' lang='lat' dir='ltr'><strong>judicio</strong></span> <span class='ocrx_word' id='word_1_372' title='bbox 2479 2045 2577 2085; x_wconf 91' lang='lat' dir='ltr'><strong>suo</strong></span> <span class='ocrx_word' id='word_1_373' title='bbox 2602 2038 2746 2085; x_wconf 90' lang='lat' dir='ltr'><strong>esset</strong></span> <span class='ocrx_word' id='word_1_374' title='bbox 2774 2025 3000 2085; x_wconf 88' lang='lat' dir='ltr'><strong>risurus.</strong></span> <span class='ocrx_word' id='word_1_375' title='bbox 3036 2032 3185 2086; x_wconf 90' lang='lat' dir='ltr'><strong>Unde</strong></span> <span class='ocrx_word' id='word_1_376' title='bbox 3213 2043 3267 2087; x_wconf 90' lang='lat' dir='ltr'><strong>et</strong></span> <span class='ocrx_word' id='word_1_377' title='bbox 3296 2034 3405 2102; x_wconf 86' lang='lat' dir='ltr'><strong>ipse</strong></span> <span class='ocrx_word' id='word_1_378' title='bbox 3436 2032 3537 2102; x_wconf 52' lang='lat' dir='ltr'><strong>&#39;qui</strong></span> <span class='ocrx_word' id='word_1_379' title='bbox 3579 2041 3739 2087; x_wconf 90' lang='lat' dir='ltr'><strong>natus</strong></span> 
     </span>
    </p>
   </div>
   <div class='ocr_carea' id='block_1_51' title="bbox 2164 2109 3739 2192">
    <p class='ocr_par' dir='ltr' id='par_1_51' title="bbox 2164 2109 3739 2192">
     <span class='ocr_line' id='line_1_51' title="bbox 2164 2109 3739 2192; baseline 0.002 -17"><span class='ocrx_word' id='word_1_380' title='bbox 2164 2116 2248 2176; x_wconf 72' lang='grc' dir='ltr'><strong>εει</strong></span> <span class='ocrx_word' id='word_1_381' title='bbox 2283 2123 2347 2176; x_wconf 93' lang='lat' dir='ltr'><strong>de</strong></span> <span class='ocrx_word' id='word_1_382' title='bbox 2392 2121 2526 2176; x_wconf 88' lang='lat' dir='ltr'><strong>Sara</strong></span> <span class='ocrx_word' id='word_1_383' title='bbox 2567 2122 2710 2178; x_wconf 86' lang='lat' dir='ltr'><strong>risus</strong></span> <span class='ocrx_word' id='word_1_384' title='bbox 2751 2136 2943 2177; x_wconf 87' lang='lat' dir='ltr'><strong>nomen</strong></span> <span class='ocrx_word' id='word_1_385' title='bbox 2988 2123 3212 2192; x_wconf 81' lang='lat' dir='ltr'><strong>accepit.</strong></span> <span class='ocrx_word' id='word_1_386' title='bbox 3265 2123 3412 2177; x_wconf 85' lang='lat' dir='ltr'><strong>Isaac</strong></span> <span class='ocrx_word' id='word_1_387' title='bbox 3471 2109 3628 2180; x_wconf 22' lang='lat' dir='ltr'><strong>enim.</strong></span> <span class='ocrx_word' id='word_1_388' title='bbox 3673 2141 3739 2180; x_wconf 80' lang='lat' dir='ltr'><strong>ex</strong></span> 
     </span>
    </p>
   </div>
   <div class='ocr_carea' id='block_1_52' title="bbox 2167 2213 3744 2284">
    <p class='ocr_par' dir='ltr' id='par_1_52' title="bbox 2167 2213 3744 2284">
     <span class='ocr_line' id='line_1_52' title="bbox 2167 2213 3744 2284; baseline 0 -16"><span class='ocrx_word' id='word_1_389' title='bbox 2167 2213 2399 2269; x_wconf 71' lang='lat' dir='ltr'><strong>llebrzea</strong></span> <span class='ocrx_word' id='word_1_390' title='bbox 2432 2214 2609 2284; x_wconf 87' lang='lat' dir='ltr'><strong>lingua</strong></span> <span class='ocrx_word' id='word_1_391' title='bbox 2653 2215 2706 2269; x_wconf 91' lang='lat' dir='ltr'><strong>in</strong></span> <span class='ocrx_word' id='word_1_392' title='bbox 2748 2214 2995 2269; x_wconf 86' lang='lat' dir='ltr'><strong>Latinum</strong></span> <span class='ocrx_word' id='word_1_393' title='bbox 3042 2230 3344 2269; x_wconf 85' lang='lat' dir='ltr'><strong>sermonem</strong></span> <span class='ocrx_word' id='word_1_394' title='bbox 3392 2215 3529 2268; x_wconf 83' lang='lat' dir='ltr'><strong>risus</strong></span> <span class='ocrx_word' id='word_1_395' title='bbox 3574 2215 3744 2269; x_wconf 86' lang='lat' dir='ltr'><strong>inter-</strong></span> 
     </span>
    </p>
   </div>
   <div class='ocr_carea' id='block_1_53' title="bbox 2173 2297 3746 2376">
    <p class='ocr_par' dir='ltr' id='par_1_53' title="bbox 2173 2297 3746 2376">
     <span class='ocr_line' id='line_1_53' title="bbox 2173 2297 3746 2376; baseline -0.001 -19"><span class='ocrx_word' id='word_1_396' title='bbox 2173 2315 2435 2374; x_wconf 87' lang='lat' dir='ltr'><strong>pretatur.</strong></span> <span class='ocrx_word' id='word_1_397' title='bbox 2468 2302 2670 2376; x_wconf 81' lang='lat' dir='ltr'><strong>(Greg.)</strong></span> <span class='ocrx_word' id='word_1_398' title='bbox 2700 2304 2938 2374; x_wconf 87' lang='lat' dir='ltr'><strong>Denique</strong></span> <span class='ocrx_word' id='word_1_399' title='bbox 2976 2297 3268 2360; x_wconf 72' lang='lat' dir='ltr'><strong>secandum</strong></span> <span class='ocrx_word' id='word_1_400' title='bbox 3306 2302 3563 2357; x_wconf 88' lang='lat' dir='ltr'><strong>moralem</strong></span> <span class='ocrx_word' id='word_1_401' title='bbox 3593 2303 3746 2356; x_wconf 85' lang='lat' dir='ltr'><strong>intel-</strong></span> 
     </span>
    </p>
   </div>
   <div class='ocr_carea' id='block_1_54' title="bbox 2171 2392 3744 2465">
    <p class='ocr_par' dir='ltr' id='par_1_54' title="bbox 2171 2392 3744 2465">
     <span class='ocr_line' id='line_1_54' title="bbox 2171 2392 3744 2465; baseline -0.003 -16"><span class='ocrx_word' id='word_1_402' title='bbox 2171 2396 2366 2450; x_wconf 89' lang='lat' dir='ltr'><strong>lectum</strong></span> <span class='ocrx_word' id='word_1_403' title='bbox 2393 2433 2407 2459; x_wconf 93' lang='lat'><strong>,</strong></span> <span class='ocrx_word' id='word_1_404' title='bbox 2442 2392 2772 2463; x_wconf 85' lang='lat' dir='ltr'><strong>pensandum</strong></span> <span class='ocrx_word' id='word_1_405' title='bbox 2814 2402 2918 2460; x_wconf 89' lang='lat' dir='ltr'><strong>est,</strong></span> <span class='ocrx_word' id='word_1_406' title='bbox 2962 2402 3161 2465; x_wconf 87' lang='lat' dir='ltr'><strong>quanta</strong></span> <span class='ocrx_word' id='word_1_407' title='bbox 3200 2394 3522 2449; x_wconf 87' lang='lat' dir='ltr'><strong>discretione</strong></span> <span class='ocrx_word' id='word_1_408' title='bbox 3562 2392 3744 2463; x_wconf 84' lang='lat' dir='ltr'><strong>magni</strong></span> 
     </span>
    </p>
   </div>
   <div class='ocr_carea' id='block_1_55' title="bbox 2123 2476 3746 2562">
    <p class='ocr_par' dir='ltr' id='par_1_55' title="bbox 2123 2476 3746 2562">
     <span class='ocr_line' id='line_1_55' title="bbox 2123 2476 3746 2562; baseline 0.001 -25"><span class='ocrx_word' id='word_1_409' title='bbox 2123 2533 2137 2562; x_wconf 42' lang='grc' dir='ltr'><em>ι</em></span> <span class='ocrx_word' id='word_1_410' title='bbox 2174 2485 2561 2539; x_wconf 83' lang='lat' dir='ltr'><strong>moderaminis</strong></span> <span class='ocrx_word' id='word_1_411' title='bbox 2606 2484 2785 2539; x_wconf 90' lang='lat' dir='ltr'><strong>carnis</strong></span> <span class='ocrx_word' id='word_1_412' title='bbox 2829 2499 2959 2539; x_wconf 88' lang='lat' dir='ltr'><strong>cura</strong></span> <span class='ocrx_word' id='word_1_413' title='bbox 3008 2484 3325 2539; x_wconf 82' lang='lat' dir='ltr'><strong>refrenanda</strong></span> <span class='ocrx_word' id='word_1_414' title='bbox 3376 2476 3490 2550; x_wconf 78' lang='lat' dir='ltr'><strong>eSt,</strong></span> <span class='ocrx_word' id='word_1_415' title='bbox 3535 2495 3595 2539; x_wconf 91' lang='lat' dir='ltr'><strong>ut</strong></span> <span class='ocrx_word' id='word_1_416' title='bbox 3626 2501 3746 2538; x_wconf 82' lang='lat' dir='ltr'><strong>ser-</strong></span> 
     </span>
    </p>
   </div>
   <div class='ocr_carea' id='block_1_56' title="bbox 2168 2575 3747 2646">
    <p class='ocr_par' dir='ltr' id='par_1_56' title="bbox 2168 2575 3747 2646">
     <span class='ocr_line' id='line_1_56' title="bbox 2168 2575 3747 2646; baseline 0 -18"><span class='ocrx_word' id='word_1_417' title='bbox 2168 2575 2278 2630; x_wconf 85' lang='lat' dir='ltr'><strong>viat</strong></span> <span class='ocrx_word' id='word_1_418' title='bbox 2339 2584 2393 2630; x_wconf 90' lang='lat' dir='ltr'><strong>et</strong></span> <span class='ocrx_word' id='word_1_419' title='bbox 2451 2576 2672 2630; x_wconf 88' lang='lat' dir='ltr'><strong>minime</strong></span> <span class='ocrx_word' id='word_1_420' title='bbox 2725 2576 3121 2646; x_wconf 61' lang='lat' dir='ltr'><strong>praecipitetur,</strong></span> <span class='ocrx_word' id='word_1_421' title='bbox 3180 2592 3248 2631; x_wconf 91' lang='lat' dir='ltr'><strong>ne</strong></span> <span class='ocrx_word' id='word_1_422' title='bbox 3304 2578 3460 2646; x_wconf 89' lang='lat' dir='ltr'><strong>quasi</strong></span> <span class='ocrx_word' id='word_1_423' title='bbox 3526 2576 3747 2631; x_wconf 84' lang='lat' dir='ltr'><strong>domina</strong></span> 
     </span>
    </p>
   </div>
   <div class='ocr_carea' id='block_1_57' title="bbox 2173 2665 3752 2737">
    <p class='ocr_par' dir='ltr' id='par_1_57' title="bbox 2173 2665 3752 2737">
     <span class='ocr_line' id='line_1_57' title="bbox 2173 2665 3752 2737; baseline 0.003 -20"><span class='ocrx_word' id='word_1_424' title='bbox 2173 2665 2386 2729; x_wconf 83' lang='lat' dir='ltr'><strong>vincat,</strong></span> <span class='ocrx_word' id='word_1_425' title='bbox 2432 2666 2524 2720; x_wconf 87' lang='lat' dir='ltr'><strong>sed</strong></span> <span class='ocrx_word' id='word_1_426' title='bbox 2565 2667 2789 2722; x_wconf 87' lang='lat' dir='ltr'><strong>subacta</strong></span> <span class='ocrx_word' id='word_1_427' title='bbox 2830 2666 3084 2732; x_wconf 84' lang='lat' dir='ltr'><strong>dominio,</strong></span> <span class='ocrx_word' id='word_1_428' title='bbox 3133 2668 3290 2737; x_wconf 90' lang='lat' dir='ltr'><strong>quasi</strong></span> <span class='ocrx_word' id='word_1_429' title='bbox 3335 2667 3526 2722; x_wconf 85' lang='lat' dir='ltr'><strong>ancilla</strong></span> <span class='ocrx_word' id='word_1_430' title='bbox 3573 2667 3752 2722; x_wconf 81' lang='lat' dir='ltr'><strong>famu-</strong></span> 
     </span>
    </p>
   </div>
   <div class='ocr_carea' id='block_1_58' title="bbox 2173 2754 3748 2829">
    <p class='ocr_par' dir='ltr' id='par_1_58' title="bbox 2173 2754 3748 2829">
     <span class='ocr_line' id='line_1_58' title="bbox 2173 2754 3748 2829; baseline 0.004 -22"><span class='ocrx_word' id='word_1_431' title='bbox 2173 2755 2331 2821; x_wconf 89' lang='lat' dir='ltr'><strong>letur,</strong></span> <span class='ocrx_word' id='word_1_432' title='bbox 2361 2765 2421 2809; x_wconf 92' lang='lat' dir='ltr'><strong>ut</strong></span> <span class='ocrx_word' id='word_1_433' title='bbox 2442 2754 2592 2823; x_wconf 86' lang='lat' dir='ltr'><strong>jussa</strong></span> <span class='ocrx_word' id='word_1_434' title='bbox 2625 2757 2806 2826; x_wconf 86' lang='lat' dir='ltr'><strong>adsit,</strong></span> <span class='ocrx_word' id='word_1_435' title='bbox 2838 2767 3000 2827; x_wconf 87' lang='lat' dir='ltr'><strong>atque</strong></span> <span class='ocrx_word' id='word_1_436' title='bbox 3045 2773 3073 2812; x_wconf 89' lang='lat' dir='ltr'><strong>a</strong></span> <span class='ocrx_word' id='word_1_437' title='bbox 3116 2767 3247 2812; x_wconf 84' lang='lat' dir='ltr'><strong>nutu</strong></span> <span class='ocrx_word' id='word_1_438' title='bbox 3288 2759 3466 2814; x_wconf 88' lang='lat' dir='ltr'><strong>cordis</strong></span> <span class='ocrx_word' id='word_1_439' title='bbox 3495 2759 3710 2829; x_wconf 82' lang='lat' dir='ltr'><strong>repulsa</strong></span> <span class='ocrx_word' id='word_1_440' title='bbox 3733 2801 3748 2822; x_wconf 86' lang='lat'><strong>,</strong></span> 
     </span>
    </p>
   </div>
   <div class='ocr_carea' id='block_1_59' title="bbox 2180 2845 3749 2924">
    <p class='ocr_par' dir='ltr' id='par_1_59' title="bbox 2180 2845 3749 2924">
     <span class='ocr_line' id='line_1_59' title="bbox 2180 2845 3749 2924; baseline 0.001 -24"><span class='ocrx_word' id='word_1_441' title='bbox 2180 2845 2412 2910; x_wconf 85' lang='lat' dir='ltr'><strong>desiliat,</strong></span> <span class='ocrx_word' id='word_1_442' title='bbox 2443 2854 2502 2900; x_wconf 90' lang='lat' dir='ltr'><strong>ut</strong></span> <span class='ocrx_word' id='word_1_443' title='bbox 2532 2847 2620 2899; x_wconf 76' lang='lat' dir='ltr'><strong>vix</strong></span> <span class='ocrx_word' id='word_1_444' title='bbox 2652 2863 2679 2900; x_wconf 92' lang='lat' dir='ltr'><strong>a</strong></span> <span class='ocrx_word' id='word_1_445' title='bbox 2712 2855 3088 2918; x_wconf 38' lang='lat' dir='ltr'><strong>tergo‘san&#39;ctte</strong></span> <span class='ocrx_word' id='word_1_446' title='bbox 3116 2849 3438 2924; x_wconf 78' lang='lat' dir='ltr'><strong>cognitionis</strong></span> <span class='ocrx_word' id='word_1_447' title='bbox 3469 2862 3749 2919; x_wconf 78' lang='lat' dir='ltr'><strong>appareat,</strong></span> 
     </span>
    </p>
   </div>
   <div class='ocr_carea' id='block_1_60' title="bbox 2171 2938 3754 3015">
    <p class='ocr_par' dir='ltr' id='par_1_60' title="bbox 2171 2938 3754 3015">
     <span class='ocr_line' id='line_1_60' title="bbox 2171 2938 3754 3015; baseline 0.001 -23"><span class='ocrx_word' id='word_1_448' title='bbox 2171 2946 2232 2992; x_wconf 85' lang='lat' dir='ltr'><strong>et</strong></span> <span class='ocrx_word' id='word_1_449' title='bbox 2277 2953 2550 3006; x_wconf 87' lang='lat' dir='ltr'><strong>nunquam</strong></span> <span class='ocrx_word' id='word_1_450' title='bbox 2602 2947 2790 2992; x_wconf 89' lang='lat' dir='ltr'><strong>contra</strong></span> <span class='ocrx_word' id='word_1_451' title='bbox 2838 2938 3033 3015; x_wconf 15' lang='lat' dir='ltr'><strong>faciem.</strong></span> <span class='ocrx_word' id='word_1_452' title='bbox 3079 2949 3240 2994; x_wconf 66' lang='lat' dir='ltr'><strong>rectae</strong></span> <span class='ocrx_word' id='word_1_453' title='bbox 3287 2942 3628 3011; x_wconf 89' lang='lat' dir='ltr'><strong>cogitationis</strong></span> <span class='ocrx_word' id='word_1_454' title='bbox 3654 2943 3754 2996; x_wconf 79' lang='lat' dir='ltr'><strong>ob-</strong></span> 
     </span>
    </p>
   </div>
   <div class='ocr_carea' id='block_1_61' title="bbox 2168 3022 3750 3104">
    <p class='ocr_par' dir='ltr' id='par_1_61' title="bbox 2168 3022 3750 3104">
     <span class='ocr_line' id='line_1_61' title="bbox 2168 3022 3750 3104; baseline 0.002 -21"><span class='ocrx_word' id='word_1_455' title='bbox 2168 3029 2353 3104; x_wconf 23' lang='lat' dir='ltr'><strong>‘sistat.</strong></span> <span class='ocrx_word' id='word_1_456' title='bbox 2404 3022 2559 3095; x_wconf 85' lang='lat' dir='ltr'><strong>Quod</strong></span> <span class='ocrx_word' id='word_1_457' title='bbox 2585 3031 2723 3085; x_wconf 89' lang='lat' dir='ltr'><strong>bene</strong></span> <span class='ocrx_word' id='word_1_458' title='bbox 2752 3031 2908 3084; x_wconf 88' lang='lat' dir='ltr'><strong>nobis</strong></span> <span class='ocrx_word' id='word_1_459' title='bbox 2947 3031 3170 3086; x_wconf 87' lang='lat' dir='ltr'><strong>historia</strong></span> <span class='ocrx_word' id='word_1_460' title='bbox 3201 3046 3367 3086; x_wconf 68' lang='lat' dir='ltr'><strong>sacra:</strong></span> <span class='ocrx_word' id='word_1_461' title='bbox 3398 3032 3644 3088; x_wconf 81' lang='lat' dir='ltr'><strong>lectionis</strong></span> <span class='ocrx_word' id='word_1_462' title='bbox 3675 3034 3750 3087; x_wconf 89' lang='lat' dir='ltr'><strong>in-</strong></span> 
     </span>
    </p>
   </div>
   <div class='ocr_carea' id='block_1_62' title="bbox 510 3105 3755 3194">
    <p class='ocr_par' dir='ltr' id='par_1_62' title="bbox 510 3105 3755 3194">
     <span class='ocr_line' id='line_1_62' title="bbox 510 3105 3755 3194; baseline 0.005 -30"><span class='ocrx_word' id='word_1_463' title='bbox 510 3110 615 3166; x_wconf 84' lang='lat' dir='ltr'><strong>lste</strong></span> <span class='ocrx_word' id='word_1_464' title='bbox 664 3118 842 3164; x_wconf 76' lang='lat' dir='ltr'><strong>autem</strong></span> <span class='ocrx_word' id='word_1_465' title='bbox 891 3109 1091 3163; x_wconf 83' lang='lat' dir='ltr'><strong>vitulus</strong></span> <span class='ocrx_word' id='word_1_466' title='bbox 1139 3119 1289 3164; x_wconf 76' lang='lat' dir='ltr'><strong>tener</strong></span> <span class='ocrx_word' id='word_1_467' title='bbox 1335 3110 1612 3180; x_wconf 71' lang='lat' dir='ltr'><strong>saginatus</strong></span> <span class='ocrx_word' id='word_1_468' title='bbox 1661 3105 1868 3172; x_wconf 82' lang='lat' dir='ltr'><strong>Domini</strong></span> <span class='ocrx_word' id='word_1_469' title='bbox 1912 3112 2079 3165; x_wconf 71' lang='lat' dir='ltr'><strong>&quot;OSll‘i</strong></span> <span class='ocrx_word' id='word_1_470' title='bbox 2109 3117 2152 3178; x_wconf 86' lang='lat' dir='ltr'><strong>C</strong></span> <span class='ocrx_word' id='word_1_471' title='bbox 2184 3117 2538 3183; x_wconf 19' lang='lat' dir='ltr'><strong>inuitum-cum</strong></span> <span class='ocrx_word' id='word_1_472' title='bbox 2570 3120 2840 3174; x_wconf 80' lang='lat' dir='ltr'><strong>Abraham</strong></span> <span class='ocrx_word' id='word_1_473' title='bbox 2873 3123 3044 3178; x_wconf 82' lang='lat' dir='ltr'><strong>tribus</strong></span> <span class='ocrx_word' id='word_1_474' title='bbox 3074 3123 3280 3194; x_wconf 88' lang='lat' dir='ltr'><strong>angelis</strong></span> <span class='ocrx_word' id='word_1_475' title='bbox 3310 3126 3614 3180; x_wconf 82' lang='lat' dir='ltr'><strong>occurrisse</strong></span> <span class='ocrx_word' id='word_1_476' title='bbox 3641 3142 3755 3181; x_wconf 81' lang='lat' dir='ltr'><strong>me-</strong></span> 
     </span>
    </p>
   </div>
   <div class='ocr_carea' id='block_1_63' title="bbox 516 3195 2077 3270">
    <p class='ocr_par' dir='ltr' id='par_1_63' title="bbox 516 3195 2077 3270">
     <span class='ocr_line' id='line_1_63' title="bbox 516 3195 2077 3270; baseline 0.001 -18"><span class='ocrx_word' id='word_1_477' title='bbox 516 3195 642 3252; x_wconf 75' lang='lat' dir='ltr'><strong>.lesu</strong></span> <span class='ocrx_word' id='word_1_478' title='bbox 676 3198 876 3254; x_wconf 88' lang='lat' dir='ltr'><strong>Christi</strong></span> <span class='ocrx_word' id='word_1_479' title='bbox 906 3207 988 3252; x_wconf 91' lang='lat' dir='ltr'><strong>est</strong></span> <span class='ocrx_word' id='word_1_480' title='bbox 1017 3214 1228 3268; x_wconf 85' lang='lat' dir='ltr'><strong>corpus.</strong></span> <span class='ocrx_word' id='word_1_481' title='bbox 1266 3199 1365 3254; x_wconf 83' lang='lat' dir='ltr'><strong>llic</strong></span> <span class='ocrx_word' id='word_1_482' title='bbox 1394 3209 1448 3253; x_wconf 88' lang='lat' dir='ltr'><strong>et</strong></span> <span class='ocrx_word' id='word_1_483' title='bbox 1477 3200 1673 3253; x_wconf 89' lang='lat' dir='ltr'><strong>vitulus</strong></span> <span class='ocrx_word' id='word_1_484' title='bbox 1704 3200 1916 3254; x_wconf 86' lang='lat' dir='ltr'><strong>Domini</strong></span> <span class='ocrx_word' id='word_1_485' title='bbox 1941 3241 1955 3265; x_wconf 95' lang='lat'><strong>,</strong></span> <span class='ocrx_word' id='word_1_486' title='bbox 1987 3201 2077 3270; x_wconf 90' lang='lat' dir='ltr'><strong>qui</strong></span> 
     </span>
    </p>
   </div>
   <div class='ocr_carea' id='block_1_64' title="bbox 516 3288 2082 3359">
    <p class='ocr_par' dir='ltr' id='par_1_64' title="bbox 516 3288 2082 3359">
     <span class='ocr_line' id='line_1_64' title="bbox 516 3288 2082 3359; baseline 0.001 -18"><span class='ocrx_word' id='word_1_487' title='bbox 516 3295 734 3359; x_wconf 85' lang='lat' dir='ltr'><strong>propter</strong></span> <span class='ocrx_word' id='word_1_488' title='bbox 776 3288 998 3342; x_wconf 87' lang='lat' dir='ltr'><strong>salutem</strong></span> <span class='ocrx_word' id='word_1_489' title='bbox 1045 3289 1376 3342; x_wconf 83' lang='lat' dir='ltr'><strong>credentium</strong></span> <span class='ocrx_word' id='word_1_490' title='bbox 1408 3288 1474 3341; x_wconf 90' lang='lat' dir='ltr'><strong>ad</strong></span> <span class='ocrx_word' id='word_1_491' title='bbox 1504 3290 1749 3343; x_wconf 91' lang='lat' dir='ltr'><strong>arborem</strong></span> <span class='ocrx_word' id='word_1_492' title='bbox 1781 3289 1959 3344; x_wconf 88' lang='lat' dir='ltr'><strong>crucis</strong></span> <span class='ocrx_word' id='word_1_493' title='bbox 1998 3297 2082 3344; x_wconf 90' lang='lat' dir='ltr'><strong>est</strong></span> 
     </span>
    </p>
   </div>
   <div class='ocr_carea' id='block_1_65' title="bbox 518 3376 2078 3451">
    <p class='ocr_par' dir='ltr' id='par_1_65' title="bbox 518 3376 2078 3451">
     <span class='ocr_line' id='line_1_65' title="bbox 518 3376 2078 3451; baseline 0 -19"><span class='ocrx_word' id='word_1_494' title='bbox 518 3376 837 3432; x_wconf 90' lang='lat' dir='ltr'><strong>immolatus.</strong></span> <span class='ocrx_word' id='word_1_495' title='bbox 883 3376 981 3431; x_wconf 82' lang='lat' dir='ltr'><strong>Hic</strong></span> <span class='ocrx_word' id='word_1_496' title='bbox 1020 3384 1102 3432; x_wconf 89' lang='lat' dir='ltr'><strong>est</strong></span> <span class='ocrx_word' id='word_1_497' title='bbox 1140 3377 1340 3432; x_wconf 89' lang='lat' dir='ltr'><strong>vitulus</strong></span> <span class='ocrx_word' id='word_1_498' title='bbox 1379 3377 1640 3432; x_wconf 90' lang='lat' dir='ltr'><strong>Dominici</strong></span> <span class='ocrx_word' id='word_1_499' title='bbox 1682 3379 1955 3451; x_wconf 70' lang='lat' dir='ltr'><strong>carperis,</strong></span> <span class='ocrx_word' id='word_1_500' title='bbox 1988 3380 2078 3448; x_wconf 90' lang='lat' dir='ltr'><strong>qui</strong></span> 
     </span>
    </p>
   </div>
   <div class='ocr_carea' id='block_1_66' title="bbox 516 3467 2083 3539">
    <p class='ocr_par' dir='ltr' id='par_1_66' title="bbox 516 3467 2083 3539">
     <span class='ocr_line' id='line_1_66' title="bbox 516 3467 2083 3539; baseline 0.003 -17"><span class='ocrx_word' id='word_1_501' title='bbox 516 3469 572 3522; x_wconf 88' lang='lat' dir='ltr'><strong>in</strong></span> <span class='ocrx_word' id='word_1_502' title='bbox 616 3467 904 3539; x_wconf 87' lang='lat' dir='ltr'><strong>Evangelio</strong></span> <span class='ocrx_word' id='word_1_503' title='bbox 939 3483 1036 3536; x_wconf 90' lang='lat' dir='ltr'><strong>pro</strong></span> <span class='ocrx_word' id='word_1_504' title='bbox 1079 3477 1362 3538; x_wconf 84' lang='lat' dir='ltr'><strong>peccatore</strong></span> <span class='ocrx_word' id='word_1_505' title='bbox 1408 3470 1670 3524; x_wconf 82' lang='lat' dir='ltr'><strong>occiditur</strong></span> <span class='ocrx_word' id='word_1_506' title='bbox 1709 3469 1836 3525; x_wconf 90' lang='lat' dir='ltr'><strong>ﬁlio.</strong></span> <span class='ocrx_word' id='word_1_507' title='bbox 1882 3470 1988 3526; x_wconf 87' lang='lat' dir='ltr'><strong>Sed</strong></span> <span class='ocrx_word' id='word_1_508' title='bbox 2028 3481 2083 3526; x_wconf 91' lang='lat' dir='ltr'><strong>et</strong></span> 
     </span>
    </p>
   </div>
   <div class='ocr_carea' id='block_1_67' title="bbox 516 3544 2081 3631">
    <p class='ocr_par' dir='ltr' id='par_1_67' title="bbox 516 3544 2081 3631">
     <span class='ocr_line' id='line_1_67' title="bbox 516 3544 2081 3631; baseline 0.004 -20"><span class='ocrx_word' id='word_1_509' title='bbox 516 3558 767 3627; x_wconf 87' lang='lat' dir='ltr'><strong>butyrum</strong></span> <span class='ocrx_word' id='word_1_510' title='bbox 825 3566 880 3612; x_wconf 90' lang='lat' dir='ltr'><strong>ct</strong></span> <span class='ocrx_word' id='word_1_511' title='bbox 930 3557 1014 3612; x_wconf 89' lang='lat' dir='ltr'><strong>lac</strong></span> <span class='ocrx_word' id='word_1_512' title='bbox 1065 3574 1185 3613; x_wconf 87' lang='lat' dir='ltr'><strong>cum</strong></span> <span class='ocrx_word' id='word_1_513' title='bbox 1240 3575 1403 3615; x_wconf 82' lang='lat' dir='ltr'><strong>carne</strong></span> <span class='ocrx_word' id='word_1_514' title='bbox 1451 3561 1602 3615; x_wconf 88' lang='lat' dir='ltr'><strong>vituli</strong></span> <span class='ocrx_word' id='word_1_515' title='bbox 1656 3544 1919 3631; x_wconf 42' lang='lat' dir='ltr'><strong>apposuit;</strong></span> <span class='ocrx_word' id='word_1_516' title='bbox 1973 3563 2081 3618; x_wconf 88' lang='lat' dir='ltr'><strong>Lac</strong></span> 
     </span>
    </p>
   </div>
   <div class='ocr_carea' id='block_1_68' title="bbox 517 3650 2084 3720">
    <p class='ocr_par' dir='ltr' id='par_1_68' title="bbox 517 3650 2084 3720">
     <span class='ocr_line' id='line_1_68' title="bbox 517 3650 2084 3720; baseline 0.004 -20"><span class='ocrx_word' id='word_1_517' title='bbox 517 3650 712 3718; x_wconf 86' lang='lat' dir='ltr'><strong>quippe</strong></span> <span class='ocrx_word' id='word_1_518' title='bbox 754 3651 945 3719; x_wconf 69' lang='lat' dir='ltr'><strong>prisca:</strong></span> <span class='ocrx_word' id='word_1_519' title='bbox 985 3650 1120 3717; x_wconf 80' lang='lat' dir='ltr'><strong>legis</strong></span> <span class='ocrx_word' id='word_1_520' title='bbox 1146 3652 1398 3705; x_wconf 86' lang='lat' dir='ltr'><strong>habuisse</strong></span> <span class='ocrx_word' id='word_1_521' title='bbox 1428 3651 1649 3720; x_wconf 83' lang='lat' dir='ltr'><strong>ﬁguram</strong></span> <span class='ocrx_word' id='word_1_522' title='bbox 1676 3652 1962 3720; x_wconf 86' lang='lat' dir='ltr'><strong>Apostolus</strong></span> <span class='ocrx_word' id='word_1_523' title='bbox 1989 3669 2084 3707; x_wconf 87' lang='lat' dir='ltr'><strong>no-</strong></span> 
     </span>
    </p>
   </div>
   <div class='ocr_carea' id='block_1_69' title="bbox 519 3739 2084 3809">
    <p class='ocr_par' dir='ltr' id='par_1_69' title="bbox 519 3739 2084 3809">
     <span class='ocr_line' id='line_1_69' title="bbox 519 3739 2084 3809; baseline 0.003 -18"><span class='ocrx_word' id='word_1_524' title='bbox 519 3749 631 3792; x_wconf 86' lang='lat' dir='ltr'><strong>ster</strong></span> <span class='ocrx_word' id='word_1_525' title='bbox 673 3739 958 3792; x_wconf 86' lang='lat' dir='ltr'><strong>annuntiat</strong></span> <span class='ocrx_word' id='word_1_526' title='bbox 1004 3739 1227 3793; x_wconf 83' lang='lat' dir='ltr'><strong>dicens:</strong></span> <span class='ocrx_word' id='word_1_527' title='bbox 1276 3739 1380 3792; x_wconf 88' lang='lat' dir='ltr'><strong>Lac</strong></span> <span class='ocrx_word' id='word_1_528' title='bbox 1420 3741 1558 3794; x_wconf 82' lang='lat' dir='ltr'><strong>vobis</strong></span> <span class='ocrx_word' id='word_1_529' title='bbox 1602 3751 1777 3809; x_wconf 83' lang='lat' dir='ltr'><strong>potum</strong></span> <span class='ocrx_word' id='word_1_530' title='bbox 1820 3742 1939 3795; x_wconf 84' lang='lat' dir='ltr'><strong>dedi</strong></span> <span class='ocrx_word' id='word_1_531' title='bbox 1981 3760 2084 3796; x_wconf 84' lang='lat' dir='ltr'><strong>non</strong></span> 
     </span>
    </p>
   </div>
   <div class='ocr_carea' id='block_1_70' title="bbox 520 3827 2084 3903">
    <p class='ocr_par' dir='ltr' id='par_1_70' title="bbox 520 3827 2084 3903">
     <span class='ocr_line' id='line_1_70' title="bbox 520 3827 2084 3903; baseline 0.004 -24"><span class='ocrx_word' id='word_1_532' title='bbox 520 3843 691 3880; x_wconf 81' lang='lat' dir='ltr'><strong>escam</strong></span> <span class='ocrx_word' id='word_1_533' title='bbox 715 3845 732 3890; x_wconf 87' lang='lat'><em>;</em></span> <span class='ocrx_word' id='word_1_534' title='bbox 757 3827 982 3880; x_wconf 85' lang='lat' dir='ltr'><strong>nondum</strong></span> <span class='ocrx_word' id='word_1_535' title='bbox 1003 3828 1137 3880; x_wconf 75' lang='lat' dir='ltr'><strong>enim</strong></span> <span class='ocrx_word' id='word_1_536' title='bbox 1164 3830 1428 3898; x_wconf 85' lang='lat' dir='ltr'><strong>poteratis,</strong></span> <span class='ocrx_word' id='word_1_537' title='bbox 1454 3847 1543 3883; x_wconf 83' lang='lat' dir='ltr'><strong>nec</strong></span> <span class='ocrx_word' id='word_1_538' title='bbox 1567 3830 1738 3884; x_wconf 83' lang='lat' dir='ltr'><strong>adhuc</strong></span> <span class='ocrx_word' id='word_1_539' title='bbox 1764 3832 1968 3901; x_wconf 80' lang='lat' dir='ltr'><strong>quidem</strong></span> <span class='ocrx_word' id='word_1_540' title='bbox 1992 3850 2084 3903; x_wconf 86' lang='lat' dir='ltr'><strong>po-</strong></span> 
     </span>
    </p>
   </div>
   <div class='ocr_carea' id='block_1_71' title="bbox 511 3913 2084 3988">
    <p class='ocr_par' dir='ltr' id='par_1_71' title="bbox 511 3913 2084 3988">
     <span class='ocr_line' id='line_1_71' title="bbox 511 3913 2084 3988; baseline 0.005 -22"><span class='ocrx_word' id='word_1_541' title='bbox 511 3915 662 3987; x_wconf 27' lang='lat' dir='ltr'><strong>[testis</strong></span> <span class='ocrx_word' id='word_1_542' title='bbox 687 3914 737 3982; x_wconf 93' lang='grc'><strong>(1</strong></span> <span class='ocrx_word' id='word_1_543' title='bbox 787 3913 908 3969; x_wconf 85' lang='lat' dir='ltr'><strong>Cor.</strong></span> <span class='ocrx_word' id='word_1_544' title='bbox 957 3914 1058 3984; x_wconf 82' lang='grc' dir='ltr'><strong>ιιι).</strong></span> <span class='ocrx_word' id='word_1_545' title='bbox 1111 3916 1424 3969; x_wconf 86' lang='lat' dir='ltr'><strong>Tradiderat</strong></span> <span class='ocrx_word' id='word_1_546' title='bbox 1470 3918 1610 3970; x_wconf 90' lang='lat' dir='ltr'><strong>enim</strong></span> <span class='ocrx_word' id='word_1_547' title='bbox 1643 3917 1747 3972; x_wconf 92' lang='lat' dir='ltr'><strong>illis</strong></span> <span class='ocrx_word' id='word_1_548' title='bbox 1777 3919 1910 3988; x_wconf 78' lang='lat' dir='ltr'><strong>legis</strong></span> <span class='ocrx_word' id='word_1_549' title='bbox 1937 3935 2084 3974; x_wconf 91' lang='lat' dir='ltr'><strong>man-</strong></span> 
     </span>
    </p>
   </div>
   <div class='ocr_carea' id='block_1_72' title="bbox 519 3990 2077 4074">
    <p class='ocr_par' dir='ltr' id='par_1_72' title="bbox 519 3990 2077 4074">
     <span class='ocr_line' id='line_1_72' title="bbox 519 3990 2077 4074; baseline 0.003 -15"><span class='ocrx_word' id='word_1_550' title='bbox 519 4004 702 4059; x_wconf 86' lang='lat' dir='ltr'><strong>datum</strong></span> <span class='ocrx_word' id='word_1_551' title='bbox 729 4005 881 4074; x_wconf 90' lang='lat' dir='ltr'><strong>quasi</strong></span> <span class='ocrx_word' id='word_1_552' title='bbox 911 4005 990 4058; x_wconf 89' lang='lat' dir='ltr'><strong>lac</strong></span> <span class='ocrx_word' id='word_1_553' title='bbox 1020 3990 1370 4059; x_wconf 13' lang='lat' dir='ltr'><strong>deluberibus</strong></span> <span class='ocrx_word' id='word_1_554' title='bbox 1397 4006 1621 4060; x_wconf 81' lang='lat' dir='ltr'><strong>duarum</strong></span> <span class='ocrx_word' id='word_1_555' title='bbox 1654 4007 1953 4062; x_wconf 89' lang='lat' dir='ltr'><strong>tabularum</strong></span> <span class='ocrx_word' id='word_1_556' title='bbox 1984 4025 2077 4064; x_wconf 82' lang='lat' dir='ltr'><strong>ex-</strong></span> 
     </span>
    </p>
   </div>
   <div class='ocr_carea' id='block_1_73' title="bbox 485 4078 2079 4161">
    <p class='ocr_par' dir='ltr' id='par_1_73' title="bbox 485 4078 2079 4161">
     <span class='ocr_line' id='line_1_73' title="bbox 485 4078 2079 4161; baseline 0.004 -15"><span class='ocrx_word' id='word_1_557' title='bbox 485 4125 489 4128; x_wconf 62' lang='grc'><strong><em>«</em></strong></span> <span class='ocrx_word' id='word_1_558' title='bbox 521 4105 766 4161; x_wconf 76' lang='lat' dir='ltr'><strong>pressum</strong></span> <span class='ocrx_word' id='word_1_559' title='bbox 788 4133 802 4156; x_wconf 94' lang='lat'><strong>,</strong></span> <span class='ocrx_word' id='word_1_560' title='bbox 839 4093 939 4146; x_wconf 89' lang='lat' dir='ltr'><strong>hoc</strong></span> <span class='ocrx_word' id='word_1_561' title='bbox 967 4101 1050 4146; x_wconf 87' lang='lat' dir='ltr'><strong>est</strong></span> <span class='ocrx_word' id='word_1_562' title='bbox 1079 4100 1454 4147; x_wconf 87' lang='lat' dir='ltr'><strong>testamentum</strong></span> <span class='ocrx_word' id='word_1_563' title='bbox 1489 4095 1630 4149; x_wconf 88' lang='lat' dir='ltr'><strong>ﬁdei.</strong></span> <span class='ocrx_word' id='word_1_564' title='bbox 1662 4078 1906 4151; x_wconf 78' lang='lat' dir='ltr'><strong>Nondum</strong></span> <span class='ocrx_word' id='word_1_565' title='bbox 1937 4099 2079 4153; x_wconf 92' lang='lat' dir='ltr'><strong>enim</strong></span> 
     </span>
    </p>
   </div>
   <div class='ocr_carea' id='block_1_74' title="bbox 522 4183 2082 4258">
    <p class='ocr_par' dir='ltr' id='par_1_74' title="bbox 522 4183 2082 4258">
     <span class='ocr_line' id='line_1_74' title="bbox 522 4183 2082 4258; baseline 0.006 -23"><span class='ocrx_word' id='word_1_566' title='bbox 522 4191 810 4250; x_wconf 82' lang='lat' dir='ltr'><strong>poterant,</strong></span> <span class='ocrx_word' id='word_1_567' title='bbox 841 4191 1058 4250; x_wconf 86' lang='lat' dir='ltr'><strong>propter</strong></span> <span class='ocrx_word' id='word_1_568' title='bbox 1090 4183 1365 4237; x_wconf 79' lang='lat' dir='ltr'><strong>infantiam</strong></span> <span class='ocrx_word' id='word_1_569' title='bbox 1397 4199 1588 4239; x_wconf 87' lang='lat' dir='ltr'><strong>sensus</strong></span> <span class='ocrx_word' id='word_1_570' title='bbox 1617 4187 1728 4251; x_wconf 91' lang='lat' dir='ltr'><strong>sui,</strong></span> <span class='ocrx_word' id='word_1_571' title='bbox 1760 4189 2082 4258; x_wconf 68' lang='lat' dir='ltr'><strong>evangelica:</strong></span> 
     </span>
    </p>
   </div>
   <div class='ocr_carea' id='block_1_75' title="bbox 523 4270 2083 4347">
    <p class='ocr_par' dir='ltr' id='par_1_75' title="bbox 523 4270 2083 4347">
     <span class='ocr_line' id='line_1_75' title="bbox 523 4270 2083 4347; baseline 0.004 -23"><span class='ocrx_word' id='word_1_572' title='bbox 523 4272 779 4325; x_wconf 73' lang='lat' dir='ltr'><strong>doctrina:</strong></span> <span class='ocrx_word' id='word_1_573' title='bbox 811 4270 1035 4325; x_wconf 88' lang='lat' dir='ltr'><strong>solidam</strong></span> <span class='ocrx_word' id='word_1_574' title='bbox 1079 4286 1141 4324; x_wconf 89' lang='lat' dir='ltr'><strong>ac</strong></span> <span class='ocrx_word' id='word_1_575' title='bbox 1173 4272 1446 4326; x_wconf 87' lang='lat' dir='ltr'><strong>robustam</strong></span> <span class='ocrx_word' id='word_1_576' title='bbox 1478 4290 1657 4329; x_wconf 87' lang='lat' dir='ltr'><strong>escam</strong></span> <span class='ocrx_word' id='word_1_577' title='bbox 1686 4277 1949 4347; x_wconf 83' lang='lat' dir='ltr'><strong>accipere.</strong></span> <span class='ocrx_word' id='word_1_578' title='bbox 1981 4278 2083 4338; x_wconf 88' lang='lat' dir='ltr'><strong>Bu-</strong></span> 
     </span>
    </p>
   </div>
   <div class='ocr_carea' id='block_1_76' title="bbox 528 4362 2080 4438">
    <p class='ocr_par' dir='ltr' id='par_1_76' title="bbox 528 4362 2080 4438">
     <span class='ocr_line' id='line_1_76' title="bbox 528 4362 2080 4438; baseline 0.007 -25"><span class='ocrx_word' id='word_1_579' title='bbox 528 4372 701 4430; x_wconf 85' lang='lat' dir='ltr'><strong>Iyrum</strong></span> <span class='ocrx_word' id='word_1_580' title='bbox 748 4370 928 4414; x_wconf 88' lang='lat' dir='ltr'><strong>autem</strong></span> <span class='ocrx_word' id='word_1_581' title='bbox 967 4362 1295 4416; x_wconf 84' lang='lat' dir='ltr'><strong>uberrimum</strong></span> <span class='ocrx_word' id='word_1_582' title='bbox 1323 4373 1377 4418; x_wconf 90' lang='lat' dir='ltr'><strong>et</strong></span> <span class='ocrx_word' id='word_1_583' title='bbox 1403 4366 1810 4435; x_wconf 82' lang='lat' dir='ltr'><strong>pinguissimum</strong></span> <span class='ocrx_word' id='word_1_584' title='bbox 1838 4369 2080 4438; x_wconf 88' lang='lat' dir='ltr'><strong>Evange-</strong></span> 
     </span>
    </p>
   </div>
   <div class='ocr_carea' id='block_1_77' title="bbox 473 4446 2160 4522">
    <p class='ocr_par' dir='ltr' id='par_1_77' title="bbox 473 4446 2160 4522">
     <span class='ocr_line' id='line_1_77' title="bbox 473 4446 2160 4522; baseline 0.011 -23"><span class='ocrx_word' id='word_1_585' title='bbox 473 4446 475 4448; x_wconf 74' lang='grc'><em>’</em></span> <span class='ocrx_word' id='word_1_586' title='bbox 522 4448 714 4504; x_wconf 82' lang='lat' dir='ltr'><strong>liorum</strong></span> <span class='ocrx_word' id='word_1_587' title='bbox 741 4459 825 4506; x_wconf 90' lang='lat' dir='ltr'><strong>est</strong></span> <span class='ocrx_word' id='word_1_588' title='bbox 849 4451 1242 4515; x_wconf 87' lang='lat' dir='ltr'><strong>testimonium,</strong></span> <span class='ocrx_word' id='word_1_589' title='bbox 1271 4456 1413 4522; x_wconf 88' lang='lat' dir='ltr'><strong>quod</strong></span> <span class='ocrx_word' id='word_1_590' title='bbox 1445 4457 1604 4511; x_wconf 88' lang='lat' dir='ltr'><strong>veluti</strong></span> <span class='ocrx_word' id='word_1_591' title='bbox 1635 4457 1809 4513; x_wconf 91' lang='lat' dir='ltr'><strong>oleum</strong></span> <span class='ocrx_word' id='word_1_592' title='bbox 1841 4452 2084 4517; x_wconf 84' lang='lat' dir='ltr'><strong>ﬁdelibus</strong></span> <span class='ocrx_word' id='word_1_593' title='bbox 2114 4448 2160 4504; x_wconf 73' lang='grc' dir='ltr'><strong>ι)</strong></span> 
     </span>
    </p>
   </div>
   <div class='ocr_carea' id='block_1_78' title="bbox 525 4536 2086 4608">
    <p class='ocr_par' dir='ltr' id='par_1_78' title="bbox 525 4536 2086 4608">
     <span class='ocr_line' id='line_1_78' title="bbox 525 4536 2086 4608; baseline 0.01 -19"><span class='ocrx_word' id='word_1_594' title='bbox 525 4539 575 4589; x_wconf 88' lang='lat' dir='ltr'><strong>in</strong></span> <span class='ocrx_word' id='word_1_595' title='bbox 618 4537 828 4608; x_wconf 87' lang='lat' dir='ltr'><strong>signum</strong></span> <span class='ocrx_word' id='word_1_596' title='bbox 858 4538 1034 4591; x_wconf 88' lang='lat' dir='ltr'><strong>datur.</strong></span> <span class='ocrx_word' id='word_1_597' title='bbox 1085 4536 1189 4592; x_wconf 88' lang='lat' dir='ltr'><strong>Sed</strong></span> <span class='ocrx_word' id='word_1_598' title='bbox 1213 4541 1433 4607; x_wconf 87' lang='lat' dir='ltr'><strong>proinde</strong></span> <span class='ocrx_word' id='word_1_599' title='bbox 1461 4544 1684 4598; x_wconf 89' lang='lat' dir='ltr'><strong>vitulum</strong></span> <span class='ocrx_word' id='word_1_600' title='bbox 1715 4562 1836 4601; x_wconf 89' lang='lat' dir='ltr'><strong>cum</strong></span> <span class='ocrx_word' id='word_1_601' title='bbox 1867 4548 2004 4603; x_wconf 90' lang='lat' dir='ltr'><strong>lacte</strong></span> <span class='ocrx_word' id='word_1_602' title='bbox 2032 4558 2086 4603; x_wconf 86' lang='lat' dir='ltr'><strong>et</strong></span> 
     </span>
    </p>
   </div>
   <div class='ocr_carea' id='block_1_79' title="bbox 524 4627 2084 4708">
    <p class='ocr_par' dir='ltr' id='par_1_79' title="bbox 524 4627 2084 4708">
     <span class='ocr_line' id='line_1_79' title="bbox 524 4627 2084 4708; baseline 0.01 -27"><span class='ocrx_word' id='word_1_603' title='bbox 524 4627 774 4699; x_wconf 80' lang='lat' dir='ltr'><strong>butyrum</strong></span> <span class='ocrx_word' id='word_1_604' title='bbox 803 4627 1076 4683; x_wconf 83' lang='lat' dir='ltr'><strong>Abraham</strong></span> <span class='ocrx_word' id='word_1_605' title='bbox 1113 4631 1376 4685; x_wconf 87' lang='lat' dir='ltr'><strong>edendum</strong></span> <span class='ocrx_word' id='word_1_606' title='bbox 1407 4637 1684 4704; x_wconf 89' lang='lat' dir='ltr'><strong>apposuit,</strong></span> <span class='ocrx_word' id='word_1_607' title='bbox 1715 4639 1839 4708; x_wconf 90' lang='lat' dir='ltr'><strong>quia</strong></span> <span class='ocrx_word' id='word_1_608' title='bbox 1872 4642 1938 4695; x_wconf 80' lang='lat' dir='ltr'><strong>n’e</strong></span> <span class='ocrx_word' id='word_1_609' title='bbox 1964 4656 2084 4695; x_wconf 34' lang='lat' dir='ltr'><strong>core</strong></span> 
     </span>
    </p>
   </div>
   <div class='ocr_carea' id='block_1_80' title="bbox 523 4718 2085 4799">
    <p class='ocr_par' dir='ltr' id='par_1_80' title="bbox 523 4718 2085 4799">
     <span class='ocr_line' id='line_1_80' title="bbox 523 4718 2085 4799; baseline 0.01 -30"><span class='ocrx_word' id='word_1_610' title='bbox 523 4729 623 4785; x_wconf 74' lang='lat' dir='ltr'><strong>pus</strong></span> <span class='ocrx_word' id='word_1_611' title='bbox 652 4718 897 4783; x_wconf 89' lang='lat' dir='ltr'><strong>Domini,</strong></span> <span class='ocrx_word' id='word_1_612' title='bbox 928 4719 1069 4787; x_wconf 82' lang='lat' dir='ltr'><strong>quod</strong></span> <span class='ocrx_word' id='word_1_613' title='bbox 1098 4727 1182 4774; x_wconf 83' lang='lat' dir='ltr'><strong>est</strong></span> <span class='ocrx_word' id='word_1_614' title='bbox 1211 4721 1406 4776; x_wconf 89' lang='lat' dir='ltr'><strong>vitulus</strong></span> <span class='ocrx_word' id='word_1_615' title='bbox 1427 4763 1441 4786; x_wconf 90' lang='lat'><strong>,</strong></span> <span class='ocrx_word' id='word_1_616' title='bbox 1475 4725 1590 4778; x_wconf 85' lang='lat' dir='ltr'><strong>sine</strong></span> <span class='ocrx_word' id='word_1_617' title='bbox 1621 4726 1758 4780; x_wconf 89' lang='lat' dir='ltr'><strong>lacte</strong></span> <span class='ocrx_word' id='word_1_618' title='bbox 1791 4729 1952 4799; x_wconf 91' lang='lat' dir='ltr'><strong>legis,</strong></span> <span class='ocrx_word' id='word_1_619' title='bbox 1985 4746 2085 4785; x_wconf 89' lang='lat' dir='ltr'><strong>nec</strong></span> 
     </span>
    </p>
   </div>
   <div class='ocr_carea' id='block_1_81' title="bbox 523 4800 2081 4884">
    <p class='ocr_par' dir='ltr' id='par_1_81' title="bbox 523 4800 2081 4884">
     <span class='ocr_line' id='line_1_81' title="bbox 523 4800 2081 4884; baseline 0.011 -29"><span class='ocrx_word' id='word_1_620' title='bbox 523 4800 609 4859; x_wconf 85' lang='lat' dir='ltr'><strong>lac</strong></span> <span class='ocrx_word' id='word_1_621' title='bbox 649 4805 781 4874; x_wconf 90' lang='lat' dir='ltr'><strong>legis</strong></span> <span class='ocrx_word' id='word_1_622' title='bbox 820 4806 936 4861; x_wconf 86' lang='lat' dir='ltr'><strong>sine</strong></span> <span class='ocrx_word' id='word_1_623' title='bbox 975 4807 1206 4876; x_wconf 87' lang='lat' dir='ltr'><strong>butyro,</strong></span> <span class='ocrx_word' id='word_1_624' title='bbox 1239 4809 1342 4862; x_wconf 91' lang='lat' dir='ltr'><strong>hoc</strong></span> <span class='ocrx_word' id='word_1_625' title='bbox 1369 4818 1451 4864; x_wconf 90' lang='lat' dir='ltr'><strong>est</strong></span> <span class='ocrx_word' id='word_1_626' title='bbox 1480 4812 1593 4866; x_wconf 87' lang='lat' dir='ltr'><strong>sine</strong></span> <span class='ocrx_word' id='word_1_627' title='bbox 1623 4812 1891 4884; x_wconf 85' lang='lat' dir='ltr'><strong>Evangelii</strong></span> <span class='ocrx_word' id='word_1_628' title='bbox 1931 4819 2081 4871; x_wconf 85' lang='lat' dir='ltr'><strong>testi—</strong></span> 
     </span>
    </p>
   </div>
   <div class='ocr_carea' id='block_1_82' title="bbox 525 4893 2083 4975">
    <p class='ocr_par' dir='ltr' id='par_1_82' title="bbox 525 4893 2083 4975">
     <span class='ocr_line' id='line_1_82' title="bbox 525 4893 2083 4975; baseline 0.01 -31"><span class='ocrx_word' id='word_1_629' title='bbox 525 4893 708 4946; x_wconf 83' lang='lat' dir='ltr'><strong>mouio</strong></span> <span class='ocrx_word' id='word_1_630' title='bbox 729 4907 851 4947; x_wconf 87' lang='lat' dir='ltr'><strong>esse</strong></span> <span class='ocrx_word' id='word_1_631' title='bbox 877 4902 1075 4962; x_wconf 77' lang='lat' dir='ltr'><strong>potest,</strong></span> <span class='ocrx_word' id='word_1_632' title='bbox 1114 4893 1240 4948; x_wconf 86' lang='lat' dir='ltr'><strong>Tria</strong></span> <span class='ocrx_word' id='word_1_633' title='bbox 1273 4904 1448 4950; x_wconf 90' lang='lat' dir='ltr'><strong>autem</strong></span> <span class='ocrx_word' id='word_1_634' title='bbox 1479 4908 1589 4952; x_wconf 87' lang='lat' dir='ltr'><strong>sata</strong></span> <span class='ocrx_word' id='word_1_635' title='bbox 1611 4940 1624 4962; x_wconf 92' lang='lat'><strong>,</strong></span> <span class='ocrx_word' id='word_1_636' title='bbox 1657 4902 1795 4956; x_wconf 89' lang='lat' dir='ltr'><strong>unde</strong></span> <span class='ocrx_word' id='word_1_637' title='bbox 1826 4902 1958 4958; x_wconf 90' lang='lat' dir='ltr'><strong>Sara</strong></span> <span class='ocrx_word' id='word_1_638' title='bbox 1991 4922 2083 4975; x_wconf 81' lang='lat' dir='ltr'><strong>pa-</strong></span> 
     </span>
    </p>
   </div>
   <div class='ocr_carea' id='block_1_83' title="bbox 527 4982 2089 5064">
    <p class='ocr_par' dir='ltr' id='par_1_83' title="bbox 527 4982 2089 5064">
     <span class='ocr_line' id='line_1_83' title="bbox 527 4982 2089 5064; baseline 0.009 -31"><span class='ocrx_word' id='word_1_639' title='bbox 527 4994 626 5036; x_wconf 86' lang='lat' dir='ltr'><strong>nes</strong></span> <span class='ocrx_word' id='word_1_640' title='bbox 661 4982 1033 5037; x_wconf 86' lang='lat' dir='ltr'><strong>subcineritios</strong></span> <span class='ocrx_word' id='word_1_641' title='bbox 1074 4982 1231 5047; x_wconf 72' lang='lat' dir='ltr'><strong>fecit,</strong></span> <span class='ocrx_word' id='word_1_642' title='bbox 1277 4987 1438 5041; x_wconf 91' lang='lat' dir='ltr'><strong>trium</strong></span> <span class='ocrx_word' id='word_1_643' title='bbox 1481 4988 1714 5043; x_wconf 87' lang='lat' dir='ltr'><strong>ﬁliorum</strong></span> <span class='ocrx_word' id='word_1_644' title='bbox 1753 4990 1863 5046; x_wconf 86' lang='lat' dir='ltr'><strong>Noe</strong></span> <span class='ocrx_word' id='word_1_645' title='bbox 1903 4993 2089 5064; x_wconf 84' lang='lat' dir='ltr'><strong>imagi-</strong></span> 
     </span>
    </p>
   </div>
   <div class='ocr_carea' id='block_1_84' title="bbox 530 5071 2085 5149">
    <p class='ocr_par' dir='ltr' id='par_1_84' title="bbox 530 5071 2085 5149">
     <span class='ocr_line' id='line_1_84' title="bbox 530 5071 2085 5149; baseline 0.009 -27"><span class='ocrx_word' id='word_1_646' title='bbox 530 5083 652 5123; x_wconf 88' lang='lat' dir='ltr'><strong>nem</strong></span> <span class='ocrx_word' id='word_1_647' title='bbox 682 5071 1083 5137; x_wconf 79' lang='lat' dir='ltr'><strong>indicaverunt,</strong></span> <span class='ocrx_word' id='word_1_648' title='bbox 1107 5088 1170 5126; x_wconf 76' lang='lat' dir='ltr'><strong>ex</strong></span> <span class='ocrx_word' id='word_1_649' title='bbox 1198 5075 1390 5142; x_wconf 89' lang='lat' dir='ltr'><strong>quibus</strong></span> <span class='ocrx_word' id='word_1_650' title='bbox 1418 5093 1575 5132; x_wconf 90' lang='lat' dir='ltr'><strong>omne</strong></span> <span class='ocrx_word' id='word_1_651' title='bbox 1602 5094 1769 5149; x_wconf 81' lang='lat' dir='ltr'><strong>genus</strong></span> <span class='ocrx_word' id='word_1_652' title='bbox 1796 5081 2085 5136; x_wconf 87' lang='lat' dir='ltr'><strong>humanum</strong></span> 
     </span>
    </p>
   </div>
   <div class='ocr_carea' id='block_1_85' title="bbox 531 5158 2085 5238">
    <p class='ocr_par' dir='ltr' id='par_1_85' title="bbox 531 5158 2085 5238">
     <span class='ocr_line' id='line_1_85' title="bbox 531 5158 2085 5238; baseline 0.011 -30"><span class='ocrx_word' id='word_1_653' title='bbox 531 5167 716 5210; x_wconf 82' lang='lat' dir='ltr'><strong>uatum</strong></span> <span class='ocrx_word' id='word_1_654' title='bbox 737 5166 820 5211; x_wconf 89' lang='lat' dir='ltr'><strong>est</strong></span> <span class='ocrx_word' id='word_1_655' title='bbox 836 5193 851 5222; x_wconf 82' lang='lat'><strong>,</strong></span> <span class='ocrx_word' id='word_1_656' title='bbox 877 5158 973 5226; x_wconf 77' lang='lat' dir='ltr'><strong>qui.</strong></span> <span class='ocrx_word' id='word_1_657' title='bbox 996 5159 1187 5214; x_wconf 66' lang='lat' dir='ltr'><strong>divina:</strong></span> <span class='ocrx_word' id='word_1_658' title='bbox 1208 5161 1454 5216; x_wconf 88' lang='lat' dir='ltr'><strong>Trinitati</strong></span> <span class='ocrx_word' id='word_1_659' title='bbox 1477 5166 1756 5221; x_wconf 85' lang='lat' dir='ltr'><strong>credentes</strong></span> <span class='ocrx_word' id='word_1_660' title='bbox 1777 5183 1875 5237; x_wconf 88' lang='lat' dir='ltr'><strong>per</strong></span> <span class='ocrx_word' id='word_1_661' title='bbox 1893 5185 2085 5238; x_wconf 89' lang='lat' dir='ltr'><strong>aquam</strong></span> 
     </span>
    </p>
   </div>
   <div class='ocr_carea' id='block_1_86' title="bbox 531 5246 2085 5343">
    <p class='ocr_par' dir='ltr' id='par_1_86' title="bbox 531 5246 2085 5343">
     <span class='ocr_line' id='line_1_86' title="bbox 531 5246 2085 5343; baseline 0.01 -44"><span class='ocrx_word' id='word_1_662' title='bbox 531 5246 900 5315; x_wconf 84' lang='lat' dir='ltr'><strong>baptismatis,</strong></span> <span class='ocrx_word' id='word_1_663' title='bbox 931 5262 1025 5315; x_wconf 88' lang='lat' dir='ltr'><strong>per</strong></span> <span class='ocrx_word' id='word_1_664' title='bbox 1056 5248 1334 5304; x_wconf 73' lang='lat' dir='ltr'><strong>ecclesiam</strong></span> <span class='ocrx_word' id='word_1_665' title='bbox 1354 5290 1369 5316; x_wconf 94' lang='lat'><strong>,</strong></span> <span class='ocrx_word' id='word_1_666' title='bbox 1397 5253 1548 5321; x_wconf 80' lang='lat' dir='ltr'><strong>cujus</strong></span> <span class='ocrx_word' id='word_1_667' title='bbox 1578 5257 1750 5343; x_wconf 66' lang='lat' dir='ltr'><strong>imago</strong></span> <span class='ocrx_word' id='word_1_668' title='bbox 1778 5257 1912 5312; x_wconf 85' lang='lat' dir='ltr'><strong>Sara</strong></span> <span class='ocrx_word' id='word_1_669' title='bbox 1941 5271 2085 5326; x_wconf 90' lang='lat' dir='ltr'><strong>erat,</strong></span> 
     </span>
    </p>
   </div>
   <div class='ocr_carea' id='block_1_87' title="bbox 530 5337 2089 5420">
    <p class='ocr_par' dir='ltr' id='par_1_87' title="bbox 530 5337 2089 5420">
     <span class='ocr_line' id='line_1_87' title="bbox 530 5337 2089 5420; baseline 0.012 -32"><span class='ocrx_word' id='word_1_670' title='bbox 530 5337 914 5406; x_wconf 88' lang='lat' dir='ltr'><strong>conspergendi</strong></span> <span class='ocrx_word' id='word_1_671' title='bbox 944 5347 1127 5393; x_wconf 85' lang='lat' dir='ltr'><strong>essent</strong></span> <span class='ocrx_word' id='word_1_672' title='bbox 1149 5347 1201 5391; x_wconf 90' lang='lat' dir='ltr'><strong>et</strong></span> <span class='ocrx_word' id='word_1_673' title='bbox 1234 5339 1283 5392; x_wconf 90' lang='lat' dir='ltr'><strong>in</strong></span> <span class='ocrx_word' id='word_1_674' title='bbox 1317 5357 1422 5394; x_wconf 89' lang='lat' dir='ltr'><strong>uno</strong></span> <span class='ocrx_word' id='word_1_675' title='bbox 1450 5337 1589 5411; x_wconf 85' lang='lat' dir='ltr'><strong>pane</strong></span> <span class='ocrx_word' id='word_1_676' title='bbox 1615 5346 1818 5402; x_wconf 89' lang='lat' dir='ltr'><strong>Christi</strong></span> <span class='ocrx_word' id='word_1_677' title='bbox 1846 5353 2089 5420; x_wconf 85' lang='lat' dir='ltr'><strong>corporis</strong></span> 
     </span>
    </p>
   </div>
   <div class='ocr_carea' id='block_1_88' title="bbox 533 5426 2084 5506">
    <p class='ocr_par' dir='ltr' id='par_1_88' title="bbox 533 5426 2084 5506">
     <span class='ocr_line' id='line_1_88' title="bbox 533 5426 2084 5506; baseline 0.013 -29"><span class='ocrx_word' id='word_1_678' title='bbox 533 5426 823 5494; x_wconf 88' lang='lat' dir='ltr'><strong>redigendi.</strong></span> <span class='ocrx_word' id='word_1_679' title='bbox 868 5426 992 5481; x_wconf 74' lang='lat' dir='ltr'><strong>llaec</strong></span> <span class='ocrx_word' id='word_1_680' title='bbox 1030 5437 1156 5481; x_wconf 88' lang='lat' dir='ltr'><strong>sunt</strong></span> <span class='ocrx_word' id='word_1_681' title='bbox 1199 5430 1283 5483; x_wconf 84' lang='lat' dir='ltr'><strong>illa</strong></span> <span class='ocrx_word' id='word_1_682' title='bbox 1328 5433 1426 5486; x_wconf 89' lang='lat' dir='ltr'><strong>tria</strong></span> <span class='ocrx_word' id='word_1_683' title='bbox 1469 5445 1583 5489; x_wconf 85' lang='lat' dir='ltr'><strong>sata</strong></span> <span class='ocrx_word' id='word_1_684' title='bbox 1627 5452 1745 5506; x_wconf 67' lang='lat' dir='ltr'><strong>quae</strong></span> <span class='ocrx_word' id='word_1_685' title='bbox 1796 5441 1986 5496; x_wconf 83' lang='lat' dir='ltr'><strong>mulier</strong></span> <span class='ocrx_word' id='word_1_686' title='bbox 2031 5444 2084 5496; x_wconf 90' lang='lat' dir='ltr'><strong>in</strong></span> 
     </span>
    </p>
   </div>
   <div class='ocr_carea' id='block_1_89' title="bbox 535 5511 2088 5597">
    <p class='ocr_par' dir='ltr' id='par_1_89' title="bbox 535 5511 2088 5597">
     <span class='ocr_line' id='line_1_89' title="bbox 535 5511 2088 5597; baseline 0.014 -33"><span class='ocrx_word' id='word_1_687' title='bbox 535 5511 818 5580; x_wconf 83' lang='lat' dir='ltr'><strong>Evangelio</strong></span> <span class='ocrx_word' id='word_1_688' title='bbox 863 5518 1205 5583; x_wconf 87' lang='lat' dir='ltr'><strong>cognoscitur</strong></span> <span class='ocrx_word' id='word_1_689' title='bbox 1258 5520 1627 5578; x_wconf 61' lang='lat' dir='ltr'><strong>fet-tuentasse.</strong></span> <span class='ocrx_word' id='word_1_690' title='bbox 1675 5517 1860 5597; x_wconf 76' lang='lat' dir='ltr'><strong>Azymi</strong></span> <span class='ocrx_word' id='word_1_691' title='bbox 1911 5539 2088 5586; x_wconf 86' lang='lat' dir='ltr'><strong>autem</strong></span> 
     </span>
    </p>
   </div>
   <div class='ocr_carea' id='block_1_90' title="bbox 541 5605 2090 5679">
    <p class='ocr_par' dir='ltr' id='par_1_90' title="bbox 541 5605 2090 5679">
     <span class='ocr_line' id='line_1_90' title="bbox 541 5605 2090 5679; baseline 0.015 -29"><span class='ocrx_word' id='word_1_692' title='bbox 541 5613 731 5666; x_wconf 74' lang='lat' dir='ltr'><strong>panes,</strong></span> <span class='ocrx_word' id='word_1_693' title='bbox 764 5618 827 5656; x_wconf 93' lang='lat' dir='ltr'><strong>eo</strong></span> <span class='ocrx_word' id='word_1_694' title='bbox 855 5606 993 5673; x_wconf 90' lang='lat' dir='ltr'><strong>quod</strong></span> <span class='ocrx_word' id='word_1_695' title='bbox 1023 5607 1139 5661; x_wconf 88' lang='lat' dir='ltr'><strong>sine</strong></span> <span class='ocrx_word' id='word_1_696' title='bbox 1167 5605 1430 5663; x_wconf 81' lang='lat' dir='ltr'><strong>fermento</strong></span> <span class='ocrx_word' id='word_1_697' title='bbox 1461 5612 1705 5679; x_wconf 72' lang='lat' dir='ltr'><strong>malitirc,</strong></span> <span class='ocrx_word' id='word_1_698' title='bbox 1738 5623 1793 5669; x_wconf 89' lang='lat' dir='ltr'><strong>et</strong></span> <span class='ocrx_word' id='word_1_699' title='bbox 1833 5619 1948 5672; x_wconf 86' lang='lat' dir='ltr'><strong>sine</strong></span> <span class='ocrx_word' id='word_1_700' title='bbox 1981 5620 2090 5672; x_wconf 83' lang='lat' dir='ltr'><strong>lan—</strong></span> 
     </span>
    </p>
   </div>
   <div class='ocr_carea' id='block_1_91' title="bbox 2183 3213 3753 3284">
    <p class='ocr_par' dir='ltr' id='par_1_91' title="bbox 2183 3213 3753 3284">
     <span class='ocr_line' id='line_1_91' title="bbox 2183 3213 3753 3284; baseline 0.006 -18"><span class='ocrx_word' id='word_1_701' title='bbox 2183 3222 2442 3266; x_wconf 88' lang='lat' dir='ltr'><strong>moratur.</strong></span> <span class='ocrx_word' id='word_1_702' title='bbox 2499 3213 2617 3283; x_wconf 80' lang='lat' dir='ltr'><strong>ipse</strong></span> <span class='ocrx_word' id='word_1_703' title='bbox 2676 3215 2872 3284; x_wconf 89' lang='lat' dir='ltr'><strong>quippe</strong></span> <span class='ocrx_word' id='word_1_704' title='bbox 2937 3215 3277 3272; x_wconf 85' lang='lat' dir='ltr'><strong>venientibus</strong></span> <span class='ocrx_word' id='word_1_705' title='bbox 3340 3225 3492 3272; x_wconf 80' lang='lat' dir='ltr'><strong>extra</strong></span> <span class='ocrx_word' id='word_1_706' title='bbox 3551 3215 3753 3274; x_wconf 84' lang='lat' dir='ltr'><strong>ostium</strong></span> 
     </span>
    </p>
   </div>
   <div class='ocr_carea' id='block_1_92' title="bbox 2180 3302 3756 3381">
    <p class='ocr_par' dir='ltr' id='par_1_92' title="bbox 2180 3302 3756 3381">
     <span class='ocr_line' id='line_1_92' title="bbox 2180 3302 3756 3381; baseline 0.008 -25"><span class='ocrx_word' id='word_1_707' title='bbox 2180 3304 2435 3368; x_wconf 86' lang='lat' dir='ltr'><strong>occurrit,</strong></span> <span class='ocrx_word' id='word_1_708' title='bbox 2464 3302 2599 3358; x_wconf 90' lang='lat' dir='ltr'><strong>Sara</strong></span> <span class='ocrx_word' id='word_1_709' title='bbox 2628 3320 2757 3362; x_wconf 75' lang='lat' dir='ltr'><strong>vero</strong></span> <span class='ocrx_word' id='word_1_710' title='bbox 2779 3315 2900 3375; x_wconf 91' lang='lat' dir='ltr'><strong>post</strong></span> <span class='ocrx_word' id='word_1_711' title='bbox 2923 3306 3118 3360; x_wconf 89' lang='lat' dir='ltr'><strong>ostium</strong></span> <span class='ocrx_word' id='word_1_712' title='bbox 3163 3307 3423 3364; x_wconf 86' lang='lat' dir='ltr'><strong>subsistit.</strong></span> <span class='ocrx_word' id='word_1_713' title='bbox 3452 3309 3591 3376; x_wconf 87' lang='lat' dir='ltr'><strong>Quid</strong></span> <span class='ocrx_word' id='word_1_714' title='bbox 3622 3328 3756 3381; x_wconf 69' lang='lat' dir='ltr'><strong>ergo</strong></span> 
     </span>
    </p>
   </div>
   <div class='ocr_carea' id='block_1_93' title="bbox 2181 3395 3753 3477">
    <p class='ocr_par' dir='ltr' id='par_1_93' title="bbox 2181 3395 3753 3477">
     <span class='ocr_line' id='line_1_93' title="bbox 2181 3395 3753 3477; baseline 0.006 -30"><span class='ocrx_word' id='word_1_715' title='bbox 2181 3395 2336 3449; x_wconf 71' lang='lat' dir='ltr'><strong>nobis</strong></span> <span class='ocrx_word' id='word_1_716' title='bbox 2369 3411 2466 3464; x_wconf 89' lang='lat' dir='ltr'><strong>per</strong></span> <span class='ocrx_word' id='word_1_717' title='bbox 2513 3397 2678 3452; x_wconf 67' lang='lat' dir='ltr'><strong>buuc&#39;</strong></span> <span class='ocrx_word' id='word_1_718' title='bbox 2704 3413 2992 3477; x_wconf 86' lang='lat' dir='ltr'><strong>occursum</strong></span> <span class='ocrx_word' id='word_1_719' title='bbox 3035 3399 3265 3455; x_wconf 74' lang='lat' dir='ltr'><strong>Abraha:</strong></span> <span class='ocrx_word' id='word_1_720' title='bbox 3316 3401 3558 3455; x_wconf 87' lang='lat' dir='ltr'><strong>innuitur</strong></span> <span class='ocrx_word' id='word_1_721' title='bbox 3589 3442 3604 3464; x_wconf 92' lang='lat'><strong>,</strong></span> <span class='ocrx_word' id='word_1_722' title='bbox 3649 3404 3753 3458; x_wconf 87' lang='lat' dir='ltr'><strong>nisi</strong></span> 
     </span>
    </p>
   </div>
   <div class='ocr_carea' id='block_1_94' title="bbox 2180 3484 3754 3561">
    <p class='ocr_par' dir='ltr' id='par_1_94' title="bbox 2180 3484 3754 3561">
     <span class='ocr_line' id='line_1_94' title="bbox 2180 3484 3754 3561; baseline 0.006 -23"><span class='ocrx_word' id='word_1_723' title='bbox 2180 3487 2308 3554; x_wconf 89' lang='lat' dir='ltr'><strong>quia</strong></span> <span class='ocrx_word' id='word_1_724' title='bbox 2352 3486 2602 3540; x_wconf 85' lang='lat' dir='ltr'><strong>videlicet</strong></span> <span class='ocrx_word' id='word_1_725' title='bbox 2633 3495 2701 3542; x_wconf 81' lang='lat' dir='ltr'><strong>ut</strong></span> <span class='ocrx_word' id='word_1_726' title='bbox 2735 3487 2819 3540; x_wconf 90' lang='lat' dir='ltr'><strong>vir</strong></span> <span class='ocrx_word' id='word_1_727' title='bbox 2846 3484 2909 3543; x_wconf 78' lang='lat' dir='ltr'><strong>ac</strong></span> <span class='ocrx_word' id='word_1_728' title='bbox 2933 3489 3181 3546; x_wconf 83' lang='lat' dir='ltr'><strong>dominus</strong></span> <span class='ocrx_word' id='word_1_729' title='bbox 3221 3489 3754 3561; x_wconf 32' lang='lat' dir='ltr'><strong>domus‘spiritualis.</strong></span> 
     </span>
    </p>
   </div>
   <div class='ocr_carea' id='block_1_95' title="bbox 2182 3563 3758 3650">
    <p class='ocr_par' dir='ltr' id='par_1_95' title="bbox 2182 3563 3758 3650">
     <span class='ocr_line' id='line_1_95' title="bbox 2182 3563 3758 3650; baseline 0.005 -23"><span class='ocrx_word' id='word_1_730' title='bbox 2182 3584 2367 3628; x_wconf 89' lang='lat' dir='ltr'><strong>noster</strong></span> <span class='ocrx_word' id='word_1_731' title='bbox 2395 3575 2602 3630; x_wconf 89' lang='lat' dir='ltr'><strong>scilicet</strong></span> <span class='ocrx_word' id='word_1_732' title='bbox 2635 3576 2966 3642; x_wconf 88' lang='lat' dir='ltr'><strong>intellectus,</strong></span> <span class='ocrx_word' id='word_1_733' title='bbox 2997 3577 3156 3633; x_wconf 88' lang='lat' dir='ltr'><strong>debet</strong></span> <span class='ocrx_word' id='word_1_734' title='bbox 3205 3578 3256 3632; x_wconf 91' lang='lat' dir='ltr'><strong>in</strong></span> <span class='ocrx_word' id='word_1_735' title='bbox 3287 3563 3593 3650; x_wconf 80' lang='lat' dir='ltr'><strong>cognitione</strong></span> <span class='ocrx_word' id='word_1_736' title='bbox 3638 3581 3758 3635; x_wconf 91' lang='lat' dir='ltr'><strong>Tri-</strong></span> 
     </span>
    </p>
   </div>
   <div class='ocr_carea' id='block_1_96' title="bbox 2183 3664 3758 3743">
    <p class='ocr_par' dir='ltr' id='par_1_96' title="bbox 2183 3664 3758 3743">
     <span class='ocr_line' id='line_1_96' title="bbox 2183 3664 3758 3743; baseline 0.006 -28"><span class='ocrx_word' id='word_1_737' title='bbox 2183 3664 2368 3718; x_wconf 84' lang='lat' dir='ltr'><strong>uitatis</strong></span> <span class='ocrx_word' id='word_1_738' title='bbox 2381 3664 2617 3719; x_wconf 91' lang='lat' dir='ltr'><strong>claustra</strong></span> <span class='ocrx_word' id='word_1_739' title='bbox 2647 3668 2831 3721; x_wconf 86' lang='lat' dir='ltr'><strong>carnis</strong></span> <span class='ocrx_word' id='word_1_740' title='bbox 2858 3670 3120 3723; x_wconf 79' lang='lat' dir='ltr'><strong>excedere</strong></span> <span class='ocrx_word' id='word_1_741' title='bbox 3136 3677 3204 3723; x_wconf 87' lang='lat' dir='ltr'><strong>&#39;et</strong></span> <span class='ocrx_word' id='word_1_742' title='bbox 3228 3670 3380 3743; x_wconf 81' lang='lat' dir='ltr'><strong>quasi</strong></span> <span class='ocrx_word' id='word_1_743' title='bbox 3406 3670 3758 3725; x_wconf 53' lang='lat' dir='ltr'><strong>habitationis</strong></span> 
     </span>
    </p>
   </div>
   <div class='ocr_carea' id='block_1_97' title="bbox 2184 3751 3754 3831">
    <p class='ocr_par' dir='ltr' id='par_1_97' title="bbox 2184 3751 3754 3831">
     <span class='ocr_line' id='line_1_97' title="bbox 2184 3751 3754 3831; baseline 0.006 -27"><span class='ocrx_word' id='word_1_744' title='bbox 2184 3751 2380 3822; x_wconf 85' lang='lat' dir='ltr'><strong>inﬁmae</strong></span> <span class='ocrx_word' id='word_1_745' title='bbox 2418 3751 2638 3828; x_wconf 85' lang='lat' dir='ltr'><strong>januam</strong></span> <span class='ocrx_word' id='word_1_746' title='bbox 2693 3756 2876 3821; x_wconf 83' lang='lat' dir='ltr'><strong>exire;</strong></span> <span class='ocrx_word' id='word_1_747' title='bbox 2932 3772 3061 3812; x_wconf 90' lang='lat' dir='ltr'><strong>cura</strong></span> <span class='ocrx_word' id='word_1_748' title='bbox 3107 3755 3284 3831; x_wconf 86' lang='lat' dir='ltr'><strong>autem</strong></span> <span class='ocrx_word' id='word_1_749' title='bbox 3333 3759 3514 3813; x_wconf 83' lang='lat' dir='ltr'><strong>carnis</strong></span> <span class='ocrx_word' id='word_1_750' title='bbox 3543 3764 3629 3813; x_wconf 84' lang='lat' dir='ltr'><strong>‘ut</strong></span> <span class='ocrx_word' id='word_1_751' title='bbox 3677 3758 3754 3814; x_wconf 59' lang='lat' dir='ltr'><strong>fe.</strong></span> 
     </span>
    </p>
   </div>
   <div class='ocr_carea' id='block_1_98' title="bbox 2184 3841 3757 3919">
    <p class='ocr_par' dir='ltr' id='par_1_98' title="bbox 2184 3841 3757 3919">
     <span class='ocr_line' id='line_1_98' title="bbox 2184 3841 3757 3919; baseline 0.006 -23"><span class='ocrx_word' id='word_1_752' title='bbox 2184 3843 2330 3896; x_wconf 87' lang='lat' dir='ltr'><strong>mina</strong></span> <span class='ocrx_word' id='word_1_753' title='bbox 2383 3842 2530 3898; x_wconf 83' lang='lat' dir='ltr'><strong>foras</strong></span> <span class='ocrx_word' id='word_1_754' title='bbox 2583 3860 2691 3899; x_wconf 90' lang='lat' dir='ltr'><strong>non</strong></span> <span class='ocrx_word' id='word_1_755' title='bbox 2746 3851 3044 3915; x_wconf 81' lang='lat' dir='ltr'><strong>appareat,</strong></span> <span class='ocrx_word' id='word_1_756' title='bbox 3103 3855 3156 3902; x_wconf 91' lang='lat' dir='ltr'><strong>et</strong></span> <span class='ocrx_word' id='word_1_757' title='bbox 3211 3841 3392 3903; x_wconf 81' lang='lat' dir='ltr'><strong>videre</strong></span> <span class='ocrx_word' id='word_1_758' title='bbox 3434 3849 3757 3919; x_wconf 70' lang='lat' dir='ltr'><strong>iactantiam</strong></span> 
     </span>
    </p>
   </div>
   <div class='ocr_carea' id='block_1_99' title="bbox 2182 3934 3759 4008">
    <p class='ocr_par' dir='ltr' id='par_1_99' title="bbox 2182 3934 3759 4008">
     <span class='ocr_line' id='line_1_99' title="bbox 2182 3934 3759 4008; baseline 0.004 -21"><span class='ocrx_word' id='word_1_759' title='bbox 2182 3934 2488 4004; x_wconf 77' lang='lat' dir='ltr'><strong>erubescat,</strong></span> <span class='ocrx_word' id='word_1_760' title='bbox 2522 3943 2580 3989; x_wconf 89' lang='lat' dir='ltr'><strong>ut</strong></span> <span class='ocrx_word' id='word_1_761' title='bbox 2604 3937 2756 4005; x_wconf 86' lang='lat' dir='ltr'><strong>quasi</strong></span> <span class='ocrx_word' id='word_1_762' title='bbox 2782 3945 2906 4005; x_wconf 88' lang='lat' dir='ltr'><strong>post</strong></span> <span class='ocrx_word' id='word_1_763' title='bbox 2940 3945 3145 4008; x_wconf 78' lang='lat' dir='ltr'><strong>tergum</strong></span> <span class='ocrx_word' id='word_1_764' title='bbox 3171 3939 3272 3992; x_wconf 87' lang='lat' dir='ltr'><strong>.viri</strong></span> <span class='ocrx_word' id='word_1_765' title='bbox 3307 3937 3406 3992; x_wconf 85' lang='lat' dir='ltr'><strong>sub</strong></span> <span class='ocrx_word' id='word_1_766' title='bbox 3429 3940 3759 3995; x_wconf 86' lang='lat' dir='ltr'><strong>discretione</strong></span> 
     </span>
    </p>
   </div>
   <div class='ocr_carea' id='block_1_100' title="bbox 2183 4026 3760 4101">
    <p class='ocr_par' dir='ltr' id='par_1_100' title="bbox 2183 4026 3760 4101">
     <span class='ocr_line' id='line_1_100' title="bbox 2183 4026 3760 4101; baseline 0.004 -22"><span class='ocrx_word' id='word_1_767' title='bbox 2183 4027 2399 4096; x_wconf 90' lang='lat' dir='ltr'><strong>spiritus</strong></span> <span class='ocrx_word' id='word_1_768' title='bbox 2442 4026 2571 4082; x_wconf 87' lang='lat' dir='ltr'><strong>solis</strong></span> <span class='ocrx_word' id='word_1_769' title='bbox 2605 4030 2928 4084; x_wconf 89' lang='lat' dir='ltr'><strong>necessariis</strong></span> <span class='ocrx_word' id='word_1_770' title='bbox 2971 4030 3174 4085; x_wconf 89' lang='lat' dir='ltr'><strong>intenta</strong></span> <span class='ocrx_word' id='word_1_771' title='bbox 3205 4071 3219 4093; x_wconf 84' lang='lat'><strong>_.</strong></span> <span class='ocrx_word' id='word_1_772' title='bbox 3242 4046 3588 4101; x_wconf 73' lang='lat' dir='ltr'><strong>nequaquam</strong></span> <span class='ocrx_word' id='word_1_773' title='bbox 3623 4034 3760 4086; x_wconf 86' lang='lat' dir='ltr'><strong>sciat</strong></span> 
     </span>
    </p>
   </div>
   <div class='ocr_carea' id='block_1_101' title="bbox 2184 4107 3760 4191">
    <p class='ocr_par' dir='ltr' id='par_1_101' title="bbox 2184 4107 3760 4191">
     <span class='ocr_line' id='line_1_101' title="bbox 2184 4107 3760 4191; baseline 0.006 -21"><span class='ocrx_word' id='word_1_774' title='bbox 2184 4117 2480 4186; x_wconf 91' lang='lat' dir='ltr'><strong>procaciter</strong></span> <span class='ocrx_word' id='word_1_775' title='bbox 2508 4119 2723 4191; x_wconf 86' lang='lat' dir='ltr'><strong>detegi,</strong></span> <span class='ocrx_word' id='word_1_776' title='bbox 2776 4120 2868 4175; x_wconf 84' lang='lat' dir='ltr'><strong>sed</strong></span> <span class='ocrx_word' id='word_1_777' title='bbox 2909 4107 3207 4178; x_wconf 83' lang='lat' dir='ltr'><strong>verecunde</strong></span> <span class='ocrx_word' id='word_1_778' title='bbox 3251 4125 3604 4180; x_wconf 81' lang='lat' dir='ltr'><strong>moderetur?</strong></span> <span class='ocrx_word' id='word_1_779' title='bbox 3653 4124 3760 4179; x_wconf 85' lang='lat' dir='ltr'><strong>No-</strong></span> 
     </span>
    </p>
   </div>
   <div class='ocr_carea' id='block_1_102' title="bbox 2185 4206 3760 4287">
    <p class='ocr_par' dir='ltr' id='par_1_102' title="bbox 2185 4206 3760 4287">
     <span class='ocr_line' id='line_1_102' title="bbox 2185 4206 3760 4287; baseline 0.008 -28"><span class='ocrx_word' id='word_1_780' title='bbox 2185 4206 2405 4260; x_wconf 90' lang='lat' dir='ltr'><strong>tandum</strong></span> <span class='ocrx_word' id='word_1_781' title='bbox 2440 4216 2617 4262; x_wconf 88' lang='lat' dir='ltr'><strong>autem</strong></span> <span class='ocrx_word' id='word_1_782' title='bbox 2650 4211 2792 4278; x_wconf 90' lang='lat' dir='ltr'><strong>quod</strong></span> <span class='ocrx_word' id='word_1_783' title='bbox 2832 4211 3116 4280; x_wconf 90' lang='lat' dir='ltr'><strong>aliquando</strong></span> <span class='ocrx_word' id='word_1_784' title='bbox 3156 4215 3474 4287; x_wconf 76' lang='lat' dir='ltr'><strong>imaginibus</strong></span> <span class='ocrx_word' id='word_1_785' title='bbox 3524 4225 3577 4270; x_wconf 91' lang='lat' dir='ltr'><strong>et</strong></span> <span class='ocrx_word' id='word_1_786' title='bbox 3632 4227 3760 4270; x_wconf 80' lang='lat' dir='ltr'><strong>ante</strong></span> 
     </span>
    </p>
   </div>
   <div class='ocr_carea' id='block_1_103' title="bbox 2185 4298 3760 4375">
    <p class='ocr_par' dir='ltr' id='par_1_103' title="bbox 2185 4298 3760 4375">
     <span class='ocr_line' id='line_1_103' title="bbox 2185 4298 3760 4375; baseline 0.006 -25"><span class='ocrx_word' id='word_1_787' title='bbox 2185 4310 2474 4365; x_wconf 88' lang='lat' dir='ltr'><strong>corporeos</strong></span> <span class='ocrx_word' id='word_1_788' title='bbox 2502 4298 2685 4354; x_wconf 91' lang='lat' dir='ltr'><strong>oculos</strong></span> <span class='ocrx_word' id='word_1_789' title='bbox 2721 4300 2787 4354; x_wconf 92' lang='lat' dir='ltr'><strong>ad</strong></span> <span class='ocrx_word' id='word_1_790' title='bbox 2813 4309 3020 4371; x_wconf 87' lang='lat' dir='ltr'><strong>tempus</strong></span> <span class='ocrx_word' id='word_1_791' title='bbox 3048 4318 3111 4357; x_wconf 85' lang='lat' dir='ltr'><strong>ex</strong></span> <span class='ocrx_word' id='word_1_792' title='bbox 3139 4317 3264 4359; x_wconf 87' lang='lat' dir='ltr'><strong>aere</strong></span> <span class='ocrx_word' id='word_1_793' title='bbox 3302 4308 3592 4375; x_wconf 85' lang='lat' dir='ltr'><strong>assumptis</strong></span> <span class='ocrx_word' id='word_1_794' title='bbox 3617 4347 3632 4367; x_wconf 92' lang='lat'><strong>,</strong></span> <span class='ocrx_word' id='word_1_795' title='bbox 3661 4322 3760 4375; x_wconf 88' lang='lat' dir='ltr'><strong>per</strong></span> 
     </span>
    </p>
   </div>
   <div class='ocr_carea' id='block_1_104' title="bbox 2186 4387 3758 4457">
    <p class='ocr_par' dir='ltr' id='par_1_104' title="bbox 2186 4387 3758 4457">
     <span class='ocr_line' id='line_1_104' title="bbox 2186 4387 3758 4457; baseline 0.007 -18"><span class='ocrx_word' id='word_1_796' title='bbox 2186 4387 2400 4456; x_wconf 86' lang='lat' dir='ltr'><strong>angelos</strong></span> <span class='ocrx_word' id='word_1_797' title='bbox 2453 4388 2690 4457; x_wconf 89' lang='lat' dir='ltr'><strong>loquitur</strong></span> <span class='ocrx_word' id='word_1_798' title='bbox 2744 4390 2883 4457; x_wconf 79' lang='lat' dir='ltr'><strong>Deus</strong></span> <span class='ocrx_word' id='word_1_799' title='bbox 2915 4433 2931 4456; x_wconf 83' lang='lat'><em>.</em></span> <span class='ocrx_word' id='word_1_800' title='bbox 2985 4395 3124 4449; x_wconf 86' lang='lat' dir='ltr'><strong>sicut</strong></span> <span class='ocrx_word' id='word_1_801' title='bbox 3163 4412 3307 4451; x_wconf 88' lang='lat' dir='ltr'><strong>nunc</strong></span> <span class='ocrx_word' id='word_1_802' title='bbox 3345 4395 3618 4451; x_wconf 82' lang='lat' dir='ltr'><strong>Abraham</strong></span> <span class='ocrx_word' id='word_1_803' title='bbox 3649 4413 3758 4450; x_wconf 88' lang='lat' dir='ltr'><strong>non</strong></span> 
     </span>
    </p>
   </div>
   <div class='ocr_carea' id='block_1_105' title="bbox 2187 4476 3759 4551">
    <p class='ocr_par' dir='ltr' id='par_1_105' title="bbox 2187 4476 3759 4551">
     <span class='ocr_line' id='line_1_105' title="bbox 2187 4476 3759 4551; baseline 0.006 -24"><span class='ocrx_word' id='word_1_804' title='bbox 2187 4476 2359 4529; x_wconf 92' lang='lat' dir='ltr'><strong>solum</strong></span> <span class='ocrx_word' id='word_1_805' title='bbox 2395 4486 2503 4531; x_wconf 91' lang='lat' dir='ltr'><strong>tres</strong></span> <span class='ocrx_word' id='word_1_806' title='bbox 2536 4479 2680 4534; x_wconf 86' lang='lat' dir='ltr'><strong>viros</strong></span> <span class='ocrx_word' id='word_1_807' title='bbox 2707 4480 2889 4536; x_wconf 89' lang='lat' dir='ltr'><strong>videre</strong></span> <span class='ocrx_word' id='word_1_808' title='bbox 2923 4484 3111 4551; x_wconf 87' lang='lat' dir='ltr'><strong>potuit,</strong></span> <span class='ocrx_word' id='word_1_809' title='bbox 3135 4486 3225 4538; x_wconf 91' lang='lat' dir='ltr'><strong>sed</strong></span> <span class='ocrx_word' id='word_1_810' title='bbox 3256 4485 3420 4541; x_wconf 86' lang='lat' dir='ltr'><strong>etiam</strong></span> <span class='ocrx_word' id='word_1_811' title='bbox 3450 4485 3759 4540; x_wconf 87' lang='lat' dir='ltr'><strong>habitacqu</strong></span> 
     </span>
    </p>
   </div>
   <div class='ocr_carea' id='block_1_106' title="bbox 2187 4566 3760 4638">
    <p class='ocr_par' dir='ltr' id='par_1_106' title="bbox 2187 4566 3760 4638">
     <span class='ocr_line' id='line_1_106' title="bbox 2187 4566 3760 4638; baseline 0.009 -20"><span class='ocrx_word' id='word_1_812' title='bbox 2187 4574 2399 4620; x_wconf 89' lang='lat' dir='ltr'><strong>terreno</strong></span> <span class='ocrx_word' id='word_1_813' title='bbox 2427 4566 2698 4638; x_wconf 85' lang='lat' dir='ltr'><strong>suscipere</strong></span> <span class='ocrx_word' id='word_1_814' title='bbox 2721 4607 2736 4634; x_wconf 90' lang='lat'><strong>,</strong></span> <span class='ocrx_word' id='word_1_815' title='bbox 2769 4572 2862 4626; x_wconf 90' lang='lat' dir='ltr'><strong>sed</strong></span> <span class='ocrx_word' id='word_1_816' title='bbox 2889 4581 2944 4626; x_wconf 91' lang='lat' dir='ltr'><strong>et</strong></span> <span class='ocrx_word' id='word_1_817' title='bbox 2968 4589 3151 4628; x_wconf 88' lang='lat' dir='ltr'><strong>eorum</strong></span> <span class='ocrx_word' id='word_1_818' title='bbox 3181 4575 3365 4630; x_wconf 90' lang='lat' dir='ltr'><strong>usibus</strong></span> <span class='ocrx_word' id='word_1_819' title='bbox 3394 4578 3554 4630; x_wconf 89' lang='lat' dir='ltr'><strong>etiam</strong></span> <span class='ocrx_word' id='word_1_820' title='bbox 3606 4579 3760 4632; x_wconf 80' lang='lat' dir='ltr'><strong>cibos</strong></span> 
     </span>
    </p>
   </div>
   <div class='ocr_carea' id='block_1_107' title="bbox 2186 4657 3758 4738">
    <p class='ocr_par' dir='ltr' id='par_1_107' title="bbox 2186 4657 3758 4738">
     <span class='ocr_line' id='line_1_107' title="bbox 2186 4657 3758 4738; baseline 0.007 -27"><span class='ocrx_word' id='word_1_821' title='bbox 2186 4657 2458 4715; x_wconf 89' lang='lat' dir='ltr'><strong>adhibere.</strong></span> <span class='ocrx_word' id='word_1_822' title='bbox 2489 4660 2601 4715; x_wconf 85' lang='lat' dir='ltr'><strong>Nisi</strong></span> <span class='ocrx_word' id='word_1_823' title='bbox 2630 4663 2773 4716; x_wconf 89' lang='lat' dir='ltr'><strong>enim</strong></span> <span class='ocrx_word' id='word_1_824' title='bbox 2801 4665 2972 4733; x_wconf 88' lang='lat' dir='ltr'><strong>angeli</strong></span> <span class='ocrx_word' id='word_1_825' title='bbox 3001 4706 3016 4731; x_wconf 86' lang='lat'><strong>,</strong></span> <span class='ocrx_word' id='word_1_826' title='bbox 3046 4681 3165 4720; x_wconf 93' lang='lat' dir='ltr'><strong>cum</strong></span> <span class='ocrx_word' id='word_1_827' title='bbox 3197 4669 3440 4738; x_wconf 68' lang='lat' dir='ltr'><strong>quaedam</strong></span> <span class='ocrx_word' id='word_1_828' title='bbox 3481 4668 3639 4722; x_wconf 87' lang='lat' dir='ltr'><strong>nobis</strong></span> <span class='ocrx_word' id='word_1_829' title='bbox 3677 4670 3758 4722; x_wconf 88' lang='lat' dir='ltr'><strong>in-</strong></span> 
     </span>
    </p>
   </div>
   <div class='ocr_carea' id='block_1_108' title="bbox 2187 4743 3758 4827">
    <p class='ocr_par' dir='ltr' id='par_1_108' title="bbox 2187 4743 3758 4827">
     <span class='ocr_line' id='line_1_108' title="bbox 2187 4743 3758 4827; baseline 0.007 -26"><span class='ocrx_word' id='word_1_830' title='bbox 2187 4756 2336 4802; x_wconf 91' lang='lat' dir='ltr'><strong>terna</strong></span> <span class='ocrx_word' id='word_1_831' title='bbox 2378 4749 2724 4816; x_wconf 88' lang='lat' dir='ltr'><strong>nuntiantur,</strong></span> <span class='ocrx_word' id='word_1_832' title='bbox 2766 4754 2830 4808; x_wconf 90' lang='lat' dir='ltr'><strong>ad</strong></span> <span class='ocrx_word' id='word_1_833' title='bbox 2873 4743 3081 4824; x_wconf 84' lang='lat' dir='ltr'><strong>tempus</strong></span> <span class='ocrx_word' id='word_1_834' title='bbox 3111 4772 3174 4811; x_wconf 79' lang='lat' dir='ltr'><strong>ex</strong></span> <span class='ocrx_word' id='word_1_835' title='bbox 3205 4773 3330 4813; x_wconf 77' lang='lat' dir='ltr'><strong>aere</strong></span> <span class='ocrx_word' id='word_1_836' title='bbox 3368 4773 3564 4827; x_wconf 89' lang='lat' dir='ltr'><strong>corpus</strong></span> <span class='ocrx_word' id='word_1_837' title='bbox 3606 4773 3758 4812; x_wconf 77' lang='lat' dir='ltr'><strong>assu-</strong></span> 
     </span>
    </p>
   </div>
   <div class='ocr_carea' id='block_1_109' title="bbox 2192 4842 3756 4915">
    <p class='ocr_par' dir='ltr' id='par_1_109' title="bbox 2192 4842 3756 4915">
     <span class='ocr_line' id='line_1_109' title="bbox 2192 4842 3756 4915; baseline 0.007 -25"><span class='ocrx_word' id='word_1_838' title='bbox 2192 4846 2435 4903; x_wconf 82' lang='lat' dir='ltr'><strong>merent,</strong></span> <span class='ocrx_word' id='word_1_839' title='bbox 2463 4842 2818 4915; x_wconf 76' lang='lat' dir='ltr'><strong>exterioribus</strong></span> <span class='ocrx_word' id='word_1_840' title='bbox 2855 4843 3095 4914; x_wconf 81' lang='lat' dir='ltr'><strong>profecto</strong></span> <span class='ocrx_word' id='word_1_841' title='bbox 3126 4849 3322 4902; x_wconf 86' lang='lat' dir='ltr'><strong>nostris</strong></span> <span class='ocrx_word' id='word_1_842' title='bbox 3348 4848 3623 4903; x_wconf 90' lang='lat' dir='ltr'><strong>obtutibus</strong></span> <span class='ocrx_word' id='word_1_843' title='bbox 3652 4861 3756 4901; x_wconf 89' lang='lat' dir='ltr'><strong>non</strong></span> 
     </span>
    </p>
   </div>
   <div class='ocr_carea' id='block_1_110' title="bbox 2193 4933 3755 5001">
    <p class='ocr_par' dir='ltr' id='par_1_110' title="bbox 2193 4933 3755 5001">
     <span class='ocr_line' id='line_1_110' title="bbox 2193 4933 3755 5001; baseline 0.008 -23"><span class='ocrx_word' id='word_1_844' title='bbox 2193 4938 2524 4996; x_wconf 82' lang='lat' dir='ltr'><strong>apparerent,</strong></span> <span class='ocrx_word' id='word_1_845' title='bbox 2554 4945 2653 4986; x_wconf 81' lang='lat' dir='ltr'><strong>nec</strong></span> <span class='ocrx_word' id='word_1_846' title='bbox 2677 4933 2830 4988; x_wconf 83' lang='lat' dir='ltr'><strong>cibos</strong></span> <span class='ocrx_word' id='word_1_847' title='bbox 2862 4949 2984 4988; x_wconf 89' lang='lat' dir='ltr'><strong>cum</strong></span> <span class='ocrx_word' id='word_1_848' title='bbox 3010 4934 3278 4990; x_wconf 85' lang='lat' dir='ltr'><strong>Abraham</strong></span> <span class='ocrx_word' id='word_1_849' title='bbox 3310 4946 3621 5001; x_wconf 81' lang='lat' dir='ltr'><strong>sumerent,</strong></span> <span class='ocrx_word' id='word_1_850' title='bbox 3653 4937 3755 4991; x_wconf 89' lang='lat' dir='ltr'><strong>nisi</strong></span> 
     </span>
    </p>
   </div>
   <div class='ocr_carea' id='block_1_111' title="bbox 2193 5021 3758 5092">
    <p class='ocr_par' dir='ltr' id='par_1_111' title="bbox 2193 5021 3758 5092">
     <span class='ocr_line' id='line_1_111' title="bbox 2193 5021 3758 5092; baseline 0.009 -24"><span class='ocrx_word' id='word_1_851' title='bbox 2193 5025 2422 5085; x_wconf 88' lang='lat' dir='ltr'><strong>propter.</strong></span> <span class='ocrx_word' id='word_1_852' title='bbox 2460 5035 2558 5073; x_wconf 80' lang='lat' dir='ltr'><strong>nos</strong></span> <span class='ocrx_word' id='word_1_853' title='bbox 2601 5021 2826 5076; x_wconf 88' lang='lat' dir='ltr'><strong>solidum</strong></span> <span class='ocrx_word' id='word_1_854' title='bbox 2879 5023 3077 5092; x_wconf 82' lang='lat' dir='ltr'><strong>aliquid</strong></span> <span class='ocrx_word' id='word_1_855' title='bbox 3122 5041 3188 5078; x_wconf 79' lang='lat' dir='ltr'><strong>ex</strong></span> <span class='ocrx_word' id='word_1_856' title='bbox 3231 5027 3434 5080; x_wconf 77' lang='lat' dir='ltr'><strong>ccelesti</strong></span> <span class='ocrx_word' id='word_1_857' title='bbox 3490 5026 3758 5082; x_wconf 79' lang='lat' dir='ltr'><strong>elemento</strong></span> 
     </span>
    </p>
   </div>
   <div class='ocr_carea' id='block_1_112' title="bbox 2195 5105 3756 5187">
    <p class='ocr_par' dir='ltr' id='par_1_112' title="bbox 2195 5105 3756 5187">
     <span class='ocr_line' id='line_1_112' title="bbox 2195 5105 3756 5187; baseline 0.01 -30"><span class='ocrx_word' id='word_1_858' title='bbox 2195 5115 2483 5172; x_wconf 83' lang='lat' dir='ltr'><strong>gestarent.</strong></span> <span class='ocrx_word' id='word_1_859' title='bbox 2529 5108 2639 5164; x_wconf 87' lang='lat' dir='ltr'><strong>Nec</strong></span> <span class='ocrx_word' id='word_1_860' title='bbox 2679 5105 2872 5165; x_wconf 85' lang='lat' dir='ltr'><strong>mirum</strong></span> <span class='ocrx_word' id='word_1_861' title='bbox 2912 5115 3051 5181; x_wconf 74' lang='lat' dir='ltr'><strong>quod</strong></span> <span class='ocrx_word' id='word_1_862' title='bbox 3093 5114 3199 5169; x_wconf 76' lang='lat' dir='ltr'><strong>illic</strong></span> <span class='ocrx_word' id='word_1_863' title='bbox 3251 5116 3347 5184; x_wconf 89' lang='lat' dir='ltr'><strong>ipsi</strong></span> <span class='ocrx_word' id='word_1_864' title='bbox 3394 5118 3484 5186; x_wconf 91' lang='lat' dir='ltr'><strong>qui</strong></span> <span class='ocrx_word' id='word_1_865' title='bbox 3522 5119 3756 5187; x_wconf 80' lang='lat' dir='ltr'><strong>suscepti</strong></span> 
     </span>
    </p>
   </div>
   <div class='ocr_carea' id='block_1_113' title="bbox 2194 5197 3752 5277">
    <p class='ocr_par' dir='ltr' id='par_1_113' title="bbox 2194 5197 3752 5277">
     <span class='ocr_line' id='line_1_113' title="bbox 2194 5197 3752 5277; baseline 0.01 -31"><span class='ocrx_word' id='word_1_866' title='bbox 2194 5203 2344 5258; x_wconf 82' lang='lat' dir='ltr'><strong>sant,</strong></span> <span class='ocrx_word' id='word_1_867' title='bbox 2387 5197 2545 5251; x_wconf 89' lang='lat' dir='ltr'><strong>modo</strong></span> <span class='ocrx_word' id='word_1_868' title='bbox 2578 5199 2785 5268; x_wconf 79' lang='lat' dir='ltr'><strong>angeli,</strong></span> <span class='ocrx_word' id='word_1_869' title='bbox 2834 5201 2990 5256; x_wconf 87' lang='lat' dir='ltr'><strong>modo</strong></span> <span class='ocrx_word' id='word_1_870' title='bbox 3033 5202 3287 5260; x_wconf 76' lang='lat' dir='ltr'><strong>Dominus</strong></span> <span class='ocrx_word' id='word_1_871' title='bbox 3334 5216 3711 5277; x_wconf 81' lang='lat' dir='ltr'><strong>nuncupantur</strong></span> <span class='ocrx_word' id='word_1_872' title='bbox 3737 5248 3752 5271; x_wconf 84' lang='lat'><strong><em>.</em></strong></span> 
     </span>
    </p>
   </div>
   <div class='ocr_carea' id='block_1_114' title="bbox 2195 5286 3758 5368">
    <p class='ocr_par' dir='ltr' id='par_1_114' title="bbox 2195 5286 3758 5368">
     <span class='ocr_line' id='line_1_114' title="bbox 2195 5286 3758 5368; baseline 0.007 -30"><span class='ocrx_word' id='word_1_873' title='bbox 2195 5286 2318 5353; x_wconf 89' lang='lat' dir='ltr'><strong>quia</strong></span> <span class='ocrx_word' id='word_1_874' title='bbox 2348 5286 2656 5357; x_wconf 83' lang='lat' dir='ltr'><strong>angelorum</strong></span> <span class='ocrx_word' id='word_1_875' title='bbox 2684 5292 2943 5346; x_wconf 84' lang='lat' dir='ltr'><strong>vocabulo</strong></span> <span class='ocrx_word' id='word_1_876' title='bbox 2969 5295 3337 5365; x_wconf 72' lang='lat' dir='ltr'><strong>exprimuntur</strong></span> <span class='ocrx_word' id='word_1_877' title='bbox 3360 5338 3374 5361; x_wconf 89' lang='lat'><strong>,</strong></span> <span class='ocrx_word' id='word_1_878' title='bbox 3401 5298 3493 5368; x_wconf 89' lang='lat' dir='ltr'><strong>qui</strong></span> <span class='ocrx_word' id='word_1_879' title='bbox 3519 5298 3758 5352; x_wconf 76' lang='lat' dir='ltr'><strong>exterius</strong></span> 
     </span>
    </p>
   </div>
   <div class='ocr_carea' id='block_1_115' title="bbox 2197 5377 3758 5456">
    <p class='ocr_par' dir='ltr' id='par_1_115' title="bbox 2197 5377 3758 5456">
     <span class='ocr_line' id='line_1_115' title="bbox 2197 5377 3758 5456; baseline 0.007 -27"><span class='ocrx_word' id='word_1_880' title='bbox 2197 5377 2600 5446; x_wconf 88' lang='lat' dir='ltr'><strong>ministrabant,</strong></span> <span class='ocrx_word' id='word_1_881' title='bbox 2631 5389 2687 5437; x_wconf 90' lang='lat' dir='ltr'><strong>et</strong></span> <span class='ocrx_word' id='word_1_882' title='bbox 2710 5383 3057 5451; x_wconf 89' lang='lat' dir='ltr'><strong>appellatione</strong></span> <span class='ocrx_word' id='word_1_883' title='bbox 3086 5387 3292 5442; x_wconf 75' lang='lat' dir='ltr'><strong>Domini</strong></span> <span class='ocrx_word' id='word_1_884' title='bbox 3320 5390 3643 5451; x_wconf 89' lang='lat' dir='ltr'><strong>ostenditur,</strong></span> <span class='ocrx_word' id='word_1_885' title='bbox 3669 5387 3758 5456; x_wconf 87' lang='lat' dir='ltr'><strong>qui</strong></span> 
     </span>
    </p>
   </div>
   <div class='ocr_carea' id='block_1_116' title="bbox 2196 5466 3758 5546">
    <p class='ocr_par' dir='ltr' id='par_1_116' title="bbox 2196 5466 3758 5546">
     <span class='ocr_line' id='line_1_116' title="bbox 2196 5466 3758 5546; baseline 0.005 -27"><span class='ocrx_word' id='word_1_886' title='bbox 2196 5467 2275 5520; x_wconf 92' lang='lat' dir='ltr'><strong>eis</strong></span> <span class='ocrx_word' id='word_1_887' title='bbox 2301 5466 2526 5523; x_wconf 88' lang='lat' dir='ltr'><strong>interius</strong></span> <span class='ocrx_word' id='word_1_888' title='bbox 2568 5480 2827 5539; x_wconf 72' lang='lat' dir='ltr'><strong>praeerat,</strong></span> <span class='ocrx_word' id='word_1_889' title='bbox 2857 5482 2916 5526; x_wconf 88' lang='lat' dir='ltr'><strong>ut</strong></span> <span class='ocrx_word' id='word_1_890' title='bbox 2947 5482 3000 5526; x_wconf 90' lang='lat' dir='ltr'><strong>et</strong></span> <span class='ocrx_word' id='word_1_891' title='bbox 3031 5488 3127 5543; x_wconf 90' lang='lat' dir='ltr'><strong>per</strong></span> <span class='ocrx_word' id='word_1_892' title='bbox 3165 5475 3264 5531; x_wconf 89' lang='lat' dir='ltr'><strong>hoc</strong></span> <span class='ocrx_word' id='word_1_893' title='bbox 3294 5476 3632 5546; x_wconf 55' lang='lat' dir='ltr'><strong>praesidentis</strong></span> <span class='ocrx_word' id='word_1_894' title='bbox 3661 5477 3758 5528; x_wconf 90' lang='lat' dir='ltr'><strong>im-</strong></span> 
     </span>
    </p>
   </div>
   <div class='ocr_carea' id='block_1_117' title="bbox 2195 5557 3761 5629">
    <p class='ocr_par' dir='ltr' id='par_1_117' title="bbox 2195 5557 3761 5629">
     <span class='ocr_line' id='line_1_117' title="bbox 2195 5557 3761 5629; baseline 0.007 -20"><span class='ocrx_word' id='word_1_895' title='bbox 2195 5557 2419 5624; x_wconf 86' lang='lat' dir='ltr'><strong>perium,</strong></span> <span class='ocrx_word' id='word_1_896' title='bbox 2453 5569 2505 5612; x_wconf 90' lang='lat' dir='ltr'><strong>et</strong></span> <span class='ocrx_word' id='word_1_897' title='bbox 2534 5576 2630 5629; x_wconf 88' lang='lat' dir='ltr'><strong>per</strong></span> <span class='ocrx_word' id='word_1_898' title='bbox 2664 5561 2793 5616; x_wconf 91' lang='lat' dir='ltr'><strong>illud</strong></span> <span class='ocrx_word' id='word_1_899' title='bbox 2835 5563 3152 5620; x_wconf 88' lang='lat' dir='ltr'><strong>claresceret</strong></span> <span class='ocrx_word' id='word_1_900' title='bbox 3194 5566 3422 5623; x_wconf 82' lang='lat' dir='ltr'><strong>oﬁicium</strong></span> <span class='ocrx_word' id='word_1_901' title='bbox 3451 5568 3761 5621; x_wconf 86' lang='lat' dir='ltr'><strong>ministran-</strong></span> 
     </span>
    </p>
   </div>
   <div class='ocr_carea' id='block_1_118' title="bbox 2199 5647 3760 5737">
    <p class='ocr_par' dir='ltr' id='par_1_118' title="bbox 2199 5647 3760 5737">
     <span class='ocr_line' id='line_1_118' title="bbox 2199 5647 3760 5737; baseline 0.009 -39"><span class='ocrx_word' id='word_1_902' title='bbox 2199 5647 2283 5700; x_wconf 85' lang='lat' dir='ltr'><strong>tis.</strong></span> <span class='ocrx_word' id='word_1_903' title='bbox 2317 5649 2698 5737; x_wconf 55' lang='grc' dir='ltr'><strong>(Λαφλρηωτί</strong></span> <span class='ocrx_word' id='word_1_904' title='bbox 2730 5663 2904 5708; x_wconf 82' lang='lat' dir='ltr'><strong>autem</strong></span> <span class='ocrx_word' id='word_1_905' title='bbox 2936 5666 3110 5726; x_wconf 78' lang='lat' dir='ltr'><strong>potest</strong></span> <span class='ocrx_word' id='word_1_906' title='bbox 3136 5659 3423 5713; x_wconf 88' lang='lat' dir='ltr'><strong>secundum</strong></span> <span class='ocrx_word' id='word_1_907' title='bbox 3453 5661 3760 5720; x_wconf 71' lang='lat' dir='ltr'><strong>historiam.</strong></span> 
     </span>
    </p>
   </div>
  </div>
