3968 6346
232 334 396 388 553·

1230 317 1577 378 ΕΟΜΜΕΝΤ.
1617 313 1680 366 ιδ
1720 312 2038 366 (iliKESrlM.
2082 338 2149 351 -ι
2189 311 2312 366 ΗΒ.
2358 311 2414 364 ll.

3373 308 3476 367 525‘

230 456 400 511 quare
425 438 612 494 Saratn
644 414 926 508 redarguat
955 434 1210 490 Dominus
1247 446 1367 486 cum
1407 426 1678 481 Abraham
1726 423 1802 476 ri-
1833 428 1877 486 Λ
1907 437 2076 476 mante
2117 421 2417 476 infirmitati
2447 420 2715 490 congruit,
2766 417 2849 471 cui
2906 418 3042 472 Deus
3079 428 3290 490 coaptat
3329 422 3478 478 locu-

236 532 384 596 serit,
429 526 530 585 nisi
558 527 684 597 quia
710 521 853 582 illius
879 526 1020 581 risus
1044 566 1057 589 ,
1092 518 1464 578 admirationis
1509 524 1562 569 et
1607 512 1806 567 lmtitirc

233 621 353 686 fuit,
382 616 536 676 Sara:
555 621 732 694 autem
754 614 1101 672 dubitationis
1125 654 1139 678 ,
1180 621 1234 666 et
1261 609 1328 664 ab
1357 607 1447 662 illo
1484 607 1585 660 hoc
1612 603 1805 694 dijudi-

233 711 350 767 cari
386 709 578 781 potuit,
607 693 697 779 qui
730 707 888 762 corda
918 705 1191 758 hominum
1221 699 1386 755 novit.
1422 695 1642 765 Negavit
1672 693 1807 747 Sara

235 804 414 856 dicens
443 816 460 854 :
491 797 613 853 Non
636 798 746 856 risi.
772 794 943 850 timuit
964 793 1119 847 enim.
1145 790 1422 857 Quomodo
1445 781 1811 855 intelligebant

235 907 355 946 esse
393 890 560 944 Deum
604 887 696 958 qui
740 883 1083 954 loquebatur,
1116 895 1236 933 cum
1265 876 1425 932 etiam
1454 891 1651 946 negare
1681 889 1810 928 ausa

164 1034 170 1039 .
236 984 308 1037 sit
346 980 482 1036 Sara
511 978 652 1046 quod
682 973 881 1038 riserit,
912 981 1168 1041 tanquam
1203 968 1292 1022 ille
1323 967 1424 1021 hoc
1456 972 1636 1036 posset
1663 967 1812 1033 igno-

239 1085 381 1136 rare,
404 1069 508 1124 nisi
538 1067 676 1122 forte
702 1062 837 1119 Sara
868 1063 1111 1119 homines
1137 1052 1660 1130 putabat,Abraham
1683 1069 1812 1109 vero

238 1142 408 1220 Deam
456 1156 828 1230 int'elligebat?
877 1151 983 1209 Sed
1011 1153 1173 1207 etiam
1206 1152 1318 1220 ipse
1344 1149 1432 1203 illa
1467 1147 1813 1202 humanitatis

235 1252 410 1308 ofﬁcia
438 1249 726 1324 praebendo
747 1287 762 1312 ,
793 1261 912 1316 qua:
941 1242 1240 1296 necessaria
1271 1240 1373 1293 nisi
1413 1238 1637 1290 infirma:
1665 1234 1813 1289 carni

239 1358 362 1398 esse
401 1357 504 1396 non
534 1348 772 1409 possent,
832 1335 1027 1390 mirum
1073 1332 1177 1386 nisi
1230 1329 1477 1384 homines
1510 1325 1658 1397 prius
1700 1339 1818 1378 esse

239 1419 535 1486 arbitratus
559 1437 663 1492 est,
707 1427 810 1481 sed.
840 1422 1106 1486 fortassis,
1149 1421 1201 1474 in
1241 1418 1435 1488 quibus
1473 1416 1642 1469 Deum
1673 1413 1818 1481 loqui

243 1520 539 1583 intellexit,
572 1516 890 1587 quibusdam
921 1513 1112 1567 divina:
1152 1509 1444 1580 majestatis
1469 1495 1821 1560 existentibus

241 1620 297 1666 et
344 1607 724 1680 apparentibus
770 1604 937 1674 signis
981 1603 1119 1656 sicut
1143 1601 1196 1653 in
1228 1596 1535 1653 hominibus
1555 1595 1652 1649 Dei
1682 1607 1821 1661 saepe

218 1704 563 1774 apparuisse
580 1702 855 1770 Scriptura
887 1704 1135 1752 testatur.
1169 1693 1272 1748 Sed
1306 1707 1490 1747 rursus
1515 1690 1772 1760 qumritur
1804 1706 1817 1741 ;

1909 513 2105 566 tionem
2143 526 2316 564 suam.
2375 509 2662 564 Peccatum
2713 521 2835 561 cum
2887 521 3014 561 voce
3049 518 3154 563 est
3215 509 3372 581 culpa
3424 509 3476 560 in

1910 603 2155 667 actione;
2203 609 2484 671 peccatum
2529 614 2659 654 vero
2719 599 2884 653 etiam
2921 612 3042 651 cum
3114 599 3347 657 clamore
3395 614 3484 658 est

1911 692 2062 760 culpa
2106 707 2227 747 cum
2267 692 2538 746 libertate.
2585 689 2690 745 Sed
2737 690 2866 759 quid
2919 689 3023 744 hoc
3067 691 3328 759 exemplo,
3378 692 3483 748 nisi

1912 796 2012 850 nos
2064 782 2418 836 admonemur
2443 821 2458 846 ,
2493 796 2580 836 .ne
2621 781 2689 835 ad
2742 779 3122 836 proferendam
3162 785 3482 838 sententiam

1913 886 2151 944 unquam
2178 872 2483 941 praecipites
2509 886 2627 936 esse
2663 871 2960 927 debeamus
2982 913 2996 938 ,
3045 888 3112 928 ne
3161 881 3364 928 temere
3407 874 3487 928 in-

1913 966 2154 1021 discussa
2194 964 2539 1034 judicemush
2571 980 2638 1018 ne
2669 968 2920 1035 quzelibet
2967 967 3107 1021 mala
3162 967 3342 1022 audita
3389 984 3489 1024 nos

1914 1063 2204 1119 moveant,
2248 1071 2315 1110 ne
2342 1055 2544 1124 passim
2593 1056 2735 1110 dicta
2783 1056 2900 1111 sine
2944 1054 3261 1125 probatione
3297 1057 3490 1112 creda-

1915 1148 2070 1201 mus?
2100 1149 2242 1216 quod
2290 1147 2533 1217 profecto
2582 1157 2893 1218 perpetrare
2933 1149 3362 1218 pertimescimus
3393 1191 3405 1212 ,
3446 1149 3498 1203 si-

1917 1238 2153 1291 auctoris
2175 1241 2343 1292 nostri
2366 1238 2615 1293 subtilius
2645 1230 2785 1292 facta
2814 1254 3122 1308 pensamus.
3149 1238 3266 1309 Ipse
3296 1241 3490 1309 quippe

1918 1335 1978 1380 ut
2006 1343 2104 1382 nos
2133 1344 2162 1381 a
2191 1330 2521 1398 praecipitata
2551 1331 2834 1386 sententiae
2862 1330 3160 1400 prolatione
3183 1347 3493 1400 compesce-

1921 1426 2018 1483 ret,
2052 1433 2171 1472 cum
2200 1419 2376 1472 omnia
2401 1420 2542 1473 nuda
2573 1427 2629 1472 et
2649 1429 2836 1490 aperta
2866 1419 2974 1492 sint
2994 1419 3162 1474 oculis
3183 1419 3318 1488 ejus,
3352 1420 3490 1474 mala

1924 1515 2099 1560 tamen
2165 1507 2412 1564 Sodoma:
2462 1511 2632 1565 noluit
2689 1512 2867 1564 audita
2910 1511 3167 1582 judicare,
3229 1513 3319 1582 qui
3374 1515 3492 1566 ait:

1924 1596 2244 1652 Descendam
2288 1611 2334 1654 et
2364 1602 2540 1655 videbo
2575 1611 2753 1654 utrum
2795 1602 3072 1656 clamorem
3110 1606 3200 1673 qui
3249 1605 3378 1658 venit
3425 1605 3494 1657 ad

1924 1701 2026 1750 me,
2058 1703 2208 1755 opere
2257 1689 2620 1758 compleverint
2644 1731 2657 1754 ,
2703 1708 2772 1742 an
2812 1707 2913 1744 non
2961 1701 3034 1744 est
3079 1692 3155 1744 ita
3181 1733 3194 1753 ,
3225 1702 3279 1745 ut
3309 1695 3492 1746 sciam.

243 1773 409 1848 Siita
439 1801 542 1856 est,
588 1792 725 1844 unde
754 1786 971 1857 angelos
1002 1793 1186 1854 postea
1229 1782 1395 1836 fuisse
1430 1779 1780 1850 cognoverint
1805 1819 1818 1842 ,
1852 1788 1896 1846 Β
1925 1773 2277 1846 Omnipotens
2309 1779 2490 1848 itaque
2520 1780 2778 1834 Dominus
2808 1789 2861 1833 et
2903 1781 3083 1834 omnia
3133 1782 3310 1835 sciens
3336 1823 3348 1846 ,
3402 1799 3497 1836 cur
3527 1814 3536 1818 ~

246 1883 350 1937 nisi
378 1881 515 1935 forte
540 1894 684 1942 eum,
714 1877 794 1932 eis
822 1874 1144 1938 videntibus,
1179 1873 1230 1926 in
1259 1871 1451 1926 cmlum
1476 1870 1684 1926 issent?

815 1985 1042 2041 CAPUT
1093 1983 1254 2038 XXII.

530 2060 603 2114 De
634 2057 919 2115 Sodomitis
953 2064 1000 2109 et
1041 2053 1137 2107 Lot
1165 2053 1535 2124 hospitalitate.

317 2132 464 2208 Cum.
485 2168 605 2221 ergo
635 2150 978 2204 surrexissent
1018 2146 1138 2199 inde
1168 2145 1282 2209 viri,
1319 2146 1619 2219 direxerant
1646 2145 1831 2197 oculos

245 2252 431 2297 contra
459 2239 763 2300 Sodomam,
804 2246 852 2291 et
885 2236 1148 2290 Abraham
1185 2234 1339 2288 simul
1367 2234 1703 2303 gradiebdtur
1732 2234 1822 2286 de-

246 2342 442 2390 ducens
495 2351 601 2388 eos.
649 2332 893 2402 Dixitque
933 2329 1186 2385 Dominus
1212 2343 1230 2380 :
1269 2329 1410 2383 Num
1440 2328 1608 2383 celare
1651 2337 1827 2397 potero

248 2430 513 2483 Abraham
540 2443 655 2497 qua!
679 2434 917 2495 gesturus
953 2437 1090 2485 sum,
1119 2437 1236 2474 cum
1271 2420 1481 2486 futurus
1511 2419 1576 2473 sit
1615 2419 1669 2471 in
1705 2435 1831 2488 gen-

249 2533 352 2574 tem
398 2535 642 2590 magnam
688 2533 749 2570 ac
785 2514 1224 2577 robustissimum,
1255 2521 1302 2565 et
1338 2509 1698 2587 benedicendo:
1725 2511 1828 2563 sint

250 2613 304 2664 in
329 2603 388 2663 eo
413 2626 590 2662 omnes
615 2608 850 2661 nationes
875 2592 1026 2658 terra:
1053 2605 1077 2657 ?
1110 2601 1228 2657 Scio
1258 2619 1478 2673 namque
1515 2601 1655 2672 quod
1695 2619 1828 2671 prte-

250 2711 491 2770 cepturus
515 2701 581 2752 sit
602 2699 726 2767 ﬁliis
755 2699 885 2762 suis,
910 2707 964 2752 et
985 2697 1161 2750 domui
1189 2713 1298 2749 sua:
1326 2704 1438 2765 post
1463 2713 1536 2758 se,
1570 2705 1626 2748 ut
1652 2705 1830 2749 custo-

251 2790 398 2842 diant
429 2789 565 2841 viam
592 2787 847 2854 Domini,
872 2795 918 2839 et
945 2785 1144 2854 faciant
1165 2785 1429 2860 juintiam
1452 2793 1498 2837 et
1522 2784 1828 2852 judicium,

252 2889 307 2934 ut
337 2878 568 2932 adducat
615 2876 870 2946 Dominus
907 2864 1117 2946 propter
1156 2874 1437 2927 Abraham
1498 2873 1673 2926 omnia
1713 2874 1831 2943 'qute

251 2970 458 3023 locutus
511 2977 586 3021 est
633 2961 702 3021 (id
737 2983 876 3020 eum.
905 2965 1048 3019 Bene
1076 2962 1290 3034 duoque
1318 2962 1548 3017 Abrahae
1576 2961 1834 3016 Dominus

253 3068 584 3114 secretorum
636 3072 854 3112 suorum
895 3056 1088 3125 pandit
1138 3070 1334 3109 arcana
1363 3095 1378 3118 ,
1426 3055 1492 3109 de
1552 3068 1658 3123 quo
1707 3067 1830 3106 cer-

1925 1872 2052 1918 ante
2095 1867 2463 1936 probationem
2513 1872 2666 1938 quasi
2719 1871 2966 1936 dubitat,
3003 1872 3106 1946 nisi
3135 1881 3191 1927 ut
3221 1875 3499 1944 gravitatis

1925 1954 2081 2008 nobis
2106 1957 2409 2027 exemplum
2452 1968 2746 2028 proponat,
2788 1977 2855 2016 ne
2884 1961 3023 2016 mala
3053 1963 3329 2017 hominum
3376 1973 3500 2018 ante

1924 2059 2312 2114 prresumamus
2348 2049 2570 2104 credere
2613 2066 2771 2119 quam
2820 2052 3188 2121 probareiEt
3235 2069 3361 2109 ecce
3404 2069 3502 2124 per

1926 2135 2146 2204 angelos
2195 2138 2260 2192 ad
2295 2142 2667 2210 cognoscenda
2711 2143 2850 2196 mala
2891 2143 3216 2209 descendit,
3269 2159 3502 2212 moxque

1927 2233 2259 2288 facinorosos
2310 2234 2574 2301 percutit,
2604 2244 2765 2302 atque
2790 2234 2878 2290 ille
2903 2236 3114 2304 patiens
3140 2276 3155 2299 ,
3194 2235 3281 2290 ille
3321 2236 3500 2300 mitis,

1929 2325 2016 2378 ille
2062 2325 2128 2379 de
2167 2339 2273 2392 quo
2302 2325 2561 2392 scriptum
2585 2331 2711 2377 est:
2747 2323 2825 2376 Tu
2869 2335 3066 2389 autem,
3093 2324 3310 2378 Domine
3334 2365 3348 2390 ,
3387 2340 3504 2377 cum

1930 2399 2311 2485 tranquillitate
2360 2413 2567 2478 iudicas
2591 2411 2743 2483 (Sap.
2772 2413 2892 2486 xtt),
2927 2414 3014 2468 ille
3045 2415 3113 2468 de
3138 2429 3244 2484 quo
3290 2429 3504 2492 rursum

1929 2505 2188 2574 scriptum
2210 2512 2294 2557 est
2320 2521 2331 2556 :
2357 2503 2612 2560 Dominus
2631 2505 2835 2582 patiens
2857 2514 2932 2558 est
2959 2504 3192 2574 redditor
3215 2505 3403 2576 (Eccli.
3427 2505 3504 2570 ν),

1930 2597 1984 2650 in
2014 2603 2164 2648 tanto
2192 2594 2418 2652 crimine
2469 2593 2738 2650 involutos
2787 2594 3086 2657 inveniens,
3117 2593 3267 2663 quasi
3297 2594 3508 2663 patien-

1933 2687 2059 2740 tiam
2085 2685 2448 2754 praetertnisit,
2481 2692 2532 2738 et
2560 2684 2951 2739 diemextremi
2972 2685 3161 2753 judicii
3191 2692 3508 2752 exspectare

1931 2777 2103 2831 uoluit
2138 2775 2208 2829 ad
2248 2775 2561 2839 vindictam,
2604 2775 2696 2829 sed
2733 2789 2826 2828 eos
2853 2775 2973 2844 igne
2992 2773 3178 2841 judicii
3204 2783 3328 2826 ante
3365 2772 3507 2826 diem

1925 2857 2115 2938 judicii
2154 2865 2434 2940 praevenit.
2472 2864 2610 2919 Ecce
2636 2864 2832 2918 malum
2859 2873 2912 2916 et
2956 2863 3097 2932 quod
3128 2879 3249 2917 cum
3279 2861 3507 2917 dillicnl-

1932 2958 2046 3012 tate
2071 2955 2296 3010 credidit
2327 2969 2450 3008 cum
2499 2953 2741 3016 audivit,
2792 2961 2846 3006 et
2893 2960 3070 3006 tamen
3113 2951 3230 3005 sine
3259 2951 3511 3023 tarditate

1933 3046 2203 3118 percussit
2241 3060 2362 3099 cum
2404 3057 2588 3097 verum
2618 3045 2991 3116 cognoscendo
3023 3043 3249 3127 reperit,
3276 3051 3334 3096 ut
3357 3043 3511 3097 nobis

256 3160 344 3204 tus
396 3157 513 3204 erat
560 3148 702 3217 quod
768 3148 1064 3202 voluntatis
1134 3161 1244 3200 sua:
1327 3154 1380 3198 et
1443 3134 1827 3214 praceptorum

1938 3135 2189 3190 videlicet
2228 3133 2382 3188 daret
2409 3133 2738 3202 exemplum,
2769 3134 2911 3203 quod
2951 3130 3153 3200 majora
3195 3133 3425 3189 erimina
3447 3149 3500 3187 et

253 3229 472 3293 suorum
510 3237 682 3292 fidelis
703 3246 992 3292 exsecutor
1016 3237 1294 3292 existeret.
1325 3236 1399 3290 De
1428 3251 1534 3305 quo
1565 3237 1730 3290 etiam
1778 3244 1834 3289 et

255 3327 345 3382 ille
392 3327 606 3380 futurus
644 3335 762 3380 erat
798 3328 851 3381 in
890 3342 1054 3381 carne
1098 3326 1422 3390 nasciturus,
1457 3327 1507 3379 in
1541 3341 1667 3395 quo,
1695 3335 1832 3379 atte-

255 3423 434 3470 stante
451 3414 726 3483 Apostolo,
743 3414 988 3487 habitant
1008 3414 1520 3483 thesaurisapientiaz
1540 3425 1585 3467 et
1607 3415 1832 3468 scientia:

255 3505 548 3562 absconditi
599 3504 822 3574 (Coloss.
873 3503 955 3576 ll).
993 3503 1210 3556 Necnon
1263 3504 1529 3572 promittit
1577 3503 1834 3558 Dominus

258 3598 509 3661 Abrahae,
526 3611 642 3652 non
673 3596 845 3651 solum
887 3595 1130 3665 praemia,
1173 3595 1265 3648 sed
1315 3595 1495 3649 etiam.
1521 3595 1836 3650 obedientize

258 3687 492 3740 filiorum
527 3685 643 3755 ejus
675 3686 964 3756 justitiam,
997 3694 1056 3740 ut
1085 3686 1226 3740 circa
1282 3699 1376 3739 eos
1422 3684 1581 3748 etiam
1611 3684 1835 3752 praemia

257 3778 525 3846 promissa
579 3778 968 3848 compleantur.
1022 3778 1362 3846 Rursumque
1421 3778 1753 3846 promittitur
1777 3775 1838 3830 tl-

257 3867 364 3922 lius
404 3869 554 3924 lsaac
589 3871 643 3925 in
697 3880 908 3942 gentem
948 3886 1199 3941 magnam
1249 3870 1461 3925 futurus
1484 3912 1496 3933 ,
1531 3877 1584 3924 et
1610 3871 1752 3939 quod
1783 3870 1835 3922 in

257 3974 326 4013 eo
360 3959 746 4015 benedicentur
773 3975 961 4014 omnes
1002 3968 1201 4033 gentes.
1224 3969 1402 4014 terrae.
1434 3959 1637 4025 Quibus
1659 3960 1838 4013 verbis

257 4051 368 4104 duo
397 4050 474 4104 illi
505 4052 768 4121 promissa
817 4060 980 4116 sunt,
1033 4039 1136 4105 hoc
1175 4058 1276 4114 est,
1325 4066 1496 4121 genus
1530 4049 1836 4105 Iudaeorum

259 4139 554 4195 secundum
613 4157 831 4197 carnem
855 4181 888 4209 ,ί
927 4150 984 4196 et
1054 4153 1240 4195 omnes
1290 4151 1475 4211 gentes
1543 4141 1836 4196 secundum

261 4230 444 4284 fidem.
481 4232 624 4301 Dixit
655 4233 838 4302 itaque
866 4227 1121 4284 Dominus
1153 4249 1165 4284 :

334 4320 548 4376 Clamor
575 4323 924 4378 Sodomorum
951 4332 999 4376 et
1038 4320 1490 4396 Gomorrhazorum
1521 4322 1837 4392 multiplica-

261 4421 348 4464 tus
377 4419 452 4464 εει
475 4450 510 4475 ,ς
546 4419 594 4464 et
639 4398 905 4480 peccatum
934 4427 1112 4464 eorum
1160 4419 1494 4480 aggravat‘um
1523 4420 1614 4464 .est
1662 4412 1836 4464 nimis.

1938 3225 2088 3280 tarde
2111 3225 2378 3279 credenda
2403 3232 2668 3278 suntcum
2700 3224 3010 3290 audiuntur,
3031 3232 3085 3279 et
3105 3225 3264 3279 citius
3287 3225 3512 3295 punien~

1936 3315 2001 3368 da
2024 3329 2147 3368 cum
2176 3314 2448 3368 veraciter
2481 3322 2867 3383 agnoscuntur.
2943 3341 2950 3346 -
3099 3297 3104 3302 ’

2006 3408 2476 3491 Converterunlque
2526 3438 2580 3475 se
2627 3410 2786 3485 inde,
2823 3431 2870 3474 et
2909 3421 3145 3473 abierunt
3194 3419 3509 3487 Sodomam,

1936 3511 2197 3564 Abraham
2221 3527 2338 3564 vero
2366 3511 2539 3564 adhuc
2559 3511 2732 3564 stabat
2759 3526 2933 3564 coram
2969 3503 3213 3574 Domino,
3249 3521 3297 3565 et
3327 3529 3515 3581 appro-

1936 3602 2084 3666 pians
2124 3601 2248 3653 ait:
2291 3597 2545 3669 Nunquid
2587 3599 2768 3668 perdes
2804 3599 3006 3668 justum
3053 3615 3170 3652 cum
3210 3600 3407 3669 impio?
3455 3600 3515 3655 Si

1939 3689 2132 3756 fuerint
2163 3689 2541 3759 quinquaginta.
2568 3700 2572 3705 '
2575 3674 2707 3756 justi
2733 3689 2787 3741 in
2815 3689 3043 3752 civitate,
3071 3689 3308 3758 peribunt
3337 3689 3516 3745 simul.

1937 3776 1986 3831 el
2023 3795 2125 3832 non
2155 3794 2334 3848 parces
2364 3777 2478 3829 loco
2512 3776 2590 3830 illi
2618 3786 2828 3847 propter
2849 3777 3224 3852 Quinquaginta
3246 3777 3442 3846 justas,
3471 3795 3517 3831 ss

1939 3869 2134 3939 fuerint
2161 3870 2213 3922 in
2239 3861 2336 3922 eo?
2356 3877 2410 3923 et
2431 3877 2648 3924 uetera.
2673 3867 2812 3933 Quid
2834 3867 3120 3938 significat,
3147 3869 3286 3950 quod
3313 3885 3342 3922 a
3364 3871 3516 3939 quin-

1937 3959 2190 4031 quaginta
2225 3959 2383 4029 justis
2426 3974 2597 4027 usque
2640 3959 2693 4012 in
2738 3959 2922 4013 decem
2955 3958 3001 4014 si
3037 3958 3418 4031 invenirentur
3466 3960 3521 4014 in

1940 4049 2204 4114 Sodomis,
2249 4049 2445 4103 dixerit
2487 4049 2749 4104 Dominus
2791 4052 2977 4104 urbem
3005 4065 3126 4104 esse
3171 4049 3521 4105 salvandam?

1935 4139 2199 4194 Nimirum
2244 4139 2441 4207 quippe
2490 4138 3014 4208 quinquagenarium
3061 4153 3344 4204 numerum
3393 4154 3519 4210 pro-

1935 4237 2056 4298 pter
2080 4227 2408 4297 poenitentire
2432 4227 2641 4298 signum
2671 4228 2870 4297 posuit,
2903 4229 2947 4282 si
2973 4227 3111 4282 forte
3137 4238 3518 4284 converteren-

1939 4327 2028 4373 tur
2054 4327 2110 4374 et
2133 4305 3016 4387 salvarentur;quinquagenarius
3042 4319 3184 4371 enim
3215 4334 3430 4388 semper
3456 4305 3522 4372 ad

1941 4389 2312 4480 paenitentiam
2346 4405 2596 4481 refertur.
2633 4406 2786 4460 Unde
2819 4415 2874 4460 et
2910 4406 3081 4459 David
3118 4407 3170 4459 in
3200 4407 3388 4460 eodem
3423 4424 3524 4461 nu-

263 4501 587 4555 Descendam
627 4475 675 4555 et
724 4500 924 4564 videbo,
973 4511 1149 4554 utrum
1187 4475 1464 4558 clamorem
1490 4503 1578 4572 qui
1607 4499 1742 4556 venit
1769 4504 1837 4555 ad
1870 4475 1916 4534 D
1942 4475 2092 4571 inero
2132 4498 2392 4569 psalmum
2435 4475 2629 4552 scribit
2669 4496 3014 4568 pauitantia}.
3045 4493 3278 4552 Proinde
3305 4499 3521 4567 quando

260 4607 347 4645 me
370 4608 520 4661 opere
545 4589 928 4661 compleverint,
954 4608 1024 4644 an
1053 4607 1156 4644 non
1180 4601 1252 4644 est
1281 4592 1353 4644 ita
1379 4601 1434 4644 ut
1455 4589 1636 4645 sciam.
1662 4590 1834 4646 Verba

261 4681 381 4735 hzec
427 4681 472 4734 si
516 4695 620 4735 non
667 4680 963 4735 dubitantis
1003 4679 1134 4750 quid
1160 4681 1384 4734 duorum
1405 4683 1581 4751 potius
1609 4691 1832 4736 eventu-

262 4789 385 4826 rum
409 4771 495 4834 sit,
526 4772 621 4828 sed
649 4771 934 4826 irascentis
955 4779 1008 4826 et
1035 4771 1288 4825 minantis
1315 4772 1665 4842 accipiamus,
1689 4773 1830 4826 nulla

261 4865 490 4934 quaestio
515 4861 616 4919 est.
641 4863 790 4920 More
809 4864 1006 4933 quippe
1026 4863 1262 4918 humano
1295 4863 1437 4918 Deus
1464 4861 1517 4916 in
1545 4861 1839 4931 Scripturis

261 4954 332 5007 ad
379 4953 624 5009 homines
650 4952 909 5022 loquitur,
938 4960 996 5007 et
1021 4951 1137 5020 ejus
1179 4953 1312 5006 iram
1343 4959 1542 5007 norunt
1579 4951 1694 5006 sine
1721 4966 1839 5020 per-

262 5042 712 5110 turbationeejus
733 5022 1050 5112 intelligere,
1074 5042 1165 5112 qui
1193 5044 1420 5097 credunt
1441 5042 1604 5096 Deum
1637 5043 1836 5096 incom~

263 5134 578 5188 mutabilem
626 5148 763 5188 esse.
805 5134 1053 5205 Solemus
1102 5143 1156 5189 et
1202 5135 1282 5189 sic
1321 5135 1585 5189 minanter
1651 5134 1829 5206 loqui:

263 5225 559 5279 Videamus
606 5227 662 5280 si‘
694 5242 802 5279 non
841 5226 936 5280 tibi
967 5225 1123 5289 facio,
1156 5235 1277 5289 aut,
1310 5227 1596 5281 Videamus
1630 5228 1673 5280 si
1728 5243 1833 5281 non

167 5345 170 5348 ~
263 5315 344 5369 illi
377 5313 538 5377 facio,
568 5323 644 5380 et,
669 5314 725 5368 Si
758 5330 862 5369 non
890 5324 1114 5384 potuero
1136 5317 1231 5371 tibi
1259 5315 1437 5370 facere
1461 5333 1475 5380 ;
1501 5305 1608 5380 vel,
1633 5315 1828 5371 Sciam.

264 5407 320 5461 id
377 5414 460 5461 est
496 5405 597 5460 hoc
636 5407 808 5476 ipsum
845 5407 1151 5475 experibor,
1210 5415 1388 5480 utrum
1432 5421 1536 5459 non
1589 5405 1786 5473 possim
1817 5446 1830 5469 ,

265 5495 412 5564 quod
441 5496 818 5549 comminando
863 5512 968 5549 non
1005 5496 1301 5566 ignorando
1346 5495 1560 5548 dicitur.
1591 5494 1719 5547 lrati
1747 5509 1838 5562 ap-

266 5597 433 5659 parct‘
469 5585 712 5651 aﬂ‘ectus,
760 5588 851 5642 sed
882 5588 1216 5656 perturbatio
1251 5603 1356 5642 non
1388 5586 1534 5641 cadit
1562 5587 1615 5640 in
1645 5574 1834 5640 Deum.

215 5740 221 5743 τ
267 5680 384 5736 nos
409 5688 587 5734 autem
613 5679 857 5733 humanae
881 5679 1183 5745 locutionis,
1209 5689 1263 5736 et
1285 5681 1511 5757 usitatus
1536 5688 1640 5749 est,
1665 5689 1720 5736 et
1742 5681 1838 5735 bu-

587 5772 858 5833 Pnaon.
904 5769 1091 5833 CVII.

1942 4590 2135 4660 aspicit
2172 4590 2313 4645 Deus
2330 4584 2763 4665 (delinquentium
2788 4587 2952 4642 vitam
2970 4627 2985 4653 ,
3016 4602 3357 4657 nequaquam
3384 4589 3524 4642 velle

1942 4679 2138 4733 reverti
2165 4679 2230 4734 ad
2275 4678 2670 4749 pmnitentiam,
2715 4693 2877 4747 quam
2906 4677 3394 4746 quinquagenarius
3426 4693 3525 4730 nu-

1939 4788 2123 4827 merus
2166 4774 2491 4843 praefigunt,
2542 4769 3115 4838 confestimardorem
3146 4771 3523 4826 immoderata:

1945 4863 2169 4918 luxuriae
2197 4865 2492 4935 compescit
2536 4863 2658 4933 igne
2687 4865 2960 4935 gehennae.
3017 4863 3193 4932 Usque
3220 4864 3286 4918 ad
3334 4865 3521 4919 decem

1944 4965 2120 5009 autem
2146 4955 2320 5024 justos
2359 4970 2462 5010 non
2503 4957 2681 5026 perire
2724 4953 3013 5010 Sodomam
3040 4955 3195 5020 dixit,
3225 4958 3350 5026 quia
3395 4958 3440 5012 si
3469 4959 3524 5011 in

1942 5046 2181 5116 quolibet
2208 5061 2304 5116 per
2343 5048 2525 5101 decem
2563 5056 2953 5116 praeceptorum
2981 5049 3278 5102 custodiam
3321 5047 3523 5115 Christi

1944 5149 2138 5188 nomen
2173 5135 2423 5198 inveniat,
2462 5135 2563 5189 iste
2587 5150 2692 5190 non
2725 5135 2899 5205 perit,
2931 5137 3148 5210 denarii,
3168 5153 3397 5208 namque
3426 5155 3525 5193 nu-

1941 5227 2073 5280 meri
2126 5225 2294 5296 ﬁgura
2347 5226 2548 5302 Christi
2594 5242 2815 5284 erucem
2867 5229 3216 5283 demonstrat.
3275 5229 3408 5283 Nam
3461 5243 3526 5285 et

1893 5354 1900 5359 ς
1941 5317 2080 5384 quod
2131 5317 2366 5386 quinque
2420 5317 2531 5371 sint
2572 5317 2819 5372 civitates
2871 5333 2990 5387 quae
3041 5318 3302 5371 imbribus
3347 5318 3523 5388 igneis

1942 5407 2280 5471 conflagratae
2323 5409 2500 5472 sunt,
2530 5402 2688 5473 illud,
2736 5402 2792 5462 ni
2842 5406 3016 5470 fallor,
3067 5405 3331 5474 significat
3378 5409 3520 5476 quod

1944 5510 2131 5549 omnes
2177 5495 2268 5565 qui
2313 5497 2552 5566 quinque
2592 5491 2782 5551 sensus
2826 5495 3067 5564 corporis
3109 5495 3191 5548 sui
3235 5483 3539 5551 libidinose-

1947 5594 2331 5651 tractaverunt,
2385 5576 2438 5642 in
2475 5583 2786 5662 illo‘futuro
2826 5587 3027 5656 judicio
3057 5585 3348 5658 [incendio]
3393 5598 3511 5646 aut.

1942 5677 2217 5732 cremandi
2259 5677 2384 5732 sint.
2431 5678 2611 5749 (Aug.)
2657 5675 2833 5743 Quceri
2871 5675 3005 5731 solet
3049 5685 3228 5730 utrum
3271 5676 3415 5748 quod
3455 5677 3520 5733 de

3084 5768 3159 5832 18
