  <div class='ocr_page' id='page_1' title='image "/cluster/home/n/w/nwhite01/storage/ocr_20150623/107/uva.x000827064/283.png"; bbox 0 0 3968 6314; ppageno 0'>
   <div class='ocr_carea' id='block_1_1' title="bbox 562 347 664 403">
    <p class='ocr_par' dir='ltr' id='par_1_1' title="bbox 562 347 664 403">
     <span class='ocr_line' id='line_1_1' title="bbox 562 347 664 403; baseline 0 0"><span class='ocrx_word' id='word_1_1' title='bbox 562 347 664 403; x_wconf 75' lang='lat' dir='ltr'><strong>S55</strong></span> 
     </span>
    </p>
   </div>
   <div class='ocr_carea' id='block_1_2' title="bbox 1189 310 3092 412">
    <p class='ocr_par' dir='ltr' id='par_1_2' title="bbox 1189 310 3092 412">
     <span class='ocr_line' id='line_1_2' title="bbox 1189 310 3092 412; baseline -0.003 -18"><span class='ocrx_word' id='word_1_2' title='bbox 1189 342 1249 395; x_wconf 89' lang='lat' dir='ltr'><strong>B.</strong></span> <span class='ocrx_word' id='word_1_3' title='bbox 1292 343 1539 396; x_wconf 68' lang='lat' dir='ltr'><strong>llABANl</strong></span> <span class='ocrx_word' id='word_1_4' title='bbox 1579 340 1793 395; x_wconf 76' lang='lat' dir='ltr'><strong>MAURI</strong></span> <span class='ocrx_word' id='word_1_5' title='bbox 1834 337 2141 392; x_wconf 70' lang='lat' dir='ltr'><strong>AllClilEl&#39;.</strong></span> <span class='ocrx_word' id='word_1_6' title='bbox 2181 334 2480 389; x_wconf 74' lang='lat' dir='ltr'><strong>MOGUNT.</strong></span> <span class='ocrx_word' id='word_1_7' title='bbox 2526 335 2803 412; x_wconf 56' lang='lat' dir='ltr'><strong>(lPERUbl</strong></span> <span class='ocrx_word' id='word_1_8' title='bbox 2843 310 3018 395; x_wconf 69' lang='lat' dir='ltr'><strong>PARS</strong></span> <span class='ocrx_word' id='word_1_9' title='bbox 3056 338 3092 390; x_wconf 88' lang='grc' dir='ltr'><strong>Ι.</strong></span> 
     </span>
    </p>
   </div>
   <div class='ocr_carea' id='block_1_3' title="bbox 3661 339 3771 395">
    <p class='ocr_par' dir='ltr' id='par_1_3' title="bbox 3661 339 3771 395">
     <span class='ocr_line' id='line_1_3' title="bbox 3661 339 3771 395; baseline 0 -4"><span class='ocrx_word' id='word_1_10' title='bbox 3661 339 3771 395; x_wconf 77' lang='lat'><strong>556</strong></span> 
     </span>
    </p>
   </div>
   <div class='ocr_carea' id='block_1_4' title="bbox 558 446 3769 521">
    <p class='ocr_par' dir='ltr' id='par_1_4' title="bbox 558 446 3769 521">
     <span class='ocr_line' id='line_1_4' title="bbox 558 446 3769 521; baseline -0.005 -5"><span class='ocrx_word' id='word_1_11' title='bbox 558 458 800 516; x_wconf 84' lang='lat' dir='ltr'><strong>Sodomis</strong></span> <span class='ocrx_word' id='word_1_12' title='bbox 822 455 953 511; x_wconf 81' lang='lat' dir='ltr'><strong>dixit</strong></span> <span class='ocrx_word' id='word_1_13' title='bbox 984 456 1143 518; x_wconf 86' lang='lat' dir='ltr'><strong>Deus,</strong></span> <span class='ocrx_word' id='word_1_14' title='bbox 1171 468 1275 507; x_wconf 87' lang='lat' dir='ltr'><strong>non</strong></span> <span class='ocrx_word' id='word_1_15' title='bbox 1303 469 1360 507; x_wconf 90' lang='lat' dir='ltr'><strong>se</strong></span> <span class='ocrx_word' id='word_1_16' title='bbox 1389 454 1607 521; x_wconf 79' lang='lat' dir='ltr'><strong>perdere</strong></span> <span class='ocrx_word' id='word_1_17' title='bbox 1624 451 1800 508; x_wconf 87' lang='lat' dir='ltr'><strong>locum</strong></span> <span class='ocrx_word' id='word_1_18' title='bbox 1828 452 1871 502; x_wconf 87' lang='lat' dir='ltr'><strong>si</strong></span> <span class='ocrx_word' id='word_1_19' title='bbox 1902 446 2101 501; x_wconf 83' lang='lat' dir='ltr'><strong>inveui-</strong></span> <span class='ocrx_word' id='word_1_20' title='bbox 2132 452 2175 504; x_wconf 79' lang='grc' dir='ltr'><strong>Λ</strong></span> <span class='ocrx_word' id='word_1_21' title='bbox 2206 463 2235 495; x_wconf 91' lang='lat' dir='ltr'><strong>a</strong></span> <span class='ocrx_word' id='word_1_22' title='bbox 2261 447 2470 498; x_wconf 86' lang='lat' dir='ltr'><strong>minimo</strong></span> <span class='ocrx_word' id='word_1_23' title='bbox 2502 464 2658 514; x_wconf 79' lang='lat' dir='ltr'><strong>usque</strong></span> <span class='ocrx_word' id='word_1_24' title='bbox 2686 447 2751 497; x_wconf 85' lang='lat' dir='ltr'><strong>ad</strong></span> <span class='ocrx_word' id='word_1_25' title='bbox 2772 448 3060 498; x_wconf 20' lang='lat' dir='ltr'><strong>[maximum</strong></span> <span class='ocrx_word' id='word_1_26' title='bbox 3079 486 3092 510; x_wconf 97' lang='lat'><strong>,</strong></span> <span class='ocrx_word' id='word_1_27' title='bbox 3129 451 3203 502; x_wconf 85' lang='lat' dir='ltr'><strong>ita</strong></span> <span class='ocrx_word' id='word_1_28' title='bbox 3240 464 3292 505; x_wconf 89' lang='lat' dir='ltr'><strong>ut</strong></span> <span class='ocrx_word' id='word_1_29' title='bbox 3323 451 3507 506; x_wconf 70' lang='lat' dir='ltr'><strong>ostium</strong></span> <span class='ocrx_word' id='word_1_30' title='bbox 3542 450 3769 507; x_wconf 62' lang='lat' dir='ltr'><strong>invenir.</strong></span> 
     </span>
    </p>
   </div>
   <div class='ocr_carea' id='block_1_5' title="bbox 558 542 2103 612">
    <p class='ocr_par' dir='ltr' id='par_1_5' title="bbox 558 542 2103 612">
     <span class='ocr_line' id='line_1_5' title="bbox 558 542 2103 612; baseline -0.01 -9"><span class='ocrx_word' id='word_1_31' title='bbox 558 558 743 603; x_wconf 85' lang='lat' dir='ltr'><strong>rentur</strong></span> <span class='ocrx_word' id='word_1_32' title='bbox 766 546 871 599; x_wconf 89' lang='lat' dir='ltr'><strong>illic</strong></span> <span class='ocrx_word' id='word_1_33' title='bbox 898 544 980 599; x_wconf 87' lang='lat' dir='ltr'><strong>vel</strong></span> <span class='ocrx_word' id='word_1_34' title='bbox 1010 546 1190 598; x_wconf 86' lang='lat' dir='ltr'><strong>decem</strong></span> <span class='ocrx_word' id='word_1_35' title='bbox 1220 544 1368 612; x_wconf 88' lang='lat' dir='ltr'><strong>justi,</strong></span> <span class='ocrx_word' id='word_1_36' title='bbox 1394 542 1608 611; x_wconf 86' lang='lat' dir='ltr'><strong>speciali</strong></span> <span class='ocrx_word' id='word_1_37' title='bbox 1638 542 1863 608; x_wconf 88' lang='lat' dir='ltr'><strong>quadam</strong></span> <span class='ocrx_word' id='word_1_38' title='bbox 1893 548 2103 591; x_wconf 85' lang='lat' dir='ltr'><strong>senten—</strong></span> 
     </span>
    </p>
   </div>
   <div class='ocr_carea' id='block_1_6' title="bbox 554 624 2106 697">
    <p class='ocr_par' dir='ltr' id='par_1_6' title="bbox 554 624 2106 697">
     <span class='ocr_line' id='line_1_6' title="bbox 554 624 2106 697; baseline -0.008 -6"><span class='ocrx_word' id='word_1_39' title='bbox 554 640 627 691; x_wconf 89' lang='lat' dir='ltr'><strong>tia</strong></span> <span class='ocrx_word' id='word_1_40' title='bbox 655 638 718 689; x_wconf 88' lang='lat' dir='ltr'><strong>de</strong></span> <span class='ocrx_word' id='word_1_41' title='bbox 746 635 832 689; x_wconf 86' lang='lat' dir='ltr'><strong>illa</strong></span> <span class='ocrx_word' id='word_1_42' title='bbox 863 634 1096 697; x_wconf 90' lang='lat' dir='ltr'><strong>civitate,</strong></span> <span class='ocrx_word' id='word_1_43' title='bbox 1136 648 1202 686; x_wconf 89' lang='lat' dir='ltr'><strong>an</strong></span> <span class='ocrx_word' id='word_1_44' title='bbox 1235 632 1301 686; x_wconf 91' lang='lat' dir='ltr'><strong>de</strong></span> <span class='ocrx_word' id='word_1_45' title='bbox 1335 632 1580 687; x_wconf 92' lang='lat' dir='ltr'><strong>omnibus</strong></span> <span class='ocrx_word' id='word_1_46' title='bbox 1614 624 2008 697; x_wconf 89' lang='lat' dir='ltr'><strong>intelligendum</strong></span> <span class='ocrx_word' id='word_1_47' title='bbox 2036 627 2106 679; x_wconf 88' lang='lat' dir='ltr'><strong>sit</strong></span> 
     </span>
    </p>
   </div>
   <div class='ocr_carea' id='block_1_7' title="bbox 552 716 2107 797">
    <p class='ocr_par' dir='ltr' id='par_1_7' title="bbox 552 716 2107 797">
     <span class='ocr_line' id='line_1_7' title="bbox 552 716 2107 797; baseline -0.01 -14"><span class='ocrx_word' id='word_1_48' title='bbox 552 726 889 797; x_wconf 80' lang='lat' dir='ltr'><strong>generaliter,</strong></span> <span class='ocrx_word' id='word_1_49' title='bbox 932 737 1150 793; x_wconf 86' lang='lat' dir='ltr'><strong>parcere</strong></span> <span class='ocrx_word' id='word_1_50' title='bbox 1193 723 1358 775; x_wconf 88' lang='lat' dir='ltr'><strong>Deum</strong></span> <span class='ocrx_word' id='word_1_51' title='bbox 1402 720 1517 773; x_wconf 84' lang='lat' dir='ltr'><strong>loco</strong></span> <span class='ocrx_word' id='word_1_52' title='bbox 1561 718 1614 771; x_wconf 90' lang='lat' dir='ltr'><strong>in</strong></span> <span class='ocrx_word' id='word_1_53' title='bbox 1665 732 1979 785; x_wconf 89' lang='lat' dir='ltr'><strong>quocunque</strong></span> <span class='ocrx_word' id='word_1_54' title='bbox 2022 716 2107 769; x_wconf 91' lang='lat' dir='ltr'><strong>vel</strong></span> 
     </span>
    </p>
   </div>
   <div class='ocr_carea' id='block_1_8' title="bbox 554 806 2104 883">
    <p class='ocr_par' dir='ltr' id='par_1_8' title="bbox 554 806 2104 883">
     <span class='ocr_line' id='line_1_8' title="bbox 554 806 2104 883; baseline -0.008 -12"><span class='ocrx_word' id='word_1_55' title='bbox 554 818 737 873; x_wconf 83' lang='lat' dir='ltr'><strong>decem</strong></span> <span class='ocrx_word' id='word_1_56' title='bbox 772 814 903 883; x_wconf 69' lang='lat' dir='ltr'><strong>justi</strong></span> <span class='ocrx_word' id='word_1_57' title='bbox 946 812 1161 866; x_wconf 82' lang='lat' dir='ltr'><strong>fuerint.</strong></span> <span class='ocrx_word' id='word_1_58' title='bbox 1203 810 1259 863; x_wconf 84' lang='lat' dir='ltr'><strong>In</strong></span> <span class='ocrx_word' id='word_1_59' title='bbox 1294 824 1395 877; x_wconf 89' lang='lat' dir='ltr'><strong>qua</strong></span> <span class='ocrx_word' id='word_1_60' title='bbox 1434 808 1724 876; x_wconf 64' lang='lat' dir='ltr'><strong>quaestione</strong></span> <span class='ocrx_word' id='word_1_61' title='bbox 1751 822 1853 860; x_wconf 92' lang='lat' dir='ltr'><strong>non</strong></span> <span class='ocrx_word' id='word_1_62' title='bbox 1880 816 1961 860; x_wconf 89' lang='lat' dir='ltr'><strong>est</strong></span> <span class='ocrx_word' id='word_1_63' title='bbox 1989 806 2104 874; x_wconf 90' lang='lat' dir='ltr'><strong>qui-</strong></span> 
     </span>
    </p>
   </div>
   <div class='ocr_carea' id='block_1_9' title="bbox 554 896 2105 965">
    <p class='ocr_par' dir='ltr' id='par_1_9' title="bbox 554 896 2105 965">
     <span class='ocr_line' id='line_1_9' title="bbox 554 896 2105 965; baseline -0.008 -6"><span class='ocrx_word' id='word_1_64' title='bbox 554 906 674 959; x_wconf 81' lang='lat' dir='ltr'><strong>dem</strong></span> <span class='ocrx_word' id='word_1_65' title='bbox 702 918 918 958; x_wconf 86' lang='lat' dir='ltr'><strong>necesse</strong></span> <span class='ocrx_word' id='word_1_66' title='bbox 953 910 1011 955; x_wconf 92' lang='lat' dir='ltr'><strong>ut</strong></span> <span class='ocrx_word' id='word_1_67' title='bbox 1042 902 1141 954; x_wconf 88' lang='lat' dir='ltr'><strong>hoc</strong></span> <span class='ocrx_word' id='word_1_68' title='bbox 1175 899 1241 952; x_wconf 88' lang='lat' dir='ltr'><strong>de</strong></span> <span class='ocrx_word' id='word_1_69' title='bbox 1279 898 1422 951; x_wconf 88' lang='lat' dir='ltr'><strong>omni</strong></span> <span class='ocrx_word' id='word_1_70' title='bbox 1463 897 1579 951; x_wconf 91' lang='lat' dir='ltr'><strong>loco</strong></span> <span class='ocrx_word' id='word_1_71' title='bbox 1606 896 1847 965; x_wconf 87' lang='lat' dir='ltr'><strong>accipere</strong></span> <span class='ocrx_word' id='word_1_72' title='bbox 1876 896 2105 964; x_wconf 90' lang='lat' dir='ltr'><strong>compel-</strong></span> 
     </span>
    </p>
   </div>
   <div class='ocr_carea' id='block_1_10' title="bbox 553 976 2101 1059">
    <p class='ocr_par' dir='ltr' id='par_1_10' title="bbox 553 976 2101 1059">
     <span class='ocr_line' id='line_1_10' title="bbox 553 976 2101 1059; baseline -0.006 -12"><span class='ocrx_word' id='word_1_73' title='bbox 553 994 753 1055; x_wconf 84' lang='lat' dir='ltr'><strong>lamur;</strong></span> <span class='ocrx_word' id='word_1_74' title='bbox 801 976 1176 1059; x_wconf 79' lang='lat' dir='ltr'><strong>verumtamen</strong></span> <span class='ocrx_word' id='word_1_75' title='bbox 1200 987 1265 1041; x_wconf 90' lang='lat' dir='ltr'><strong>de</strong></span> <span class='ocrx_word' id='word_1_76' title='bbox 1302 976 1548 1041; x_wconf 81' lang='lat' dir='ltr'><strong>Sodomis</strong></span> <span class='ocrx_word' id='word_1_77' title='bbox 1584 986 1755 1056; x_wconf 90' lang='lat' dir='ltr'><strong>potuit</strong></span> <span class='ocrx_word' id='word_1_78' title='bbox 1779 994 1833 1039; x_wconf 89' lang='lat' dir='ltr'><strong>et</strong></span> <span class='ocrx_word' id='word_1_79' title='bbox 1870 986 1946 1039; x_wconf 88' lang='lat' dir='ltr'><strong>sic</strong></span> <span class='ocrx_word' id='word_1_80' title='bbox 1979 985 2101 1047; x_wconf 82' lang='lat' dir='ltr'><strong>dici,</strong></span> 
     </span>
    </p>
   </div>
   <div class='ocr_carea' id='block_1_11' title="bbox 553 1075 2106 1153">
    <p class='ocr_par' dir='ltr' id='par_1_11' title="bbox 553 1075 2106 1153">
     <span class='ocr_line' id='line_1_11' title="bbox 553 1075 2106 1153; baseline -0.007 -15"><span class='ocrx_word' id='word_1_81' title='bbox 553 1086 672 1153; x_wconf 85' lang='lat' dir='ltr'><strong>quia</strong></span> <span class='ocrx_word' id='word_1_82' title='bbox 704 1082 902 1137; x_wconf 88' lang='lat' dir='ltr'><strong>sciebat</strong></span> <span class='ocrx_word' id='word_1_83' title='bbox 933 1080 1071 1133; x_wconf 88' lang='lat' dir='ltr'><strong>Deus</strong></span> <span class='ocrx_word' id='word_1_84' title='bbox 1097 1078 1171 1132; x_wconf 88' lang='lat' dir='ltr'><strong>ibi</strong></span> <span class='ocrx_word' id='word_1_85' title='bbox 1196 1091 1299 1130; x_wconf 90' lang='lat' dir='ltr'><strong>non</strong></span> <span class='ocrx_word' id='word_1_86' title='bbox 1324 1092 1443 1131; x_wconf 89' lang='lat' dir='ltr'><strong>esse</strong></span> <span class='ocrx_word' id='word_1_87' title='bbox 1463 1076 1547 1129; x_wconf 89' lang='lat' dir='ltr'><strong>vel</strong></span> <span class='ocrx_word' id='word_1_88' title='bbox 1570 1076 1787 1140; x_wconf 73' lang='lat' dir='ltr'><strong>decem,</strong></span> <span class='ocrx_word' id='word_1_89' title='bbox 1807 1083 1861 1129; x_wconf 91' lang='lat' dir='ltr'><strong>et</strong></span> <span class='ocrx_word' id='word_1_90' title='bbox 1884 1075 2001 1129; x_wconf 87' lang='lat' dir='ltr'><strong>ideo</strong></span> <span class='ocrx_word' id='word_1_91' title='bbox 2028 1075 2106 1128; x_wconf 89' lang='lat' dir='ltr'><strong>sic</strong></span> 
     </span>
    </p>
   </div>
   <div class='ocr_carea' id='block_1_12' title="bbox 550 1163 2104 1241">
    <p class='ocr_par' dir='ltr' id='par_1_12' title="bbox 550 1163 2104 1241">
     <span class='ocr_line' id='line_1_12' title="bbox 550 1163 2104 1241; baseline -0.006 -16"><span class='ocrx_word' id='word_1_92' title='bbox 550 1172 966 1241; x_wconf 83' lang='lat' dir='ltr'><strong>respondebatur</strong></span> <span class='ocrx_word' id='word_1_93' title='bbox 1008 1167 1235 1221; x_wconf 57' lang='lat' dir='ltr'><strong>Abrahae</strong></span> <span class='ocrx_word' id='word_1_94' title='bbox 1274 1174 1332 1219; x_wconf 91' lang='lat' dir='ltr'><strong>ut</strong></span> <span class='ocrx_word' id='word_1_95' title='bbox 1368 1164 1760 1233; x_wconf 84' lang='lat' dir='ltr'><strong>significaretur</strong></span> <span class='ocrx_word' id='word_1_96' title='bbox 1796 1179 1891 1218; x_wconf 91' lang='lat' dir='ltr'><strong>nec</strong></span> <span class='ocrx_word' id='word_1_97' title='bbox 1930 1171 2007 1217; x_wconf 89' lang='lat' dir='ltr'><strong>tot</strong></span> <span class='ocrx_word' id='word_1_98' title='bbox 2035 1163 2104 1216; x_wconf 88' lang='lat' dir='ltr'><strong>ibi</strong></span> 
     </span>
    </p>
   </div>
   <div class='ocr_carea' id='block_1_13' title="bbox 552 1246 2100 1329">
    <p class='ocr_par' dir='ltr' id='par_1_13' title="bbox 552 1246 2100 1329">
     <span class='ocr_line' id='line_1_13' title="bbox 552 1246 2100 1329; baseline -0.008 -14"><span class='ocrx_word' id='word_1_99' title='bbox 552 1277 703 1329; x_wconf 83' lang='lat' dir='ltr'><strong>posse</strong></span> <span class='ocrx_word' id='word_1_100' title='bbox 732 1246 949 1313; x_wconf 57' lang='lat' dir='ltr'><strong>in’vcniri</strong></span> <span class='ocrx_word' id='word_1_101' title='bbox 978 1258 1043 1311; x_wconf 89' lang='lat' dir='ltr'><strong>ad</strong></span> <span class='ocrx_word' id='word_1_102' title='bbox 1068 1254 1527 1325; x_wconf 74' lang='lat' dir='ltr'><strong>exaggerationem</strong></span> <span class='ocrx_word' id='word_1_103' title='bbox 1554 1252 1853 1319; x_wconf 83' lang='lat' dir='ltr'><strong>iniquitatis</strong></span> <span class='ocrx_word' id='word_1_104' title='bbox 1874 1251 2100 1305; x_wconf 90' lang='lat' dir='ltr'><strong>illorum.</strong></span> 
     </span>
    </p>
   </div>
   <div class='ocr_carea' id='block_1_14' title="bbox 551 1339 2121 1405">
    <p class='ocr_par' dir='ltr' id='par_1_14' title="bbox 551 1339 2121 1405">
     <span class='ocr_line' id='line_1_14' title="bbox 551 1339 2121 1405; baseline -0.01 0"><span class='ocrx_word' id='word_1_105' title='bbox 551 1352 663 1405; x_wconf 83' lang='lat' dir='ltr'><strong>Non</strong></span> <span class='ocrx_word' id='word_1_106' title='bbox 690 1352 829 1405; x_wconf 82' lang='lat' dir='ltr'><strong>enim</strong></span> <span class='ocrx_word' id='word_1_107' title='bbox 862 1362 1077 1401; x_wconf 87' lang='lat' dir='ltr'><strong>necesse</strong></span> <span class='ocrx_word' id='word_1_108' title='bbox 1106 1355 1217 1399; x_wconf 87' lang='lat' dir='ltr'><strong>erat</strong></span> <span class='ocrx_word' id='word_1_109' title='bbox 1240 1346 1347 1397; x_wconf 86' lang='lat' dir='ltr'><strong>Deo</strong></span> <span class='ocrx_word' id='word_1_110' title='bbox 1375 1351 1478 1395; x_wconf 91' lang='lat' dir='ltr'><strong>tam</strong></span> <span class='ocrx_word' id='word_1_111' title='bbox 1504 1340 1779 1395; x_wconf 87' lang='lat' dir='ltr'><strong>sceleratis</strong></span> <span class='ocrx_word' id='word_1_112' title='bbox 1805 1339 2121 1401; x_wconf 43' lang='lat' dir='ltr'><strong>hominibus,</strong></span> 
     </span>
    </p>
   </div>
   <div class='ocr_carea' id='block_1_15' title="bbox 550 1428 2104 1507">
    <p class='ocr_par' dir='ltr' id='par_1_15' title="bbox 550 1428 2104 1507">
     <span class='ocr_line' id='line_1_15' title="bbox 550 1428 2104 1507; baseline -0.01 -14"><span class='ocrx_word' id='word_1_113' title='bbox 550 1453 787 1507; x_wconf 81' lang='lat' dir='ltr'><strong>parcere,</strong></span> <span class='ocrx_word' id='word_1_114' title='bbox 833 1451 897 1489; x_wconf 88' lang='lat' dir='ltr'><strong>ne</strong></span> <span class='ocrx_word' id='word_1_115' title='bbox 941 1450 1073 1488; x_wconf 75' lang='lat' dir='ltr'><strong>cum.</strong></span> <span class='ocrx_word' id='word_1_116' title='bbox 1108 1433 1217 1485; x_wconf 81' lang='lat' dir='ltr'><strong>illis</strong></span> <span class='ocrx_word' id='word_1_117' title='bbox 1254 1431 1499 1500; x_wconf 86' lang='lat' dir='ltr'><strong>perderet</strong></span> <span class='ocrx_word' id='word_1_118' title='bbox 1537 1428 1730 1496; x_wconf 79' lang='lat' dir='ltr'><strong>iustos,</strong></span> <span class='ocrx_word' id='word_1_119' title='bbox 1768 1442 1888 1480; x_wconf 89' lang='lat' dir='ltr'><strong>cum</strong></span> <span class='ocrx_word' id='word_1_120' title='bbox 1928 1435 2104 1494; x_wconf 81' lang='lat' dir='ltr'><strong>posset</strong></span> 
     </span>
    </p>
   </div>
   <div class='ocr_carea' id='block_1_16' title="bbox 544 1516 2099 1594">
    <p class='ocr_par' dir='ltr' id='par_1_16' title="bbox 544 1516 2099 1594">
     <span class='ocr_line' id='line_1_16' title="bbox 544 1516 2099 1594; baseline -0.009 -13"><span class='ocrx_word' id='word_1_121' title='bbox 544 1528 700 1594; x_wconf 66' lang='lat' dir='ltr'><strong>iustis</strong></span> <span class='ocrx_word' id='word_1_122' title='bbox 736 1526 856 1580; x_wconf 84' lang='lat' dir='ltr'><strong>inde</strong></span> <span class='ocrx_word' id='word_1_123' title='bbox 883 1524 1137 1586; x_wconf 87' lang='lat' dir='ltr'><strong>liberatis,</strong></span> <span class='ocrx_word' id='word_1_124' title='bbox 1184 1521 1403 1574; x_wconf 90' lang='lat' dir='ltr'><strong>reddere</strong></span> <span class='ocrx_word' id='word_1_125' title='bbox 1436 1519 1613 1587; x_wconf 88' lang='lat' dir='ltr'><strong>impiis</strong></span> <span class='ocrx_word' id='word_1_126' title='bbox 1638 1518 1795 1587; x_wconf 90' lang='lat' dir='ltr'><strong>digna</strong></span> <span class='ocrx_word' id='word_1_127' title='bbox 1825 1516 2099 1585; x_wconf 86' lang='lat' dir='ltr'><strong>supplicia.</strong></span> 
     </span>
    </p>
   </div>
   <div class='ocr_carea' id='block_1_17' title="bbox 550 1604 2104 1680">
    <p class='ocr_par' dir='ltr' id='par_1_17' title="bbox 550 1604 2104 1680">
     <span class='ocr_line' id='line_1_17' title="bbox 550 1604 2104 1680; baseline -0.007 -12"><span class='ocrx_word' id='word_1_128' title='bbox 550 1615 675 1668; x_wconf 86' lang='lat' dir='ltr'><strong>Tale</strong></span> <span class='ocrx_word' id='word_1_129' title='bbox 710 1612 905 1680; x_wconf 83' lang='lat' dir='ltr'><strong>aliquid</strong></span> <span class='ocrx_word' id='word_1_130' title='bbox 937 1610 1073 1679; x_wconf 90' lang='lat' dir='ltr'><strong>apud</strong></span> <span class='ocrx_word' id='word_1_131' title='bbox 1115 1608 1399 1662; x_wconf 85' lang='lat' dir='ltr'><strong>Jeremiam</strong></span> <span class='ocrx_word' id='word_1_132' title='bbox 1438 1616 1549 1669; x_wconf 89' lang='lat' dir='ltr'><strong>est,</strong></span> <span class='ocrx_word' id='word_1_133' title='bbox 1594 1606 1684 1659; x_wconf 92' lang='lat' dir='ltr'><strong>ubi</strong></span> <span class='ocrx_word' id='word_1_134' title='bbox 1714 1605 1791 1658; x_wconf 88' lang='lat' dir='ltr'><strong>ait</strong></span> <span class='ocrx_word' id='word_1_135' title='bbox 1826 1618 1840 1657; x_wconf 89' lang='lat'><strong>:</strong></span> <span class='ocrx_word' id='word_1_136' title='bbox 1882 1604 2104 1657; x_wconf 86' lang='lat' dir='ltr'><strong>Circuite</strong></span> 
     </span>
    </p>
   </div>
   <div class='ocr_carea' id='block_1_18' title="bbox 548 1693 2103 1765">
    <p class='ocr_par' dir='ltr' id='par_1_18' title="bbox 548 1693 2103 1765">
     <span class='ocr_line' id='line_1_18' title="bbox 548 1693 2103 1765; baseline -0.006 -10"><span class='ocrx_word' id='word_1_137' title='bbox 548 1704 655 1756; x_wconf 86' lang='lat' dir='ltr'><strong>vias</strong></span> <span class='ocrx_word' id='word_1_138' title='bbox 684 1698 994 1762; x_wconf 75' lang='lat' dir='ltr'><strong>Jerusalem,</strong></span> <span class='ocrx_word' id='word_1_139' title='bbox 1021 1707 1067 1750; x_wconf 86' lang='lat' dir='ltr'><strong>et</strong></span> <span class='ocrx_word' id='word_1_140' title='bbox 1096 1697 1274 1759; x_wconf 79' lang='lat' dir='ltr'><strong>videte,</strong></span> <span class='ocrx_word' id='word_1_141' title='bbox 1298 1705 1343 1749; x_wconf 90' lang='lat' dir='ltr'><strong>et</strong></span> <span class='ocrx_word' id='word_1_142' title='bbox 1372 1698 1585 1765; x_wconf 64' lang='lat' dir='ltr'><strong>quaerite</strong></span> <span class='ocrx_word' id='word_1_143' title='bbox 1609 1696 1663 1747; x_wconf 89' lang='lat' dir='ltr'><strong>in</strong></span> <span class='ocrx_word' id='word_1_144' title='bbox 1687 1693 1870 1764; x_wconf 78' lang='lat' dir='ltr'><strong>plateis</strong></span> <span class='ocrx_word' id='word_1_145' title='bbox 1896 1694 2028 1761; x_wconf 88' lang='lat' dir='ltr'><strong>ejus,</strong></span> <span class='ocrx_word' id='word_1_146' title='bbox 2057 1702 2103 1745; x_wconf 87' lang='lat' dir='ltr'><strong>et</strong></span> 
     </span>
    </p>
   </div>
   <div class='ocr_carea' id='block_1_19' title="bbox 2206 535 3764 605">
    <p class='ocr_par' dir='ltr' id='par_1_19' title="bbox 2206 535 3764 605">
     <span class='ocr_line' id='line_1_19' title="bbox 2206 535 3764 605; baseline 0.007 -21"><span class='ocrx_word' id='word_1_147' title='bbox 2206 549 2307 585; x_wconf 85' lang='lat' dir='ltr'><strong>non</strong></span> <span class='ocrx_word' id='word_1_148' title='bbox 2348 544 2567 601; x_wconf 75' lang='lat' dir='ltr'><strong>possent.</strong></span> <span class='ocrx_word' id='word_1_149' title='bbox 2608 535 2842 603; x_wconf 87' lang='lat' dir='ltr'><strong>Denique</strong></span> <span class='ocrx_word' id='word_1_150' title='bbox 2877 536 3017 589; x_wconf 90' lang='lat' dir='ltr'><strong>viros</strong></span> <span class='ocrx_word' id='word_1_151' title='bbox 3041 535 3157 589; x_wconf 90' lang='lat' dir='ltr'><strong>illos</strong></span> <span class='ocrx_word' id='word_1_152' title='bbox 3182 539 3273 605; x_wconf 91' lang='lat' dir='ltr'><strong>qui</strong></span> <span class='ocrx_word' id='word_1_153' title='bbox 3296 548 3449 593; x_wconf 88' lang='lat' dir='ltr'><strong>erant</strong></span> <span class='ocrx_word' id='word_1_154' title='bbox 3476 542 3542 594; x_wconf 90' lang='lat' dir='ltr'><strong>ad</strong></span> <span class='ocrx_word' id='word_1_155' title='bbox 3567 543 3764 596; x_wconf 88' lang='lat' dir='ltr'><strong>ostium</strong></span> 
     </span>
    </p>
   </div>
   <div class='ocr_carea' id='block_1_20' title="bbox 2204 623 3770 705">
    <p class='ocr_par' dir='ltr' id='par_1_20' title="bbox 2204 623 3770 705">
     <span class='ocr_line' id='line_1_20' title="bbox 2204 623 3770 705; baseline 0.008 -30"><span class='ocrx_word' id='word_1_156' title='bbox 2204 623 2412 687; x_wconf 91' lang='lat' dir='ltr'><strong>domus,</strong></span> <span class='ocrx_word' id='word_1_157' title='bbox 2434 633 2813 691; x_wconf 88' lang='lat' dir='ltr'><strong>percusserunt</strong></span> <span class='ocrx_word' id='word_1_158' title='bbox 2833 624 3088 678; x_wconf 56' lang='lat' dir='ltr'><strong>caecitate.</strong></span> <span class='ocrx_word' id='word_1_159' title='bbox 3112 623 3281 679; x_wconf 56' lang='lat' dir='ltr'><strong>Graeci</strong></span> <span class='ocrx_word' id='word_1_160' title='bbox 3304 629 3501 683; x_wconf 85' lang='lat' dir='ltr'><strong>habent</strong></span> <span class='ocrx_word' id='word_1_161' title='bbox 3520 634 3770 705; x_wconf 69' lang='grc' dir='ltr'><strong>ἀορισίᾳ,</strong></span> 
     </span>
    </p>
   </div>
   <div class='ocr_carea' id='block_1_21' title="bbox 2203 716 3770 791">
    <p class='ocr_par' dir='ltr' id='par_1_21' title="bbox 2203 716 3770 791">
     <span class='ocr_line' id='line_1_21' title="bbox 2203 716 3770 791; baseline 0.006 -24"><span class='ocrx_word' id='word_1_162' title='bbox 2203 716 2343 784; x_wconf 90' lang='lat' dir='ltr'><strong>quod</strong></span> <span class='ocrx_word' id='word_1_163' title='bbox 2385 716 2556 786; x_wconf 82' lang='lat' dir='ltr'><strong>magis</strong></span> <span class='ocrx_word' id='word_1_164' title='bbox 2593 716 2876 785; x_wconf 82' lang='lat' dir='ltr'><strong>significat,</strong></span> <span class='ocrx_word' id='word_1_165' title='bbox 2918 717 2962 771; x_wconf 92' lang='lat' dir='ltr'><strong>si</strong></span> <span class='ocrx_word' id='word_1_166' title='bbox 2990 716 3094 771; x_wconf 91' lang='lat' dir='ltr'><strong>dici</strong></span> <span class='ocrx_word' id='word_1_167' title='bbox 3134 727 3334 787; x_wconf 89' lang='lat' dir='ltr'><strong>posset,</strong></span> <span class='ocrx_word' id='word_1_168' title='bbox 3362 722 3621 776; x_wconf 80' lang='lat' dir='ltr'><strong>avidentia</strong></span> <span class='ocrx_word' id='word_1_169' title='bbox 3650 738 3770 791; x_wconf 70' lang='lat' dir='ltr'><strong>quae</strong></span> 
     </span>
    </p>
   </div>
   <div class='ocr_carea' id='block_1_22' title="bbox 2206 807 3765 881">
    <p class='ocr_par' dir='ltr' id='par_1_22' title="bbox 2206 807 3765 881">
     <span class='ocr_line' id='line_1_22' title="bbox 2206 807 3765 881; baseline 0.004 -22"><span class='ocrx_word' id='word_1_170' title='bbox 2206 807 2365 861; x_wconf 86' lang='lat' dir='ltr'><strong>faciat</strong></span> <span class='ocrx_word' id='word_1_171' title='bbox 2391 824 2494 862; x_wconf 93' lang='lat' dir='ltr'><strong>non</strong></span> <span class='ocrx_word' id='word_1_172' title='bbox 2522 808 2695 862; x_wconf 88' lang='lat' dir='ltr'><strong>videri</strong></span> <span class='ocrx_word' id='word_1_173' title='bbox 2722 824 2825 863; x_wconf 89' lang='lat' dir='ltr'><strong>non</strong></span> <span class='ocrx_word' id='word_1_174' title='bbox 2852 808 3048 871; x_wconf 83' lang='lat' dir='ltr'><strong>omnia,</strong></span> <span class='ocrx_word' id='word_1_175' title='bbox 3085 809 3177 862; x_wconf 88' lang='lat' dir='ltr'><strong>sed</strong></span> <span class='ocrx_word' id='word_1_176' title='bbox 3201 809 3342 878; x_wconf 90' lang='lat' dir='ltr'><strong>quod</strong></span> <span class='ocrx_word' id='word_1_177' title='bbox 3370 826 3475 864; x_wconf 93' lang='lat' dir='ltr'><strong>non</strong></span> <span class='ocrx_word' id='word_1_178' title='bbox 3502 826 3638 881; x_wconf 83' lang='lat' dir='ltr'><strong>Opus</strong></span> <span class='ocrx_word' id='word_1_179' title='bbox 3660 820 3765 867; x_wconf 85' lang='lat' dir='ltr'><strong>est.</strong></span> 
     </span>
    </p>
   </div>
   <div class='ocr_carea' id='block_1_23' title="bbox 2204 896 3771 972">
    <p class='ocr_par' dir='ltr' id='par_1_23' title="bbox 2204 896 3771 972">
     <span class='ocr_line' id='line_1_23' title="bbox 2204 896 3771 972; baseline 0.006 -23"><span class='ocrx_word' id='word_1_180' title='bbox 2204 896 2338 951; x_wconf 86' lang='lat' dir='ltr'><strong>Nam</strong></span> <span class='ocrx_word' id='word_1_181' title='bbox 2365 898 2555 952; x_wconf 90' lang='lat' dir='ltr'><strong>merito</strong></span> <span class='ocrx_word' id='word_1_182' title='bbox 2582 906 2759 955; x_wconf 83' lang='lat' dir='ltr'><strong>movet</strong></span> <span class='ocrx_word' id='word_1_183' title='bbox 2783 897 3048 967; x_wconf 90' lang='lat' dir='ltr'><strong>quomodo</strong></span> <span class='ocrx_word' id='word_1_184' title='bbox 3073 906 3360 966; x_wconf 87' lang='lat' dir='ltr'><strong>potuerunt</strong></span> <span class='ocrx_word' id='word_1_185' title='bbox 3378 899 3609 956; x_wconf 83' lang='lat' dir='ltr'><strong>deficere</strong></span> <span class='ocrx_word' id='word_1_186' title='bbox 3629 918 3771 972; x_wconf 64' lang='lat' dir='ltr'><strong>quae—</strong></span> 
     </span>
    </p>
   </div>
   <div class='ocr_carea' id='block_1_24' title="bbox 2206 984 3768 1059">
    <p class='ocr_par' dir='ltr' id='par_1_24' title="bbox 2206 984 3768 1059">
     <span class='ocr_line' id='line_1_24' title="bbox 2206 984 3768 1059; baseline 0.004 -18"><span class='ocrx_word' id='word_1_187' title='bbox 2206 989 2368 1042; x_wconf 89' lang='lat' dir='ltr'><strong>rendo</strong></span> <span class='ocrx_word' id='word_1_188' title='bbox 2394 984 2618 1053; x_wconf 73' lang='lat' dir='ltr'><strong>ostium,</strong></span> <span class='ocrx_word' id='word_1_189' title='bbox 2646 989 2690 1044; x_wconf 89' lang='lat' dir='ltr'><strong>si</strong></span> <span class='ocrx_word' id='word_1_190' title='bbox 2719 989 2809 1043; x_wconf 89' lang='lat' dir='ltr'><strong>tali</strong></span> <span class='ocrx_word' id='word_1_191' title='bbox 2838 998 2989 1043; x_wconf 90' lang='lat' dir='ltr'><strong>erant</strong></span> <span class='ocrx_word' id='word_1_192' title='bbox 3017 984 3253 1043; x_wconf 56' lang='lat' dir='ltr'><strong>caecitate</strong></span> <span class='ocrx_word' id='word_1_193' title='bbox 3279 992 3540 1059; x_wconf 86' lang='lat' dir='ltr'><strong>percussi,</strong></span> <span class='ocrx_word' id='word_1_194' title='bbox 3568 1002 3628 1047; x_wconf 88' lang='lat' dir='ltr'><strong>ut</strong></span> <span class='ocrx_word' id='word_1_195' title='bbox 3651 1010 3768 1049; x_wconf 90' lang='lat' dir='ltr'><strong>om-</strong></span> 
     </span>
    </p>
   </div>
   <div class='ocr_carea' id='block_1_25' title="bbox 2204 1078 3772 1143">
    <p class='ocr_par' dir='ltr' id='par_1_25' title="bbox 2204 1078 3772 1143">
     <span class='ocr_line' id='line_1_25' title="bbox 2204 1078 3772 1143; baseline 0.004 -12"><span class='ocrx_word' id='word_1_196' title='bbox 2204 1079 2332 1132; x_wconf 87' lang='lat' dir='ltr'><strong>nino</strong></span> <span class='ocrx_word' id='word_1_197' title='bbox 2356 1079 2487 1132; x_wconf 91' lang='lat' dir='ltr'><strong>nihil</strong></span> <span class='ocrx_word' id='word_1_198' title='bbox 2527 1080 2783 1133; x_wconf 84' lang='lat' dir='ltr'><strong>viderent.</strong></span> <span class='ocrx_word' id='word_1_199' title='bbox 2822 1078 2933 1133; x_wconf 87' lang='lat' dir='ltr'><strong>Hoc</strong></span> <span class='ocrx_word' id='word_1_200' title='bbox 2964 1079 3103 1133; x_wconf 88' lang='lat' dir='ltr'><strong>enim</strong></span> <span class='ocrx_word' id='word_1_201' title='bbox 3140 1079 3296 1133; x_wconf 90' lang='lat' dir='ltr'><strong>modo</strong></span> <span class='ocrx_word' id='word_1_202' title='bbox 3331 1095 3426 1143; x_wconf 84' lang='lat' dir='ltr'><strong>sua</strong></span> <span class='ocrx_word' id='word_1_203' title='bbox 3460 1082 3772 1139; x_wconf 83' lang='lat' dir='ltr'><strong>calamitate</strong></span> 
     </span>
    </p>
   </div>
   <div class='ocr_carea' id='block_1_26' title="bbox 2182 1154 3769 1249">
    <p class='ocr_par' dir='ltr' id='par_1_26' title="bbox 2182 1154 3769 1249">
     <span class='ocr_line' id='line_1_26' title="bbox 2182 1154 3769 1249; baseline 0.006 -29"><span class='ocrx_word' id='word_1_204' title='bbox 2182 1168 2401 1221; x_wconf 72' lang='lat' dir='ltr'><strong>turbati</strong></span> <span class='ocrx_word' id='word_1_205' title='bbox 2426 1168 2648 1223; x_wconf 89' lang='lat' dir='ltr'><strong>ulterius</strong></span> <span class='ocrx_word' id='word_1_206' title='bbox 2668 1170 2861 1223; x_wconf 92' lang='lat' dir='ltr'><strong>ostium</strong></span> <span class='ocrx_word' id='word_1_207' title='bbox 2892 1154 2996 1223; x_wconf 88' lang='lat' dir='ltr'><strong>non</strong></span> <span class='ocrx_word' id='word_1_208' title='bbox 3024 1169 3376 1237; x_wconf 83' lang='lat' dir='ltr'><strong>requirerent.</strong></span> <span class='ocrx_word' id='word_1_209' title='bbox 3405 1170 3521 1225; x_wconf 83' lang='lat' dir='ltr'><strong>Hac</strong></span> <span class='ocrx_word' id='word_1_210' title='bbox 3540 1175 3769 1249; x_wconf 73' lang='grc' dir='ltr'><strong>ἆορασίᾳ</strong></span> 
     </span>
    </p>
   </div>
   <div class='ocr_carea' id='block_1_27' title="bbox 2204 1258 3767 1329">
    <p class='ocr_par' dir='ltr' id='par_1_27' title="bbox 2204 1258 3767 1329">
     <span class='ocr_line' id='line_1_27' title="bbox 2204 1258 3767 1329; baseline 0.004 -17"><span class='ocrx_word' id='word_1_211' title='bbox 2204 1268 2256 1312; x_wconf 91' lang='lat' dir='ltr'><strong>ct</strong></span> <span class='ocrx_word' id='word_1_212' title='bbox 2284 1258 2356 1311; x_wconf 92' lang='lat' dir='ltr'><strong>illi</strong></span> <span class='ocrx_word' id='word_1_213' title='bbox 2384 1261 2621 1329; x_wconf 84' lang='lat' dir='ltr'><strong>percussi</strong></span> <span class='ocrx_word' id='word_1_214' title='bbox 2652 1268 2805 1324; x_wconf 88' lang='lat' dir='ltr'><strong>sunt,</strong></span> <span class='ocrx_word' id='word_1_215' title='bbox 2832 1260 2922 1328; x_wconf 91' lang='lat' dir='ltr'><strong>qui</strong></span> <span class='ocrx_word' id='word_1_216' title='bbox 2956 1260 3263 1329; x_wconf 69' lang='lat' dir='ltr'><strong>quaerebant</strong></span> <span class='ocrx_word' id='word_1_217' title='bbox 3299 1260 3571 1315; x_wconf 76' lang='lat' dir='ltr'><strong>Eliszeum.</strong></span> <span class='ocrx_word' id='word_1_218' title='bbox 3618 1262 3767 1319; x_wconf 84' lang='lat' dir='ltr'><strong>Hanc</strong></span> 
     </span>
    </p>
   </div>
   <div class='ocr_carea' id='block_1_28' title="bbox 2204 1345 3766 1416">
    <p class='ocr_par' dir='ltr' id='par_1_28' title="bbox 2204 1345 3766 1416">
     <span class='ocr_line' id='line_1_28' title="bbox 2204 1345 3766 1416; baseline 0.005 -20"><span class='ocrx_word' id='word_1_219' title='bbox 2204 1354 2257 1398; x_wconf 92' lang='lat' dir='ltr'><strong>ct</strong></span> <span class='ocrx_word' id='word_1_220' title='bbox 2279 1345 2349 1397; x_wconf 90' lang='lat' dir='ltr'><strong>illi</strong></span> <span class='ocrx_word' id='word_1_221' title='bbox 2378 1347 2701 1411; x_wconf 85' lang='lat' dir='ltr'><strong>habuerunt,</strong></span> <span class='ocrx_word' id='word_1_222' title='bbox 2734 1347 2824 1416; x_wconf 88' lang='lat' dir='ltr'><strong>qui</strong></span> <span class='ocrx_word' id='word_1_223' title='bbox 2845 1347 3125 1401; x_wconf 88' lang='lat' dir='ltr'><strong>Dominum</strong></span> <span class='ocrx_word' id='word_1_224' title='bbox 3146 1356 3269 1416; x_wconf 87' lang='lat' dir='ltr'><strong>post</strong></span> <span class='ocrx_word' id='word_1_225' title='bbox 3294 1350 3766 1415; x_wconf 83' lang='lat' dir='ltr'><strong>resurrectionem,</strong></span> 
     </span>
    </p>
   </div>
   <div class='ocr_carea' id='block_1_29' title="bbox 2204 1435 3771 1509">
    <p class='ocr_par' dir='ltr' id='par_1_29' title="bbox 2204 1435 3771 1509">
     <span class='ocr_line' id='line_1_29' title="bbox 2204 1435 3771 1509; baseline 0.003 -20"><span class='ocrx_word' id='word_1_226' title='bbox 2204 1450 2334 1489; x_wconf 58' lang='lat' dir='ltr'><strong>cum&#39;</strong></span> <span class='ocrx_word' id='word_1_227' title='bbox 2353 1435 2443 1490; x_wconf 88' lang='lat' dir='ltr'><strong>illo</strong></span> <span class='ocrx_word' id='word_1_228' title='bbox 2467 1436 2796 1489; x_wconf 85' lang='lat' dir='ltr'><strong>ambulantes</strong></span> <span class='ocrx_word' id='word_1_229' title='bbox 2826 1437 2879 1490; x_wconf 91' lang='lat' dir='ltr'><strong>in</strong></span> <span class='ocrx_word' id='word_1_230' title='bbox 2906 1438 3012 1501; x_wconf 89' lang='lat' dir='ltr'><strong>via,</strong></span> <span class='ocrx_word' id='word_1_231' title='bbox 3039 1453 3144 1491; x_wconf 90' lang='lat' dir='ltr'><strong>non</strong></span> <span class='ocrx_word' id='word_1_232' title='bbox 3172 1448 3553 1507; x_wconf 85' lang='lat' dir='ltr'><strong>cognoverunt,</strong></span> <span class='ocrx_word' id='word_1_233' title='bbox 3579 1457 3771 1509; x_wconf 75' lang='lat' dir='ltr'><strong>quam-</strong></span> 
     </span>
    </p>
   </div>
   <div class='ocr_carea' id='block_1_30' title="bbox 2204 1516 3769 1598">
    <p class='ocr_par' dir='ltr' id='par_1_30' title="bbox 2204 1516 3769 1598">
     <span class='ocr_line' id='line_1_30' title="bbox 2204 1516 3769 1598; baseline 0.004 -22"><span class='ocrx_word' id='word_1_234' title='bbox 2204 1524 2285 1577; x_wconf 92' lang='lat' dir='ltr'><strong>vis</strong></span> <span class='ocrx_word' id='word_1_235' title='bbox 2309 1538 2411 1598; x_wconf 89' lang='lat' dir='ltr'><strong>non</strong></span> <span class='ocrx_word' id='word_1_236' title='bbox 2440 1524 2509 1578; x_wconf 89' lang='lat' dir='ltr'><strong>sit</strong></span> <span class='ocrx_word' id='word_1_237' title='bbox 2539 1524 2610 1577; x_wconf 90' lang='lat' dir='ltr'><strong>ibi</strong></span> <span class='ocrx_word' id='word_1_238' title='bbox 2635 1526 2735 1579; x_wconf 90' lang='lat' dir='ltr'><strong>hoc</strong></span> <span class='ocrx_word' id='word_1_239' title='bbox 2766 1525 2979 1579; x_wconf 86' lang='lat' dir='ltr'><strong>verbum</strong></span> <span class='ocrx_word' id='word_1_240' title='bbox 3014 1516 3267 1595; x_wconf 87' lang='lat' dir='ltr'><strong>positum,</strong></span> <span class='ocrx_word' id='word_1_241' title='bbox 3292 1527 3384 1582; x_wconf 83' lang='lat' dir='ltr'><strong>sed</strong></span> <span class='ocrx_word' id='word_1_242' title='bbox 3424 1544 3511 1583; x_wconf 89' lang='lat' dir='ltr'><strong>res</strong></span> <span class='ocrx_word' id='word_1_243' title='bbox 3545 1529 3661 1597; x_wconf 88' lang='lat' dir='ltr'><strong>ipsa</strong></span> <span class='ocrx_word' id='word_1_244' title='bbox 3689 1530 3769 1583; x_wconf 83' lang='lat' dir='ltr'><strong>in-</strong></span> 
     </span>
    </p>
   </div>
   <div class='ocr_carea' id='block_1_31' title="bbox 2207 1614 3765 1686">
    <p class='ocr_par' dir='ltr' id='par_1_31' title="bbox 2207 1614 3765 1686">
     <span class='ocr_line' id='line_1_31' title="bbox 2207 1614 3765 1686; baseline 0.003 -18"><span class='ocrx_word' id='word_1_245' title='bbox 2207 1615 2485 1686; x_wconf 88' lang='lat' dir='ltr'><strong>telligatur.</strong></span> <span class='ocrx_word' id='word_1_246' title='bbox 2531 1614 2747 1686; x_wconf 81' lang='lat' dir='ltr'><strong>Mysticc</strong></span> <span class='ocrx_word' id='word_1_247' title='bbox 2784 1624 2978 1679; x_wconf 90' lang='lat' dir='ltr'><strong>autem,</strong></span> <span class='ocrx_word' id='word_1_248' title='bbox 3024 1617 3151 1686; x_wconf 92' lang='lat' dir='ltr'><strong>quid</strong></span> <span class='ocrx_word' id='word_1_249' title='bbox 3192 1624 3278 1677; x_wconf 83' lang='lat' dir='ltr'><strong>est</strong></span> <span class='ocrx_word' id='word_1_250' title='bbox 3305 1618 3443 1686; x_wconf 91' lang='lat' dir='ltr'><strong>quod</strong></span> <span class='ocrx_word' id='word_1_251' title='bbox 3474 1620 3634 1675; x_wconf 90' lang='lat' dir='ltr'><strong>malis</strong></span> <span class='ocrx_word' id='word_1_252' title='bbox 3676 1622 3765 1674; x_wconf 87' lang='lat' dir='ltr'><strong>ad-</strong></span> 
     </span>
    </p>
   </div>
   <div class='ocr_carea' id='block_1_32' title="bbox 2204 1705 3770 1775">
    <p class='ocr_par' dir='ltr' id='par_1_32' title="bbox 2204 1705 3770 1775">
     <span class='ocr_line' id='line_1_32' title="bbox 2204 1705 3770 1775; baseline 0.004 -17"><span class='ocrx_word' id='word_1_253' title='bbox 2204 1706 2538 1761; x_wconf 84' lang='lat' dir='ltr'><strong>versantibus</strong></span> <span class='ocrx_word' id='word_1_254' title='bbox 2566 1706 2703 1759; x_wconf 88' lang='lat' dir='ltr'><strong>intra</strong></span> <span class='ocrx_word' id='word_1_255' title='bbox 2728 1706 2942 1760; x_wconf 90' lang='lat' dir='ltr'><strong>domum</strong></span> <span class='ocrx_word' id='word_1_256' title='bbox 2966 1705 3069 1761; x_wconf 86' lang='lat' dir='ltr'><strong>Lot</strong></span> <span class='ocrx_word' id='word_1_257' title='bbox 3110 1707 3380 1763; x_wconf 89' lang='lat' dir='ltr'><strong>reducitur</strong></span> <span class='ocrx_word' id='word_1_258' title='bbox 3406 1717 3460 1762; x_wconf 90' lang='lat' dir='ltr'><strong>et</strong></span> <span class='ocrx_word' id='word_1_259' title='bbox 3503 1710 3770 1775; x_wconf 78' lang='lat' dir='ltr'><strong>munitur,</strong></span> 
     </span>
    </p>
   </div>
   <div class='ocr_carea' id='block_1_33' title="bbox 549 1766 3767 1865">
    <p class='ocr_par' dir='ltr' id='par_1_33' title="bbox 549 1766 3767 1865">
     <span class='ocr_line' id='line_1_33' title="bbox 549 1766 3767 1865; baseline -0.002 -19"><span class='ocrx_word' id='word_1_260' title='bbox 549 1792 832 1862; x_wconf 81' lang='lat' dir='ltr'><strong>cognoscite</strong></span> <span class='ocrx_word' id='word_1_261' title='bbox 856 1790 899 1843; x_wconf 89' lang='lat' dir='ltr'><strong>si</strong></span> <span class='ocrx_word' id='word_1_262' title='bbox 931 1788 1192 1842; x_wconf 82' lang='lat' dir='ltr'><strong>invenietis</strong></span> <span class='ocrx_word' id='word_1_263' title='bbox 1226 1786 1481 1838; x_wconf 81' lang='lat' dir='ltr'><strong>hominem</strong></span> <span class='ocrx_word' id='word_1_264' title='bbox 1512 1784 1784 1851; x_wconf 75' lang='lat' dir='ltr'><strong>facientem</strong></span> <span class='ocrx_word' id='word_1_265' title='bbox 1819 1766 2100 1853; x_wconf 67' lang='lat' dir='ltr'><strong>justitiam,</strong></span> <span class='ocrx_word' id='word_1_266' title='bbox 2138 1779 2180 1836; x_wconf 85' lang='grc' dir='ltr'><strong>Β</strong></span> <span class='ocrx_word' id='word_1_267' title='bbox 2207 1793 2309 1847; x_wconf 77' lang='lat' dir='ltr'><strong>nisi</strong></span> <span class='ocrx_word' id='word_1_268' title='bbox 2328 1794 2467 1863; x_wconf 77' lang='lat' dir='ltr'><strong>quod</strong></span> <span class='ocrx_word' id='word_1_269' title='bbox 2497 1794 2671 1863; x_wconf 66' lang='lat' dir='ltr'><strong>justus</strong></span> <span class='ocrx_word' id='word_1_270' title='bbox 2700 1795 3072 1863; x_wconf 23' lang='lat' dir='ltr'><strong>quisque‘dum</strong></span> <span class='ocrx_word' id='word_1_271' title='bbox 3096 1810 3377 1865; x_wconf 66' lang='lat' dir='ltr'><strong>pravorum</strong></span> <span class='ocrx_word' id='word_1_272' title='bbox 3404 1797 3625 1853; x_wconf 69' lang='lat' dir='ltr'><strong>insidias</strong></span> <span class='ocrx_word' id='word_1_273' title='bbox 3654 1814 3767 1854; x_wconf 61' lang='lat' dir='ltr'><strong>sus,</strong></span> 
     </span>
    </p>
   </div>
   <div class='ocr_carea' id='block_1_34' title="bbox 549 1873 2107 1949">
    <p class='ocr_par' dir='ltr' id='par_1_34' title="bbox 549 1873 2107 1949">
     <span class='ocr_line' id='line_1_34' title="bbox 549 1873 2107 1949; baseline -0.008 -16"><span class='ocrx_word' id='word_1_274' title='bbox 549 1890 597 1933; x_wconf 87' lang='lat' dir='ltr'><strong>et</strong></span> <span class='ocrx_word' id='word_1_275' title='bbox 625 1887 931 1949; x_wconf 82' lang='lat' dir='ltr'><strong>qucerentem</strong></span> <span class='ocrx_word' id='word_1_276' title='bbox 970 1876 1154 1943; x_wconf 88' lang='lat' dir='ltr'><strong>ﬁdem,</strong></span> <span class='ocrx_word' id='word_1_277' title='bbox 1194 1883 1241 1927; x_wconf 89' lang='lat' dir='ltr'><strong>et</strong></span> <span class='ocrx_word' id='word_1_278' title='bbox 1278 1873 1528 1942; x_wconf 81' lang='lat' dir='ltr'><strong>propitius</strong></span> <span class='ocrx_word' id='word_1_279' title='bbox 1558 1888 1645 1949; x_wconf 86' lang='lat' dir='ltr'><strong>ero</strong></span> <span class='ocrx_word' id='word_1_280' title='bbox 1683 1873 1904 1941; x_wconf 78' lang='lat' dir='ltr'><strong>peccatis</strong></span> <span class='ocrx_word' id='word_1_281' title='bbox 1931 1886 2107 1924; x_wconf 86' lang='lat' dir='ltr'><strong>eorum</strong></span> 
     </span>
    </p>
   </div>
   <div class='ocr_carea' id='block_1_35' title="bbox 550 1959 2105 2037">
    <p class='ocr_par' dir='ltr' id='par_1_35' title="bbox 550 1959 2105 2037">
     <span class='ocr_line' id='line_1_35' title="bbox 550 1959 2105 2037; baseline -0.005 -16"><span class='ocrx_word' id='word_1_282' title='bbox 550 1969 681 2037; x_wconf 83' lang='lat' dir='ltr'><strong>(Jer.</strong></span> <span class='ocrx_word' id='word_1_283' title='bbox 714 1968 787 2037; x_wconf 93' lang='lat' dir='ltr'><strong>v),</strong></span> <span class='ocrx_word' id='word_1_284' title='bbox 818 1966 869 2018; x_wconf 90' lang='lat' dir='ltr'><strong>id</strong></span> <span class='ocrx_word' id='word_1_285' title='bbox 891 1973 992 2028; x_wconf 91' lang='lat' dir='ltr'><strong>est,</strong></span> <span class='ocrx_word' id='word_1_286' title='bbox 1023 1963 1255 2017; x_wconf 84' lang='lat' dir='ltr'><strong>invenite</strong></span> <span class='ocrx_word' id='word_1_287' title='bbox 1278 1960 1361 2015; x_wconf 88' lang='lat' dir='ltr'><strong>vel</strong></span> <span class='ocrx_word' id='word_1_288' title='bbox 1387 1976 1571 2025; x_wconf 91' lang='lat' dir='ltr'><strong>unum,</strong></span> <span class='ocrx_word' id='word_1_289' title='bbox 1602 1969 1656 2013; x_wconf 90' lang='lat' dir='ltr'><strong>et</strong></span> <span class='ocrx_word' id='word_1_290' title='bbox 1687 1974 1849 2029; x_wconf 83' lang='lat' dir='ltr'><strong>parco</strong></span> <span class='ocrx_word' id='word_1_291' title='bbox 1878 1959 2105 2022; x_wconf 65' lang='lat' dir='ltr'><strong>ueteris,</strong></span> 
     </span>
    </p>
   </div>
   <div class='ocr_carea' id='block_1_36' title="bbox 551 2055 2108 2129">
    <p class='ocr_par' dir='ltr' id='par_1_36' title="bbox 551 2055 2108 2129">
     <span class='ocr_line' id='line_1_36' title="bbox 551 2055 2108 2129; baseline -0.004 -14"><span class='ocrx_word' id='word_1_292' title='bbox 551 2065 615 2115; x_wconf 82' lang='lat' dir='ltr'><strong>ad</strong></span> <span class='ocrx_word' id='word_1_293' title='bbox 674 2058 1120 2129; x_wconf 79' lang='lat' dir='ltr'><strong>exaggerandum,</strong></span> <span class='ocrx_word' id='word_1_294' title='bbox 1175 2058 1230 2111; x_wconf 87' lang='lat' dir='ltr'><strong>et</strong></span> <span class='ocrx_word' id='word_1_295' title='bbox 1278 2055 1747 2111; x_wconf 86' lang='lat' dir='ltr'><strong>demonstrandum</strong></span> <span class='ocrx_word' id='word_1_296' title='bbox 1818 2057 1959 2125; x_wconf 92' lang='lat' dir='ltr'><strong>quod</strong></span> <span class='ocrx_word' id='word_1_297' title='bbox 2011 2070 2108 2109; x_wconf 92' lang='lat' dir='ltr'><strong>nec</strong></span> 
     </span>
    </p>
   </div>
   <div class='ocr_carea' id='block_1_37' title="bbox 549 2145 1253 2217">
    <p class='ocr_par' dir='ltr' id='par_1_37' title="bbox 549 2145 1253 2217">
     <span class='ocr_line' id='line_1_37' title="bbox 549 2145 1253 2217; baseline -0.009 -14"><span class='ocrx_word' id='word_1_298' title='bbox 549 2151 693 2205; x_wconf 83' lang='lat' dir='ltr'><strong>unus</strong></span> <span class='ocrx_word' id='word_1_299' title='bbox 713 2150 782 2203; x_wconf 87' lang='lat' dir='ltr'><strong>ibi</strong></span> <span class='ocrx_word' id='word_1_300' title='bbox 810 2155 987 2217; x_wconf 88' lang='lat' dir='ltr'><strong>posset</strong></span> <span class='ocrx_word' id='word_1_301' title='bbox 1008 2145 1253 2200; x_wconf 84' lang='lat' dir='ltr'><strong>inveniri.</strong></span> 
     </span>
    </p>
   </div>
   <div class='ocr_carea' id='block_1_38' title="bbox 618 2234 2105 2305">
    <p class='ocr_par' dir='ltr' id='par_1_38' title="bbox 618 2234 2105 2305">
     <span class='ocr_line' id='line_1_38' title="bbox 618 2234 2105 2305; baseline -0.005 -13"><span class='ocrx_word' id='word_1_302' title='bbox 618 2239 752 2292; x_wconf 79' lang='lat' dir='ltr'><strong>Abiit</strong></span> <span class='ocrx_word' id='word_1_303' title='bbox 786 2238 1037 2291; x_wconf 79' lang='lat' dir='ltr'><strong>Dominus</strong></span> <span class='ocrx_word' id='word_1_304' title='bbox 1071 2244 1340 2305; x_wconf 80' lang='lat' dir='ltr'><strong>postquam</strong></span> <span class='ocrx_word' id='word_1_305' title='bbox 1391 2235 1603 2296; x_wconf 75' lang='lat' dir='ltr'><strong>cessavit</strong></span> <span class='ocrx_word' id='word_1_306' title='bbox 1646 2234 1786 2305; x_wconf 87' lang='lat' dir='ltr'><strong>loqui</strong></span> <span class='ocrx_word' id='word_1_307' title='bbox 1828 2235 1895 2286; x_wconf 81' lang='lat' dir='ltr'><strong>ad</strong></span> <span class='ocrx_word' id='word_1_308' title='bbox 1940 2235 2105 2286; x_wconf 72' lang='lat' dir='ltr'><strong>Abra-</strong></span> 
     </span>
    </p>
   </div>
   <div class='ocr_carea' id='block_1_39' title="bbox 550 2321 2104 2391">
    <p class='ocr_par' dir='ltr' id='par_1_39' title="bbox 550 2321 2104 2391">
     <span class='ocr_line' id='line_1_39' title="bbox 550 2321 2104 2391; baseline -0.006 -9"><span class='ocrx_word' id='word_1_309' title='bbox 550 2330 701 2391; x_wconf 80' lang='lat' dir='ltr'><strong>ham;</strong></span> <span class='ocrx_word' id='word_1_310' title='bbox 732 2335 777 2380; x_wconf 88' lang='lat' dir='ltr'><strong>et</strong></span> <span class='ocrx_word' id='word_1_311' title='bbox 817 2326 902 2378; x_wconf 90' lang='lat' dir='ltr'><strong>ille</strong></span> <span class='ocrx_word' id='word_1_312' title='bbox 931 2340 1158 2377; x_wconf 86' lang='lat' dir='ltr'><strong>reversus</strong></span> <span class='ocrx_word' id='word_1_313' title='bbox 1188 2332 1260 2375; x_wconf 88' lang='lat' dir='ltr'><strong>est</strong></span> <span class='ocrx_word' id='word_1_314' title='bbox 1292 2324 1345 2375; x_wconf 88' lang='lat' dir='ltr'><strong>in</strong></span> <span class='ocrx_word' id='word_1_315' title='bbox 1386 2323 1555 2375; x_wconf 89' lang='lat' dir='ltr'><strong>locum</strong></span> <span class='ocrx_word' id='word_1_316' title='bbox 1587 2338 1756 2375; x_wconf 86' lang='lat' dir='ltr'><strong>suum.</strong></span> <span class='ocrx_word' id='word_1_317' title='bbox 1789 2322 1934 2391; x_wconf 76' lang='grc' dir='ltr'><strong>(ΟΑιι.</strong></span> <span class='ocrx_word' id='word_1_318' title='bbox 1971 2321 2104 2390; x_wconf 65' lang='grc' dir='ltr'>χιχ.)</span> 
     </span>
    </p>
   </div>
   <div class='ocr_carea' id='block_1_40' title="bbox 560 2410 2108 2483">
    <p class='ocr_par' dir='ltr' id='par_1_40' title="bbox 560 2410 2108 2483">
     <span class='ocr_line' id='line_1_40' title="bbox 560 2410 2108 2483; baseline -0.006 -11"><span class='ocrx_word' id='word_1_319' title='bbox 560 2418 913 2483; x_wconf 78' lang='lat' dir='ltr'><strong>Veneruntque</strong></span> <span class='ocrx_word' id='word_1_320' title='bbox 952 2414 1054 2465; x_wconf 88' lang='lat' dir='ltr'><strong>duo</strong></span> <span class='ocrx_word' id='word_1_321' title='bbox 1110 2412 1276 2481; x_wconf 87' lang='lat' dir='ltr'><strong>angeli</strong></span> <span class='ocrx_word' id='word_1_322' title='bbox 1323 2410 1603 2465; x_wconf 87' lang='lat' dir='ltr'><strong>Sodomam</strong></span> <span class='ocrx_word' id='word_1_323' title='bbox 1644 2426 1861 2479; x_wconf 86' lang='lat' dir='ltr'><strong>vespere,</strong></span> <span class='ocrx_word' id='word_1_324' title='bbox 1907 2410 2108 2462; x_wconf 82' lang='lat' dir='ltr'><strong>sedente</strong></span> 
     </span>
    </p>
   </div>
   <div class='ocr_carea' id='block_1_41' title="bbox 550 2499 2106 2571">
    <p class='ocr_par' dir='ltr' id='par_1_41' title="bbox 550 2499 2106 2571">
     <span class='ocr_line' id='line_1_41' title="bbox 550 2499 2106 2571; baseline -0.006 -12"><span class='ocrx_word' id='word_1_325' title='bbox 550 2507 643 2559; x_wconf 87' lang='lat' dir='ltr'><strong>Lot</strong></span> <span class='ocrx_word' id='word_1_326' title='bbox 682 2507 735 2558; x_wconf 91' lang='lat' dir='ltr'><strong>in</strong></span> <span class='ocrx_word' id='word_1_327' title='bbox 774 2504 968 2571; x_wconf 77' lang='lat' dir='ltr'><strong>[oribus</strong></span> <span class='ocrx_word' id='word_1_328' title='bbox 998 2502 1236 2554; x_wconf 82' lang='lat' dir='ltr'><strong>civitatis.</strong></span> <span class='ocrx_word' id='word_1_329' title='bbox 1284 2500 1385 2565; x_wconf 82' lang='lat' dir='ltr'><strong>Qui</strong></span> <span class='ocrx_word' id='word_1_330' title='bbox 1424 2515 1541 2552; x_wconf 90' lang='lat' dir='ltr'><strong>cum</strong></span> <span class='ocrx_word' id='word_1_331' title='bbox 1580 2499 1783 2553; x_wconf 85' lang='lat' dir='ltr'><strong>vidisset</strong></span> <span class='ocrx_word' id='word_1_332' title='bbox 1830 2516 1937 2562; x_wconf 87' lang='lat' dir='ltr'><strong>eos,</strong></span> <span class='ocrx_word' id='word_1_333' title='bbox 1987 2514 2106 2551; x_wconf 90' lang='lat' dir='ltr'><strong>sur-</strong></span> 
     </span>
    </p>
   </div>
   <div class='ocr_carea' id='block_1_42' title="bbox 549 2581 2107 2659">
    <p class='ocr_par' dir='ltr' id='par_1_42' title="bbox 549 2581 2107 2659">
     <span class='ocr_line' id='line_1_42' title="bbox 549 2581 2107 2659; baseline -0.004 -12"><span class='ocrx_word' id='word_1_334' title='bbox 549 2595 679 2649; x_wconf 74' lang='lat' dir='ltr'><strong>rexit</strong></span> <span class='ocrx_word' id='word_1_335' title='bbox 708 2604 754 2647; x_wconf 89' lang='lat' dir='ltr'><strong>et</strong></span> <span class='ocrx_word' id='word_1_336' title='bbox 781 2595 868 2646; x_wconf 80' lang='lat' dir='ltr'><strong>ivit</strong></span> <span class='ocrx_word' id='word_1_337' title='bbox 895 2592 1095 2645; x_wconf 85' lang='lat' dir='ltr'><strong>obvium</strong></span> <span class='ocrx_word' id='word_1_338' title='bbox 1114 2591 1184 2643; x_wconf 89' lang='lat' dir='ltr'><strong>eis</strong></span> <span class='ocrx_word' id='word_1_339' title='bbox 1201 2607 1219 2654; x_wconf 89' lang='lat'><strong><em>;</em></strong></span> <span class='ocrx_word' id='word_1_340' title='bbox 1248 2590 1580 2659; x_wconf 78' lang='lat' dir='ltr'><strong>adorauitque</strong></span> <span class='ocrx_word' id='word_1_341' title='bbox 1608 2605 1799 2659; x_wconf 88' lang='lat' dir='ltr'><strong>pronus</strong></span> <span class='ocrx_word' id='word_1_342' title='bbox 1817 2581 1886 2643; x_wconf 25' lang='lat' dir='ltr'><strong>“in</strong></span> <span class='ocrx_word' id='word_1_343' title='bbox 1915 2599 2107 2642; x_wconf 88' lang='lat' dir='ltr'><strong>terram</strong></span> 
     </span>
    </p>
   </div>
   <div class='ocr_carea' id='block_1_43' title="bbox 549 2680 2106 2749">
    <p class='ocr_par' dir='ltr' id='par_1_43' title="bbox 549 2680 2106 2749">
     <span class='ocr_line' id='line_1_43' title="bbox 549 2680 2106 2749; baseline -0.005 -10"><span class='ocrx_word' id='word_1_344' title='bbox 549 2688 722 2739; x_wconf 88' lang='lat' dir='ltr'><strong>dicens</strong></span> <span class='ocrx_word' id='word_1_345' title='bbox 752 2698 768 2735; x_wconf 92' lang='lat'><strong><em>:</em></strong></span> <span class='ocrx_word' id='word_1_346' title='bbox 803 2683 1042 2747; x_wconf 85' lang='lat' dir='ltr'><strong>Obsecro,</strong></span> <span class='ocrx_word' id='word_1_347' title='bbox 1077 2681 1315 2742; x_wconf 88' lang='lat' dir='ltr'><strong>Domine,</strong></span> <span class='ocrx_word' id='word_1_348' title='bbox 1348 2680 1599 2733; x_wconf 83' lang='lat' dir='ltr'><strong>declinate</strong></span> <span class='ocrx_word' id='word_1_349' title='bbox 1632 2682 1685 2733; x_wconf 88' lang='lat' dir='ltr'><strong>in</strong></span> <span class='ocrx_word' id='word_1_350' title='bbox 1715 2680 1925 2735; x_wconf 81' lang='lat' dir='ltr'><strong>domum</strong></span> <span class='ocrx_word' id='word_1_351' title='bbox 1962 2680 2106 2749; x_wconf 89' lang='lat' dir='ltr'><strong>pueri</strong></span> 
     </span>
    </p>
   </div>
   <div class='ocr_carea' id='block_1_44' title="bbox 550 2770 2103 2839">
    <p class='ocr_par' dir='ltr' id='par_1_44' title="bbox 550 2770 2103 2839">
     <span class='ocr_line' id='line_1_44' title="bbox 550 2770 2103 2839; baseline -0.005 -9"><span class='ocrx_word' id='word_1_352' title='bbox 550 2778 720 2839; x_wconf 78' lang='lat' dir='ltr'><strong>vestri,</strong></span> <span class='ocrx_word' id='word_1_353' title='bbox 745 2785 789 2828; x_wconf 90' lang='lat' dir='ltr'><strong>et</strong></span> <span class='ocrx_word' id='word_1_354' title='bbox 816 2783 1012 2828; x_wconf 89' lang='lat' dir='ltr'><strong>manete</strong></span> <span class='ocrx_word' id='word_1_355' title='bbox 1050 2774 1120 2826; x_wconf 87' lang='lat' dir='ltr'><strong>ibi</strong></span> <span class='ocrx_word' id='word_1_356' title='bbox 1138 2781 1167 2835; x_wconf 78' lang='lat'><strong>,‘</strong></span> <span class='ocrx_word' id='word_1_357' title='bbox 1187 2780 1289 2826; x_wconf 89' lang='lat' dir='ltr'><strong>etc.</strong></span> <span class='ocrx_word' id='word_1_358' title='bbox 1317 2770 1467 2837; x_wconf 81' lang='lat' dir='ltr'><strong>QuOd</strong></span> <span class='ocrx_word' id='word_1_359' title='bbox 1493 2770 1728 2825; x_wconf 90' lang='lat' dir='ltr'><strong>occurrit</strong></span> <span class='ocrx_word' id='word_1_360' title='bbox 1756 2770 1856 2823; x_wconf 89' lang='lat' dir='ltr'><strong>Lot</strong></span> <span class='ocrx_word' id='word_1_361' title='bbox 1884 2770 2103 2839; x_wconf 76' lang='lat' dir='ltr'><strong>angelis,</strong></span> 
     </span>
    </p>
   </div>
   <div class='ocr_carea' id='block_1_45' title="bbox 550 2861 2108 2928">
    <p class='ocr_par' dir='ltr' id='par_1_45' title="bbox 550 2861 2108 2928">
     <span class='ocr_line' id='line_1_45' title="bbox 550 2861 2108 2928; baseline -0.006 -7"><span class='ocrx_word' id='word_1_362' title='bbox 550 2876 605 2925; x_wconf 84' lang='lat' dir='ltr'><strong>et</strong></span> <span class='ocrx_word' id='word_1_363' title='bbox 629 2865 871 2920; x_wconf 83' lang='lat' dir='ltr'><strong>adoravit</strong></span> <span class='ocrx_word' id='word_1_364' title='bbox 915 2864 967 2916; x_wconf 91' lang='lat' dir='ltr'><strong>in</strong></span> <span class='ocrx_word' id='word_1_365' title='bbox 1011 2862 1215 2926; x_wconf 83' lang='lat' dir='ltr'><strong>faciem,</strong></span> <span class='ocrx_word' id='word_1_366' title='bbox 1245 2862 1454 2921; x_wconf 79' lang='lat' dir='ltr'><strong>videtur</strong></span> <span class='ocrx_word' id='word_1_367' title='bbox 1496 2861 1819 2915; x_wconf 79' lang='lat' dir='ltr'><strong>intellexisse</strong></span> <span class='ocrx_word' id='word_1_368' title='bbox 1847 2861 1988 2928; x_wconf 91' lang='lat' dir='ltr'><strong>quod</strong></span> <span class='ocrx_word' id='word_1_369' title='bbox 2015 2875 2108 2913; x_wconf 88' lang='lat' dir='ltr'><strong>an-</strong></span> 
     </span>
    </p>
   </div>
   <div class='ocr_carea' id='block_1_46' title="bbox 552 2950 2109 3025">
    <p class='ocr_par' dir='ltr' id='par_1_46' title="bbox 552 2950 2109 3025">
     <span class='ocr_line' id='line_1_46' title="bbox 552 2950 2109 3025; baseline -0.003 -17"><span class='ocrx_word' id='word_1_370' title='bbox 552 2957 652 3025; x_wconf 84' lang='lat' dir='ltr'><strong>geli</strong></span> <span class='ocrx_word' id='word_1_371' title='bbox 683 2964 879 3013; x_wconf 89' lang='lat' dir='ltr'><strong>essent.</strong></span> <span class='ocrx_word' id='word_1_372' title='bbox 916 2952 1020 3007; x_wconf 88' lang='lat' dir='ltr'><strong>Sed</strong></span> <span class='ocrx_word' id='word_1_373' title='bbox 1047 2968 1231 3007; x_wconf 86' lang='lat' dir='ltr'><strong>rursus</strong></span> <span class='ocrx_word' id='word_1_374' title='bbox 1258 2966 1378 3006; x_wconf 85' lang='lat' dir='ltr'><strong>cum</strong></span> <span class='ocrx_word' id='word_1_375' title='bbox 1409 2966 1503 3007; x_wconf 86' lang='lat' dir='ltr'><strong>eos</strong></span> <span class='ocrx_word' id='word_1_376' title='bbox 1536 2951 1602 3005; x_wconf 89' lang='lat' dir='ltr'><strong>ad</strong></span> <span class='ocrx_word' id='word_1_377' title='bbox 1648 2950 1989 3006; x_wconf 85' lang='lat' dir='ltr'><strong>refectionem</strong></span> <span class='ocrx_word' id='word_1_378' title='bbox 2029 2951 2109 3003; x_wconf 88' lang='lat' dir='ltr'><strong>in-</strong></span> 
     </span>
    </p>
   </div>
   <div class='ocr_carea' id='block_1_47' title="bbox 550 3040 2109 3112">
    <p class='ocr_par' dir='ltr' id='par_1_47' title="bbox 550 3040 2109 3112">
     <span class='ocr_line' id='line_1_47' title="bbox 550 3040 2109 3112; baseline -0.003 -15"><span class='ocrx_word' id='word_1_379' title='bbox 550 3046 684 3097; x_wconf 80' lang='lat' dir='ltr'><strong>vitat</strong></span> <span class='ocrx_word' id='word_1_380' title='bbox 718 3043 977 3112; x_wconf 81' lang='lat' dir='ltr'><strong>corporis,</strong></span> <span class='ocrx_word' id='word_1_381' title='bbox 1009 3057 1127 3112; x_wconf 73' lang='lat' dir='ltr'><strong>quae</strong></span> <span class='ocrx_word' id='word_1_382' title='bbox 1160 3042 1481 3097; x_wconf 81' lang='lat' dir='ltr'><strong>mortalibus</strong></span> <span class='ocrx_word' id='word_1_383' title='bbox 1501 3041 1801 3096; x_wconf 88' lang='lat' dir='ltr'><strong>necessaria</strong></span> <span class='ocrx_word' id='word_1_384' title='bbox 1828 3048 1941 3105; x_wconf 79' lang='lat' dir='ltr'><strong>est,</strong></span> <span class='ocrx_word' id='word_1_385' title='bbox 1964 3040 2109 3094; x_wconf 87' lang='lat' dir='ltr'><strong>vide-</strong></span> 
     </span>
    </p>
   </div>
   <div class='ocr_carea' id='block_1_48' title="bbox 2207 1884 3769 1959">
    <p class='ocr_par' dir='ltr' id='par_1_48' title="bbox 2207 1884 3769 1959">
     <span class='ocr_line' id='line_1_48' title="bbox 2207 1884 3769 1959; baseline 0.007 -22"><span class='ocrx_word' id='word_1_386' title='bbox 2207 1884 2358 1954; x_wconf 77' lang='lat' dir='ltr'><strong>tinet,</strong></span> <span class='ocrx_word' id='word_1_387' title='bbox 2394 1886 2460 1939; x_wconf 90' lang='lat' dir='ltr'><strong>ad</strong></span> <span class='ocrx_word' id='word_1_388' title='bbox 2500 1894 2732 1940; x_wconf 89' lang='lat' dir='ltr'><strong>mentem</strong></span> <span class='ocrx_word' id='word_1_389' title='bbox 2760 1888 3043 1941; x_wconf 87' lang='lat' dir='ltr'><strong>revertitur</strong></span> <span class='ocrx_word' id='word_1_390' title='bbox 3064 1896 3118 1942; x_wconf 92' lang='lat' dir='ltr'><strong>et</strong></span> <span class='ocrx_word' id='word_1_391' title='bbox 3143 1887 3535 1959; x_wconf 81' lang='lat' dir='ltr'><strong>imperterritus</strong></span> <span class='ocrx_word' id='word_1_392' title='bbox 3555 1896 3769 1948; x_wconf 77' lang='lat' dir='ltr'><strong>manet?</strong></span> 
     </span>
    </p>
   </div>
   <div class='ocr_carea' id='block_1_49' title="bbox 2208 1974 3770 2037">
    <p class='ocr_par' dir='ltr' id='par_1_49' title="bbox 2208 1974 3770 2037">
     <span class='ocr_line' id='line_1_49' title="bbox 2208 1974 3770 2037; baseline 0.004 -9"><span class='ocrx_word' id='word_1_393' title='bbox 2208 1974 2494 2029; x_wconf 70' lang='lat' dir='ltr'><strong>Sodomita:</strong></span> <span class='ocrx_word' id='word_1_394' title='bbox 2536 1984 2709 2029; x_wconf 91' lang='lat' dir='ltr'><strong>autem</strong></span> <span class='ocrx_word' id='word_1_395' title='bbox 2740 1978 2840 2030; x_wconf 86' lang='lat' dir='ltr'><strong>viri</strong></span> <span class='ocrx_word' id='word_1_396' title='bbox 2879 1978 2931 2031; x_wconf 90' lang='lat' dir='ltr'><strong>in</strong></span> <span class='ocrx_word' id='word_1_397' title='bbox 2971 1979 3126 2033; x_wconf 91' lang='lat' dir='ltr'><strong>domo</strong></span> <span class='ocrx_word' id='word_1_398' title='bbox 3156 1978 3254 2033; x_wconf 85' lang='lat' dir='ltr'><strong>Lot</strong></span> <span class='ocrx_word' id='word_1_399' title='bbox 3290 1982 3486 2035; x_wconf 89' lang='lat' dir='ltr'><strong>ostium</strong></span> <span class='ocrx_word' id='word_1_400' title='bbox 3528 1981 3770 2037; x_wconf 83' lang='lat' dir='ltr'><strong>invenire</strong></span> 
     </span>
    </p>
   </div>
   <div class='ocr_carea' id='block_1_50' title="bbox 2204 2065 3772 2143">
    <p class='ocr_par' dir='ltr' id='par_1_50' title="bbox 2204 2065 3772 2143">
     <span class='ocr_line' id='line_1_50' title="bbox 2204 2065 3772 2143; baseline 0.004 -26"><span class='ocrx_word' id='word_1_401' title='bbox 2204 2071 2490 2132; x_wconf 89' lang='lat' dir='ltr'><strong>nequeunt,</strong></span> <span class='ocrx_word' id='word_1_402' title='bbox 2538 2065 2658 2133; x_wconf 91' lang='lat' dir='ltr'><strong>quia</strong></span> <span class='ocrx_word' id='word_1_403' title='bbox 2690 2075 3037 2143; x_wconf 77' lang='lat' dir='ltr'><strong>corruptores</strong></span> <span class='ocrx_word' id='word_1_404' title='bbox 3081 2070 3336 2122; x_wconf 87' lang='lat' dir='ltr'><strong>mentium</strong></span> <span class='ocrx_word' id='word_1_405' title='bbox 3383 2079 3568 2124; x_wconf 88' lang='lat' dir='ltr'><strong>contra</strong></span> <span class='ocrx_word' id='word_1_406' title='bbox 3606 2066 3772 2125; x_wconf 71' lang='lat' dir='ltr'><strong>vitam</strong></span> 
     </span>
    </p>
   </div>
   <div class='ocr_carea' id='block_1_51' title="bbox 2199 2152 3771 2229">
    <p class='ocr_par' dir='ltr' id='par_1_51' title="bbox 2199 2152 3771 2229">
     <span class='ocr_line' id='line_1_51' title="bbox 2199 2152 3771 2229; baseline 0.006 -22"><span class='ocrx_word' id='word_1_407' title='bbox 2199 2152 2327 2221; x_wconf 85' lang='lat' dir='ltr'><strong>justi</strong></span> <span class='ocrx_word' id='word_1_408' title='bbox 2359 2154 2555 2223; x_wconf 85' lang='lat' dir='ltr'><strong>nullum</strong></span> <span class='ocrx_word' id='word_1_409' title='bbox 2583 2155 2936 2217; x_wconf 83' lang='lat' dir='ltr'><strong>accusationis</strong></span> <span class='ocrx_word' id='word_1_410' title='bbox 2968 2157 3167 2211; x_wconf 87' lang='lat' dir='ltr'><strong>aditum</strong></span> <span class='ocrx_word' id='word_1_411' title='bbox 3191 2159 3615 2229; x_wconf 89' lang='lat' dir='ltr'><strong>deprehendunt.</strong></span> <span class='ocrx_word' id='word_1_412' title='bbox 3640 2161 3771 2215; x_wconf 81' lang='lat' dir='ltr'><strong>Per-</strong></span> 
     </span>
    </p>
   </div>
   <div class='ocr_carea' id='block_1_52' title="bbox 2204 2234 3770 2317">
    <p class='ocr_par' dir='ltr' id='par_1_52' title="bbox 2204 2234 3770 2317">
     <span class='ocr_line' id='line_1_52' title="bbox 2204 2234 3770 2317; baseline 0.003 -21"><span class='ocrx_word' id='word_1_413' title='bbox 2204 2242 2346 2296; x_wconf 89' lang='lat' dir='ltr'><strong>cussi</strong></span> <span class='ocrx_word' id='word_1_414' title='bbox 2378 2242 2613 2298; x_wconf 56' lang='lat' dir='ltr'><strong>excitate</strong></span> <span class='ocrx_word' id='word_1_415' title='bbox 2642 2244 2793 2311; x_wconf 90' lang='lat' dir='ltr'><strong>quasi</strong></span> <span class='ocrx_word' id='word_1_416' title='bbox 2840 2234 3051 2298; x_wconf 81' lang='lat' dir='ltr'><strong>domum</strong></span> <span class='ocrx_word' id='word_1_417' title='bbox 3094 2246 3448 2311; x_wconf 86' lang='lat' dir='ltr'><strong>circumeunt,</strong></span> <span class='ocrx_word' id='word_1_418' title='bbox 3494 2249 3587 2317; x_wconf 91' lang='lat' dir='ltr'><strong>qui</strong></span> <span class='ocrx_word' id='word_1_419' title='bbox 3630 2248 3770 2301; x_wconf 84' lang='lat' dir='ltr'><strong>invi-</strong></span> 
     </span>
    </p>
   </div>
   <div class='ocr_carea' id='block_1_53' title="bbox 2206 2329 3774 2409">
    <p class='ocr_par' dir='ltr' id='par_1_53' title="bbox 2206 2329 3774 2409">
     <span class='ocr_line' id='line_1_53' title="bbox 2206 2329 3774 2409; baseline 0.005 -26"><span class='ocrx_word' id='word_1_420' title='bbox 2206 2330 2390 2385; x_wconf 87' lang='lat' dir='ltr'><strong>dentes</strong></span> <span class='ocrx_word' id='word_1_421' title='bbox 2427 2329 2564 2385; x_wconf 89' lang='lat' dir='ltr'><strong>facta</strong></span> <span class='ocrx_word' id='word_1_422' title='bbox 2604 2330 2851 2401; x_wconf 87' lang='lat' dir='ltr'><strong>dictaque</strong></span> <span class='ocrx_word' id='word_1_423' title='bbox 2880 2342 3303 2403; x_wconf 87' lang='lat' dir='ltr'><strong>perscrutantur.</strong></span> <span class='ocrx_word' id='word_1_424' title='bbox 3349 2335 3460 2390; x_wconf 83' lang='lat' dir='ltr'><strong>Sed</strong></span> <span class='ocrx_word' id='word_1_425' title='bbox 3492 2338 3618 2409; x_wconf 85' lang='lat' dir='ltr'><strong>quia</strong></span> <span class='ocrx_word' id='word_1_426' title='bbox 3659 2336 3774 2404; x_wconf 85' lang='lat' dir='ltr'><strong>ejus</strong></span> 
     </span>
    </p>
   </div>
   <div class='ocr_carea' id='block_1_54' title="bbox 2207 2417 3773 2491">
    <p class='ocr_par' dir='ltr' id='par_1_54' title="bbox 2207 2417 3773 2491">
     <span class='ocr_line' id='line_1_54' title="bbox 2207 2417 3773 2491; baseline 0.003 -17"><span class='ocrx_word' id='word_1_427' title='bbox 2207 2420 2271 2474; x_wconf 91' lang='lat' dir='ltr'><strong>de</strong></span> <span class='ocrx_word' id='word_1_428' title='bbox 2293 2420 2399 2473; x_wconf 89' lang='lat' dir='ltr'><strong>vita</strong></span> <span class='ocrx_word' id='word_1_429' title='bbox 2416 2421 2546 2491; x_wconf 86' lang='lat' dir='ltr'><strong>justi</strong></span> <span class='ocrx_word' id='word_1_430' title='bbox 2575 2417 2729 2475; x_wconf 85' lang='lat' dir='ltr'><strong>fortis</strong></span> <span class='ocrx_word' id='word_1_431' title='bbox 2748 2423 2981 2491; x_wconf 90' lang='lat' dir='ltr'><strong>undique</strong></span> <span class='ocrx_word' id='word_1_432' title='bbox 3004 2438 3064 2477; x_wconf 90' lang='lat' dir='ltr'><strong>ac</strong></span> <span class='ocrx_word' id='word_1_433' title='bbox 3094 2424 3372 2479; x_wconf 89' lang='lat' dir='ltr'><strong>laudabilis</strong></span> <span class='ocrx_word' id='word_1_434' title='bbox 3402 2426 3544 2481; x_wconf 90' lang='lat' dir='ltr'><strong>actio</strong></span> <span class='ocrx_word' id='word_1_435' title='bbox 3566 2427 3773 2487; x_wconf 73' lang='lat' dir='ltr'><strong>obviat,</strong></span> 
     </span>
    </p>
   </div>
   <div class='ocr_carea' id='block_1_55' title="bbox 2206 2510 3509 2584">
    <p class='ocr_par' dir='ltr' id='par_1_55' title="bbox 2206 2510 3509 2584">
     <span class='ocr_line' id='line_1_55' title="bbox 2206 2510 3509 2584; baseline 0.004 -21"><span class='ocrx_word' id='word_1_436' title='bbox 2206 2518 2445 2563; x_wconf 86' lang='lat' dir='ltr'><strong>errantes</strong></span> <span class='ocrx_word' id='word_1_437' title='bbox 2475 2510 2605 2563; x_wconf 87' lang='lat' dir='ltr'><strong>nihil</strong></span> <span class='ocrx_word' id='word_1_438' title='bbox 2635 2510 2775 2565; x_wconf 90' lang='lat' dir='ltr'><strong>aliud</strong></span> <span class='ocrx_word' id='word_1_439' title='bbox 2806 2527 2962 2580; x_wconf 85' lang='lat' dir='ltr'><strong>quam</strong></span> <span class='ocrx_word' id='word_1_440' title='bbox 2989 2512 3243 2581; x_wconf 83' lang='lat' dir='ltr'><strong>parietem</strong></span> <span class='ocrx_word' id='word_1_441' title='bbox 3271 2514 3509 2584; x_wconf 82' lang='lat' dir='ltr'><strong>palpant.</strong></span> 
     </span>
    </p>
   </div>
   <div class='ocr_carea' id='block_1_56' title="bbox 2766 2638 3209 2694">
    <p class='ocr_par' dir='ltr' id='par_1_56' title="bbox 2766 2638 3209 2694">
     <span class='ocr_line' id='line_1_56' title="bbox 2766 2638 3209 2694; baseline -0.005 0"><span class='ocrx_word' id='word_1_442' title='bbox 2766 2638 2990 2694; x_wconf 85' lang='lat' dir='ltr'><strong>CAPUT</strong></span> <span class='ocrx_word' id='word_1_443' title='bbox 3028 2638 3209 2693; x_wconf 76' lang='lat' dir='ltr'><strong>XXIII.</strong></span> 
     </span>
    </p>
   </div>
   <div class='ocr_carea' id='block_1_57' title="bbox 2164 2772 3769 2843">
    <p class='ocr_par' dir='ltr' id='par_1_57' title="bbox 2164 2772 3769 2843">
     <span class='ocr_line' id='line_1_57' title="bbox 2164 2772 3769 2843; baseline 0.001 -16"><span class='ocrx_word' id='word_1_444' title='bbox 2164 2796 2171 2803; x_wconf 73' lang='grc' dir='ltr'><strong>ο</strong></span> <span class='ocrx_word' id='word_1_445' title='bbox 2206 2774 2283 2827; x_wconf 89' lang='lat' dir='ltr'><strong>De</strong></span> <span class='ocrx_word' id='word_1_446' title='bbox 2309 2775 2624 2843; x_wconf 84' lang='lat' dir='ltr'><strong>abscessione</strong></span> <span class='ocrx_word' id='word_1_447' title='bbox 2653 2772 2746 2843; x_wconf 85' lang='lat' dir='ltr'><strong>Lot</strong></span> <span class='ocrx_word' id='word_1_448' title='bbox 2785 2790 2816 2825; x_wconf 89' lang='lat' dir='ltr'><strong>a</strong></span> <span class='ocrx_word' id='word_1_449' title='bbox 2849 2772 3119 2837; x_wconf 84' lang='lat' dir='ltr'><strong>Sodomis,</strong></span> <span class='ocrx_word' id='word_1_450' title='bbox 3158 2784 3204 2826; x_wconf 86' lang='lat' dir='ltr'><strong>et</strong></span> <span class='ocrx_word' id='word_1_451' title='bbox 3232 2774 3501 2828; x_wconf 85' lang='lat' dir='ltr'><strong>concubitu</strong></span> <span class='ocrx_word' id='word_1_452' title='bbox 3544 2776 3769 2829; x_wconf 81' lang='lat' dir='ltr'><strong>duarum</strong></span> 
     </span>
    </p>
   </div>
   <div class='ocr_carea' id='block_1_58' title="bbox 2675 2842 3293 2911">
    <p class='ocr_par' dir='ltr' id='par_1_58' title="bbox 2675 2842 3293 2911">
     <span class='ocr_line' id='line_1_58' title="bbox 2675 2842 3293 2911; baseline 0.005 -18"><span class='ocrx_word' id='word_1_453' title='bbox 2675 2842 2906 2909; x_wconf 87' lang='lat' dir='ltr'><strong>ﬁliarum</strong></span> <span class='ocrx_word' id='word_1_454' title='bbox 2935 2845 3047 2911; x_wconf 79' lang='lat' dir='ltr'><strong>ejus</strong></span> <span class='ocrx_word' id='word_1_455' title='bbox 3072 2859 3187 2895; x_wconf 84' lang='lat' dir='ltr'><strong>cum</strong></span> <span class='ocrx_word' id='word_1_456' title='bbox 3215 2859 3293 2896; x_wconf 87' lang='lat' dir='ltr'><strong>eo.</strong></span> 
     </span>
    </p>
   </div>
   <div class='ocr_carea' id='block_1_59' title="bbox 2278 2913 3771 3025">
    <p class='ocr_par' dir='ltr' id='par_1_59' title="bbox 2278 2913 3771 3025">
     <span class='ocr_line' id='line_1_59' title="bbox 2278 2913 3771 3025; baseline 0.002 -24"><span class='ocrx_word' id='word_1_457' title='bbox 2278 2948 2527 3018; x_wconf 80' lang='lat' dir='ltr'><strong>Egressus</strong></span> <span class='ocrx_word' id='word_1_458' title='bbox 2550 2951 2722 3020; x_wconf 85' lang='lat' dir='ltr'><strong>itaque</strong></span> <span class='ocrx_word' id='word_1_459' title='bbox 2748 2949 2842 3011; x_wconf 81' lang='lat' dir='ltr'><strong>Lot</strong></span> <span class='ocrx_word' id='word_1_460' title='bbox 2868 2948 3070 3003; x_wconf 84' lang='lat' dir='ltr'><strong>locutus</strong></span> <span class='ocrx_word' id='word_1_461' title='bbox 3097 2959 3169 3003; x_wconf 82' lang='lat' dir='ltr'><strong>est</strong></span> <span class='ocrx_word' id='word_1_462' title='bbox 3193 2950 3260 3002; x_wconf 89' lang='lat' dir='ltr'><strong>ad</strong></span> <span class='ocrx_word' id='word_1_463' title='bbox 3284 2944 3496 3025; x_wconf 63' lang='lat' dir='ltr'><strong>generos</strong></span> <span class='ocrx_word' id='word_1_464' title='bbox 3518 2913 3660 3014; x_wconf 83' lang='lat' dir='ltr'><strong>suos,</strong></span> <span class='ocrx_word' id='word_1_465' title='bbox 3681 2954 3771 3019; x_wconf 83' lang='lat' dir='ltr'><strong>qui</strong></span> 
     </span>
    </p>
   </div>
   <div class='ocr_carea' id='block_1_60' title="bbox 2208 3039 3770 3111">
    <p class='ocr_par' dir='ltr' id='par_1_60' title="bbox 2208 3039 3770 3111">
     <span class='ocr_line' id='line_1_60' title="bbox 2208 3039 3770 3111; baseline 0.003 -21"><span class='ocrx_word' id='word_1_466' title='bbox 2208 3040 2463 3106; x_wconf 82' lang='lat' dir='ltr'><strong>accepturi</strong></span> <span class='ocrx_word' id='word_1_467' title='bbox 2492 3049 2636 3091; x_wconf 81' lang='lat' dir='ltr'><strong>erant</strong></span> <span class='ocrx_word' id='word_1_468' title='bbox 2665 3039 2806 3107; x_wconf 87' lang='lat' dir='ltr'><strong>ﬁlias</strong></span> <span class='ocrx_word' id='word_1_469' title='bbox 2843 3040 2956 3107; x_wconf 83' lang='lat' dir='ltr'><strong>ejus</strong></span> <span class='ocrx_word' id='word_1_470' title='bbox 2990 3050 3038 3093; x_wconf 86' lang='lat' dir='ltr'><strong>et</strong></span> <span class='ocrx_word' id='word_1_471' title='bbox 3072 3040 3202 3093; x_wconf 73' lang='lat' dir='ltr'><strong>dixit</strong></span> <span class='ocrx_word' id='word_1_472' title='bbox 3238 3055 3256 3091; x_wconf 91' lang='lat'><strong><em>:</em></strong></span> <span class='ocrx_word' id='word_1_473' title='bbox 3298 3040 3524 3111; x_wconf 82' lang='lat' dir='ltr'><strong>Surgite,</strong></span> <span class='ocrx_word' id='word_1_474' title='bbox 3564 3044 3770 3111; x_wconf 82' lang='lat' dir='ltr'><strong>egredi-</strong></span> 
     </span>
    </p>
   </div>
   <div class='ocr_carea' id='block_1_61' title="bbox 552 3102 3771 3204">
    <p class='ocr_par' dir='ltr' id='par_1_61' title="bbox 552 3102 3771 3204">
     <span class='ocr_line' id='line_1_61' title="bbox 552 3102 3771 3204; baseline -0.001 -15"><span class='ocrx_word' id='word_1_475' title='bbox 552 3144 639 3189; x_wconf 89' lang='lat' dir='ltr'><strong>tur</strong></span> <span class='ocrx_word' id='word_1_476' title='bbox 664 3102 879 3204; x_wconf 75' lang='lat' dir='ltr'><strong>putasse</strong></span> <span class='ocrx_word' id='word_1_477' title='bbox 902 3102 1043 3201; x_wconf 80' lang='lat' dir='ltr'><strong>quod</strong></span> <span class='ocrx_word' id='word_1_478' title='bbox 1070 3104 1311 3186; x_wconf 86' lang='lat' dir='ltr'><strong>homines</strong></span> <span class='ocrx_word' id='word_1_479' title='bbox 1330 3139 1526 3186; x_wconf 88' lang='lat' dir='ltr'><strong>essent.</strong></span> <span class='ocrx_word' id='word_1_480' title='bbox 1557 3130 1696 3200; x_wconf 84' lang='lat' dir='ltr'><strong>Ergo</strong></span> <span class='ocrx_word' id='word_1_481' title='bbox 1721 3102 1942 3199; x_wconf 61' lang='lat' dir='ltr'><strong>quaestio</strong></span> <span class='ocrx_word' id='word_1_482' title='bbox 1963 3126 2112 3203; x_wconf 59' lang='lat' dir='ltr'><strong>simi:</strong></span> <span class='ocrx_word' id='word_1_483' title='bbox 2136 3102 2178 3164; x_wconf 68' lang='grc' dir='ltr'><strong>Ο</strong></span> <span class='ocrx_word' id='word_1_484' title='bbox 2211 3102 2337 3179; x_wconf 83' lang='lat' dir='ltr'><strong>mini</strong></span> <span class='ocrx_word' id='word_1_485' title='bbox 2378 3127 2442 3179; x_wconf 87' lang='lat' dir='ltr'><strong>de</strong></span> <span class='ocrx_word' id='word_1_486' title='bbox 2489 3126 2599 3181; x_wconf 91' lang='lat' dir='ltr'><strong>loco</strong></span> <span class='ocrx_word' id='word_1_487' title='bbox 2642 3102 2762 3192; x_wconf 78' lang='lat' dir='ltr'><strong>ista,</strong></span> <span class='ocrx_word' id='word_1_488' title='bbox 2810 3102 2931 3197; x_wconf 70' lang='lat' dir='ltr'><strong>quia</strong></span> <span class='ocrx_word' id='word_1_489' title='bbox 2980 3129 3163 3182; x_wconf 83' lang='lat' dir='ltr'><strong>delebit</strong></span> <span class='ocrx_word' id='word_1_490' title='bbox 3209 3102 3459 3184; x_wconf 76' lang='lat' dir='ltr'><strong>Dominus</strong></span> <span class='ocrx_word' id='word_1_491' title='bbox 3508 3102 3771 3186; x_wconf 73' lang='lat' dir='ltr'><strong>civitatem</strong></span> 
     </span>
    </p>
   </div>
   <div class='ocr_carea' id='block_1_62' title="bbox 548 3217 2109 3291">
    <p class='ocr_par' dir='ltr' id='par_1_62' title="bbox 548 3217 2109 3291">
     <span class='ocr_line' id='line_1_62' title="bbox 548 3217 2109 3291; baseline -0.003 -15"><span class='ocrx_word' id='word_1_492' title='bbox 548 3224 670 3278; x_wconf 86' lang='lat' dir='ltr'><strong>liter</strong></span> <span class='ocrx_word' id='word_1_493' title='bbox 702 3223 944 3291; x_wconf 85' lang='lat' dir='ltr'><strong>solvitur,</strong></span> <span class='ocrx_word' id='word_1_494' title='bbox 971 3228 1030 3274; x_wconf 91' lang='lat' dir='ltr'><strong>ut</strong></span> <span class='ocrx_word' id='word_1_495' title='bbox 1053 3220 1223 3274; x_wconf 86' lang='lat' dir='ltr'><strong>soluta</strong></span> <span class='ocrx_word' id='word_1_496' title='bbox 1252 3228 1334 3274; x_wconf 89' lang='lat' dir='ltr'><strong>est</strong></span> <span class='ocrx_word' id='word_1_497' title='bbox 1363 3220 1415 3272; x_wconf 92' lang='lat' dir='ltr'><strong>in</strong></span> <span class='ocrx_word' id='word_1_498' title='bbox 1448 3219 1620 3273; x_wconf 87' lang='lat' dir='ltr'><strong>tribus</strong></span> <span class='ocrx_word' id='word_1_499' title='bbox 1645 3218 1737 3286; x_wconf 87' lang='lat' dir='ltr'><strong>qui</strong></span> <span class='ocrx_word' id='word_1_500' title='bbox 1760 3225 2022 3272; x_wconf 86' lang='lat' dir='ltr'><strong>venerunt</strong></span> <span class='ocrx_word' id='word_1_501' title='bbox 2044 3217 2109 3271; x_wconf 91' lang='lat' dir='ltr'><strong>ad</strong></span> 
     </span>
    </p>
   </div>
   <div class='ocr_carea' id='block_1_63' title="bbox 549 3307 2107 3378">
    <p class='ocr_par' dir='ltr' id='par_1_63' title="bbox 549 3307 2107 3378">
     <span class='ocr_line' id='line_1_63' title="bbox 549 3307 2107 3378; baseline -0.006 -9"><span class='ocrx_word' id='word_1_502' title='bbox 549 3314 845 3375; x_wconf 82' lang='lat' dir='ltr'><strong>Abraham,</strong></span> <span class='ocrx_word' id='word_1_503' title='bbox 871 3320 927 3363; x_wconf 86' lang='lat' dir='ltr'><strong>ut</strong></span> <span class='ocrx_word' id='word_1_504' title='bbox 954 3310 1217 3378; x_wconf 86' lang='lat' dir='ltr'><strong>aliquibus</strong></span> <span class='ocrx_word' id='word_1_505' title='bbox 1243 3309 1406 3378; x_wconf 79' lang='lat' dir='ltr'><strong>signis</strong></span> <span class='ocrx_word' id='word_1_506' title='bbox 1435 3313 1715 3377; x_wconf 87' lang='lat' dir='ltr'><strong>appareret</strong></span> <span class='ocrx_word' id='word_1_507' title='bbox 1737 3322 1831 3361; x_wconf 82' lang='lat' dir='ltr'><strong>eos</strong></span> <span class='ocrx_word' id='word_1_508' title='bbox 1855 3307 2107 3362; x_wconf 86' lang='lat' dir='ltr'><strong>divinitus</strong></span> 
     </span>
    </p>
   </div>
   <div class='ocr_carea' id='block_1_64' title="bbox 551 3396 2109 3471">
    <p class='ocr_par' dir='ltr' id='par_1_64' title="bbox 551 3396 2109 3471">
     <span class='ocr_line' id='line_1_64' title="bbox 551 3396 2109 3471; baseline -0.004 -13"><span class='ocrx_word' id='word_1_509' title='bbox 551 3405 763 3466; x_wconf 88' lang='lat' dir='ltr'><strong>missos,</strong></span> <span class='ocrx_word' id='word_1_510' title='bbox 796 3396 883 3471; x_wconf 89' lang='lat' dir='ltr'><strong>qui</strong></span> <span class='ocrx_word' id='word_1_511' title='bbox 908 3410 1081 3454; x_wconf 89' lang='lat' dir='ltr'><strong>tamen</strong></span> <span class='ocrx_word' id='word_1_512' title='bbox 1112 3400 1354 3453; x_wconf 86' lang='lat' dir='ltr'><strong>homines</strong></span> <span class='ocrx_word' id='word_1_513' title='bbox 1378 3399 1742 3453; x_wconf 88' lang='lat' dir='ltr'><strong>crederentur.</strong></span> <span class='ocrx_word' id='word_1_514' title='bbox 1773 3397 1905 3452; x_wconf 88' lang='lat' dir='ltr'><strong>Nam</strong></span> <span class='ocrx_word' id='word_1_515' title='bbox 1929 3400 2031 3453; x_wconf 89' lang='lat' dir='ltr'><strong>hoc</strong></span> <span class='ocrx_word' id='word_1_516' title='bbox 2055 3406 2109 3451; x_wconf 88' lang='lat' dir='ltr'><strong>et</strong></span> 
     </span>
    </p>
   </div>
   <div class='ocr_carea' id='block_1_65' title="bbox 553 3485 2107 3561">
    <p class='ocr_par' dir='ltr' id='par_1_65' title="bbox 553 3485 2107 3561">
     <span class='ocr_line' id='line_1_65' title="bbox 553 3485 2107 3561; baseline -0.006 -14"><span class='ocrx_word' id='word_1_517' title='bbox 553 3494 606 3547; x_wconf 92' lang='lat' dir='ltr'><strong>in</strong></span> <span class='ocrx_word' id='word_1_518' title='bbox 636 3492 867 3561; x_wconf 87' lang='lat' dir='ltr'><strong>Epistola</strong></span> <span class='ocrx_word' id='word_1_519' title='bbox 894 3505 1012 3560; x_wconf 76' lang='lat' dir='ltr'><strong>qua:</strong></span> <span class='ocrx_word' id='word_1_520' title='bbox 1035 3496 1118 3543; x_wconf 88' lang='lat' dir='ltr'><strong>est</strong></span> <span class='ocrx_word' id='word_1_521' title='bbox 1150 3488 1218 3542; x_wconf 88' lang='lat' dir='ltr'><strong>ad</strong></span> <span class='ocrx_word' id='word_1_522' title='bbox 1239 3486 1511 3552; x_wconf 79' lang='lat' dir='ltr'><strong>Hebraeos,</strong></span> <span class='ocrx_word' id='word_1_523' title='bbox 1536 3502 1657 3541; x_wconf 91' lang='lat' dir='ltr'><strong>cum</strong></span> <span class='ocrx_word' id='word_1_524' title='bbox 1685 3485 1751 3541; x_wconf 89' lang='lat' dir='ltr'><strong>de</strong></span> <span class='ocrx_word' id='word_1_525' title='bbox 1776 3485 2107 3556; x_wconf 87' lang='lat' dir='ltr'><strong>hospitalita-</strong></span> 
     </span>
    </p>
   </div>
   <div class='ocr_carea' id='block_1_66' title="bbox 553 3574 2109 3647">
    <p class='ocr_par' dir='ltr' id='par_1_66' title="bbox 553 3574 2109 3647">
     <span class='ocr_line' id='line_1_66' title="bbox 553 3574 2109 3647; baseline -0.004 -13"><span class='ocrx_word' id='word_1_526' title='bbox 553 3584 620 3637; x_wconf 90' lang='lat' dir='ltr'><strong>tis</strong></span> <span class='ocrx_word' id='word_1_527' title='bbox 640 3583 777 3636; x_wconf 91' lang='lat' dir='ltr'><strong>bono</strong></span> <span class='ocrx_word' id='word_1_528' title='bbox 798 3579 1071 3647; x_wconf 84' lang='lat' dir='ltr'><strong>Scriptura</strong></span> <span class='ocrx_word' id='word_1_529' title='bbox 1090 3577 1418 3645; x_wconf 88' lang='lat' dir='ltr'><strong>loqueretur,</strong></span> <span class='ocrx_word' id='word_1_530' title='bbox 1442 3576 1545 3629; x_wconf 87' lang='lat' dir='ltr'><strong>ait:</strong></span> <span class='ocrx_word' id='word_1_531' title='bbox 1565 3574 1666 3628; x_wconf 88' lang='lat' dir='ltr'><strong>Per</strong></span> <span class='ocrx_word' id='word_1_532' title='bbox 1684 3575 1817 3628; x_wconf 80' lang='lat' dir='ltr'><strong>hanc</strong></span> <span class='ocrx_word' id='word_1_533' title='bbox 1839 3575 1974 3628; x_wconf 88' lang='lat' dir='ltr'><strong>enim</strong></span> <span class='ocrx_word' id='word_1_534' title='bbox 1995 3576 2109 3644; x_wconf 76' lang='lat' dir='ltr'><strong>qui-</strong></span> 
     </span>
    </p>
   </div>
   <div class='ocr_carea' id='block_1_67' title="bbox 552 3663 2106 3736">
    <p class='ocr_par' dir='ltr' id='par_1_67' title="bbox 552 3663 2106 3736">
     <span class='ocr_line' id='line_1_67' title="bbox 552 3663 2106 3736; baseline -0.006 -11"><span class='ocrx_word' id='word_1_535' title='bbox 552 3673 671 3725; x_wconf 88' lang='lat' dir='ltr'><strong>dam</strong></span> <span class='ocrx_word' id='word_1_536' title='bbox 697 3670 994 3733; x_wconf 86' lang='lat' dir='ltr'><strong>nescientes,</strong></span> <span class='ocrx_word' id='word_1_537' title='bbox 1017 3666 1237 3736; x_wconf 80' lang='lat' dir='ltr'><strong>hospitio</strong></span> <span class='ocrx_word' id='word_1_538' title='bbox 1257 3675 1550 3735; x_wconf 87' lang='lat' dir='ltr'><strong>receperunt</strong></span> <span class='ocrx_word' id='word_1_539' title='bbox 1572 3664 1778 3734; x_wconf 84' lang='lat' dir='ltr'><strong>angelos</strong></span> <span class='ocrx_word' id='word_1_540' title='bbox 1800 3663 1983 3735; x_wconf 76' lang='lat' dir='ltr'><strong>(Hebr.</strong></span> <span class='ocrx_word' id='word_1_541' title='bbox 2008 3664 2106 3734; x_wconf 69' lang='grc' dir='ltr'><strong>χι).</strong></span> 
     </span>
    </p>
   </div>
   <div class='ocr_carea' id='block_1_68' title="bbox 624 3753 2105 3826">
    <p class='ocr_par' dir='ltr' id='par_1_68' title="bbox 624 3753 2105 3826">
     <span class='ocr_line' id='line_1_68' title="bbox 624 3753 2105 3826; baseline -0.006 -13"><span class='ocrx_word' id='word_1_542' title='bbox 624 3758 781 3813; x_wconf 86' lang='lat' dir='ltr'><strong>Prius</strong></span> <span class='ocrx_word' id='word_1_543' title='bbox 810 3767 980 3810; x_wconf 90' lang='lat' dir='ltr'><strong>autem</strong></span> <span class='ocrx_word' id='word_1_544' title='bbox 1007 3772 1161 3826; x_wconf 89' lang='lat' dir='ltr'><strong>quam</strong></span> <span class='ocrx_word' id='word_1_545' title='bbox 1190 3756 1321 3807; x_wconf 88' lang='lat' dir='ltr'><strong>irent</strong></span> <span class='ocrx_word' id='word_1_546' title='bbox 1350 3754 1599 3819; x_wconf 87' lang='lat' dir='ltr'><strong>cubitum,</strong></span> <span class='ocrx_word' id='word_1_547' title='bbox 1630 3754 1725 3807; x_wconf 87' lang='lat' dir='ltr'><strong>viri</strong></span> <span class='ocrx_word' id='word_1_548' title='bbox 1750 3754 1971 3807; x_wconf 84' lang='lat' dir='ltr'><strong>civitatis</strong></span> <span class='ocrx_word' id='word_1_549' title='bbox 1998 3753 2105 3806; x_wconf 83' lang='lat' dir='ltr'><strong>val-</strong></span> 
     </span>
    </p>
   </div>
   <div class='ocr_carea' id='block_1_69' title="bbox 550 3834 2107 3913">
    <p class='ocr_par' dir='ltr' id='par_1_69' title="bbox 550 3834 2107 3913">
     <span class='ocr_line' id='line_1_69' title="bbox 550 3834 2107 3913; baseline -0.005 -11"><span class='ocrx_word' id='word_1_550' title='bbox 550 3852 780 3904; x_wconf 84' lang='lat' dir='ltr'><strong>laverunt</strong></span> <span class='ocrx_word' id='word_1_551' title='bbox 816 3834 1022 3899; x_wconf 87' lang='lat' dir='ltr'><strong>domum</strong></span> <span class='ocrx_word' id='word_1_552' title='bbox 1059 3860 1091 3896; x_wconf 90' lang='lat' dir='ltr'><strong>a</strong></span> <span class='ocrx_word' id='word_1_553' title='bbox 1125 3858 1283 3913; x_wconf 90' lang='lat' dir='ltr'><strong>puero</strong></span> <span class='ocrx_word' id='word_1_554' title='bbox 1309 3858 1467 3912; x_wconf 88' lang='lat' dir='ltr'><strong>usque</strong></span> <span class='ocrx_word' id='word_1_555' title='bbox 1491 3841 1559 3895; x_wconf 87' lang='lat' dir='ltr'><strong>ad</strong></span> <span class='ocrx_word' id='word_1_556' title='bbox 1587 3857 1779 3907; x_wconf 87' lang='lat' dir='ltr'><strong>senem,</strong></span> <span class='ocrx_word' id='word_1_557' title='bbox 1822 3842 2107 3909; x_wconf 87' lang='lat' dir='ltr'><strong>omnis-po-</strong></span> 
     </span>
    </p>
   </div>
   <div class='ocr_carea' id='block_1_70' title="bbox 551 3924 2107 4009">
    <p class='ocr_par' dir='ltr' id='par_1_70' title="bbox 551 3924 2107 4009">
     <span class='ocr_line' id='line_1_70' title="bbox 551 3924 2107 4009; baseline -0.01 -18"><span class='ocrx_word' id='word_1_558' title='bbox 551 3940 702 4009; x_wconf 84' lang='lat' dir='ltr'><strong>pulus</strong></span> <span class='ocrx_word' id='word_1_559' title='bbox 733 3933 919 3997; x_wconf 84' lang='lat' dir='ltr'><strong>simul;</strong></span> <span class='ocrx_word' id='word_1_560' title='bbox 957 3940 1358 4001; x_wconf 82' lang='lat' dir='ltr'><strong>vocaveruntque</strong></span> <span class='ocrx_word' id='word_1_561' title='bbox 1399 3929 1492 3983; x_wconf 87' lang='lat' dir='ltr'><strong>Lot</strong></span> <span class='ocrx_word' id='word_1_562' title='bbox 1527 3939 1574 3983; x_wconf 91' lang='lat' dir='ltr'><strong>et</strong></span> <span class='ocrx_word' id='word_1_563' title='bbox 1613 3929 1852 3983; x_wconf 74' lang='lat' dir='ltr'><strong>dixerunt</strong></span> <span class='ocrx_word' id='word_1_564' title='bbox 1882 3930 1928 3982; x_wconf 83' lang='lat' dir='ltr'><strong>ei</strong></span> <span class='ocrx_word' id='word_1_565' title='bbox 1964 3945 1980 3981; x_wconf 93' lang='lat'><strong><em>:</em></strong></span> <span class='ocrx_word' id='word_1_566' title='bbox 2013 3924 2107 3981; x_wconf 87' lang='lat' dir='ltr'><strong>Ubi</strong></span> 
     </span>
    </p>
   </div>
   <div class='ocr_carea' id='block_1_71' title="bbox 551 4017 2106 4090">
    <p class='ocr_par' dir='ltr' id='par_1_71' title="bbox 551 4017 2106 4090">
     <span class='ocr_line' id='line_1_71' title="bbox 551 4017 2106 4090; baseline -0.006 -12"><span class='ocrx_word' id='word_1_567' title='bbox 551 4036 668 4079; x_wconf 85' lang='lat' dir='ltr'><strong>sunt</strong></span> <span class='ocrx_word' id='word_1_568' title='bbox 706 4024 800 4076; x_wconf 80' lang='lat' dir='ltr'><strong>viri</strong></span> <span class='ocrx_word' id='word_1_569' title='bbox 831 4023 918 4090; x_wconf 89' lang='lat' dir='ltr'><strong>qui</strong></span> <span class='ocrx_word' id='word_1_570' title='bbox 954 4020 1169 4090; x_wconf 86' lang='lat' dir='ltr'><strong>ingressi</strong></span> <span class='ocrx_word' id='word_1_571' title='bbox 1216 4028 1333 4073; x_wconf 85' lang='lat' dir='ltr'><strong>sunt</strong></span> <span class='ocrx_word' id='word_1_572' title='bbox 1373 4019 1440 4071; x_wconf 91' lang='lat' dir='ltr'><strong>ad</strong></span> <span class='ocrx_word' id='word_1_573' title='bbox 1486 4027 1535 4072; x_wconf 81' lang='lat' dir='ltr'><strong>te</strong></span> <span class='ocrx_word' id='word_1_574' title='bbox 1576 4018 1761 4071; x_wconf 77' lang='lat' dir='ltr'><strong>nocte?</strong></span> <span class='ocrx_word' id='word_1_575' title='bbox 1802 4017 1948 4069; x_wconf 76' lang='lat' dir='ltr'><strong>Educ</strong></span> <span class='ocrx_word' id='word_1_576' title='bbox 1996 4017 2106 4075; x_wconf 82' lang='lat' dir='ltr'><strong>illos</strong></span> 
     </span>
    </p>
   </div>
   <div class='ocr_carea' id='block_1_72' title="bbox 553 4104 2106 4181">
    <p class='ocr_par' dir='ltr' id='par_1_72' title="bbox 553 4104 2106 4181">
     <span class='ocr_line' id='line_1_72' title="bbox 553 4104 2106 4181; baseline -0.007 -14"><span class='ocrx_word' id='word_1_577' title='bbox 553 4118 669 4176; x_wconf 76' lang='lat' dir='ltr'><strong>huc,</strong></span> <span class='ocrx_word' id='word_1_578' title='bbox 696 4124 748 4165; x_wconf 90' lang='lat' dir='ltr'><strong>ut</strong></span> <span class='ocrx_word' id='word_1_579' title='bbox 771 4125 1135 4181; x_wconf 77' lang='lat' dir='ltr'><strong>cognoscamus</strong></span> <span class='ocrx_word' id='word_1_580' title='bbox 1153 4124 1259 4161; x_wconf 89' lang='lat' dir='ltr'><strong>eos.</strong></span> <span class='ocrx_word' id='word_1_581' title='bbox 1284 4106 1535 4176; x_wconf 84' lang='lat' dir='ltr'><strong>Egressus</strong></span> <span class='ocrx_word' id='word_1_582' title='bbox 1558 4106 1625 4159; x_wconf 85' lang='lat' dir='ltr'><strong>ad</strong></span> <span class='ocrx_word' id='word_1_583' title='bbox 1644 4121 1729 4159; x_wconf 89' lang='lat' dir='ltr'><strong>eos</strong></span> <span class='ocrx_word' id='word_1_584' title='bbox 1753 4104 1848 4157; x_wconf 87' lang='lat' dir='ltr'><strong>Lat</strong></span> <span class='ocrx_word' id='word_1_585' title='bbox 1868 4114 1979 4173; x_wconf 85' lang='lat' dir='ltr'><strong>post</strong></span> <span class='ocrx_word' id='word_1_586' title='bbox 2003 4115 2106 4157; x_wconf 87' lang='lat' dir='ltr'><strong>ter—</strong></span> 
     </span>
    </p>
   </div>
   <div class='ocr_carea' id='block_1_73' title="bbox 554 4186 2106 4273">
    <p class='ocr_par' dir='ltr' id='par_1_73' title="bbox 554 4186 2106 4273">
     <span class='ocr_line' id='line_1_73' title="bbox 554 4186 2106 4273; baseline -0.006 -17"><span class='ocrx_word' id='word_1_587' title='bbox 554 4221 673 4273; x_wconf 80' lang='lat' dir='ltr'><strong>gum</strong></span> <span class='ocrx_word' id='word_1_588' title='bbox 703 4200 970 4254; x_wconf 79' lang='lat' dir='ltr'><strong>occludens</strong></span> <span class='ocrx_word' id='word_1_589' title='bbox 994 4198 1177 4250; x_wconf 88' lang='lat' dir='ltr'><strong>ostium</strong></span> <span class='ocrx_word' id='word_1_590' title='bbox 1188 4186 1268 4249; x_wconf 77' lang='lat' dir='ltr'><strong>ait</strong></span> <span class='ocrx_word' id='word_1_591' title='bbox 1291 4212 1308 4249; x_wconf 91' lang='lat'><strong><em>:</em></strong></span> <span class='ocrx_word' id='word_1_592' title='bbox 1336 4194 1528 4258; x_wconf 88' lang='lat' dir='ltr'><strong>Nolite,</strong></span> <span class='ocrx_word' id='word_1_593' title='bbox 1552 4210 1745 4263; x_wconf 76' lang='lat' dir='ltr'><strong>quceso,</strong></span> <span class='ocrx_word' id='word_1_594' title='bbox 1774 4193 1967 4261; x_wconf 79' lang='lat' dir='ltr'><strong>fratres</strong></span> <span class='ocrx_word' id='word_1_595' title='bbox 1984 4194 2106 4257; x_wconf 84' lang='lat' dir='ltr'><strong>mei,</strong></span> 
     </span>
    </p>
   </div>
   <div class='ocr_carea' id='block_1_74' title="bbox 556 4282 2109 4354">
    <p class='ocr_par' dir='ltr' id='par_1_74' title="bbox 556 4282 2109 4354">
     <span class='ocr_line' id='line_1_74' title="bbox 556 4282 2109 4354; baseline -0.006 -11"><span class='ocrx_word' id='word_1_596' title='bbox 556 4290 709 4345; x_wconf 85' lang='lat' dir='ltr'><strong>nolite</strong></span> <span class='ocrx_word' id='word_1_597' title='bbox 738 4288 929 4340; x_wconf 90' lang='lat' dir='ltr'><strong>malum</strong></span> <span class='ocrx_word' id='word_1_598' title='bbox 960 4282 1053 4338; x_wconf 78' lang='lat' dir='ltr'><strong>hoc</strong></span> <span class='ocrx_word' id='word_1_599' title='bbox 1083 4286 1252 4354; x_wconf 82' lang='lat' dir='ltr'><strong>facere</strong></span> <span class='ocrx_word' id='word_1_600' title='bbox 1277 4301 1294 4337; x_wconf 91' lang='lat'><strong><em>:</em></strong></span> <span class='ocrx_word' id='word_1_601' title='bbox 1324 4284 1483 4337; x_wconf 85' lang='lat' dir='ltr'><strong>habeo</strong></span> <span class='ocrx_word' id='word_1_602' title='bbox 1519 4284 1650 4336; x_wconf 89' lang='lat' dir='ltr'><strong>duas</strong></span> <span class='ocrx_word' id='word_1_603' title='bbox 1671 4282 1834 4351; x_wconf 88' lang='lat' dir='ltr'><strong>ﬁlias,</strong></span> <span class='ocrx_word' id='word_1_604' title='bbox 1856 4300 1971 4353; x_wconf 76' lang='lat' dir='ltr'><strong>qua:</strong></span> <span class='ocrx_word' id='word_1_605' title='bbox 2000 4299 2109 4335; x_wconf 79' lang='lat' dir='ltr'><strong>nec-</strong></span> 
     </span>
    </p>
   </div>
   <div class='ocr_carea' id='block_1_75' title="bbox 554 4362 2107 4448">
    <p class='ocr_par' dir='ltr' id='par_1_75' title="bbox 554 4362 2107 4448">
     <span class='ocr_line' id='line_1_75' title="bbox 554 4362 2107 4448; baseline -0.003 -15"><span class='ocrx_word' id='word_1_606' title='bbox 554 4381 675 4433; x_wconf 86' lang='lat' dir='ltr'><strong>dum</strong></span> <span class='ocrx_word' id='word_1_607' title='bbox 701 4386 1034 4448; x_wconf 82' lang='lat' dir='ltr'><strong>cognoverunt</strong></span> <span class='ocrx_word' id='word_1_608' title='bbox 1060 4377 1241 4439; x_wconf 87' lang='lat' dir='ltr'><strong>virum,</strong></span> <span class='ocrx_word' id='word_1_609' title='bbox 1266 4383 1367 4428; x_wconf 87' lang='lat' dir='ltr'><strong>etc.</strong></span> <span class='ocrx_word' id='word_1_610' title='bbox 1394 4375 1651 4441; x_wconf 89' lang='lat' dir='ltr'><strong>Quoniam</strong></span> <span class='ocrx_word' id='word_1_611' title='bbox 1676 4362 1997 4444; x_wconf 79' lang='lat' dir='ltr'><strong>proStituere</strong></span> <span class='ocrx_word' id='word_1_612' title='bbox 2023 4390 2107 4429; x_wconf 89' lang='lat' dir='ltr'><strong>vo-</strong></span> 
     </span>
    </p>
   </div>
   <div class='ocr_carea' id='block_1_76' title="bbox 553 4466 2109 4534">
    <p class='ocr_par' dir='ltr' id='par_1_76' title="bbox 553 4466 2109 4534">
     <span class='ocr_line' id='line_1_76' title="bbox 553 4466 2109 4534; baseline -0.003 -12"><span class='ocrx_word' id='word_1_613' title='bbox 553 4471 694 4525; x_wconf 88' lang='lat' dir='ltr'><strong>lebat</strong></span> <span class='ocrx_word' id='word_1_614' title='bbox 718 4468 816 4521; x_wconf 91' lang='lat' dir='ltr'><strong>Lot</strong></span> <span class='ocrx_word' id='word_1_615' title='bbox 849 4467 983 4522; x_wconf 86' lang='lat' dir='ltr'><strong>tilias</strong></span> <span class='ocrx_word' id='word_1_616' title='bbox 1008 4480 1131 4520; x_wconf 90' lang='lat' dir='ltr'><strong>suas</strong></span> <span class='ocrx_word' id='word_1_617' title='bbox 1158 4466 1255 4518; x_wconf 91' lang='lat' dir='ltr'><strong>hac</strong></span> <span class='ocrx_word' id='word_1_618' title='bbox 1279 4466 1730 4534; x_wconf 81' lang='lat' dir='ltr'><strong>compensatione,</strong></span> <span class='ocrx_word' id='word_1_619' title='bbox 1775 4475 1833 4520; x_wconf 92' lang='lat' dir='ltr'><strong>ut</strong></span> <span class='ocrx_word' id='word_1_620' title='bbox 1871 4466 1973 4519; x_wconf 89' lang='lat' dir='ltr'><strong>viri</strong></span> <span class='ocrx_word' id='word_1_621' title='bbox 2014 4466 2109 4518; x_wconf 90' lang='lat' dir='ltr'><strong>ho-</strong></span> 
     </span>
    </p>
   </div>
   <div class='ocr_carea' id='block_1_77' title="bbox 555 4553 2106 4626">
    <p class='ocr_par' dir='ltr' id='par_1_77' title="bbox 555 4553 2106 4626">
     <span class='ocr_line' id='line_1_77' title="bbox 555 4553 2106 4626; baseline -0.001 -15"><span class='ocrx_word' id='word_1_622' title='bbox 555 4559 717 4626; x_wconf 88' lang='lat' dir='ltr'><strong>spites</strong></span> <span class='ocrx_word' id='word_1_623' title='bbox 751 4556 862 4623; x_wconf 87' lang='lat' dir='ltr'><strong>ejus</strong></span> <span class='ocrx_word' id='word_1_624' title='bbox 898 4554 1025 4608; x_wconf 88' lang='lat' dir='ltr'><strong>nihil</strong></span> <span class='ocrx_word' id='word_1_625' title='bbox 1062 4570 1091 4607; x_wconf 92' lang='lat' dir='ltr'><strong>a</strong></span> <span class='ocrx_word' id='word_1_626' title='bbox 1125 4553 1409 4609; x_wconf 88' lang='lat' dir='ltr'><strong>Sodomitis</strong></span> <span class='ocrx_word' id='word_1_627' title='bbox 1438 4556 1541 4609; x_wconf 85' lang='lat' dir='ltr'><strong>tale</strong></span> <span class='ocrx_word' id='word_1_628' title='bbox 1572 4564 1898 4624; x_wconf 89' lang='lat' dir='ltr'><strong>paterentur,</strong></span> <span class='ocrx_word' id='word_1_629' title='bbox 1930 4568 2106 4610; x_wconf 90' lang='lat' dir='ltr'><strong>utrum</strong></span> 
     </span>
    </p>
   </div>
   <div class='ocr_carea' id='block_1_78' title="bbox 559 4642 2108 4714">
    <p class='ocr_par' dir='ltr' id='par_1_78' title="bbox 559 4642 2108 4714">
     <span class='ocr_line' id='line_1_78' title="bbox 559 4642 2108 4714; baseline -0.001 -14"><span class='ocrx_word' id='word_1_630' title='bbox 559 4646 875 4700; x_wconf 86' lang='lat' dir='ltr'><strong>admittenda</strong></span> <span class='ocrx_word' id='word_1_631' title='bbox 903 4645 969 4697; x_wconf 90' lang='lat' dir='ltr'><strong>sit</strong></span> <span class='ocrx_word' id='word_1_632' title='bbox 998 4645 1357 4712; x_wconf 88' lang='lat' dir='ltr'><strong>compensatio</strong></span> <span class='ocrx_word' id='word_1_633' title='bbox 1385 4642 1724 4714; x_wconf 81' lang='lat' dir='ltr'><strong>flagitiorum,</strong></span> <span class='ocrx_word' id='word_1_634' title='bbox 1751 4646 1835 4698; x_wconf 91' lang='lat' dir='ltr'><strong>vel</strong></span> <span class='ocrx_word' id='word_1_635' title='bbox 1862 4660 2108 4713; x_wconf 86' lang='lat' dir='ltr'><strong>quorum-</strong></span> 
     </span>
    </p>
   </div>
   <div class='ocr_carea' id='block_1_79' title="bbox 558 4731 2105 4805">
    <p class='ocr_par' dir='ltr' id='par_1_79' title="bbox 558 4731 2105 4805">
     <span class='ocr_line' id='line_1_79' title="bbox 558 4731 2105 4805; baseline -0.001 -16"><span class='ocrx_word' id='word_1_636' title='bbox 558 4750 659 4805; x_wconf 85' lang='lat' dir='ltr'><strong>que</strong></span> <span class='ocrx_word' id='word_1_637' title='bbox 700 4745 1056 4802; x_wconf 84' lang='lat' dir='ltr'><strong>peccatorum,</strong></span> <span class='ocrx_word' id='word_1_638' title='bbox 1099 4742 1155 4784; x_wconf 89' lang='lat' dir='ltr'><strong>ut</strong></span> <span class='ocrx_word' id='word_1_639' title='bbox 1194 4747 1289 4785; x_wconf 89' lang='lat' dir='ltr'><strong>nos</strong></span> <span class='ocrx_word' id='word_1_640' title='bbox 1330 4731 1585 4785; x_wconf 83' lang='lat' dir='ltr'><strong>faciamus</strong></span> <span class='ocrx_word' id='word_1_641' title='bbox 1627 4732 1824 4801; x_wconf 89' lang='lat' dir='ltr'><strong>aliquid</strong></span> <span class='ocrx_word' id='word_1_642' title='bbox 1864 4733 2006 4795; x_wconf 88' lang='lat' dir='ltr'><strong>mali,</strong></span> <span class='ocrx_word' id='word_1_643' title='bbox 2042 4749 2105 4787; x_wconf 92' lang='lat' dir='ltr'><strong>ne</strong></span> 
     </span>
    </p>
   </div>
   <div class='ocr_carea' id='block_1_80' title="bbox 561 4820 2103 4893">
    <p class='ocr_par' dir='ltr' id='par_1_80' title="bbox 561 4820 2103 4893">
     <span class='ocr_line' id='line_1_80' title="bbox 561 4820 2103 4893; baseline -0.001 -17"><span class='ocrx_word' id='word_1_644' title='bbox 561 4825 695 4877; x_wconf 83' lang='lat' dir='ltr'><strong>alius</strong></span> <span class='ocrx_word' id='word_1_645' title='bbox 724 4824 932 4893; x_wconf 79' lang='lat' dir='ltr'><strong>gravius</strong></span> <span class='ocrx_word' id='word_1_646' title='bbox 968 4822 1125 4875; x_wconf 88' lang='lat' dir='ltr'><strong>faciat</strong></span> <span class='ocrx_word' id='word_1_647' title='bbox 1154 4820 1379 4883; x_wconf 89' lang='lat' dir='ltr'><strong>malum,</strong></span> <span class='ocrx_word' id='word_1_648' title='bbox 1417 4836 1482 4873; x_wconf 88' lang='lat' dir='ltr'><strong>an</strong></span> <span class='ocrx_word' id='word_1_649' title='bbox 1520 4822 1693 4889; x_wconf 85' lang='lat' dir='ltr'><strong>potius</strong></span> <span class='ocrx_word' id='word_1_650' title='bbox 1722 4823 2103 4889; x_wconf 88' lang='lat' dir='ltr'><strong>perturbationi</strong></span> 
     </span>
    </p>
   </div>
   <div class='ocr_carea' id='block_1_81' title="bbox 564 4908 2103 4978">
    <p class='ocr_par' dir='ltr' id='par_1_81' title="bbox 564 4908 2103 4978">
     <span class='ocr_line' id='line_1_81' title="bbox 564 4908 2103 4978; baseline -0.003 -12"><span class='ocrx_word' id='word_1_651' title='bbox 564 4914 687 4974; x_wconf 87' lang='lat' dir='ltr'><strong>Lot,</strong></span> <span class='ocrx_word' id='word_1_652' title='bbox 732 4926 835 4964; x_wconf 88' lang='lat' dir='ltr'><strong>non</strong></span> <span class='ocrx_word' id='word_1_653' title='bbox 866 4911 1080 4964; x_wconf 85' lang='lat' dir='ltr'><strong>consilio</strong></span> <span class='ocrx_word' id='word_1_654' title='bbox 1125 4908 1459 4963; x_wconf 88' lang='lat' dir='ltr'><strong>tribuendum</strong></span> <span class='ocrx_word' id='word_1_655' title='bbox 1498 4910 1592 4971; x_wconf 87' lang='lat' dir='ltr'><strong>sit,</strong></span> <span class='ocrx_word' id='word_1_656' title='bbox 1622 4911 1745 4978; x_wconf 90' lang='lat' dir='ltr'><strong>quia</strong></span> <span class='ocrx_word' id='word_1_657' title='bbox 1772 4911 1870 4964; x_wconf 86' lang='lat' dir='ltr'><strong>hoc</strong></span> <span class='ocrx_word' id='word_1_658' title='bbox 1894 4912 2103 4973; x_wconf 79' lang='lat' dir='ltr'><strong>dixerit,</strong></span> 
     </span>
    </p>
   </div>
   <div class='ocr_carea' id='block_1_82' title="bbox 563 4999 2107 5068">
    <p class='ocr_par' dir='ltr' id='par_1_82' title="bbox 563 4999 2107 5068">
     <span class='ocr_line' id='line_1_82' title="bbox 563 4999 2107 5068; baseline -0.004 -12"><span class='ocrx_word' id='word_1_659' title='bbox 563 5003 750 5056; x_wconf 88' lang='lat' dir='ltr'><strong>merito</strong></span> <span class='ocrx_word' id='word_1_660' title='bbox 778 5001 1049 5068; x_wconf 64' lang='lat' dir='ltr'><strong>quaeritur.</strong></span> <span class='ocrx_word' id='word_1_661' title='bbox 1078 5000 1140 5051; x_wconf 81' lang='lat' dir='ltr'><strong>Et</strong></span> <span class='ocrx_word' id='word_1_662' title='bbox 1176 4999 1424 5052; x_wconf 91' lang='lat' dir='ltr'><strong>nimirum</strong></span> <span class='ocrx_word' id='word_1_663' title='bbox 1452 5000 1897 5066; x_wconf 87' lang='lat' dir='ltr'><strong>periculosissime</strong></span> <span class='ocrx_word' id='word_1_664' title='bbox 1921 5000 2107 5052; x_wconf 88' lang='lat' dir='ltr'><strong>admit-</strong></span> 
     </span>
    </p>
   </div>
   <div class='ocr_carea' id='block_1_83' title="bbox 562 5088 2107 5158">
    <p class='ocr_par' dir='ltr' id='par_1_83' title="bbox 562 5088 2107 5158">
     <span class='ocr_line' id='line_1_83' title="bbox 562 5088 2107 5158; baseline -0.003 -11"><span class='ocrx_word' id='word_1_665' title='bbox 562 5098 691 5147; x_wconf 82' lang='lat' dir='ltr'><strong>titur</strong></span> <span class='ocrx_word' id='word_1_666' title='bbox 732 5094 843 5145; x_wconf 74' lang='lat' dir='ltr'><strong>hzcc</strong></span> <span class='ocrx_word' id='word_1_667' title='bbox 882 5089 1260 5157; x_wconf 84' lang='lat' dir='ltr'><strong>compensatio.</strong></span> <span class='ocrx_word' id='word_1_668' title='bbox 1292 5088 1346 5143; x_wconf 92' lang='lat' dir='ltr'><strong>Si</strong></span> <span class='ocrx_word' id='word_1_669' title='bbox 1383 5098 1557 5144; x_wconf 90' lang='lat' dir='ltr'><strong>autem</strong></span> <span class='ocrx_word' id='word_1_670' title='bbox 1587 5091 1975 5158; x_wconf 87' lang='lat' dir='ltr'><strong>perturbationi</strong></span> <span class='ocrx_word' id='word_1_671' title='bbox 2015 5092 2107 5143; x_wconf 86' lang='lat' dir='ltr'><strong>hn-</strong></span> 
     </span>
    </p>
   </div>
   <div class='ocr_carea' id='block_1_84' title="bbox 564 5178 2108 5248">
    <p class='ocr_par' dir='ltr' id='par_1_84' title="bbox 564 5178 2108 5248">
     <span class='ocr_line' id='line_1_84' title="bbox 564 5178 2108 5248; baseline -0.002 -12"><span class='ocrx_word' id='word_1_672' title='bbox 564 5201 738 5239; x_wconf 70' lang='lat' dir='ltr'><strong>tuazw</strong></span> <span class='ocrx_word' id='word_1_673' title='bbox 762 5179 1028 5241; x_wconf 84' lang='lat' dir='ltr'><strong>tribuitur,</strong></span> <span class='ocrx_word' id='word_1_674' title='bbox 1056 5186 1108 5229; x_wconf 90' lang='lat' dir='ltr'><strong>et</strong></span> <span class='ocrx_word' id='word_1_675' title='bbox 1138 5178 1301 5231; x_wconf 90' lang='lat' dir='ltr'><strong>menti</strong></span> <span class='ocrx_word' id='word_1_676' title='bbox 1330 5186 1476 5233; x_wconf 88' lang='lat' dir='ltr'><strong>tanto</strong></span> <span class='ocrx_word' id='word_1_677' title='bbox 1499 5180 1637 5232; x_wconf 88' lang='lat' dir='ltr'><strong>malo</strong></span> <span class='ocrx_word' id='word_1_678' title='bbox 1662 5190 1935 5248; x_wconf 66' lang='lat' dir='ltr'><strong>permotae,</strong></span> <span class='ocrx_word' id='word_1_679' title='bbox 1968 5180 2108 5233; x_wconf 90' lang='lat' dir='ltr'><strong>nullo</strong></span> 
     </span>
    </p>
   </div>
   <div class='ocr_carea' id='block_1_85' title="bbox 566 5269 1703 5326">
    <p class='ocr_par' dir='ltr' id='par_1_85' title="bbox 566 5269 1703 5326">
     <span class='ocr_line' id='line_1_85' title="bbox 566 5269 1703 5326; baseline -0.014 0"><span class='ocrx_word' id='word_1_680' title='bbox 566 5274 718 5326; x_wconf 84' lang='lat' dir='ltr'><strong>modo</strong></span> <span class='ocrx_word' id='word_1_681' title='bbox 747 5269 997 5323; x_wconf 87' lang='lat' dir='ltr'><strong>imitanda</strong></span> <span class='ocrx_word' id='word_1_682' title='bbox 1024 5277 1123 5321; x_wconf 83' lang='lat' dir='ltr'><strong>est.</strong></span> <span class='ocrx_word' id='word_1_683' title='bbox 1700 5276 1703 5281; x_wconf 67' lang='lat'>&#39;</span> 
     </span>
    </p>
   </div>
   <div class='ocr_carea' id='block_1_86' title="bbox 646 5354 2108 5427">
    <p class='ocr_par' dir='ltr' id='par_1_86' title="bbox 646 5354 2108 5427">
     <span class='ocr_line' id='line_1_86' title="bbox 646 5354 2108 5427; baseline 0.001 -20"><span class='ocrx_word' id='word_1_684' title='bbox 646 5357 753 5410; x_wconf 82' lang='lat' dir='ltr'><strong>Vim</strong></span> <span class='ocrx_word' id='word_1_685' title='bbox 788 5373 986 5427; x_wconf 86' lang='lat' dir='ltr'><strong>quoque</strong></span> <span class='ocrx_word' id='word_1_686' title='bbox 1009 5356 1261 5423; x_wconf 75' lang='lat' dir='ltr'><strong>faciebant</strong></span> <span class='ocrx_word' id='word_1_687' title='bbox 1292 5354 1383 5407; x_wconf 89' lang='lat' dir='ltr'><strong>Lot</strong></span> <span class='ocrx_word' id='word_1_688' title='bbox 1416 5356 1859 5410; x_wconf 76' lang='lat' dir='ltr'><strong>vehementissime.</strong></span> <span class='ocrx_word' id='word_1_689' title='bbox 1892 5358 2108 5426; x_wconf 82' lang='lat' dir='ltr'><strong>Jamque</strong></span> 
     </span>
    </p>
   </div>
   <div class='ocr_carea' id='block_1_87' title="bbox 566 5445 2107 5517">
    <p class='ocr_par' dir='ltr' id='par_1_87' title="bbox 566 5445 2107 5517">
     <span class='ocr_line' id='line_1_87' title="bbox 566 5445 2107 5517; baseline -0.002 -18"><span class='ocrx_word' id='word_1_690' title='bbox 566 5464 713 5517; x_wconf 81' lang='lat' dir='ltr'><strong>prope</strong></span> <span class='ocrx_word' id='word_1_691' title='bbox 742 5458 849 5499; x_wconf 87' lang='lat' dir='ltr'><strong>erat</strong></span> <span class='ocrx_word' id='word_1_692' title='bbox 870 5486 883 5509; x_wconf 94' lang='lat'><strong>,</strong></span> <span class='ocrx_word' id='word_1_693' title='bbox 912 5456 965 5497; x_wconf 88' lang='lat' dir='ltr'><strong>ut</strong></span> <span class='ocrx_word' id='word_1_694' title='bbox 994 5446 1285 5514; x_wconf 76' lang='lat' dir='ltr'><strong>frangerent</strong></span> <span class='ocrx_word' id='word_1_695' title='bbox 1324 5445 1477 5511; x_wconf 77' lang='lat' dir='ltr'><strong>fores,</strong></span> <span class='ocrx_word' id='word_1_696' title='bbox 1506 5454 1550 5495; x_wconf 89' lang='lat' dir='ltr'><strong>et</strong></span> <span class='ocrx_word' id='word_1_697' title='bbox 1578 5461 1690 5497; x_wconf 85' lang='lat' dir='ltr'><strong>ecce</strong></span> <span class='ocrx_word' id='word_1_698' title='bbox 1724 5448 1965 5499; x_wconf 86' lang='lat' dir='ltr'><strong>miserunt</strong></span> <span class='ocrx_word' id='word_1_699' title='bbox 1994 5464 2107 5497; x_wconf 80' lang='lat' dir='ltr'><strong>ma-</strong></span> 
     </span>
    </p>
   </div>
   <div class='ocr_carea' id='block_1_88' title="bbox 570 5532 2110 5603">
    <p class='ocr_par' dir='ltr' id='par_1_88' title="bbox 570 5532 2110 5603">
     <span class='ocr_line' id='line_1_88' title="bbox 570 5532 2110 5603; baseline 0.002 -19"><span class='ocrx_word' id='word_1_700' title='bbox 570 5552 689 5585; x_wconf 86' lang='lat' dir='ltr'><strong>num</strong></span> <span class='ocrx_word' id='word_1_701' title='bbox 724 5535 839 5597; x_wconf 85' lang='lat' dir='ltr'><strong>viri,</strong></span> <span class='ocrx_word' id='word_1_702' title='bbox 875 5543 922 5586; x_wconf 89' lang='lat' dir='ltr'><strong>et</strong></span> <span class='ocrx_word' id='word_1_703' title='bbox 956 5536 1349 5585; x_wconf 69' lang='lat' dir='ltr'><strong>introduxerunt</strong></span> <span class='ocrx_word' id='word_1_704' title='bbox 1385 5534 1451 5584; x_wconf 88' lang='lat' dir='ltr'><strong>ad</strong></span> <span class='ocrx_word' id='word_1_705' title='bbox 1485 5550 1537 5584; x_wconf 90' lang='lat' dir='ltr'><strong>se</strong></span> <span class='ocrx_word' id='word_1_706' title='bbox 1573 5532 1685 5594; x_wconf 88' lang='lat' dir='ltr'><strong>Lot,</strong></span> <span class='ocrx_word' id='word_1_707' title='bbox 1725 5534 2110 5603; x_wconf 83' lang='lat' dir='ltr'><strong>clauseruntque</strong></span> 
     </span>
    </p>
   </div>
   <div class='ocr_carea' id='block_1_89' title="bbox 572 5620 2107 5691">
    <p class='ocr_par' dir='ltr' id='par_1_89' title="bbox 572 5620 2107 5691">
     <span class='ocr_line' id='line_1_89' title="bbox 572 5620 2107 5691; baseline 0 -18"><span class='ocrx_word' id='word_1_708' title='bbox 572 5624 787 5687; x_wconf 81' lang='lat' dir='ltr'><strong>ostium,</strong></span> <span class='ocrx_word' id='word_1_709' title='bbox 818 5632 862 5673; x_wconf 88' lang='lat' dir='ltr'><strong>et</strong></span> <span class='ocrx_word' id='word_1_710' title='bbox 893 5638 975 5677; x_wconf 82' lang='lat' dir='ltr'><strong>eos</strong></span> <span class='ocrx_word' id='word_1_711' title='bbox 1008 5624 1093 5691; x_wconf 82' lang='lat' dir='ltr'><strong>qni</strong></span> <span class='ocrx_word' id='word_1_712' title='bbox 1122 5632 1262 5671; x_wconf 71' lang='lat' dir='ltr'><strong>erant</strong></span> <span class='ocrx_word' id='word_1_713' title='bbox 1308 5620 1432 5685; x_wconf 78' lang='lat' dir='ltr'><strong>foris</strong></span> <span class='ocrx_word' id='word_1_714' title='bbox 1476 5632 1831 5687; x_wconf 80' lang='lat' dir='ltr'><strong>percusserunt</strong></span> <span class='ocrx_word' id='word_1_715' title='bbox 1864 5624 2107 5683; x_wconf 59' lang='lat' dir='ltr'><strong>raritate,</strong></span> 
     </span>
    </p>
   </div>
   <div class='ocr_carea' id='block_1_90' title="bbox 2208 3214 3776 3299">
    <p class='ocr_par' dir='ltr' id='par_1_90' title="bbox 2208 3214 3776 3299">
     <span class='ocr_line' id='line_1_90' title="bbox 2208 3214 3776 3299; baseline 0.006 -33"><span class='ocrx_word' id='word_1_716' title='bbox 2208 3215 2361 3299; x_wconf 72' lang='lat' dir='ltr'><strong>hanc.</strong></span> <span class='ocrx_word' id='word_1_717' title='bbox 2393 3214 2460 3267; x_wconf 88' lang='lat' dir='ltr'><strong>Et</strong></span> <span class='ocrx_word' id='word_1_718' title='bbox 2493 3217 2626 3268; x_wconf 78' lang='lat' dir='ltr'><strong>risus</strong></span> <span class='ocrx_word' id='word_1_719' title='bbox 2654 3226 2728 3269; x_wconf 88' lang='lat' dir='ltr'><strong>est</strong></span> <span class='ocrx_word' id='word_1_720' title='bbox 2761 3218 2837 3270; x_wconf 88' lang='lat' dir='ltr'><strong>eis</strong></span> <span class='ocrx_word' id='word_1_721' title='bbox 2869 3218 3019 3286; x_wconf 86' lang='lat' dir='ltr'><strong>quasi</strong></span> <span class='ocrx_word' id='word_1_722' title='bbox 3043 3217 3224 3272; x_wconf 79' lang='lat' dir='ltr'><strong>ludens</strong></span> <span class='ocrx_word' id='word_1_723' title='bbox 3265 3218 3425 3297; x_wconf 85' lang='lat' dir='ltr'><strong>loqui.</strong></span> <span class='ocrx_word' id='word_1_724' title='bbox 3454 3219 3523 3273; x_wconf 83' lang='lat' dir='ltr'><strong>Et</strong></span> <span class='ocrx_word' id='word_1_725' title='bbox 3564 3220 3776 3276; x_wconf 80' lang='lat' dir='ltr'><strong>locutus</strong></span> 
     </span>
    </p>
   </div>
   <div class='ocr_carea' id='block_1_91' title="bbox 2208 3296 3772 3381">
    <p class='ocr_par' dir='ltr' id='par_1_91' title="bbox 2208 3296 3772 3381">
     <span class='ocr_line' id='line_1_91' title="bbox 2208 3296 3772 3381; baseline 0.006 -24"><span class='ocrx_word' id='word_1_726' title='bbox 2208 3314 2301 3369; x_wconf 89' lang='lat' dir='ltr'><strong>est,</strong></span> <span class='ocrx_word' id='word_1_727' title='bbox 2326 3296 2533 3373; x_wconf 84' lang='lat' dir='ltr'><strong>inquit,</strong></span> <span class='ocrx_word' id='word_1_728' title='bbox 2569 3306 2637 3359; x_wconf 86' lang='lat' dir='ltr'><strong>ad</strong></span> <span class='ocrx_word' id='word_1_729' title='bbox 2662 3323 2873 3376; x_wconf 81' lang='lat' dir='ltr'><strong>generos</strong></span> <span class='ocrx_word' id='word_1_730' title='bbox 2898 3325 3018 3362; x_wconf 72' lang='lat' dir='ltr'><strong>suos</strong></span> <span class='ocrx_word' id='word_1_731' title='bbox 3048 3312 3136 3379; x_wconf 87' lang='lat' dir='ltr'><strong>qui</strong></span> <span class='ocrx_word' id='word_1_732' title='bbox 3162 3296 3419 3379; x_wconf 76' lang='lat' dir='ltr'><strong>accepturi</strong></span> <span class='ocrx_word' id='word_1_733' title='bbox 3450 3322 3601 3365; x_wconf 85' lang='lat' dir='ltr'><strong>erant</strong></span> <span class='ocrx_word' id='word_1_734' title='bbox 3628 3312 3772 3381; x_wconf 82' lang='lat' dir='ltr'><strong>ﬁlias</strong></span> 
     </span>
    </p>
   </div>
   <div class='ocr_carea' id='block_1_92' title="bbox 2207 3395 3773 3469">
    <p class='ocr_par' dir='ltr' id='par_1_92' title="bbox 2207 3395 3773 3469">
     <span class='ocr_line' id='line_1_92' title="bbox 2207 3395 3773 3469; baseline 0.006 -21"><span class='ocrx_word' id='word_1_735' title='bbox 2207 3395 2338 3464; x_wconf 87' lang='lat' dir='ltr'><strong>ejus.</strong></span> <span class='ocrx_word' id='word_1_736' title='bbox 2371 3395 2504 3461; x_wconf 83' lang='lat' dir='ltr'><strong>Quia</strong></span> <span class='ocrx_word' id='word_1_737' title='bbox 2532 3406 2711 3465; x_wconf 82' lang='lat' dir='ltr'><strong>postea</strong></span> <span class='ocrx_word' id='word_1_738' title='bbox 2732 3398 2848 3454; x_wconf 75' lang='lat' dir='ltr'><strong>dua:</strong></span> <span class='ocrx_word' id='word_1_739' title='bbox 2868 3399 2987 3453; x_wconf 65' lang='lat' dir='ltr'><strong>tiliae</strong></span> <span class='ocrx_word' id='word_1_740' title='bbox 3014 3398 3115 3453; x_wconf 84' lang='lat' dir='ltr'><strong>Lot</strong></span> <span class='ocrx_word' id='word_1_741' title='bbox 3140 3400 3370 3469; x_wconf 85' lang='lat' dir='ltr'><strong>virgines</strong></span> <span class='ocrx_word' id='word_1_742' title='bbox 3392 3399 3557 3456; x_wconf 87' lang='lat' dir='ltr'><strong>fuisse</strong></span> <span class='ocrx_word' id='word_1_743' title='bbox 3583 3403 3773 3458; x_wconf 62' lang='lat' dir='ltr'><strong>dicun-</strong></span> 
     </span>
    </p>
   </div>
   <div class='ocr_carea' id='block_1_93' title="bbox 2210 3485 3767 3557">
    <p class='ocr_par' dir='ltr' id='par_1_93' title="bbox 2210 3485 3767 3557">
     <span class='ocr_line' id='line_1_93' title="bbox 2210 3485 3767 3557; baseline 0.004 -19"><span class='ocrx_word' id='word_1_744' title='bbox 2210 3491 2318 3550; x_wconf 90' lang='lat' dir='ltr'><strong>tur,</strong></span> <span class='ocrx_word' id='word_1_745' title='bbox 2355 3485 2422 3540; x_wconf 89' lang='lat' dir='ltr'><strong>de</strong></span> <span class='ocrx_word' id='word_1_746' title='bbox 2460 3486 2653 3555; x_wconf 83' lang='lat' dir='ltr'><strong>quibus</strong></span> <span class='ocrx_word' id='word_1_747' title='bbox 2696 3486 2807 3557; x_wconf 82' lang='lat' dir='ltr'><strong>ipse</strong></span> <span class='ocrx_word' id='word_1_748' title='bbox 2845 3486 3039 3541; x_wconf 91' lang='lat' dir='ltr'><strong>dudum</strong></span> <span class='ocrx_word' id='word_1_749' title='bbox 3070 3486 3135 3540; x_wconf 91' lang='lat' dir='ltr'><strong>ad</strong></span> <span class='ocrx_word' id='word_1_750' title='bbox 3168 3486 3471 3543; x_wconf 62' lang='lat' dir='ltr'><strong>Sodomeos</strong></span> <span class='ocrx_word' id='word_1_751' title='bbox 3501 3491 3715 3544; x_wconf 78' lang='lat' dir='ltr'><strong>dixerat</strong></span> <span class='ocrx_word' id='word_1_752' title='bbox 3751 3510 3767 3543; x_wconf 91' lang='lat'><strong>:</strong></span> 
     </span>
    </p>
   </div>
   <div class='ocr_carea' id='block_1_94' title="bbox 2208 3573 3775 3646">
    <p class='ocr_par' dir='ltr' id='par_1_94' title="bbox 2208 3573 3775 3646">
     <span class='ocr_line' id='line_1_94' title="bbox 2208 3573 3775 3646; baseline 0.005 -19"><span class='ocrx_word' id='word_1_753' title='bbox 2208 3573 2341 3627; x_wconf 83' lang='lat' dir='ltr'><strong>Ecce</strong></span> <span class='ocrx_word' id='word_1_754' title='bbox 2364 3575 2482 3629; x_wconf 78' lang='lat' dir='ltr'><strong>dua:</strong></span> <span class='ocrx_word' id='word_1_755' title='bbox 2514 3575 2638 3642; x_wconf 74' lang='lat' dir='ltr'><strong>ﬁlia:</strong></span> <span class='ocrx_word' id='word_1_756' title='bbox 2676 3592 2801 3629; x_wconf 76' lang='lat' dir='ltr'><strong>mea:</strong></span> <span class='ocrx_word' id='word_1_757' title='bbox 2826 3592 2942 3645; x_wconf 76' lang='lat' dir='ltr'><strong>qua</strong></span> <span class='ocrx_word' id='word_1_758' title='bbox 2977 3593 3079 3629; x_wconf 85' lang='lat' dir='ltr'><strong>non</strong></span> <span class='ocrx_word' id='word_1_759' title='bbox 3118 3590 3454 3646; x_wconf 77' lang='lat' dir='ltr'><strong>cognoverunt</strong></span> <span class='ocrx_word' id='word_1_760' title='bbox 3496 3582 3689 3645; x_wconf 76' lang='lat' dir='ltr'><strong>virum,</strong></span> <span class='ocrx_word' id='word_1_761' title='bbox 3717 3592 3775 3635; x_wconf 89' lang='lat' dir='ltr'><strong>et</strong></span> 
     </span>
    </p>
   </div>
   <div class='ocr_carea' id='block_1_95' title="bbox 2208 3662 3771 3737">
    <p class='ocr_par' dir='ltr' id='par_1_95' title="bbox 2208 3662 3771 3737">
     <span class='ocr_line' id='line_1_95' title="bbox 2208 3662 3771 3737; baseline 0.005 -22"><span class='ocrx_word' id='word_1_762' title='bbox 2208 3678 2349 3717; x_wconf 91' lang='lat' dir='ltr'><strong>nunc</strong></span> <span class='ocrx_word' id='word_1_763' title='bbox 2377 3662 2648 3733; x_wconf 85' lang='lat' dir='ltr'><strong>Scriptura</strong></span> <span class='ocrx_word' id='word_1_764' title='bbox 2678 3672 3060 3721; x_wconf 76' lang='lat' dir='ltr'><strong>commemorat</strong></span> <span class='ocrx_word' id='word_1_765' title='bbox 3092 3680 3211 3719; x_wconf 90' lang='lat' dir='ltr'><strong>eum</strong></span> <span class='ocrx_word' id='word_1_766' title='bbox 3243 3667 3493 3722; x_wconf 84' lang='lat' dir='ltr'><strong>habuisse</strong></span> <span class='ocrx_word' id='word_1_767' title='bbox 3521 3684 3771 3737; x_wconf 74' lang='lat' dir='ltr'><strong>generos,</strong></span> 
     </span>
    </p>
   </div>
   <div class='ocr_carea' id='block_1_96' title="bbox 2208 3748 3777 3822">
    <p class='ocr_par' dir='ltr' id='par_1_96' title="bbox 2208 3748 3777 3822">
     <span class='ocr_line' id='line_1_96' title="bbox 2208 3748 3777 3822; baseline 0.004 -18"><span class='ocrx_word' id='word_1_768' title='bbox 2208 3752 2813 3813; x_wconf 68' lang='lat' dir='ltr'><strong>nonnullLarbitrantur</strong></span> <span class='ocrx_word' id='word_1_769' title='bbox 2850 3752 2969 3807; x_wconf 85' lang='lat' dir='ltr'><strong>illas</strong></span> <span class='ocrx_word' id='word_1_770' title='bbox 3007 3768 3127 3822; x_wconf 56' lang='lat' dir='ltr'><strong>qui:</strong></span> <span class='ocrx_word' id='word_1_771' title='bbox 3174 3754 3319 3809; x_wconf 81' lang='lat' dir='ltr'><strong>viros</strong></span> <span class='ocrx_word' id='word_1_772' title='bbox 3357 3748 3661 3821; x_wconf 74' lang='lat' dir='ltr'><strong>habuerint,</strong></span> <span class='ocrx_word' id='word_1_773' title='bbox 3715 3758 3777 3811; x_wconf 87' lang='lat' dir='ltr'><strong>in</strong></span> 
     </span>
    </p>
   </div>
   <div class='ocr_carea' id='block_1_97' title="bbox 2210 3836 3776 3912">
    <p class='ocr_par' dir='ltr' id='par_1_97' title="bbox 2210 3836 3776 3912">
     <span class='ocr_line' id='line_1_97' title="bbox 2210 3836 3776 3912; baseline 0.005 -21"><span class='ocrx_word' id='word_1_774' title='bbox 2210 3836 2454 3893; x_wconf 88' lang='lat' dir='ltr'><strong>Sodomis</strong></span> <span class='ocrx_word' id='word_1_775' title='bbox 2496 3839 2835 3903; x_wconf 82' lang='lat' dir='ltr'><strong>remansisse,</strong></span> <span class='ocrx_word' id='word_1_776' title='bbox 2866 3848 2921 3893; x_wconf 88' lang='lat' dir='ltr'><strong>et</strong></span> <span class='ocrx_word' id='word_1_777' title='bbox 2957 3854 3050 3893; x_wconf 82' lang='lat' dir='ltr'><strong>eas</strong></span> <span class='ocrx_word' id='word_1_778' title='bbox 3087 3840 3263 3897; x_wconf 74' lang='lat' dir='ltr'><strong>exisse</strong></span> <span class='ocrx_word' id='word_1_779' title='bbox 3302 3854 3423 3895; x_wconf 87' lang='lat' dir='ltr'><strong>cum</strong></span> <span class='ocrx_word' id='word_1_780' title='bbox 3457 3851 3611 3911; x_wconf 89' lang='lat' dir='ltr'><strong>patre</strong></span> <span class='ocrx_word' id='word_1_781' title='bbox 3649 3860 3776 3912; x_wconf 69' lang='lat' dir='ltr'><strong>qua:</strong></span> 
     </span>
    </p>
   </div>
   <div class='ocr_carea' id='block_1_98' title="bbox 2209 3926 3776 3997">
    <p class='ocr_par' dir='ltr' id='par_1_98' title="bbox 2209 3926 3776 3997">
     <span class='ocr_line' id='line_1_98' title="bbox 2209 3926 3776 3997; baseline 0.004 -19"><span class='ocrx_word' id='word_1_782' title='bbox 2209 3927 2438 3995; x_wconf 89' lang='lat' dir='ltr'><strong>virgines</strong></span> <span class='ocrx_word' id='word_1_783' title='bbox 2466 3926 2679 3981; x_wconf 86' lang='lat' dir='ltr'><strong>fuerint.</strong></span> <span class='ocrx_word' id='word_1_784' title='bbox 2705 3927 2855 3993; x_wconf 86' lang='lat' dir='ltr'><strong>Quod</strong></span> <span class='ocrx_word' id='word_1_785' title='bbox 2883 3942 3000 3979; x_wconf 90' lang='lat' dir='ltr'><strong>cum</strong></span> <span class='ocrx_word' id='word_1_786' title='bbox 3034 3926 3307 3997; x_wconf 81' lang='lat' dir='ltr'><strong>Scriptura</strong></span> <span class='ocrx_word' id='word_1_787' title='bbox 3332 3944 3439 3983; x_wconf 88' lang='lat' dir='ltr'><strong>non</strong></span> <span class='ocrx_word' id='word_1_788' title='bbox 3468 3930 3631 3993; x_wconf 86' lang='lat' dir='ltr'><strong>dicat,</strong></span> <span class='ocrx_word' id='word_1_789' title='bbox 3664 3931 3776 3985; x_wconf 79' lang='lat' dir='ltr'><strong>He-</strong></span> 
     </span>
    </p>
   </div>
   <div class='ocr_carea' id='block_1_99' title="bbox 2208 4015 3775 4090">
    <p class='ocr_par' dir='ltr' id='par_1_99' title="bbox 2208 4015 3775 4090">
     <span class='ocr_line' id='line_1_99' title="bbox 2208 4015 3775 4090; baseline 0.006 -23"><span class='ocrx_word' id='word_1_790' title='bbox 2208 4015 2348 4067; x_wconf 68' lang='lat' dir='ltr'><strong>braea</strong></span> <span class='ocrx_word' id='word_1_791' title='bbox 2374 4015 2570 4073; x_wconf 83' lang='lat' dir='ltr'><strong>veritas</strong></span> <span class='ocrx_word' id='word_1_792' title='bbox 2599 4016 2905 4084; x_wconf 80' lang='lat' dir='ltr'><strong>exponenda</strong></span> <span class='ocrx_word' id='word_1_793' title='bbox 2931 4024 3012 4070; x_wconf 90' lang='lat' dir='ltr'><strong>est</strong></span> <span class='ocrx_word' id='word_1_794' title='bbox 3038 4018 3089 4069; x_wconf 94' lang='lat' dir='ltr'><strong>in</strong></span> <span class='ocrx_word' id='word_1_795' title='bbox 3118 4032 3220 4086; x_wconf 91' lang='lat' dir='ltr'><strong>qua</strong></span> <span class='ocrx_word' id='word_1_796' title='bbox 3252 4018 3507 4073; x_wconf 90' lang='lat' dir='ltr'><strong>scribitur</strong></span> <span class='ocrx_word' id='word_1_797' title='bbox 3534 4039 3547 4073; x_wconf 93' lang='lat'><strong>:</strong></span> <span class='ocrx_word' id='word_1_798' title='bbox 3578 4020 3775 4090; x_wconf 81' lang='lat' dir='ltr'><strong>Egres-</strong></span> 
     </span>
    </p>
   </div>
   <div class='ocr_carea' id='block_1_100' title="bbox 2209 4102 3772 4179">
    <p class='ocr_par' dir='ltr' id='par_1_100' title="bbox 2209 4102 3772 4179">
     <span class='ocr_line' id='line_1_100' title="bbox 2209 4102 3772 4179; baseline 0.004 -23"><span class='ocrx_word' id='word_1_799' title='bbox 2209 4112 2387 4157; x_wconf 55' lang='lat' dir='ltr'><strong>sus‘cst</strong></span> <span class='ocrx_word' id='word_1_800' title='bbox 2423 4102 2516 4157; x_wconf 89' lang='lat' dir='ltr'><strong>Lot</strong></span> <span class='ocrx_word' id='word_1_801' title='bbox 2557 4112 2605 4156; x_wconf 88' lang='lat' dir='ltr'><strong>et</strong></span> <span class='ocrx_word' id='word_1_802' title='bbox 2640 4104 2845 4179; x_wconf 88' lang='lat' dir='ltr'><strong>locutus</strong></span> <span class='ocrx_word' id='word_1_803' title='bbox 2888 4114 2959 4159; x_wconf 89' lang='lat' dir='ltr'><strong>est</strong></span> <span class='ocrx_word' id='word_1_804' title='bbox 3008 4106 3074 4158; x_wconf 89' lang='lat' dir='ltr'><strong>ad</strong></span> <span class='ocrx_word' id='word_1_805' title='bbox 3120 4122 3329 4174; x_wconf 82' lang='lat' dir='ltr'><strong>sponsos</strong></span> <span class='ocrx_word' id='word_1_806' title='bbox 3372 4108 3461 4177; x_wconf 86' lang='lat' dir='ltr'><strong>qui</strong></span> <span class='ocrx_word' id='word_1_807' title='bbox 3505 4112 3772 4179; x_wconf 73' lang='lat' dir='ltr'><strong>accepturi</strong></span> 
     </span>
    </p>
   </div>
   <div class='ocr_carea' id='block_1_101' title="bbox 2205 4178 3769 4266">
    <p class='ocr_par' dir='ltr' id='par_1_101' title="bbox 2205 4178 3769 4266">
     <span class='ocr_line' id='line_1_101' title="bbox 2205 4178 3769 4266; baseline 0.004 -19"><span class='ocrx_word' id='word_1_808' title='bbox 2205 4203 2351 4247; x_wconf 90' lang='lat' dir='ltr'><strong>erant</strong></span> <span class='ocrx_word' id='word_1_809' title='bbox 2386 4193 2522 4262; x_wconf 89' lang='lat' dir='ltr'><strong>ﬁlias</strong></span> <span class='ocrx_word' id='word_1_810' title='bbox 2550 4194 2681 4262; x_wconf 89' lang='lat' dir='ltr'><strong>ejus.</strong></span> <span class='ocrx_word' id='word_1_811' title='bbox 2721 4194 2953 4247; x_wconf 86' lang='lat' dir='ltr'><strong>Necdum</strong></span> <span class='ocrx_word' id='word_1_812' title='bbox 2995 4209 3121 4265; x_wconf 86' lang='lat' dir='ltr'><strong>ergo</strong></span> <span class='ocrx_word' id='word_1_813' title='bbox 3170 4197 3405 4266; x_wconf 82' lang='lat' dir='ltr'><strong>virgines</strong></span> <span class='ocrx_word' id='word_1_814' title='bbox 3431 4178 3769 4253; x_wconf 63' lang='lat' dir='ltr'><strong>tiliae&#39;matri-</strong></span> 
     </span>
    </p>
   </div>
   <div class='ocr_carea' id='block_1_102' title="bbox 2206 4283 2919 4353">
    <p class='ocr_par' dir='ltr' id='par_1_102' title="bbox 2206 4283 2919 4353">
     <span class='ocr_line' id='line_1_102' title="bbox 2206 4283 2919 4353; baseline -0.001 -16"><span class='ocrx_word' id='word_1_815' title='bbox 2206 4284 2385 4338; x_wconf 93' lang='lat' dir='ltr'><strong>monio</strong></span> <span class='ocrx_word' id='word_1_816' title='bbox 2412 4283 2623 4337; x_wconf 88' lang='lat' dir='ltr'><strong>fuerant</strong></span> <span class='ocrx_word' id='word_1_817' title='bbox 2647 4285 2919 4353; x_wconf 70' lang='lat' dir='ltr'><strong>capulatae.</strong></span> 
     </span>
    </p>
   </div>
   <div class='ocr_carea' id='block_1_103' title="bbox 2276 4357 3764 4443">
    <p class='ocr_par' dir='ltr' id='par_1_103' title="bbox 2276 4357 3764 4443">
     <span class='ocr_line' id='line_1_103' title="bbox 2276 4357 3764 4443; baseline 0 -15"><span class='ocrx_word' id='word_1_818' title='bbox 2276 4357 2503 4443; x_wconf 83' lang='lat' dir='ltr'><strong>Cumque</strong></span> <span class='ocrx_word' id='word_1_819' title='bbox 2527 4382 2653 4426; x_wconf 84' lang='lat' dir='ltr'><strong>esset</strong></span> <span class='ocrx_word' id='word_1_820' title='bbox 2688 4389 2855 4434; x_wconf 79' lang='lat' dir='ltr'><strong>mane,</strong></span> <span class='ocrx_word' id='word_1_821' title='bbox 2884 4374 3123 4443; x_wconf 78' lang='lat' dir='ltr'><strong>cogebant</strong></span> <span class='ocrx_word' id='word_1_822' title='bbox 3155 4390 3269 4426; x_wconf 87' lang='lat' dir='ltr'><strong>eum</strong></span> <span class='ocrx_word' id='word_1_823' title='bbox 3298 4374 3466 4442; x_wconf 78' lang='lat' dir='ltr'><strong>angeli</strong></span> <span class='ocrx_word' id='word_1_824' title='bbox 3491 4376 3714 4428; x_wconf 82' lang='lat' dir='ltr'><strong>dicentes</strong></span> <span class='ocrx_word' id='word_1_825' title='bbox 3745 4394 3764 4428; x_wconf 83' lang='lat'><em>:</em></span> 
     </span>
    </p>
   </div>
   <div class='ocr_carea' id='block_1_104' title="bbox 2214 4462 3761 4532">
    <p class='ocr_par' dir='ltr' id='par_1_104' title="bbox 2214 4462 3761 4532">
     <span class='ocr_line' id='line_1_104' title="bbox 2214 4462 3761 4532; baseline -0.001 -14"><span class='ocrx_word' id='word_1_826' title='bbox 2214 4463 2379 4532; x_wconf 88' lang='lat' dir='ltr'><strong>Surge</strong></span> <span class='ocrx_word' id='word_1_827' title='bbox 2406 4472 2453 4515; x_wconf 92' lang='lat' dir='ltr'><strong>et</strong></span> <span class='ocrx_word' id='word_1_828' title='bbox 2481 4462 2599 4516; x_wconf 90' lang='lat' dir='ltr'><strong>tolle</strong></span> <span class='ocrx_word' id='word_1_829' title='bbox 2629 4478 2839 4515; x_wconf 69' lang='lat' dir='ltr'><strong>uxorein</strong></span> <span class='ocrx_word' id='word_1_830' title='bbox 2868 4473 3009 4515; x_wconf 87' lang='lat' dir='ltr'><strong>tuam</strong></span> <span class='ocrx_word' id='word_1_831' title='bbox 3034 4473 3079 4515; x_wconf 87' lang='lat' dir='ltr'><strong>et</strong></span> <span class='ocrx_word' id='word_1_832' title='bbox 3106 4462 3235 4515; x_wconf 87' lang='lat' dir='ltr'><strong>duas</strong></span> <span class='ocrx_word' id='word_1_833' title='bbox 3266 4463 3403 4531; x_wconf 87' lang='lat' dir='ltr'><strong>ﬁlias</strong></span> <span class='ocrx_word' id='word_1_834' title='bbox 3427 4480 3555 4532; x_wconf 85' lang='lat' dir='ltr'><strong>quas</strong></span> <span class='ocrx_word' id='word_1_835' title='bbox 3584 4465 3761 4528; x_wconf 80' lang='lat' dir='ltr'><strong>habes,</strong></span> 
     </span>
    </p>
   </div>
   <div class='ocr_carea' id='block_1_105' title="bbox 2212 4553 3764 4621">
    <p class='ocr_par' dir='ltr' id='par_1_105' title="bbox 2212 4553 3764 4621">
     <span class='ocr_line' id='line_1_105' title="bbox 2212 4553 3764 4621; baseline 0.001 -16"><span class='ocrx_word' id='word_1_836' title='bbox 2212 4570 2273 4617; x_wconf 81' lang='lat' dir='ltr'><strong>ne</strong></span> <span class='ocrx_word' id='word_1_837' title='bbox 2307 4562 2353 4605; x_wconf 92' lang='lat' dir='ltr'><strong>et</strong></span> <span class='ocrx_word' id='word_1_838' title='bbox 2393 4562 2450 4605; x_wconf 89' lang='lat' dir='ltr'><strong>tu</strong></span> <span class='ocrx_word' id='word_1_839' title='bbox 2490 4553 2684 4621; x_wconf 85' lang='lat' dir='ltr'><strong>pariter</strong></span> <span class='ocrx_word' id='word_1_840' title='bbox 2713 4569 2888 4621; x_wconf 86' lang='lat' dir='ltr'><strong>pereas</strong></span> <span class='ocrx_word' id='word_1_841' title='bbox 2925 4554 2977 4605; x_wconf 88' lang='lat' dir='ltr'><strong>in</strong></span> <span class='ocrx_word' id='word_1_842' title='bbox 3009 4553 3194 4606; x_wconf 87' lang='lat' dir='ltr'><strong>scelere</strong></span> <span class='ocrx_word' id='word_1_843' title='bbox 3222 4553 3461 4607; x_wconf 85' lang='lat' dir='ltr'><strong>civitatis.</strong></span> <span class='ocrx_word' id='word_1_844' title='bbox 3501 4554 3764 4607; x_wconf 72' lang='lat' dir='ltr'><strong>Dissimu-</strong></span> 
     </span>
    </p>
   </div>
   <div class='ocr_carea' id='block_1_106' title="bbox 2211 4643 3765 4712">
    <p class='ocr_par' dir='ltr' id='par_1_106' title="bbox 2211 4643 3765 4712">
     <span class='ocr_line' id='line_1_106' title="bbox 2211 4643 3765 4712; baseline 0 -16"><span class='ocrx_word' id='word_1_845' title='bbox 2211 4644 2349 4697; x_wconf 82' lang='lat' dir='ltr'><strong>lante</strong></span> <span class='ocrx_word' id='word_1_846' title='bbox 2395 4643 2483 4709; x_wconf 86' lang='lat' dir='ltr'><strong>illo</strong></span> <span class='ocrx_word' id='word_1_847' title='bbox 2530 4643 2967 4712; x_wconf 79' lang='lat' dir='ltr'><strong>apprehenderunt</strong></span> <span class='ocrx_word' id='word_1_848' title='bbox 3011 4659 3220 4701; x_wconf 81' lang='lat' dir='ltr'><strong>manum</strong></span> <span class='ocrx_word' id='word_1_849' title='bbox 3266 4644 3410 4711; x_wconf 81' lang='lat' dir='ltr'><strong>ejus,</strong></span> <span class='ocrx_word' id='word_1_850' title='bbox 3460 4653 3507 4696; x_wconf 84' lang='lat' dir='ltr'><strong>et</strong></span> <span class='ocrx_word' id='word_1_851' title='bbox 3550 4661 3765 4696; x_wconf 82' lang='lat' dir='ltr'><strong>manum</strong></span> 
     </span>
    </p>
   </div>
   <div class='ocr_carea' id='block_1_107' title="bbox 2210 4730 3765 4800">
    <p class='ocr_par' dir='ltr' id='par_1_107' title="bbox 2210 4730 3765 4800">
     <span class='ocr_line' id='line_1_107' title="bbox 2210 4730 3765 4800; baseline 0.001 -17"><span class='ocrx_word' id='word_1_852' title='bbox 2210 4732 2386 4783; x_wconf 65' lang='lat' dir='ltr'><strong>umoris</strong></span> <span class='ocrx_word' id='word_1_853' title='bbox 2430 4748 2489 4783; x_wconf 89' lang='lat' dir='ltr'><strong>ac</strong></span> <span class='ocrx_word' id='word_1_854' title='bbox 2528 4731 2749 4783; x_wconf 83' lang='lat' dir='ltr'><strong>duarum</strong></span> <span class='ocrx_word' id='word_1_855' title='bbox 2788 4730 3017 4798; x_wconf 84' lang='lat' dir='ltr'><strong>ﬁliarum</strong></span> <span class='ocrx_word' id='word_1_856' title='bbox 3054 4732 3197 4799; x_wconf 75' lang='lat' dir='ltr'><strong>ejus,</strong></span> <span class='ocrx_word' id='word_1_857' title='bbox 3231 4747 3289 4784; x_wconf 88' lang='lat' dir='ltr'><strong>eo</strong></span> <span class='ocrx_word' id='word_1_858' title='bbox 3329 4733 3465 4800; x_wconf 86' lang='lat' dir='ltr'><strong>quod</strong></span> <span class='ocrx_word' id='word_1_859' title='bbox 3505 4732 3765 4784; x_wconf 82' lang='lat' dir='ltr'><strong>Dominus</strong></span> 
     </span>
    </p>
   </div>
   <div class='ocr_carea' id='block_1_108' title="bbox 2209 4818 3763 4890">
    <p class='ocr_par' dir='ltr' id='par_1_108' title="bbox 2209 4818 3763 4890">
     <span class='ocr_line' id='line_1_108' title="bbox 2209 4818 3763 4890; baseline 0.003 -20"><span class='ocrx_word' id='word_1_860' title='bbox 2209 4829 2435 4887; x_wconf 86' lang='lat' dir='ltr'><strong>parceret</strong></span> <span class='ocrx_word' id='word_1_861' title='bbox 2479 4818 2578 4883; x_wconf 89' lang='lat' dir='ltr'><strong>illi,</strong></span> <span class='ocrx_word' id='word_1_862' title='bbox 2620 4830 2665 4873; x_wconf 87' lang='lat' dir='ltr'><strong>et</strong></span> <span class='ocrx_word' id='word_1_863' title='bbox 2712 4820 2995 4874; x_wconf 71' lang='lat' dir='ltr'><strong>eduxerunt</strong></span> <span class='ocrx_word' id='word_1_864' title='bbox 3034 4837 3176 4884; x_wconf 80' lang='lat' dir='ltr'><strong>eum,</strong></span> <span class='ocrx_word' id='word_1_865' title='bbox 3207 4832 3585 4890; x_wconf 84' lang='lat' dir='ltr'><strong>posueruntque</strong></span> <span class='ocrx_word' id='word_1_866' title='bbox 3614 4832 3763 4874; x_wconf 71' lang='lat' dir='ltr'><strong>extra</strong></span> 
     </span>
    </p>
   </div>
   <div class='ocr_carea' id='block_1_109' title="bbox 2210 4904 3761 4972">
    <p class='ocr_par' dir='ltr' id='par_1_109' title="bbox 2210 4904 3761 4972">
     <span class='ocr_line' id='line_1_109' title="bbox 2210 4904 3761 4972; baseline 0.003 -13"><span class='ocrx_word' id='word_1_867' title='bbox 2210 4904 2491 4972; x_wconf 74' lang='lat' dir='ltr'><strong>civ&#39;tateui;</strong></span> <span class='ocrx_word' id='word_1_868' title='bbox 2520 4910 2589 4961; x_wconf 85' lang='lat' dir='ltr'><strong>ibi</strong></span> <span class='ocrx_word' id='word_1_869' title='bbox 2620 4910 2774 4963; x_wconf 88' lang='lat' dir='ltr'><strong>locuti</strong></span> <span class='ocrx_word' id='word_1_870' title='bbox 2797 4922 2911 4963; x_wconf 86' lang='lat' dir='ltr'><strong>sunt</strong></span> <span class='ocrx_word' id='word_1_871' title='bbox 2940 4912 3005 4963; x_wconf 84' lang='lat' dir='ltr'><strong>ad</strong></span> <span class='ocrx_word' id='word_1_872' title='bbox 3031 4928 3145 4964; x_wconf 82' lang='lat' dir='ltr'><strong>eum</strong></span> <span class='ocrx_word' id='word_1_873' title='bbox 3169 4912 3388 4964; x_wconf 86' lang='lat' dir='ltr'><strong>dicentes</strong></span> <span class='ocrx_word' id='word_1_874' title='bbox 3413 4925 3434 4962; x_wconf 87' lang='lat'><strong><em>:</em></strong></span> <span class='ocrx_word' id='word_1_875' title='bbox 3458 4911 3619 4965; x_wconf 80' lang='lat' dir='ltr'><strong>Salva</strong></span> <span class='ocrx_word' id='word_1_876' title='bbox 3642 4915 3761 4965; x_wconf 86' lang='lat' dir='ltr'><strong>ani-</strong></span> 
     </span>
    </p>
   </div>
   <div class='ocr_carea' id='block_1_110' title="bbox 2209 5001 3763 5069">
    <p class='ocr_par' dir='ltr' id='par_1_110' title="bbox 2209 5001 3763 5069">
     <span class='ocr_line' id='line_1_110' title="bbox 2209 5001 3763 5069; baseline 0.005 -20"><span class='ocrx_word' id='word_1_877' title='bbox 2209 5016 2341 5050; x_wconf 83' lang='lat' dir='ltr'><strong>mum</strong></span> <span class='ocrx_word' id='word_1_878' title='bbox 2389 5010 2565 5062; x_wconf 86' lang='lat' dir='ltr'><strong>luam;</strong></span> <span class='ocrx_word' id='word_1_879' title='bbox 2617 5001 2718 5051; x_wconf 88' lang='lat' dir='ltr'><strong>noli</strong></span> <span class='ocrx_word' id='word_1_880' title='bbox 2753 5002 2996 5068; x_wconf 78' lang='lat' dir='ltr'><strong>respicere</strong></span> <span class='ocrx_word' id='word_1_881' title='bbox 3038 5011 3146 5069; x_wconf 86' lang='lat' dir='ltr'><strong>post</strong></span> <span class='ocrx_word' id='word_1_882' title='bbox 3178 5011 3391 5069; x_wconf 90' lang='lat' dir='ltr'><strong>tergum,</strong></span> <span class='ocrx_word' id='word_1_883' title='bbox 3437 5018 3527 5054; x_wconf 88' lang='lat' dir='ltr'><strong>nec</strong></span> <span class='ocrx_word' id='word_1_884' title='bbox 3568 5012 3667 5055; x_wconf 87' lang='lat' dir='ltr'><strong>stes</strong></span> <span class='ocrx_word' id='word_1_885' title='bbox 3704 5004 3763 5056; x_wconf 75' lang='lat' dir='ltr'><strong>in</strong></span> 
     </span>
    </p>
   </div>
   <div class='ocr_carea' id='block_1_111' title="bbox 2210 5089 3760 5158">
    <p class='ocr_par' dir='ltr' id='par_1_111' title="bbox 2210 5089 3760 5158">
     <span class='ocr_line' id='line_1_111' title="bbox 2210 5089 3760 5158; baseline 0.003 -18"><span class='ocrx_word' id='word_1_886' title='bbox 2210 5089 2347 5140; x_wconf 84' lang='lat' dir='ltr'><strong>omni</strong></span> <span class='ocrx_word' id='word_1_887' title='bbox 2376 5089 2509 5139; x_wconf 88' lang='lat' dir='ltr'><strong>circa</strong></span> <span class='ocrx_word' id='word_1_888' title='bbox 2540 5089 2763 5155; x_wconf 82' lang='lat' dir='ltr'><strong>regione,</strong></span> <span class='ocrx_word' id='word_1_889' title='bbox 2792 5090 2877 5139; x_wconf 80' lang='lat' dir='ltr'><strong>sed</strong></span> <span class='ocrx_word' id='word_1_890' title='bbox 2906 5091 2957 5141; x_wconf 89' lang='lat' dir='ltr'><strong>in</strong></span> <span class='ocrx_word' id='word_1_891' title='bbox 2984 5098 3151 5143; x_wconf 85' lang='lat' dir='ltr'><strong>monte</strong></span> <span class='ocrx_word' id='word_1_892' title='bbox 3175 5090 3375 5142; x_wconf 72' lang='lat' dir='ltr'><strong>salvum</strong></span> <span class='ocrx_word' id='word_1_893' title='bbox 3401 5100 3449 5143; x_wconf 87' lang='lat' dir='ltr'><strong>te</strong></span> <span class='ocrx_word' id='word_1_894' title='bbox 3476 5091 3580 5158; x_wconf 76' lang='lat' dir='ltr'><strong>fac,</strong></span> <span class='ocrx_word' id='word_1_895' title='bbox 3628 5110 3689 5145; x_wconf 83' lang='lat' dir='ltr'><strong>ne</strong></span> <span class='ocrx_word' id='word_1_896' title='bbox 3710 5104 3760 5145; x_wconf 74' lang='lat' dir='ltr'><strong>at</strong></span> 
     </span>
    </p>
   </div>
   <div class='ocr_carea' id='block_1_112' title="bbox 2211 5176 3757 5246">
    <p class='ocr_par' dir='ltr' id='par_1_112' title="bbox 2211 5176 3757 5246">
     <span class='ocr_line' id='line_1_112' title="bbox 2211 5176 3757 5246; baseline 0.005 -19"><span class='ocrx_word' id='word_1_897' title='bbox 2211 5186 2265 5227; x_wconf 90' lang='lat' dir='ltr'><strong>tu</strong></span> <span class='ocrx_word' id='word_1_898' title='bbox 2301 5176 2452 5228; x_wconf 87' lang='lat' dir='ltr'><strong>simul</strong></span> <span class='ocrx_word' id='word_1_899' title='bbox 2486 5192 2680 5238; x_wconf 79' lang='lat' dir='ltr'><strong>pereas.</strong></span> <span class='ocrx_word' id='word_1_900' title='bbox 2718 5176 2894 5245; x_wconf 63' lang='lat' dir='ltr'><strong>(Isid)</strong></span> <span class='ocrx_word' id='word_1_901' title='bbox 2938 5177 3100 5246; x_wconf 84' lang='lat' dir='ltr'><strong>Igitur</strong></span> <span class='ocrx_word' id='word_1_902' title='bbox 3138 5177 3236 5231; x_wconf 87' lang='lat' dir='ltr'><strong>Lot</strong></span> <span class='ocrx_word' id='word_1_903' title='bbox 3276 5177 3441 5233; x_wconf 88' lang='lat' dir='ltr'><strong>frater</strong></span> <span class='ocrx_word' id='word_1_904' title='bbox 3466 5181 3757 5245; x_wconf 78' lang='lat' dir='ltr'><strong>Abraham,</strong></span> 
     </span>
    </p>
   </div>
   <div class='ocr_carea' id='block_1_113' title="bbox 2208 5266 3766 5337">
    <p class='ocr_par' dir='ltr' id='par_1_113' title="bbox 2208 5266 3766 5337">
     <span class='ocr_line' id='line_1_113' title="bbox 2208 5266 3766 5337; baseline 0.004 -20"><span class='ocrx_word' id='word_1_905' title='bbox 2208 5266 2383 5335; x_wconf 87' lang='lat' dir='ltr'><strong>justus</strong></span> <span class='ocrx_word' id='word_1_906' title='bbox 2416 5275 2468 5320; x_wconf 90' lang='lat' dir='ltr'><strong>et</strong></span> <span class='ocrx_word' id='word_1_907' title='bbox 2502 5266 2777 5336; x_wconf 84' lang='lat' dir='ltr'><strong>hospitalis</strong></span> <span class='ocrx_word' id='word_1_908' title='bbox 2809 5267 2858 5318; x_wconf 83' lang='lat' dir='ltr'><strong>in</strong></span> <span class='ocrx_word' id='word_1_909' title='bbox 2889 5266 3156 5337; x_wconf 81' lang='lat' dir='ltr'><strong>Sodomis,</strong></span> <span class='ocrx_word' id='word_1_910' title='bbox 3186 5266 3279 5335; x_wconf 88' lang='lat' dir='ltr'><strong>qui</strong></span> <span class='ocrx_word' id='word_1_911' title='bbox 3308 5282 3373 5322; x_wconf 79' lang='lat' dir='ltr'><strong>ex</strong></span> <span class='ocrx_word' id='word_1_912' title='bbox 3400 5268 3490 5321; x_wconf 88' lang='lat' dir='ltr'><strong>illo</strong></span> <span class='ocrx_word' id='word_1_913' title='bbox 3516 5270 3766 5324; x_wconf 82' lang='lat' dir='ltr'><strong>incendio</strong></span> 
     </span>
    </p>
   </div>
   <div class='ocr_carea' id='block_1_114' title="bbox 2214 5354 3763 5424">
    <p class='ocr_par' dir='ltr' id='par_1_114' title="bbox 2214 5354 3763 5424">
     <span class='ocr_line' id='line_1_114' title="bbox 2214 5354 3763 5424; baseline 0.003 -17"><span class='ocrx_word' id='word_1_914' title='bbox 2214 5356 2352 5424; x_wconf 85' lang='lat' dir='ltr'><strong>quod</strong></span> <span class='ocrx_word' id='word_1_915' title='bbox 2395 5364 2509 5409; x_wconf 86' lang='lat' dir='ltr'><strong>erat</strong></span> <span class='ocrx_word' id='word_1_916' title='bbox 2555 5354 2843 5408; x_wconf 88' lang='lat' dir='ltr'><strong>similitudo</strong></span> <span class='ocrx_word' id='word_1_917' title='bbox 2891 5354 3047 5408; x_wconf 86' lang='lat' dir='ltr'><strong>futuri</strong></span> <span class='ocrx_word' id='word_1_918' title='bbox 3087 5355 3305 5424; x_wconf 81' lang='lat' dir='ltr'><strong>judicii,</strong></span> <span class='ocrx_word' id='word_1_919' title='bbox 3351 5356 3545 5411; x_wconf 86' lang='lat' dir='ltr'><strong>meruit</strong></span> <span class='ocrx_word' id='word_1_920' title='bbox 3587 5358 3763 5412; x_wconf 87' lang='lat' dir='ltr'><strong>salvus</strong></span> 
     </span>
    </p>
   </div>
   <div class='ocr_carea' id='block_1_115' title="bbox 2214 5443 3760 5513">
    <p class='ocr_par' dir='ltr' id='par_1_115' title="bbox 2214 5443 3760 5513">
     <span class='ocr_line' id='line_1_115' title="bbox 2214 5443 3760 5513; baseline -0.001 -16"><span class='ocrx_word' id='word_1_921' title='bbox 2214 5446 2456 5505; x_wconf 84' lang='lat' dir='ltr'><strong>evadere,</strong></span> <span class='ocrx_word' id='word_1_922' title='bbox 2495 5453 2673 5512; x_wconf 78' lang='lat' dir='ltr'><strong>typum</strong></span> <span class='ocrx_word' id='word_1_923' title='bbox 2703 5443 2962 5512; x_wconf 81' lang='lat' dir='ltr'><strong>ﬁgurabat</strong></span> <span class='ocrx_word' id='word_1_924' title='bbox 2991 5445 3225 5511; x_wconf 89' lang='lat' dir='ltr'><strong>corporis</strong></span> <span class='ocrx_word' id='word_1_925' title='bbox 3261 5444 3495 5508; x_wconf 79' lang='lat' dir='ltr'><strong>Christi,</strong></span> <span class='ocrx_word' id='word_1_926' title='bbox 3526 5447 3670 5513; x_wconf 89' lang='lat' dir='ltr'><strong>quod</strong></span> <span class='ocrx_word' id='word_1_927' title='bbox 3710 5446 3760 5497; x_wconf 91' lang='lat' dir='ltr'><strong>in</strong></span> 
     </span>
    </p>
   </div>
   <div class='ocr_carea' id='block_1_116' title="bbox 2216 5517 3761 5602">
    <p class='ocr_par' dir='ltr' id='par_1_116' title="bbox 2216 5517 3761 5602">
     <span class='ocr_line' id='line_1_116' title="bbox 2216 5517 3761 5602; baseline 0 -17"><span class='ocrx_word' id='word_1_928' title='bbox 2216 5534 2459 5585; x_wconf 85' lang='lat' dir='ltr'><strong>omnibus</strong></span> <span class='ocrx_word' id='word_1_929' title='bbox 2494 5532 2690 5585; x_wconf 86' lang='lat' dir='ltr'><strong>sanctis</strong></span> <span class='ocrx_word' id='word_1_930' title='bbox 2718 5540 2771 5585; x_wconf 90' lang='lat' dir='ltr'><strong>et</strong></span> <span class='ocrx_word' id='word_1_931' title='bbox 2800 5548 2936 5584; x_wconf 59' lang='lat' dir='ltr'><strong>nunc</strong></span> <span class='ocrx_word' id='word_1_932' title='bbox 2970 5517 3105 5585; x_wconf 79' lang='lat' dir='ltr'><strong>inter</strong></span> <span class='ocrx_word' id='word_1_933' title='bbox 3134 5533 3342 5601; x_wconf 87' lang='lat' dir='ltr'><strong>iniquos</strong></span> <span class='ocrx_word' id='word_1_934' title='bbox 3368 5545 3528 5602; x_wconf 89' lang='lat' dir='ltr'><strong>atque</strong></span> <span class='ocrx_word' id='word_1_935' title='bbox 3574 5534 3761 5601; x_wconf 80' lang='lat' dir='ltr'><strong>impius</strong></span> 
     </span>
    </p>
   </div>
   <div class='ocr_carea' id='block_1_117' title="bbox 2216 5624 3761 5692">
    <p class='ocr_par' dir='ltr' id='par_1_117' title="bbox 2216 5624 3761 5692">
     <span class='ocr_line' id='line_1_117' title="bbox 2216 5624 3761 5692; baseline -0.001 -19"><span class='ocrx_word' id='word_1_936' title='bbox 2216 5624 2405 5692; x_wconf 66' lang='lat' dir='ltr'><strong>gt&#39;tllll,</strong></span> <span class='ocrx_word' id='word_1_937' title='bbox 2453 5638 2673 5690; x_wconf 84' lang='lat' dir='ltr'><strong>quorum</strong></span> <span class='ocrx_word' id='word_1_938' title='bbox 2707 5624 2858 5676; x_wconf 82' lang='lat' dir='ltr'><strong>factis</strong></span> <span class='ocrx_word' id='word_1_939' title='bbox 2898 5640 2998 5675; x_wconf 84' lang='lat' dir='ltr'><strong>non</strong></span> <span class='ocrx_word' id='word_1_940' title='bbox 3046 5626 3335 5687; x_wconf 81' lang='lat' dir='ltr'><strong>consentit,</strong></span> <span class='ocrx_word' id='word_1_941' title='bbox 3374 5636 3426 5679; x_wconf 85' lang='lat' dir='ltr'><strong>et</strong></span> <span class='ocrx_word' id='word_1_942' title='bbox 3465 5640 3493 5677; x_wconf 93' lang='lat' dir='ltr'><strong>a</strong></span> <span class='ocrx_word' id='word_1_943' title='bbox 3538 5636 3761 5691; x_wconf 77' lang='lat' dir='ltr'><strong>quorum</strong></span> 
     </span>
    </p>
   </div>
  </div>
