3968 6328
228 362 333 419 557

1253 362 1602 418 COMMENT.
1649 361 1709 414 IN
1752 357 2067 416 GENESIM.
2108 387 2175 396 —
2214 356 2340 411 LIB.
2382 354 2442 409 ll.

3350 356 3452 410 558

228 478 599 550 permistione,
628 478 804 533 saeculi
838 478 887 531 in
916 476 1016 533 fine
1046 477 1373 539 liberabitur,
1408 476 1508 529 illis
1530 476 1791 529 damnatis
1820 482 1866 539 Α
1894 470 2048 525 nibus
2080 468 2431 523 intercedunt.
2466 466 2618 522 Unde
2645 474 2787 521 recte
2827 482 2920 535 per
2942 467 3189 537 angelum
3216 470 3279 521 ad
3305 485 3457 524 euin-

227 567 491 639 supplicio
518 566 655 637 ignis
684 569 882 621 mterni.

302 657 549 729 Dixitque
579 657 674 711 Lot
703 660 769 712 ad
795 676 878 713 eos
904 675 921 711 :
949 655 1154 722 Quceso,
1187 657 1405 710 Domine
1438 657 1529 718 mi,
1558 659 1680 727 quia
1709 659 1793 710 in-

229 750 361 803 venit
405 738 580 801 servus
624 760 742 803 tuus
776 750 995 819 gratiam
1038 766 1210 801 coram
1250 759 1317 812 te,
1360 758 1407 801 et
1452 750 1795 817 magnificasti

230 841 639 893 misericordiam
678 850 820 894 tuam
847 857 998 910 quam
1032 840 1198 909 fecisti
1225 856 1451 903 mecum,
1492 848 1545 890 ut
1571 839 1795 892 salvares

230 931 459 981 animam
489 946 673 990 meant,
703 946 792 981 nec
821 947 1023 997 possum
1052 930 1103 981 in
1130 940 1301 981 monte
1329 928 1538 989 salvari,
1580 947 1641 983 ne
1665 931 1796 998 forte

230 1019 579 1085 apprehendat
624 1036 702 1071 me
747 1019 940 1073 malum
987 1030 1033 1073 et
1077 1016 1290 1072 moriar.
1338 1018 1429 1071 Est
1472 1020 1649 1072 civitas
1687 1021 1795 1073 ltwc

226 1105 382 1173 juxta
418 1107 485 1158 ad
513 1125 667 1177 quam
708 1126 913 1178 possunt
958 1093 1132 1177 fugere
1165 1126 1345 1177 parva,
1386 1120 1433 1161 et
1472 1110 1707 1163 salvabor
1743 1114 1796 1165 in

230 1210 292 1246 ea
318 1211 336 1247 .'
371 1194 622 1263 Nunquid
664 1214 764 1249 non
803 1197 1005 1249 modica
1045 1206 1139 1260 est,
1184 1206 1231 1250 et
1256 1199 1383 1251 vivet
1425 1200 1601 1250 anima
1645 1200 1798 1252 mea?

231 1284 475 1351 Dixitque
508 1286 575 1337 ad
611 1303 726 1337 eum
752 1300 769 1335 :
811 1287 943 1337 Ecce
978 1286 1133 1340 etiam
1174 1288 1227 1340 in
1264 1288 1359 1340 boc
1379 1288 1586 1358 suscepi
1625 1305 1797 1357 preces

232 1386 369 1439 tuas,
417 1387 469 1429 ut
512 1394 614 1429 non
649 1377 938 1429 subvertant
984 1379 1158 1432 urbem
1203 1396 1295 1448 pro
1339 1396 1439 1449 qua
1477 1379 1676 1433 locutus
1720 1398 1792 1433 es.

232 1464 448 1518 Festina
472 1476 517 1518 et
548 1466 749 1539 salvare
775 1468 829 1521 in
858 1484 939 1533 ea,
966 1470 1088 1537 quia
1115 1486 1215 1522 non
1241 1475 1417 1538 potero
1447 1468 1615 1534 facere
1640 1470 1794 1538 quid—

228 1569 409 1629 quam,
451 1540 967 1625 donec.ingrediaris
1010 1557 1154 1609 illuc.
1200 1556 1405 1609 Idcirco
1449 1566 1681 1610 vocatum
1722 1564 1797 1611 est

230 1662 414 1715 nomen
441 1645 582 1699 illius
609 1641 750 1701 urbis
775 1641 955 1713 Segor.
983 1644 1121 1709 Quid
1151 1659 1277 1714 ergo
1312 1643 1579 1713 signiﬁcat
1598 1684 1611 1706 ,
1656 1646 1794 1711 quod

230 1736 343 1805 ipse
370 1736 470 1790 Lot
491 1736 767 1792 ardentem
790 1734 1076 1791 Sodomam
1109 1735 1337 1803 fugiens,
1363 1734 1504 1786 venit
1534 1733 1719 1803 Segor,
1744 1744 1798 1786 et

1892 560 2012 614 dem
2056 560 2155 613 Lot
2185 558 2383 613 dicitur
2415 576 2427 609 :
2462 556 2595 609 Ecce
2637 557 2791 609 etiam
2834 556 2883 609 in
2928 556 3022 608 hoc
3051 558 3251 626 suscepi
3287 574 3459 627 preces

1892 661 2030 711 tuas,
2053 661 2107 703 ut
2138 666 2239 703 non
2262 634 2550 703 subvertant
2574 648 2750 700 urbem
2772 664 2863 715 pro
2890 665 2994 716 qua
3014 647 3213 701 locutus
3238 666 3309 712 es,
3336 650 3459 717 quia

1894 743 2139 795 videlicet
2169 757 2288 795 cum
2331 742 2437 794 Deo
2483 739 2789 808 deprecatio
2828 738 3086 803 funditur,
3128 755 3461 807 nequaquam

1895 834 2015 887 talis
2058 833 2337 901 coniugum
2382 833 2486 885 vita
2534 833 2835 885 damnatur.
2887 833 2961 885 De
3007 847 3109 900 qun
3158 832 3464 900 precatioud

1894 940 2103 993 quoque
2129 924 2325 977 Paulus
2351 924 2627 976 admonuit
2654 925 2835 977 dicens
2862 944 2872 976 :
2912 924 3085 977 Nolite
3112 925 3359 992 fraudare
3382 941 3461 976 in-

1874 1016 2069 1078 ‘vicem,
2118 1016 2215 1067 nisi
2256 1016 2388 1083 forte
2427 1033 2489 1068 ea:
2529 1033 2779 1069 consensu
2820 1019 2887 1069 ad
2926 1028 3142 1087 tempus,
3183 1030 3235 1071 ut
3274 1019 3461 1073 vacetis

1895 1109 2117 1159 orationi
2147 1106 2197 1177 (I
2224 1107 2341 1160 Cor.
2374 1108 2468 1177 vti)

1966 1195 2056 1248 Sol
2090 1212 2321 1265 egressus
2360 1208 2433 1249 est
2475 1215 2627 1266 super
2661 1208 2851 1250 terram
2880 1208 2925 1250 et
2959 1198 3050 1250 Lot
3091 1201 3345 1267 ingressus
3388 1210 3463 1253 est

1899 1285 2079 1354 Segor.
2118 1285 2289 1355 Igitur
2321 1287 2576 1340 Dominus
2613 1288 2742 1356 pluit
2782 1305 2935 1355 super
2965 1288 3245 1342 Sodomam
3282 1296 3329 1340 et
3358 1284 3461 1341 Go-

1890 1374 2160 1425 morrltam
2187 1373 2403 1443 sulphur
2428 1384 2474 1426 et
2501 1376 2667 1443 ignem
2693 1392 2724 1427 a
2754 1376 2974 1427 Domino
3001 1376 3064 1427 de
3090 1376 3243 1439 caelo;
3268 1385 3315 1429 et
3340 1375 3465 1428 sub—

1896 1465 2041 1515 vertit
2068 1466 2295 1517 civitates
2324 1465 2440 1527 has,
2465 1475 2513 1517 ct
2543 1482 2744 1517 omnem
2778 1466 2915 1518 circa
2946 1467 3222 1535 regionem,
3260 1467 3467 1519 univer-

1898 1569 1979 1607 sos
1998 1554 2311 1606 habitatores
2332 1554 2554 1616 urbium,
2575 1564 2619 1606 et
2639 1565 2822 1607 cuncta
2843 1562 2992 1607 terra:
3008 1555 3245 1607 virentia.
3266 1551 3462 1625 (στερη

1900 1644 2035 1709 Quid
2066 1645 2123 1696 in
2148 1643 2402 1713 sulphure
2426 1645 2526 1698 nisi
2556 1645 2693 1698 fetor
2718 1645 2918 1707 carnis,
2945 1645 3147 1713 etquid
3173 1661 3269 1713 per
3290 1645 3467 1715 ignem

1902 1734 2005 1785 nisi
2040 1734 2200 1786 ardor
2221 1733 2489 1809 .desiderii
2528 1735 2758 1788 carnalis
2798 1735 3145 1802 exprimitur?
3181 1734 3314 1789 Cum
3342 1750 3470 1806 ergo

232 1842 573 1895 nequaquam
603 1828 669 1881 ad
714 1836 964 1881 montana
997 1824 1339 1887 conscendit,
1377 1824 1477 1877 nisi
1520 1824 1660 1892 quod
1704 1824 1803 1876 So-
1830 1814 1875 1871 B
1907 1822 2260 1877 habitantium
2299 1823 2547 1879 Sodomis
2584 1824 2666 1879 vel
2708 1824 3021 1879 Gomorrhae
3054 1828 3233 1880 carnis
3267 1827 3470 1881 scelera

231 1917 412 1981 doma,
437 1932 554 1984 qua:
581 1918 962 1986 interpretatur
991 1919 1214 1980 ccecitas,
1256 1913 1518 1966 mundana
1550 1912 1798 1984 exprimit

229 2004 514 2070 desideria,
552 2006 770 2066 altitudo
794 2022 921 2061 vero
956 2008 1232 2072 montium,
1260 2004 1551 2076 speculatio
1572 2014 1655 2059 est
1680 2019 1802 2073 per-

228 2090 529 2146 lecturum?
558 2094 663 2148 Sed
688 2078 810 2164 quia
840 2096 989 2149 multi
1017 2104 1141 2149 sunt
1169 2093 1321 2161 justi,
1352 2094 1441 2165 qui
1476 2094 1653 2147 mundi
1682 2094 1801 2163 qui-

229 2190 351 2237 dem
383 2186 660 2240 illecebras
683 2186 906 2257 fugiunt,
935 2188 1028 2242 sed
1060 2197 1265 2251 tamen,
1305 2189 1357 2242 in
1385 2190 1594 2244 actione
1618 2188 1797 2257 positi,

230 2276 698 2347 contemplationis
732 2278 936 2346 apicem
969 2279 1148 2332 subire
1183 2294 1285 2332 non
1312 2288 1540 2348 queunt,
1582 2279 1685 2334 hoc
1718 2285 1801 2333 est

226 2364 371 2432 quod
399 2365 562 2417 exivit
590 2366 799 2434 quidem
824 2367 889 2420 de
919 2366 1183 2432 Sodomis,
1213 2371 1305 2422 sed
1333 2378 1509 2423 tamen
1535 2371 1601 2423 ad
1641 2383 1797 2422 mon-

231 2462 354 2505 tana
386 2468 489 2507 non
524 2442 786 2521 pervenit,
819 2454 941 2523 quia
981 2454 1297 2510 damnabilis
1321 2457 1427 2510 vita
1460 2457 1792 2526 relinquitur,

228 2542 325 2595 sed
355 2542 526 2597 adhuc
569 2544 824 2597 celsitudo
861 2545 1237 2613 speculatiouis
1278 2547 1544 2601 subtiliter
1578 2563 1682 2601 non
1716 2555 1795 2602 te-

228 2640 406 2684 netur.
448 2632 569 2685 Inde
602 2634 737 2685 idem
777 2634 875 2687 Lot
912 2634 977 2686 ad
1023 2634 1267 2703 angelum
1297 2636 1464 2690 dicit:
1501 2636 1591 2690 Est
1618 2638 1797 2691 civitas

232 2724 343 2776 hazc
370 2721 546 2791 juxta,
578 2724 645 2775 ad
670 2741 825 2793 quant
853 2740 1059 2793 possunt
1086 2726 1263 2794 fugere
1288 2744 1468 2796 parva,
1492 2736 1539 2780 et
1560 2727 1800 2781 ‘salvabor

230 2813 283 2867 in
310 2831 405 2877 ea;
435 2815 666 2883 nunquid
694 2832 793 2869 non
823 2815 1023 2868 modica
1046 2825 1140 2879 est,
1169 2826 1217 2869 et
1243 2818 1370 2871 vivet
1400 2819 1575 2870 anima
1604 2828 1716 2871 mea
1745 2820 1798 2872 in

228 2904 330 2956 ea?
370 2902 534 2956 Juxta
582 2904 741 2974 igitur
770 2906 984 2969 dicitur,
1025 2905 1295 2968 et'tamen
1323 2906 1390 2960 ad
1429 2910 1656 2961 salutem
1687 2917 1797 2962 tuta

229 2990 561 3061 perhibetur,
592 2992 715 3060 quia
761 2994 982 3047 aclualis
1021 2996 1125 3048 vita
1156 3010 1252 3049 nec
1293 3010 1324 3048 a
1354 2996 1534 3055 mundi
1562 2997 1705 3051 curis
1734 3011 1797 3049 ex

233 3091 342 3136 tota
370 3083 597 3137 discreta
624 3092 724 3153 est,
762 3097 860 3136 nec
894 3091 1067 3137 tamen
1096 3099 1126 3136 a
1151 3085 1345 3153 gaudio
1368 3084 1555 3140 salutis
1583 3098 1797 3139 aeternae

231 3172 428 3226 aliena.
459 3172 586 3226 Item
617 3172 772 3226 aliter
801 3190 813 3225 :
846 3170 1131 3227 Ardentem
1165 3172 1450 3228 Sodomam
1483 3174 1684 3244 fugere,
1715 3184 1800 3228 est

234 3260 414 3314 illicita
441 3260 623 3314 carnis
669 3260 908 3315 incendia
953 3262 1254 3327 declinare;
1304 3262 1526 3317 altitudo
1567 3278 1695 3317 vero
1720 3274 1801 3317 est

234 3352 521 3416 utentium,
551 3351 810 3406 munditia
832 3354 1249 3419 continentium;
1284 3355 1367 3408 vel
1392 3366 1538 3410 certe
1565 3360 1715 3425 quasi
1746 3357 1797 3411 in

234 3449 416 3494 monte
440 3449 585 3506 sunt,
612 3441 703 3511 qui
740 3443 902 3497 etiam
929 3444 1131 3499 carnali
1160 3445 1359 3514 cepula:
1388 3446 1669 3512 inhaerent,
1708 3450 1800 3502 sed

236 3536 417 3583 tamen
452 3537 605 3584 extra
645 3514 992 3600 suscipiendae
1030 3532 1196 3601 prolis
1237 3534 1610 3589 admistiOnem
1650 3536 1800 3590 debi-

237 3628 386 3685 tam,
440 3621 584 3674 nulla
632 3623 812 3679 carnis
855 3624 1127 3692 voluptate
1172 3611 1472 3678 solvuntur;
1517 3625 1575 3679 ln
1625 3636 1804 3681 monte

235 3712 639 3781 quippe‘stare,
680 3721 762 3767 est
801 3712 1030 3768 fructum
1058 3715 1366 3784 propaginis
1411 3715 1464 3769 in
1506 3730 1669 3771 carne
1696 3732 1802 3771 non

234 3816 497 3869 quaerere.
544 3802 600 3855 In
647 3812 827 3857 monte
872 3812 1046 3867 stare,
1095 3812 1179 3858 est
1224 3804 1513 3860 carnaliter
1559 3820 1663 3859 non
1706 3806 1804 3859 ad-

234 3889 457 3953 haerere.
508 3889 613 3945 Sed
660 3893 794 3959 quia
832 3892 985 3945 multi
1034 3901 1156 3947 sunt
1203 3892 1293 3961 qui
1345 3893 1547 3948 scelera
1590 3895 1801 3967 quidem

214 3979 417 4034 carnis
443 3979 714 4044 deserunt,
749 3990 1075 4045 nec‘tamen,
1106 3982 1159 4033 in
1190 3982 1435 4051 coniugio
1461 3984 1641 4051 positi,
1674 3999 1805 4037 usus

236 4070 573 4127 solummodo
597 4065 758 4125 debiti
780 4071 902 4141 jura
936 4078 1279 4133 conservant,
1316 4070 1445 4124 exiit
1468 4071 1679 4139 quidem
1706 4071 1806 4127 Lot

234 4160 301 4215 de
334 4160 601 4232 Sodomis,
641 4162 734 4215 sed
766 4169 940 4213 tamen
978 4174 1102 4212 mox
1132 4159 1198 4213 ad
1240 4168 1489 4214 montana
1532 4174 1637 4214 non
1681 4176 1801 4230 per-

233 4252 412 4315 venit,
445 4250 567 4319 quia
597 4250 710 4318 iam
742 4250 1060 4305 damnabilis
1089 4250 1196 4303 vita
1224 4235 1561 4319 relinquitur,
1591 4253 1683 4305 sed
1711 4254 1803 4306 ad-

232 4339 341 4395 lmc
386 4341 643 4396 celsitudo
685 4339 977 4411 coniugalis
1015 4342 1354 4396 continentia:
1389 4343 1657 4397 subtiliter
1698 4360 1800 4397 non

232 4438 467 4483 tenetur.
505 4431 596 4487 Est
626 4431 678 4485 in
722 4431 894 4484 medio
937 4429 1103 4501 Segor
1142 4431 1330 4485 civitas
1356 4446 1472 4500 qua:
1512 4430 1799 4501 fugientem

234 4520 405 4574 salvct
438 4529 491 4574 et
518 4521 819 4584 infirmum,
856 4520 1252 4590 quiavidelicet
1279 4536 1399 4573 cum
1444 4521 1543 4574 sibi
1585 4535 1676 4590 per
1716 4522 1799 4574 in-

231 4608 620 4661 continentiam
650 4610 939 4665 miscentur
962 4608 1232 4678 coniuges,
1256 4615 1309 4661 et
1334 4608 1512 4676 lapsus
1541 4608 1798 4662 scelerum

234 4701 469 4770 fugiunt,
515 4708 569 4755 et
608 4709 783 4755 tamen
830 4700 986 4754 venia
1038 4699 1324 4753 salvantur.
1376 4700 1537 4765 Quasi
1582 4692 1799 4767 parvam

234 4800 433 4868 quippe
461 4800 729 4861 civitatem
759 4798 1053 4861 inveniunt,
1079 4798 1130 4850 in
1160 4811 1261 4864 qua
1286 4796 1351 4848 ab
1381 4795 1590 4863 ignibus
1620 4794 1801 4847 defen—

238 4892 458 4962 duntur,
488 4888 611 4958 quia
635 4887 927 4959 coniugalis
953 4888 1064 4941 hate
1092 4887 1220 4950 vita,
1252 4900 1353 4939 non
1382 4885 1593 4954 quidem
1618 4885 1669 4936 in
1696 4884 1803 4937 vir-

238 4978 442 5034 tutibus
466 4979 600 5031 mira
626 4978 740 5041 est,
756 4977 849 5030 sed
881 4984 1054 5029 tamen
1078 4991 1105 5029 a
1130 4974 1398 5043 Suppliciis
1419 4987 1625 5026 secura.
1651 4971 1801 5025 Unde

239 5069 381 5123 idem
411 5066 512 5120 Lot
544 5068 610 5121 ad
655 5066 899 5135 angelum
936 5066 1062 5119 dicit
1093 5083 1103 5117 :
1145 5062 1236 5117 Est
1277 5064 1455 5117 civitas
1496 5063 1605 5116 liceo
1624 5062 1799 5130 juxta,

239 5156 309 5209 ad
338 5171 495 5223 quam
535 5171 741 5223 passum
782 5154 957 5223 fugere
1002 5170 1179 5223 parva,
1246 5161 1307 5205 et-
1339 5151 1577 5205 salvabor
1619 5150 1674 5202 iis
1717 5166 1797 5201 ea.

243 5244 499 5314 Nunquid
540 5260 642 5298 non
687 5244 889 5296 modica
917 5253 1011 5306 est,
1050 5253 1096 5297 et
1126 5244 1249 5296 vivet
1282 5244 1336 5295 in
1362 5258 1422 5295 ea
1451 5241 1625 5293 anima
1654 5238 1804 5293 mea?

242 5335 408 5389 Juxta
438 5334 601 5405 igitur
628 5335 820 5398 dicitur
845 5343 898 5387 et
927 5344 1100 5387 tamen
1128 5335 1193 5387 ad
1222 5334 1443 5387 salutem
1474 5340 1583 5383 tuta
1624 5331 1799 5399 perhi-

243 5429 420 5491 betur,
447 5426 575 5495 quia
599 5425 890 5495 coniugalis
918 5427 1023 5478 vita
1050 5440 1147 5477 nec
1175 5440 1203 5476 a
1230 5418 1425 5481 mundo
1454 5422 1605 5489 longe
1631 5421 1796 5474 divisa

240 5526 345 5579 est,
388 5530 488 5569 nec
519 5522 693 5571 tamen
737 5529 766 5567 a
805 5514 994 5583 gaudio
1024 5512 1208 5566 salutis
1234 5511 1422 5563 aliena.
1455 5508 1558 5563 Sed
1592 5517 1717 5561 tunc
1748 5510 1797 5560 in

242 5605 456 5658 actione
489 5605 587 5665 hac
617 5604 773 5657 vitam
800 5618 949 5657 suam
980 5601 1229 5670 coniuges
1263 5600 1412 5669 quasi
1447 5601 1497 5653 in
1528 5598 1799 5667 parvaici-

240 5695 409 5750 vitate
432 5697 755 5762 custodiunt,
784 5693 993 5768 quando
1017 5708 1114 5759 pro
1142 5709 1198 5748 se
1220 5693 1444 5747 assiduis
1469 5689 1799 5757 deprecatio-

1829 4473 1878 4531 D

1901 1915 2091 1984 punire
2116 1915 2372 1969 Dominus
2400 1915 2739 1979 decrevisset,
2788 1917 2863 1969 in.
2890 1918 3001 1984 ipsa
3027 1918 3279 1986 qualitate
3314 1918 3472 1971 ultio-

1902 2005 1984 2058 nis
2010 2004 2240 2058 innotuit
2262 2003 2528 2069 maculam
2554 2006 2814 2060 criminis.
2850 2006 3086 2075 Sulphur
3114 2008 3308 2077 quippe
3338 2008 3471 2063 feto-

1900 2109 2013 2147 rem
2046 2095 2236 2158 habet,
2273 2094 2413 2165 ignis
2445 2094 2713 2149 ardorem.
2759 2094 2859 2161 Qui
2897 2095 3083 2171 itaque
3124 2097 3189 2150 ad
3220 2111 3472 2165 perversa

1900 2182 2163 2261 desideria
2193 2199 2259 2238 ex
2297 2184 2477 2239 carnis
2510 2183 2682 2239 fetore
2712 2182 2983 2249 arserant,
3028 2184 3244 2255 dignum
3287 2185 3386 2239 fuit
3413 2192 3475 2240 ut

1900 2272 2056 2329 simul
2100 2273 2355 2343 sulphure
2396 2274 2635 2343 perirent
2665 2282 2719 2329 et
2759 2275 2899 2343 igne,
2929 2283 3191 2342 quatenus
3228 2291 3292 2329 ex
3326 2273 3473 2342 iusta

1899 2377 2055 2432 paena
2092 2363 2361 2418 discerent
2400 2378 2466 2417 ex
2500 2363 2699 2434 iniusto
2734 2363 3000 2419 desiderio
3031 2365 3158 2433 quid
3195 2365 3471 2420 fecissent.

1972 2453 2366 2525 Respiciensque
2393 2470 2527 2508 uxor
2563 2454 2705 2509 illius
2742 2464 2855 2525 post
2880 2472 2954 2519 se,
2995 2473 3136 2509 versa
3172 2466 3247 2509 est
3278 2458 3330 2510 in
3358 2466 3471 2511 sta-

1899 2553 2043 2596 tuam
2078 2542 2222 2597 salis.
2269 2544 2416 2598 Uxor
2451 2552 2629 2598 autem
2674 2542 2806 2611 eius,
2838 2559 3021 2598 eorum
3064 2546 3270 2621 scilicet
3306 2561 3473 2616 genus

1898 2633 2146 2703 figuravit
2175 2635 2287 2702 qui,
2334 2649 2432 2703 per
2476 2635 2703 2705 gratiam
2735 2635 2909 2688 vocati
2958 2635 3075 2699 Dei,
3123 2643 3267 2689 retro
3308 2638 3473 2705 respi-

1899 2724 2076 2787 ciunt,
2106 2732 2161 2777 et
2188 2725 2253 2777 ad
2290 2739 2352 2777 ea
2389 2740 2507 2794 quae
2551 2724 2883 2793 reliquerant
2921 2726 3097 2779 redire
3122 2728 3471 2793 contendunt,

1900 2816 1964 2868 de
1993 2802 2184 2882 quibus
2216 2816 2330 2883 ipse
2359 2814 2640 2879 Dominus,
2673 2814 2859 2879 Nemo,
2890 2808 3081 2884 inquit,
3123 2833 3316 2885 ponens
3358 2834 3471 2872 ma-

1902 2923 2022 2959 num
2063 2924 2215 2961 suam
2253 2924 2408 2976 super
2449 2916 2704 2973 aratrum,
2737 2909 3011 2977 respiciens
3038 2917 3195 2973 retro,
3221 2914 3374 2979 aptus
3400 2920 3474 2964 est

1901 3012 2055 3066 regno
2091 2996 2188 3049 Dei
2233 2995 2385 3066 (Luc.
2414 2996 2508 3066 vi).
2557 2996 2709 3051 Unde
2736 3005 2789 3053 et
2833 2996 2921 3051 ille
2966 2997 3278 3067 prohibetur
3325 3008 3471 3053 retro

1902 3089 2187 3158 respicere,
2220 3102 2318 3156 per
2341 3087 2482 3157 quod
2522 3088 2829 3143 ostenderet
2862 3104 2969 3143 non
2995 3104 3113 3144 esse
3142 3089 3468 3144 redeundum

1904 3179 1968 3231 ad
1997 3190 2232 3233 veterem
2263 3179 2450 3242 vitam,
2478 3178 2590 3247 qui,
2626 3192 2725 3247 per
2751 3180 2976 3249 gratiam
3001 3180 3321 3250 regenerati,
3349 3179 3476 3235 ulti-

1903 3282 2045 3319 mum
2085 3266 2307 3335 cupiunt
2341 3266 2567 3321 evadere
2604 3266 2885 3335 judicium.
2929 3266 3080 3334 Quod
3117 3283 3245 3321 vero
3284 3266 3471 3323 eadem

1902 3356 2193 3424 respiciens
2219 3355 2494 3418 remansit,
2522 3362 2577 3409 et
2607 3354 2660 3407 in
2687 3355 2852 3408 salem
2879 3370 3134 3410 conversa
3162 3366 3264 3421 est,
3292 3371 3477 3411 exem-

1899 3442 2044 3511 plum
2091 3451 2308 3513 prazstat
2350 3443 2417 3497 ad
2455 3442 2852 3497 condimentum
2894 3443 3157 3508 fidelium,
3205 3446 3345 3499 unde
3380 3445 3467 3499 alii

1900 3532 2194 3585 salvantur.
2226 3532 2358 3585 Nam
2392 3546 2492 3586 nec
2524 3532 2695 3600 ipsum
2739 3534 2906 3586 tacuit
2948 3532 3195 3589 Christus
3235 3535 3418 3589 dicens
3447 3554 3467 3593 τ

1905 3620 2209 3673 Mementote
2252 3620 2431 3673 uxoris
2478 3619 2573 3672 Lat
2617 3618 2766 3689 (Luc.
2809 3621 2986 3691 xvm),
3031 3622 3234 3697 scilicet
3272 3632 3332 3677 ut
3373 3638 3471 3677 nos

1904 3718 2154 3779 tanquam
2191 3710 2302 3763 sale
2329 3709 2599 3774 condiret,
2630 3718 2689 3762 ut
2720 3714 2828 3767 non
2861 3719 3110 3781 tanquam
3141 3712 3272 3767 fatui
3308 3714 3475 3783 negli-

1903 3815 2168 3869 geremus,
2197 3800 2290 3854 sed
2317 3799 2606 3869 prudentes
2629 3794 2972 3865 caveremus;
3001 3801 3102 3856 hoc
3130 3802 3272 3856 enim
3302 3812 3357 3857 et
3386 3803 3475 3857 illa

1904 3888 2197 3952 admonuit,
2227 3904 2347 3943 cum
2373 3888 2425 3942 in
2450 3888 2680 3943 statuam
2710 3888 2837 3941 salis
2858 3904 3113 3945 conversa
3136 3898 3239 3946 est.
3298 3920 3309 3925 -

1973 3976 2103 4031 Cum
2127 3978 2261 4031 enim
2282 3977 2589 4029 subverteret
2619 3976 2886 4033 Dominus.
2904 3980 3132 4032 civitates
3165 3971 3385 4048 regionis
3411 3981 3478 4033 il-

1903 4065 2023 4129 lius,
2058 4064 2358 4118 recordatus
2399 4072 2472 4117 est
2510 4064 2751 4131 Abrahce,
2786 4074 2832 4117 et
2862 4065 3091 4119 liberavit
3120 4066 3215 4119 Lot
3252 4068 3315 4120 de
3354 4068 3475 4121 θεὸς

1904 4156 2131 4207 versione
2173 4152 2379 4206 urbium
2420 4152 2476 4205 in
2517 4152 2702 4222 quibus
2742 4153 3081 4206 habitaverat.
3125 4153 3476 4211 Commendat

1904 4242 2177 4310 Scriptura
2204 4241 2413 4295 meritis
2437 4241 2608 4310 magis
2631 4239 2861 4295 Abrahm
2896 4241 3178 4296 liberatum
3208 4259 3331 4298 esse
3351 4245 3469 4309 Lot,

1903 4341 1962 4386 ut
1989 4330 2346 4401 intelligamus
2376 4330 2476 4383 Lot
2502 4330 2703 4399 iustum
2729 4329 2931 4388 dictum
2964 4329 3252 4383 secundum
3289 4346 3474 4399 quem-

1903 4423 2024 4477 dam
2059 4422 2295 4484 modum,
2328 4420 2563 4473 maxime
2584 4419 2724 4488 quod
2749 4434 2913 4471 unum
2936 4432 3119 4471 verum
3144 4418 3307 4473 Deum
3331 4420 3473 4475 cole-

1904 4514 2019 4573 bat,
2060 4520 2116 4565 et
2149 4518 2367 4580 propter
2407 4508 2861 4577 comparationem
2902 4509 3165 4563 scelerum
3215 4507 3473 4563 Sodomo-

1903 4602 2040 4663 ruin,
2068 4600 2205 4652 inter
2235 4612 2369 4667 quos
2400 4598 2584 4650 vivens
2614 4597 2679 4650 ad
2709 4596 2870 4649 vitam
2902 4596 3130 4649 similem
3162 4610 3267 4648 non
3297 4594 3472 4663 potuit

1902 4690 2162 4755 inclinari.

1971 4777 2311 4845 Ascenditque
2342 4776 2435 4835 Lat
2466 4777 2527 4828 de
2558 4775 2737 4844 Segor,
2769 4785 2814 4827 et
2847 4776 3033 4827 mansit
3062 4777 3115 4826 in
3136 4782 3325 4837 monte,
3350 4773 3465 4826 duas

1902 4884 2101 4938 quoque
2128 4866 2253 4935 ﬁlia:
2286 4866 2400 4935 ejus
2428 4882 2546 4918 cum
2581 4881 2659 4917 eo.
2699 4864 2959 4918 Timuerat
2999 4865 3137 4917 enim
3180 4867 3385 4916 manere
3412 4863 3469 4915 in

1906 4958 2087 5029 Segor,
2118 4968 2163 5011 et
2200 4959 2385 5011 mansit
2424 4958 2478 5009 in
2513 4955 2772 5024 spelunca,
2813 4956 2921 5023 ipse
2950 4966 2996 5009 et
3036 4956 3157 5008 dure
3180 4955 3306 5023 ﬁlia»:
3331 4955 3463 5024 ejus.

1907 5050 2170 5114 Quaeritur
2192 5062 2357 5116 quare
2378 5063 2497 5100 cum
2521 5046 2752 5114 primum
2788 5045 2925 5115 fuga:
2959 5036 3467 5114 montis/praetulerit

1908 5143 2098 5210 Segor,
2120 5150 2170 5196 et
2190 5156 2307 5195 eam
2333 5128 2385 5193 in
2418 5138 2779 5192 habitaculum
2802 5154 2956 5192 suum
2979 5139 3205 5191 voluerit
3227 5137 3461 5200 liberari,

1908 5249 2049 5287 nunc
2070 5233 2133 5285 de
2165 5230 2330 5299 Segor
2352 5244 2565 5281 rursum
2590 5229 2655 5281 ad
2676 5236 2908 5281 montem
2933 5228 3141 5295 migret.
3168 5224 3465 5293 Responde-

1910 5326 2083 5377 bimus
2112 5335 2289 5373 veram
2322 5333 2439 5371 esse
2472 5316 2616 5370 illam
2647 5316 2990 5370 Hebraeorum
3016 5314 3373 5381 coniecturam
3396 5313 3463 5366 de

1911 5414 2098 5481 Segor,
2123 5409 2261 5477 quod
2287 5407 2595 5475 frequenter
2636 5414 2939 5460 terrmmotu
2975 5406 3160 5459 obruta
3196 5403 3322 5455 Bale
3354 5402 3464 5469 pri-

1911 5519 2072 5565 mum,
2096 5509 2149 5552 et
2183 5497 2559 5567 postea'Salisa
2583 5498 2840 5567 appellata
2877 5498 2975 5559 sit;
3003 5492 3463 5563 timueritque‘Lot

1910 5594 2088 5644 dicens
2107 5607 2118 5640 ς
2138 5588 2193 5642 Si
2218 5602 2337 5641 cum
2364 5595 2572 5640 creterte
2594 5587 2765 5639 adhuc
2786 5584 2942 5637 urbes
2964 5589 3183 5644 starent,
3201 5582 3300 5635 ista
3324 5596 3465 5649 saepe

1907 5682 2157 5735 siin'ersa
2193 5688 2292 5738 est,
2318 5688 2519 5747 quanto
2550 5677 2717 5741 magis
2749 5690 2898 5749 nunc.
2924 5676 2977 5729 in
3008 5672 3273 5730 conamini
3306 5672 3460 5729 ruina
