  <div class='ocr_page' id='page_1' title='image "/cluster/home/n/w/nwhite01/storage/ocr_20150623/107/uva.x000827064/285.png"; bbox 0 0 3968 6336; ppageno 0'>
   <div class='ocr_carea' id='block_1_1' title="bbox 435 337 658 398">
    <p class='ocr_par' dir='ltr' id='par_1_1' title="bbox 435 337 658 398">
     <span class='ocr_line' id='line_1_1' title="bbox 435 337 658 398; baseline -0.036 0"><span class='ocrx_word' id='word_1_1' title='bbox 435 358 493 398; x_wconf 81' lang='lat'><strong>.&#39;</strong></span> <span class='ocrx_word' id='word_1_2' title='bbox 557 337 658 393; x_wconf 76' lang='lat'><strong>539</strong></span> 
     </span>
    </p>
   </div>
   <div class='ocr_carea' id='block_1_2' title="bbox 1211 327 3110 408">
    <p class='ocr_par' dir='ltr' id='par_1_2' title="bbox 1211 327 3110 408">
     <span class='ocr_line' id='line_1_2' title="bbox 1211 327 3110 408; baseline 0.008 -16"><span class='ocrx_word' id='word_1_3' title='bbox 1211 339 1270 393; x_wconf 79' lang='grc' dir='ltr'><strong>Β.</strong></span> <span class='ocrx_word' id='word_1_4' title='bbox 1313 342 1555 396; x_wconf 67' lang='lat' dir='ltr'><strong>RABANI</strong></span> <span class='ocrx_word' id='word_1_5' title='bbox 1579 333 1813 399; x_wconf 70' lang='lat' dir='ltr'><strong>MAURI</strong></span> <span class='ocrx_word' id='word_1_6' title='bbox 1851 327 2161 400; x_wconf 72' lang='lat' dir='ltr'><strong>ARCHIEP.</strong></span> <span class='ocrx_word' id='word_1_7' title='bbox 2207 345 2505 402; x_wconf 68' lang='lat' dir='ltr'><strong>MOGUN‘T.</strong></span> <span class='ocrx_word' id='word_1_8' title='bbox 2546 347 2822 403; x_wconf 76' lang='lat' dir='ltr'><strong>OPERUM</strong></span> <span class='ocrx_word' id='word_1_9' title='bbox 2861 350 3035 408; x_wconf 81' lang='lat' dir='ltr'><strong>PARS</strong></span> <span class='ocrx_word' id='word_1_10' title='bbox 3072 356 3110 408; x_wconf 90' lang='grc'><strong>1.</strong></span> 
     </span>
    </p>
   </div>
   <div class='ocr_carea' id='block_1_3' title="bbox 3643 370 3747 424">
    <p class='ocr_par' dir='ltr' id='par_1_3' title="bbox 3643 370 3747 424">
     <span class='ocr_line' id='line_1_3' title="bbox 3643 370 3747 424; baseline 0 0"><span class='ocrx_word' id='word_1_11' title='bbox 3643 370 3747 424; x_wconf 69' lang='lat'><strong>560</strong></span> 
     </span>
    </p>
   </div>
   <div class='ocr_carea' id='block_1_4' title="bbox 521 443 3744 539">
    <p class='ocr_par' dir='ltr' id='par_1_4' title="bbox 521 443 3744 539">
     <span class='ocr_line' id='line_1_4' title="bbox 521 443 3744 539; baseline 0.014 -49"><span class='ocrx_word' id='word_1_12' title='bbox 521 485 532 490; x_wconf 80' lang='lat'><strong>-</strong></span> <span class='ocrx_word' id='word_1_13' title='bbox 553 467 657 504; x_wconf 65' lang='lat' dir='ltr'><strong>non</strong></span> <span class='ocrx_word' id='word_1_14' title='bbox 677 448 880 539; x_wconf 76' lang='lat' dir='ltr'><strong>poterit</strong></span> <span class='ocrx_word' id='word_1_15' title='bbox 900 443 1134 539; x_wconf 79' lang='lat' dir='ltr'><strong>liberari,</strong></span> <span class='ocrx_word' id='word_1_16' title='bbox 1158 455 1212 500; x_wconf 88' lang='lat' dir='ltr'><strong>et</strong></span> <span class='ocrx_word' id='word_1_17' title='bbox 1230 447 1368 503; x_wconf 84' lang='lat' dir='ltr'><strong>hanc</strong></span> <span class='ocrx_word' id='word_1_18' title='bbox 1384 451 1718 518; x_wconf 83' lang='lat' dir='ltr'><strong>occasionem</strong></span> <span class='ocrx_word' id='word_1_19' title='bbox 1745 452 2088 524; x_wconf 79' lang='lat' dir='ltr'><strong>inﬁdelitatis,</strong></span> <span class='ocrx_word' id='word_1_20' title='bbox 2119 459 2164 517; x_wconf 77' lang='grc' dir='ltr'>Α</span> <span class='ocrx_word' id='word_1_21' title='bbox 2193 455 2416 508; x_wconf 86' lang='lat' dir='ltr'><strong>nolueris</strong></span> <span class='ocrx_word' id='word_1_22' title='bbox 2439 457 2667 522; x_wconf 81' lang='lat' dir='ltr'><strong>reddere,</strong></span> <span class='ocrx_word' id='word_1_23' title='bbox 2690 460 2817 512; x_wconf 88' lang='lat' dir='ltr'><strong>scito</strong></span> <span class='ocrx_word' id='word_1_24' title='bbox 2841 463 2978 529; x_wconf 86' lang='lat' dir='ltr'><strong>quod</strong></span> <span class='ocrx_word' id='word_1_25' title='bbox 3012 475 3175 520; x_wconf 86' lang='lat' dir='ltr'><strong>morte</strong></span> <span class='ocrx_word' id='word_1_26' title='bbox 3203 473 3452 539; x_wconf 79' lang='lat' dir='ltr'><strong>monens,</strong></span> <span class='ocrx_word' id='word_1_27' title='bbox 3480 483 3534 530; x_wconf 76' lang='lat' dir='ltr'><strong>tu</strong></span> <span class='ocrx_word' id='word_1_28' title='bbox 3551 463 3606 532; x_wconf 78' lang='lat' dir='ltr'><strong>et</strong></span> <span class='ocrx_word' id='word_1_29' title='bbox 3633 499 3744 535; x_wconf 80' lang='lat' dir='ltr'><strong>om-</strong></span> 
     </span>
    </p>
   </div>
   <div class='ocr_carea' id='block_1_5' title="bbox 549 536 2097 616">
    <p class='ocr_par' dir='ltr' id='par_1_5' title="bbox 549 536 2097 616">
     <span class='ocr_line' id='line_1_5' title="bbox 549 536 2097 616; baseline 0.001 -22"><span class='ocrx_word' id='word_1_30' title='bbox 549 540 712 595; x_wconf 86' lang='lat' dir='ltr'><strong>etiam</strong></span> <span class='ocrx_word' id='word_1_31' title='bbox 748 539 799 592; x_wconf 90' lang='lat' dir='ltr'><strong>in</strong></span> <span class='ocrx_word' id='word_1_32' title='bbox 833 537 966 591; x_wconf 81' lang='lat' dir='ltr'><strong>ﬁlias</strong></span> <span class='ocrx_word' id='word_1_33' title='bbox 999 536 1209 592; x_wconf 83' lang='lat' dir='ltr'><strong>dedisse</strong></span> <span class='ocrx_word' id='word_1_34' title='bbox 1245 540 1417 594; x_wconf 97' lang='lat' dir='ltr'><strong>coitus</strong></span> <span class='ocrx_word' id='word_1_35' title='bbox 1447 540 1786 609; x_wconf 81' lang='lat' dir='ltr'><strong>principium.</strong></span> <span class='ocrx_word' id='word_1_36' title='bbox 1827 540 1927 606; x_wconf 86' lang='lat' dir='ltr'><strong>Qui</strong></span> <span class='ocrx_word' id='word_1_37' title='bbox 1956 543 2097 616; x_wconf 70' lang='lat' dir='ltr'><strong>enim</strong></span> 
     </span>
    </p>
   </div>
   <div class='ocr_carea' id='block_1_6' title="bbox 551 626 2131 704">
    <p class='ocr_par' dir='ltr' id='par_1_6' title="bbox 551 626 2131 704">
     <span class='ocr_line' id='line_1_6' title="bbox 551 626 2131 704; baseline -0.002 -18"><span class='ocrx_word' id='word_1_38' title='bbox 551 638 774 686; x_wconf 58' lang='lat' dir='ltr'><strong>ceteras</strong></span> <span class='ocrx_word' id='word_1_39' title='bbox 801 628 1008 684; x_wconf 76' lang='lat' dir='ltr'><strong>viderat</strong></span> <span class='ocrx_word' id='word_1_40' title='bbox 1035 626 1216 682; x_wconf 82' lang='lat' dir='ltr'><strong>subrui</strong></span> <span class='ocrx_word' id='word_1_41' title='bbox 1241 629 1482 683; x_wconf 83' lang='lat' dir='ltr'><strong>civitates</strong></span> <span class='ocrx_word' id='word_1_42' title='bbox 1499 637 1553 704; x_wconf 87' lang='lat' dir='ltr'><strong>et</strong></span> <span class='ocrx_word' id='word_1_43' title='bbox 1573 629 1712 683; x_wconf 85' lang='lat' dir='ltr'><strong>hanc</strong></span> <span class='ocrx_word' id='word_1_44' title='bbox 1740 638 1908 694; x_wconf 87' lang='lat' dir='ltr'><strong>stare,</strong></span> <span class='ocrx_word' id='word_1_45' title='bbox 1939 645 2099 698; x_wconf 82' lang='lat' dir='ltr'><strong>seque</strong></span> <span class='ocrx_word' id='word_1_46' title='bbox 2124 673 2131 684; x_wconf 92' lang='lat'><strong>.</strong></span> 
     </span>
    </p>
   </div>
   <div class='ocr_carea' id='block_1_7' title="bbox 546 706 2097 788">
    <p class='ocr_par' dir='ltr' id='par_1_7' title="bbox 546 706 2097 788">
     <span class='ocr_line' id='line_1_7' title="bbox 546 706 2097 788; baseline -0.001 -15"><span class='ocrx_word' id='word_1_47' title='bbox 546 721 640 774; x_wconf 86' lang='lat' dir='ltr'><strong>Dei</strong></span> <span class='ocrx_word' id='word_1_48' title='bbox 663 718 863 773; x_wconf 85' lang='lat' dir='ltr'><strong>auxilio</strong></span> <span class='ocrx_word' id='word_1_49' title='bbox 883 724 1112 782; x_wconf 89' lang='lat' dir='ltr'><strong>erutum,</strong></span> <span class='ocrx_word' id='word_1_50' title='bbox 1135 719 1319 786; x_wconf 90' lang='lat' dir='ltr'><strong>utique</strong></span> <span class='ocrx_word' id='word_1_51' title='bbox 1336 717 1400 772; x_wconf 90' lang='lat' dir='ltr'><strong>de</strong></span> <span class='ocrx_word' id='word_1_52' title='bbox 1421 731 1484 788; x_wconf 79' lang='lat' dir='ltr'><strong>eo</strong></span> <span class='ocrx_word' id='word_1_53' title='bbox 1503 717 1644 785; x_wconf 91' lang='lat' dir='ltr'><strong>quod</strong></span> <span class='ocrx_word' id='word_1_54' title='bbox 1665 716 1765 772; x_wconf 85' lang='lat' dir='ltr'><strong>sibi</strong></span> <span class='ocrx_word' id='word_1_55' title='bbox 1784 706 2097 775; x_wconf 72' lang='lat' dir='ltr'><strong>concessum</strong></span> 
     </span>
    </p>
   </div>
   <div class='ocr_carea' id='block_1_8' title="bbox 543 805 1907 874">
    <p class='ocr_par' dir='ltr' id='par_1_8' title="bbox 543 805 1907 874">
     <span class='ocr_line' id='line_1_8' title="bbox 543 805 1907 874; baseline -0.004 -14"><span class='ocrx_word' id='word_1_56' title='bbox 543 807 803 871; x_wconf 90' lang='lat' dir='ltr'><strong>audierat,</strong></span> <span class='ocrx_word' id='word_1_57' title='bbox 826 806 1094 874; x_wconf 81' lang='lat' dir='ltr'><strong>ambigere</strong></span> <span class='ocrx_word' id='word_1_58' title='bbox 1114 821 1217 859; x_wconf 89' lang='lat' dir='ltr'><strong>non</strong></span> <span class='ocrx_word' id='word_1_59' title='bbox 1239 805 1435 859; x_wconf 90' lang='lat' dir='ltr'><strong>debuit.</strong></span> <span class='ocrx_word' id='word_1_60' title='bbox 1905 808 1907 810; x_wconf 76' lang='grc'><strong><em>’</em></strong></span> 
     </span>
    </p>
   </div>
   <div class='ocr_carea' id='block_1_9' title="bbox 555 891 2091 966">
    <p class='ocr_par' dir='ltr' id='par_1_9' title="bbox 555 891 2091 966">
     <span class='ocr_line' id='line_1_9' title="bbox 555 891 2091 966; baseline -0.001 -18"><span class='ocrx_word' id='word_1_61' title='bbox 555 923 564 935; x_wconf 67' lang='grc' dir='ltr'><em>ι</em></span> <span class='ocrx_word' id='word_1_62' title='bbox 611 896 855 966; x_wconf 67' lang='lat' dir='ltr'><strong>Dixitque</strong></span> <span class='ocrx_word' id='word_1_63' title='bbox 879 895 1048 962; x_wconf 85' lang='lat' dir='ltr'><strong>major</strong></span> <span class='ocrx_word' id='word_1_64' title='bbox 1063 894 1131 946; x_wconf 89' lang='lat' dir='ltr'><strong>ad</strong></span> <span class='ocrx_word' id='word_1_65' title='bbox 1151 895 1433 946; x_wconf 77' lang='lat' dir='ltr'><strong>minorem:</strong></span> <span class='ocrx_word' id='word_1_66' title='bbox 1456 891 1616 945; x_wconf 86' lang='lat' dir='ltr'><strong>Pater</strong></span> <span class='ocrx_word' id='word_1_67' title='bbox 1636 901 1807 946; x_wconf 88' lang='lat' dir='ltr'><strong>noster</strong></span> <span class='ocrx_word' id='word_1_68' title='bbox 1825 909 1980 947; x_wconf 73' lang='lat' dir='ltr'><strong>senex</strong></span> <span class='ocrx_word' id='word_1_69' title='bbox 1998 903 2091 956; x_wconf 89' lang='lat' dir='ltr'><strong>est,</strong></span> 
     </span>
    </p>
   </div>
   <div class='ocr_carea' id='block_1_10' title="bbox 539 984 2095 1054">
    <p class='ocr_par' dir='ltr' id='par_1_10' title="bbox 539 984 2095 1054">
     <span class='ocr_line' id='line_1_10' title="bbox 539 984 2095 1054; baseline -0.003 -13"><span class='ocrx_word' id='word_1_70' title='bbox 539 997 588 1041; x_wconf 86' lang='lat' dir='ltr'><strong>et</strong></span> <span class='ocrx_word' id='word_1_71' title='bbox 621 985 792 1040; x_wconf 88' lang='lat' dir='ltr'><strong>nullus</strong></span> <span class='ocrx_word' id='word_1_72' title='bbox 822 987 1043 1038; x_wconf 88' lang='lat' dir='ltr'><strong>virorum</strong></span> <span class='ocrx_word' id='word_1_73' title='bbox 1063 985 1313 1038; x_wconf 80' lang='lat' dir='ltr'><strong>remansit</strong></span> <span class='ocrx_word' id='word_1_74' title='bbox 1336 985 1389 1036; x_wconf 87' lang='lat' dir='ltr'><strong>in</strong></span> <span class='ocrx_word' id='word_1_75' title='bbox 1413 993 1573 1047; x_wconf 90' lang='lat' dir='ltr'><strong>terra,</strong></span> <span class='ocrx_word' id='word_1_76' title='bbox 1598 984 1686 1052; x_wconf 91' lang='lat' dir='ltr'><strong>qui</strong></span> <span class='ocrx_word' id='word_1_77' title='bbox 1711 984 1870 1050; x_wconf 90' lang='lat' dir='ltr'><strong>possit</strong></span> <span class='ocrx_word' id='word_1_78' title='bbox 1899 985 2095 1054; x_wconf 82' lang='lat' dir='ltr'><strong>ingredi</strong></span> 
     </span>
    </p>
   </div>
   <div class='ocr_carea' id='block_1_11' title="bbox 540 1071 2094 1144">
    <p class='ocr_par' dir='ltr' id='par_1_11' title="bbox 540 1071 2094 1144">
     <span class='ocr_line' id='line_1_11' title="bbox 540 1071 2094 1144; baseline -0.002 -13"><span class='ocrx_word' id='word_1_79' title='bbox 540 1079 608 1131; x_wconf 89' lang='lat' dir='ltr'><strong>ad</strong></span> <span class='ocrx_word' id='word_1_80' title='bbox 635 1094 725 1131; x_wconf 89' lang='lat' dir='ltr'><strong>nos</strong></span> <span class='ocrx_word' id='word_1_81' title='bbox 744 1078 900 1144; x_wconf 65' lang='lat' dir='ltr'><strong>juxta</strong></span> <span class='ocrx_word' id='word_1_82' title='bbox 925 1091 1116 1137; x_wconf 77' lang='lat' dir='ltr'><strong>morem</strong></span> <span class='ocrx_word' id='word_1_83' title='bbox 1144 1076 1389 1128; x_wconf 62' lang='lat' dir='ltr'><strong>universe</strong></span> <span class='ocrx_word' id='word_1_84' title='bbox 1415 1083 1584 1126; x_wconf 77' lang='lat' dir='ltr'><strong>teme.</strong></span> <span class='ocrx_word' id='word_1_85' title='bbox 1620 1071 1765 1138; x_wconf 89' lang='lat' dir='ltr'><strong>Veni,</strong></span> <span class='ocrx_word' id='word_1_86' title='bbox 1788 1074 2094 1128; x_wconf 88' lang='lat' dir='ltr'><strong>inebriemus</strong></span> 
     </span>
    </p>
   </div>
   <div class='ocr_carea' id='block_1_12' title="bbox 541 1165 2092 1238">
    <p class='ocr_par' dir='ltr' id='par_1_12' title="bbox 541 1165 2092 1238">
     <span class='ocr_line' id='line_1_12' title="bbox 541 1165 2092 1238; baseline -0.003 -16"><span class='ocrx_word' id='word_1_87' title='bbox 541 1186 654 1222; x_wconf 88' lang='lat' dir='ltr'><strong>eum</strong></span> <span class='ocrx_word' id='word_1_88' title='bbox 685 1171 820 1231; x_wconf 78' lang='lat' dir='ltr'><strong>vino,</strong></span> <span class='ocrx_word' id='word_1_89' title='bbox 847 1169 1258 1236; x_wconf 76' lang='lat' dir='ltr'><strong>dormiamusque</strong></span> <span class='ocrx_word' id='word_1_90' title='bbox 1281 1180 1394 1216; x_wconf 86' lang='lat' dir='ltr'><strong>cum</strong></span> <span class='ocrx_word' id='word_1_91' title='bbox 1424 1179 1503 1238; x_wconf 89' lang='lat' dir='ltr'><strong>eo,</strong></span> <span class='ocrx_word' id='word_1_92' title='bbox 1532 1173 1587 1215; x_wconf 91' lang='lat' dir='ltr'><strong>ut</strong></span> <span class='ocrx_word' id='word_1_93' title='bbox 1612 1180 1815 1216; x_wconf 85' lang='lat' dir='ltr'><strong>servare</strong></span> <span class='ocrx_word' id='word_1_94' title='bbox 1841 1165 2092 1233; x_wconf 85' lang='lat' dir='ltr'><strong>possimus</strong></span> 
     </span>
    </p>
   </div>
   <div class='ocr_carea' id='block_1_13' title="bbox 537 1250 2093 1325">
    <p class='ocr_par' dir='ltr' id='par_1_13' title="bbox 537 1250 2093 1325">
     <span class='ocr_line' id='line_1_13' title="bbox 537 1250 2093 1325; baseline -0.003 -16"><span class='ocrx_word' id='word_1_95' title='bbox 537 1274 602 1312; x_wconf 70' lang='lat' dir='ltr'><strong>ex</strong></span> <span class='ocrx_word' id='word_1_96' title='bbox 625 1265 971 1325; x_wconf 85' lang='lat' dir='ltr'><strong>patre&#39;noslro</strong></span> <span class='ocrx_word' id='word_1_97' title='bbox 999 1269 1186 1307; x_wconf 89' lang='lat' dir='ltr'><strong>semen.</strong></span> <span class='ocrx_word' id='word_1_98' title='bbox 1224 1250 1353 1304; x_wconf 88' lang='lat' dir='ltr'><strong>Illud</strong></span> <span class='ocrx_word' id='word_1_99' title='bbox 1388 1250 1548 1320; x_wconf 77' lang='lat' dir='ltr'><strong>igitur</strong></span> <span class='ocrx_word' id='word_1_100' title='bbox 1578 1252 1720 1320; x_wconf 90' lang='lat' dir='ltr'><strong>quod</strong></span> <span class='ocrx_word' id='word_1_101' title='bbox 1753 1268 1850 1320; x_wconf 81' lang='lat' dir='ltr'><strong>pro</strong></span> <span class='ocrx_word' id='word_1_102' title='bbox 1871 1267 2093 1306; x_wconf 83' lang='lat' dir='ltr'><strong>excusa-</strong></span> 
     </span>
    </p>
   </div>
   <div class='ocr_carea' id='block_1_14' title="bbox 539 1339 2092 1408">
    <p class='ocr_par' dir='ltr' id='par_1_14' title="bbox 539 1339 2092 1408">
     <span class='ocr_line' id='line_1_14' title="bbox 539 1339 2092 1408; baseline -0.002 -10"><span class='ocrx_word' id='word_1_103' title='bbox 539 1345 680 1398; x_wconf 84' lang='lat' dir='ltr'><strong>tione</strong></span> <span class='ocrx_word' id='word_1_104' title='bbox 715 1345 905 1398; x_wconf 83' lang='lat' dir='ltr'><strong>dicitur</strong></span> <span class='ocrx_word' id='word_1_105' title='bbox 935 1342 1190 1404; x_wconf 85' lang='lat' dir='ltr'><strong>ﬁliarum,</strong></span> <span class='ocrx_word' id='word_1_106' title='bbox 1229 1355 1305 1392; x_wconf 8' lang='lat' dir='ltr'><strong>eos</strong></span> <span class='ocrx_word' id='word_1_107' title='bbox 1332 1341 1471 1408; x_wconf 89' lang='lat' dir='ltr'><strong>quod</strong></span> <span class='ocrx_word' id='word_1_108' title='bbox 1501 1341 1807 1407; x_wconf 79' lang='lat' dir='ltr'><strong>putaverint</strong></span> <span class='ocrx_word' id='word_1_109' title='bbox 1835 1339 2092 1395; x_wconf 83' lang='lat' dir='ltr'><strong>defecisse</strong></span> 
     </span>
    </p>
   </div>
   <div class='ocr_carea' id='block_1_15' title="bbox 536 1430 2089 1501">
    <p class='ocr_par' dir='ltr' id='par_1_15' title="bbox 536 1430 2089 1501">
     <span class='ocr_line' id='line_1_15' title="bbox 536 1430 2089 1501; baseline -0.003 -13"><span class='ocrx_word' id='word_1_110' title='bbox 536 1436 823 1488; x_wconf 88' lang='lat' dir='ltr'><strong>humanum</strong></span> <span class='ocrx_word' id='word_1_111' title='bbox 863 1438 1144 1501; x_wconf 80' lang='lat' dir='ltr'><strong>genus,&#39;et</strong></span> <span class='ocrx_word' id='word_1_112' title='bbox 1181 1430 1299 1483; x_wconf 90' lang='lat' dir='ltr'><strong>ideo</strong></span> <span class='ocrx_word' id='word_1_113' title='bbox 1337 1445 1456 1483; x_wconf 91' lang='lat' dir='ltr'><strong>cum</strong></span> <span class='ocrx_word' id='word_1_114' title='bbox 1497 1436 1647 1498; x_wconf 85' lang='lat' dir='ltr'><strong>patre</strong></span> <span class='ocrx_word' id='word_1_115' title='bbox 1685 1430 2089 1494; x_wconf 89' lang='lat' dir='ltr'><strong>concubuerint,</strong></span> 
     </span>
    </p>
   </div>
   <div class='ocr_carea' id='block_1_16' title="bbox 538 1519 2087 1592">
    <p class='ocr_par' dir='ltr' id='par_1_16' title="bbox 538 1519 2087 1592">
     <span class='ocr_line' id='line_1_16' title="bbox 538 1519 2087 1592; baseline -0.005 -13"><span class='ocrx_word' id='word_1_116' title='bbox 538 1542 640 1586; x_wconf 90' lang='lat' dir='ltr'><strong>non</strong></span> <span class='ocrx_word' id='word_1_117' title='bbox 663 1532 880 1579; x_wconf 84' lang='lat' dir='ltr'><strong>excusat</strong></span> <span class='ocrx_word' id='word_1_118' title='bbox 901 1532 1123 1592; x_wconf 88' lang='lat' dir='ltr'><strong>patrem.</strong></span> <span class='ocrx_word' id='word_1_119' title='bbox 1151 1521 1389 1589; x_wconf 83' lang='lat' dir='ltr'><strong>Denique</strong></span> <span class='ocrx_word' id='word_1_120' title='bbox 1419 1519 1627 1574; x_wconf 68' lang='lat' dir='ltr'><strong>Hebraei</strong></span> <span class='ocrx_word' id='word_1_121' title='bbox 1659 1520 1799 1591; x_wconf 89' lang='lat' dir='ltr'><strong>quod</strong></span> <span class='ocrx_word' id='word_1_122' title='bbox 1827 1521 2087 1589; x_wconf 87' lang='lat' dir='ltr'><strong>sequitur,</strong></span> 
     </span>
    </p>
   </div>
   <div class='ocr_carea' id='block_1_17' title="bbox 535 1595 2115 1673">
    <p class='ocr_par' dir='ltr' id='par_1_17' title="bbox 535 1595 2115 1673">
     <span class='ocr_line' id='line_1_17' title="bbox 535 1595 2115 1673; baseline -0.003 -6"><span class='ocrx_word' id='word_1_123' title='bbox 535 1614 601 1667; x_wconf 84' lang='lat' dir='ltr'><strong>Et</strong></span> <span class='ocrx_word' id='word_1_124' title='bbox 635 1613 842 1666; x_wconf 79' lang='lat' dir='ltr'><strong>nescivit</strong></span> <span class='ocrx_word' id='word_1_125' title='bbox 866 1619 912 1663; x_wconf 90' lang='lat' dir='ltr'><strong>et</strong></span> <span class='ocrx_word' id='word_1_126' title='bbox 944 1626 1058 1663; x_wconf 89' lang='lat' dir='ltr'><strong>cum</strong></span> <span class='ocrx_word' id='word_1_127' title='bbox 1087 1609 1352 1661; x_wconf 74' lang='lat' dir='ltr'><strong>dormisset</strong></span> <span class='ocrx_word' id='word_1_128' title='bbox 1375 1595 1491 1661; x_wconf 84' lang='lat' dir='ltr'><strong>cum</strong></span> <span class='ocrx_word' id='word_1_129' title='bbox 1513 1625 1594 1673; x_wconf 89' lang='lat' dir='ltr'><strong>eo,</strong></span> <span class='ocrx_word' id='word_1_130' title='bbox 1620 1618 1666 1662; x_wconf 88' lang='lat' dir='ltr'><strong>et</strong></span> <span class='ocrx_word' id='word_1_131' title='bbox 1701 1625 1818 1661; x_wconf 91' lang='lat' dir='ltr'><strong>cum</strong></span> <span class='ocrx_word' id='word_1_132' title='bbox 1841 1609 2115 1662; x_wconf 47' lang='lat' dir='ltr'><strong>surrexit-</strong></span> 
     </span>
    </p>
   </div>
   <div class='ocr_carea' id='block_1_18' title="bbox 531 1687 2091 1768">
    <p class='ocr_par' dir='ltr' id='par_1_18' title="bbox 531 1687 2091 1768">
     <span class='ocr_line' id='line_1_18' title="bbox 531 1687 2091 1768; baseline -0.001 -14"><span class='ocrx_word' id='word_1_133' title='bbox 531 1714 602 1755; x_wconf 75' lang='lat' dir='ltr'><strong>set</strong></span> <span class='ocrx_word' id='word_1_134' title='bbox 647 1702 708 1755; x_wconf 88' lang='lat' dir='ltr'><strong>ab</strong></span> <span class='ocrx_word' id='word_1_135' title='bbox 752 1718 833 1764; x_wconf 89' lang='lat' dir='ltr'><strong>eo,</strong></span> <span class='ocrx_word' id='word_1_136' title='bbox 874 1706 1181 1768; x_wconf 80' lang='lat' dir='ltr'><strong>appungunt</strong></span> <span class='ocrx_word' id='word_1_137' title='bbox 1217 1698 1445 1766; x_wconf 86' lang='lat' dir='ltr'><strong>desuper</strong></span> <span class='ocrx_word' id='word_1_138' title='bbox 1477 1698 1631 1766; x_wconf 88' lang='lat' dir='ltr'><strong>quasi</strong></span> <span class='ocrx_word' id='word_1_139' title='bbox 1670 1687 1999 1761; x_wconf 72' lang='lat' dir='ltr'><strong>incredibile,</strong></span> <span class='ocrx_word' id='word_1_140' title='bbox 2036 1705 2091 1754; x_wconf 87' lang='lat' dir='ltr'><strong>et</strong></span> 
     </span>
    </p>
   </div>
   <div class='ocr_carea' id='block_1_19' title="bbox 2199 545 3749 639">
    <p class='ocr_par' dir='ltr' id='par_1_19' title="bbox 2199 545 3749 639">
     <span class='ocr_line' id='line_1_19' title="bbox 2199 545 3749 639; baseline 0.02 -43"><span class='ocrx_word' id='word_1_141' title='bbox 2199 545 2284 639; x_wconf 84' lang='lat' dir='ltr'><strong>nia</strong></span> <span class='ocrx_word' id='word_1_142' title='bbox 2321 563 2448 639; x_wconf 61' lang='lat' dir='ltr'><strong>quis</strong></span> <span class='ocrx_word' id='word_1_143' title='bbox 2465 555 2553 612; x_wconf 82' lang='lat' dir='ltr'><strong>tua</strong></span> <span class='ocrx_word' id='word_1_144' title='bbox 2580 547 2717 639; x_wconf 67' lang='lat' dir='ltr'><strong>sunt.</strong></span> <span class='ocrx_word' id='word_1_145' title='bbox 2754 546 2904 639; x_wconf 83' lang='lat' dir='ltr'><strong>Quod</strong></span> <span class='ocrx_word' id='word_1_146' title='bbox 2920 553 3004 605; x_wconf 74' lang='lat' dir='ltr'><strong>ait</strong></span> <span class='ocrx_word' id='word_1_147' title='bbox 3031 554 3170 611; x_wconf 85' lang='lat' dir='ltr'><strong>Deus</strong></span> <span class='ocrx_word' id='word_1_148' title='bbox 3193 560 3260 614; x_wconf 92' lang='lat' dir='ltr'><strong>ad</strong></span> <span class='ocrx_word' id='word_1_149' title='bbox 3286 563 3594 623; x_wconf 84' lang='lat' dir='ltr'><strong>Abimelech</strong></span> <span class='ocrx_word' id='word_1_150' title='bbox 3632 586 3749 639; x_wconf 83' lang='lat' dir='ltr'><strong>pro-</strong></span> 
     </span>
    </p>
   </div>
   <div class='ocr_carea' id='block_1_20' title="bbox 2196 631 3745 724">
    <p class='ocr_par' dir='ltr' id='par_1_20' title="bbox 2196 631 3745 724">
     <span class='ocr_line' id='line_1_20' title="bbox 2196 631 3745 724; baseline 0.021 -42"><span class='ocrx_word' id='word_1_151' title='bbox 2196 637 2315 698; x_wconf 88' lang='lat' dir='ltr'><strong>pter</strong></span> <span class='ocrx_word' id='word_1_152' title='bbox 2343 631 2532 686; x_wconf 88' lang='lat' dir='ltr'><strong>Saram</strong></span> <span class='ocrx_word' id='word_1_153' title='bbox 2565 651 2578 686; x_wconf 89' lang='lat'><strong>:</strong></span> <span class='ocrx_word' id='word_1_154' title='bbox 2614 634 2833 704; x_wconf 88' lang='lat' dir='ltr'><strong>Peperci</strong></span> <span class='ocrx_word' id='word_1_155' title='bbox 2865 638 2992 703; x_wconf 88' lang='lat' dir='ltr'><strong>tibi,</strong></span> <span class='ocrx_word' id='word_1_156' title='bbox 3022 651 3080 694; x_wconf 89' lang='lat' dir='ltr'><strong>ut</strong></span> <span class='ocrx_word' id='word_1_157' title='bbox 3118 658 3223 697; x_wconf 88' lang='lat' dir='ltr'><strong>non</strong></span> <span class='ocrx_word' id='word_1_158' title='bbox 3256 661 3506 714; x_wconf 86' lang='lat' dir='ltr'><strong>peccares</strong></span> <span class='ocrx_word' id='word_1_159' title='bbox 3543 657 3596 710; x_wconf 93' lang='lat' dir='ltr'><strong>in</strong></span> <span class='ocrx_word' id='word_1_160' title='bbox 3632 631 3745 724; x_wconf 68' lang='lat' dir='ltr'><strong>ine,</strong></span> 
     </span>
    </p>
   </div>
   <div class='ocr_carea' id='block_1_21' title="bbox 2158 722 3747 815">
    <p class='ocr_par' dir='ltr' id='par_1_21' title="bbox 2158 722 3747 815">
     <span class='ocr_line' id='line_1_21' title="bbox 2158 722 3747 815; baseline 0.019 -43"><span class='ocrx_word' id='word_1_161' title='bbox 2158 763 2165 794; x_wconf 26' lang='grc' dir='ltr'><strong><em>ᾇ</em></strong></span> <span class='ocrx_word' id='word_1_162' title='bbox 2193 722 2407 815; x_wconf 66' lang='lat' dir='ltr'><strong>quando</strong></span> <span class='ocrx_word' id='word_1_163' title='bbox 2431 738 2552 777; x_wconf 91' lang='lat' dir='ltr'><strong>eum</strong></span> <span class='ocrx_word' id='word_1_164' title='bbox 2583 724 2857 815; x_wconf 80' lang='lat' dir='ltr'><strong>admonuit</strong></span> <span class='ocrx_word' id='word_1_165' title='bbox 2882 741 3101 784; x_wconf 83' lang='lat' dir='ltr'><strong>uxorem</strong></span> <span class='ocrx_word' id='word_1_166' title='bbox 3123 731 3393 792; x_wconf 79' lang='lat' dir='ltr'><strong>Abraham</strong></span> <span class='ocrx_word' id='word_1_167' title='bbox 3421 754 3560 810; x_wconf 86' lang='lat' dir='ltr'><strong>esse,</strong></span> <span class='ocrx_word' id='word_1_168' title='bbox 3587 722 3747 815; x_wconf 83' lang='lat' dir='ltr'><strong>quam</strong></span> 
     </span>
    </p>
   </div>
   <div class='ocr_carea' id='block_1_22' title="bbox 2195 808 3747 888">
    <p class='ocr_par' dir='ltr' id='par_1_22' title="bbox 2195 808 3747 888">
     <span class='ocr_line' id='line_1_22' title="bbox 2195 808 3747 888; baseline 0.017 -31"><span class='ocrx_word' id='word_1_169' title='bbox 2195 808 2414 873; x_wconf 84' lang='lat' dir='ltr'><strong>putabat</strong></span> <span class='ocrx_word' id='word_1_170' title='bbox 2452 824 2720 877; x_wconf 83' lang='lat' dir='ltr'><strong>sororem,</strong></span> <span class='ocrx_word' id='word_1_171' title='bbox 2761 813 3144 872; x_wconf 85' lang='lat' dir='ltr'><strong>advertendum</strong></span> <span class='ocrx_word' id='word_1_172' title='bbox 3171 828 3256 874; x_wconf 89' lang='lat' dir='ltr'><strong>est</strong></span> <span class='ocrx_word' id='word_1_173' title='bbox 3292 831 3346 876; x_wconf 92' lang='lat' dir='ltr'><strong>et</strong></span> <span class='ocrx_word' id='word_1_174' title='bbox 3372 808 3662 886; x_wconf 74' lang='lat' dir='ltr'><strong>notandum</strong></span> <span class='ocrx_word' id='word_1_175' title='bbox 3694 835 3747 888; x_wconf 74' lang='lat' dir='ltr'><strong>i&#39;i</strong></span> 
     </span>
    </p>
   </div>
   <div class='ocr_carea' id='block_1_23' title="bbox 2195 892 3717 989">
    <p class='ocr_par' dir='ltr' id='par_1_23' title="bbox 2195 892 3717 989">
     <span class='ocr_line' id='line_1_23' title="bbox 2195 892 3717 989; baseline 0.02 -44"><span class='ocrx_word' id='word_1_176' title='bbox 2195 892 2370 989; x_wconf 81' lang='lat' dir='ltr'><strong>Deum</strong></span> <span class='ocrx_word' id='word_1_177' title='bbox 2384 899 2597 966; x_wconf 84' lang='lat' dir='ltr'><strong>peccari</strong></span> <span class='ocrx_word' id='word_1_178' title='bbox 2613 939 2628 962; x_wconf 92' lang='lat'><strong>,</strong></span> <span class='ocrx_word' id='word_1_179' title='bbox 2658 901 2868 968; x_wconf 90' lang='lat' dir='ltr'><strong>quando</strong></span> <span class='ocrx_word' id='word_1_180' title='bbox 2895 903 3022 957; x_wconf 87' lang='lat' dir='ltr'><strong>talia</strong></span> <span class='ocrx_word' id='word_1_181' title='bbox 3054 909 3474 979; x_wconf 88' lang='lat' dir='ltr'><strong>committuntur,</strong></span> <span class='ocrx_word' id='word_1_182' title='bbox 3502 933 3621 989; x_wconf 69' lang='lat' dir='ltr'><strong>quae</strong></span> <span class='ocrx_word' id='word_1_183' title='bbox 3647 936 3717 989; x_wconf 88' lang='lat' dir='ltr'><strong>pu</strong></span> 
     </span>
    </p>
   </div>
   <div class='ocr_carea' id='block_1_24' title="bbox 2195 987 3748 1067">
    <p class='ocr_par' dir='ltr' id='par_1_24' title="bbox 2195 987 3748 1067">
     <span class='ocr_line' id='line_1_24' title="bbox 2195 987 3748 1067; baseline 0.017 -31"><span class='ocrx_word' id='word_1_184' title='bbox 2195 991 2309 1036; x_wconf 85' lang='lat' dir='ltr'><strong>tant</strong></span> <span class='ocrx_word' id='word_1_185' title='bbox 2359 987 2600 1042; x_wconf 86' lang='lat' dir='ltr'><strong>homines</strong></span> <span class='ocrx_word' id='word_1_186' title='bbox 2645 990 2834 1046; x_wconf 87' lang='lat' dir='ltr'><strong>leviter</strong></span> <span class='ocrx_word' id='word_1_187' title='bbox 2874 992 3145 1060; x_wconf 75' lang='lat' dir='ltr'><strong>habenda,</strong></span> <span class='ocrx_word' id='word_1_188' title='bbox 3185 1005 3452 1067; x_wconf 86' lang='lat' dir='ltr'><strong>tanquam,</strong></span> <span class='ocrx_word' id='word_1_189' title='bbox 3485 987 3538 1057; x_wconf 84' lang='lat' dir='ltr'><strong>in</strong></span> <span class='ocrx_word' id='word_1_190' title='bbox 3584 987 3748 1062; x_wconf 67' lang='lat' dir='ltr'><strong>carne</strong></span> 
     </span>
    </p>
   </div>
   <div class='ocr_carea' id='block_1_25' title="bbox 2193 1074 3735 1161">
    <p class='ocr_par' dir='ltr' id='par_1_25' title="bbox 2193 1074 3735 1161">
     <span class='ocr_line' id='line_1_25' title="bbox 2193 1074 3735 1161; baseline 0.016 -37"><span class='ocrx_word' id='word_1_191' title='bbox 2193 1074 2415 1161; x_wconf 80' lang='lat' dir='ltr'><strong>peccati.</strong></span> <span class='ocrx_word' id='word_1_192' title='bbox 2464 1075 2613 1141; x_wconf 86' lang='lat' dir='ltr'><strong>Quod</strong></span> <span class='ocrx_word' id='word_1_193' title='bbox 2661 1087 2837 1134; x_wconf 91' lang='lat' dir='ltr'><strong>autem</strong></span> <span class='ocrx_word' id='word_1_194' title='bbox 2879 1081 3014 1161; x_wconf 81' lang='lat' dir='ltr'><strong>dixit</strong></span> <span class='ocrx_word' id='word_1_195' title='bbox 3049 1084 3098 1138; x_wconf 87' lang='lat' dir='ltr'><strong>ei</strong></span> <span class='ocrx_word' id='word_1_196' title='bbox 3137 1102 3150 1137; x_wconf 88' lang='lat'>:</span> <span class='ocrx_word' id='word_1_197' title='bbox 3196 1086 3331 1142; x_wconf 84' lang='lat' dir='ltr'><strong>Ecce</strong></span> <span class='ocrx_word' id='word_1_198' title='bbox 3375 1099 3433 1143; x_wconf 90' lang='lat' dir='ltr'><strong>tu</strong></span> <span class='ocrx_word' id='word_1_199' title='bbox 3479 1095 3735 1161; x_wconf 73' lang='lat' dir='ltr'><strong>morieris,</strong></span> 
     </span>
    </p>
   </div>
   <div class='ocr_carea' id='block_1_26' title="bbox 2194 1156 3742 1243">
    <p class='ocr_par' dir='ltr' id='par_1_26' title="bbox 2194 1156 3742 1243">
     <span class='ocr_line' id='line_1_26' title="bbox 2194 1156 3742 1243; baseline 0.014 -31"><span class='ocrx_word' id='word_1_200' title='bbox 2194 1160 2352 1214; x_wconf 89' lang='lat' dir='ltr'><strong>etiam</strong></span> <span class='ocrx_word' id='word_1_201' title='bbox 2383 1162 2486 1218; x_wconf 89' lang='lat' dir='ltr'><strong>hoc</strong></span> <span class='ocrx_word' id='word_1_202' title='bbox 2508 1167 2796 1221; x_wconf 89' lang='lat' dir='ltr'><strong>notandum</strong></span> <span class='ocrx_word' id='word_1_203' title='bbox 2833 1176 2947 1235; x_wconf 86' lang='lat' dir='ltr'><strong>est,</strong></span> <span class='ocrx_word' id='word_1_204' title='bbox 2976 1156 3239 1243; x_wconf 81' lang='lat' dir='ltr'><strong>quomodo</strong></span> <span class='ocrx_word' id='word_1_205' title='bbox 3265 1174 3408 1230; x_wconf 88' lang='lat' dir='ltr'><strong>dicat</strong></span> <span class='ocrx_word' id='word_1_206' title='bbox 3443 1177 3601 1243; x_wconf 84' lang='lat' dir='ltr'><strong>Deus,</strong></span> <span class='ocrx_word' id='word_1_207' title='bbox 3633 1156 3742 1234; x_wconf 75' lang='lat' dir='ltr'><strong>tan-</strong></span> 
     </span>
    </p>
   </div>
   <div class='ocr_carea' id='block_1_27' title="bbox 2191 1256 3736 1337">
    <p class='ocr_par' dir='ltr' id='par_1_27' title="bbox 2191 1256 3736 1337">
     <span class='ocr_line' id='line_1_27' title="bbox 2191 1256 3736 1337; baseline 0.014 -33"><span class='ocrx_word' id='word_1_208' title='bbox 2191 1268 2352 1321; x_wconf 89' lang='lat' dir='ltr'><strong>quam</strong></span> <span class='ocrx_word' id='word_1_209' title='bbox 2399 1259 2693 1322; x_wconf 65' lang='lat' dir='ltr'><strong>praedicens</strong></span> <span class='ocrx_word' id='word_1_210' title='bbox 2735 1261 2853 1326; x_wconf 76' lang='lat' dir='ltr'><strong>sine</strong></span> <span class='ocrx_word' id='word_1_211' title='bbox 2887 1256 3048 1318; x_wconf 83' lang='lat' dir='ltr'><strong>dubio</strong></span> <span class='ocrx_word' id='word_1_212' title='bbox 3086 1264 3338 1331; x_wconf 78' lang='lat' dir='ltr'><strong>futurum,</strong></span> <span class='ocrx_word' id='word_1_213' title='bbox 3382 1269 3522 1337; x_wconf 86' lang='lat' dir='ltr'><strong>quod</strong></span> <span class='ocrx_word' id='word_1_214' title='bbox 3564 1270 3736 1325; x_wconf 74' lang='lat' dir='ltr'><strong>admo</strong></span> 
     </span>
    </p>
   </div>
   <div class='ocr_carea' id='block_1_28' title="bbox 2193 1345 3548 1422">
    <p class='ocr_par' dir='ltr' id='par_1_28' title="bbox 2193 1345 3548 1422">
     <span class='ocr_line' id='line_1_28' title="bbox 2193 1345 3548 1422; baseline 0.012 -26"><span class='ocrx_word' id='word_1_215' title='bbox 2193 1345 2364 1398; x_wconf 84' lang='lat' dir='ltr'><strong>uendo</strong></span> <span class='ocrx_word' id='word_1_216' title='bbox 2389 1346 2536 1410; x_wconf 89' lang='lat' dir='ltr'><strong>dicit,</strong></span> <span class='ocrx_word' id='word_1_217' title='bbox 2565 1356 2623 1400; x_wconf 89' lang='lat' dir='ltr'><strong>ut</strong></span> <span class='ocrx_word' id='word_1_218' title='bbox 2647 1351 2955 1422; x_wconf 87' lang='lat' dir='ltr'><strong>abstinendo</strong></span> <span class='ocrx_word' id='word_1_219' title='bbox 2982 1368 3012 1405; x_wconf 92' lang='lat' dir='ltr'><strong>a</strong></span> <span class='ocrx_word' id='word_1_220' title='bbox 3039 1364 3256 1421; x_wconf 88' lang='lat' dir='ltr'><strong>peccato</strong></span> <span class='ocrx_word' id='word_1_221' title='bbox 3280 1371 3548 1412; x_wconf 70' lang='lat' dir='ltr'><strong>caveatur.</strong></span> 
     </span>
    </p>
   </div>
   <div class='ocr_carea' id='block_1_29' title="bbox 2272 1426 3754 1511">
    <p class='ocr_par' dir='ltr' id='par_1_29' title="bbox 2272 1426 3754 1511">
     <span class='ocr_line' id='line_1_29' title="bbox 2272 1426 3754 1511; baseline 0.014 -29"><span class='ocrx_word' id='word_1_222' title='bbox 2272 1429 2472 1486; x_wconf 80' lang='lat' dir='ltr'><strong>Vocavit</strong></span> <span class='ocrx_word' id='word_1_223' title='bbox 2518 1445 2689 1488; x_wconf 88' lang='lat' dir='ltr'><strong>autem</strong></span> <span class='ocrx_word' id='word_1_224' title='bbox 2713 1426 3002 1492; x_wconf 78' lang='lat' dir='ltr'><strong>Abimelech</strong></span> <span class='ocrx_word' id='word_1_225' title='bbox 3028 1443 3180 1495; x_wconf 89' lang='lat' dir='ltr'><strong>etiam</strong></span> <span class='ocrx_word' id='word_1_226' title='bbox 3209 1428 3488 1511; x_wconf 76' lang='lat' dir='ltr'><strong>Abraham,</strong></span> <span class='ocrx_word' id='word_1_227' title='bbox 3528 1457 3576 1500; x_wconf 87' lang='lat' dir='ltr'><strong>et</strong></span> <span class='ocrx_word' id='word_1_228' title='bbox 3617 1449 3754 1502; x_wconf 61' lang='lat' dir='ltr'><strong>diuit</strong></span> 
     </span>
    </p>
   </div>
   <div class='ocr_carea' id='block_1_30' title="bbox 2190 1519 3747 1605">
    <p class='ocr_par' dir='ltr' id='par_1_30' title="bbox 2190 1519 3747 1605">
     <span class='ocr_line' id='line_1_30' title="bbox 2190 1519 3747 1605; baseline 0.012 -33"><span class='ocrx_word' id='word_1_229' title='bbox 2190 1519 2276 1573; x_wconf 88' lang='lat' dir='ltr'><strong>ei:</strong></span> <span class='ocrx_word' id='word_1_230' title='bbox 2308 1520 2444 1584; x_wconf 86' lang='lat' dir='ltr'><strong>Quid</strong></span> <span class='ocrx_word' id='word_1_231' title='bbox 2468 1523 2659 1591; x_wconf 85' lang='lat' dir='ltr'><strong>fecistis</strong></span> <span class='ocrx_word' id='word_1_232' title='bbox 2677 1525 2819 1580; x_wconf 86' lang='lat' dir='ltr'><strong>nobis</strong></span> <span class='ocrx_word' id='word_1_233' title='bbox 2836 1527 2861 1579; x_wconf 71' lang='lat'><strong>.9</strong></span> <span class='ocrx_word' id='word_1_234' title='bbox 2882 1528 3006 1598; x_wconf 85' lang='lat' dir='ltr'><strong>quid</strong></span> <span class='ocrx_word' id='word_1_235' title='bbox 3023 1533 3340 1596; x_wconf 90' lang='lat' dir='ltr'><strong>peccavimus</strong></span> <span class='ocrx_word' id='word_1_236' title='bbox 3361 1534 3416 1586; x_wconf 88' lang='lat' dir='ltr'><strong>in</strong></span> <span class='ocrx_word' id='word_1_237' title='bbox 3441 1537 3645 1605; x_wconf 84' lang='lat' dir='ltr'><strong>te,quia</strong></span> <span class='ocrx_word' id='word_1_238' title='bbox 3669 1537 3747 1590; x_wconf 88' lang='lat' dir='ltr'><strong>in-</strong></span> 
     </span>
    </p>
   </div>
   <div class='ocr_carea' id='block_1_31' title="bbox 2189 1608 3746 1692">
    <p class='ocr_par' dir='ltr' id='par_1_31' title="bbox 2189 1608 3746 1692">
     <span class='ocr_line' id='line_1_31' title="bbox 2189 1608 3746 1692; baseline 0.01 -31"><span class='ocrx_word' id='word_1_239' title='bbox 2189 1608 2384 1662; x_wconf 75' lang='lat' dir='ltr'><strong>duxisti</strong></span> <span class='ocrx_word' id='word_1_240' title='bbox 2423 1627 2576 1680; x_wconf 90' lang='lat' dir='ltr'><strong>super</strong></span> <span class='ocrx_word' id='word_1_241' title='bbox 2594 1613 2683 1666; x_wconf 84' lang='lat' dir='ltr'><strong>me</strong></span> <span class='ocrx_word' id='word_1_242' title='bbox 2722 1623 2792 1667; x_wconf 76' lang='lat' dir='ltr'><strong>et&#39;</strong></span> <span class='ocrx_word' id='word_1_243' title='bbox 2821 1632 2974 1679; x_wconf 83' lang='lat' dir='ltr'><strong>super</strong></span> <span class='ocrx_word' id='word_1_244' title='bbox 3015 1632 3226 1686; x_wconf 85' lang='lat' dir='ltr'><strong>regnum</strong></span> <span class='ocrx_word' id='word_1_245' title='bbox 3263 1635 3431 1674; x_wconf 84' lang='lat' dir='ltr'><strong>meum</strong></span> <span class='ocrx_word' id='word_1_246' title='bbox 3479 1624 3746 1692; x_wconf 76' lang='lat' dir='ltr'><strong>peccatum</strong></span> 
     </span>
    </p>
   </div>
   <div class='ocr_carea' id='block_1_32' title="bbox 2189 1698 3748 1774">
    <p class='ocr_par' dir='ltr' id='par_1_32' title="bbox 2189 1698 3748 1774">
     <span class='ocr_line' id='line_1_32' title="bbox 2189 1698 3748 1774; baseline 0.012 -25"><span class='ocrx_word' id='word_1_247' title='bbox 2189 1698 2422 1765; x_wconf 76' lang='lat' dir='ltr'><strong>grande?</strong></span> <span class='ocrx_word' id='word_1_248' title='bbox 2449 1699 2578 1764; x_wconf 80' lang='lat' dir='ltr'><strong>Qua:</strong></span> <span class='ocrx_word' id='word_1_249' title='bbox 2600 1718 2702 1754; x_wconf 90' lang='lat' dir='ltr'><strong>non</strong></span> <span class='ocrx_word' id='word_1_250' title='bbox 2730 1702 2948 1756; x_wconf 85' lang='lat' dir='ltr'><strong>debuisti</strong></span> <span class='ocrx_word' id='word_1_251' title='bbox 2986 1704 3155 1772; x_wconf 89' lang='lat' dir='ltr'><strong>facere</strong></span> <span class='ocrx_word' id='word_1_252' title='bbox 3180 1707 3346 1774; x_wconf 82' lang='lat' dir='ltr'><strong>fecisti</strong></span> <span class='ocrx_word' id='word_1_253' title='bbox 3397 1711 3562 1765; x_wconf 86' lang='lat' dir='ltr'><strong>nobis.</strong></span> <span class='ocrx_word' id='word_1_254' title='bbox 3612 1710 3748 1766; x_wconf 81' lang='lat' dir='ltr'><strong>Rur—</strong></span> 
     </span>
    </p>
   </div>
   <div class='ocr_carea' id='block_1_33' title="bbox 531 1779 3746 1868">
    <p class='ocr_par' dir='ltr' id='par_1_33' title="bbox 531 1779 3746 1868">
     <span class='ocr_line' id='line_1_33' title="bbox 531 1779 3746 1868; baseline 0.004 -26"><span class='ocrx_word' id='word_1_255' title='bbox 531 1789 672 1858; x_wconf 90' lang='lat' dir='ltr'><strong>quod</strong></span> <span class='ocrx_word' id='word_1_256' title='bbox 705 1803 883 1841; x_wconf 89' lang='lat' dir='ltr'><strong>rerum</strong></span> <span class='ocrx_word' id='word_1_257' title='bbox 917 1794 1104 1860; x_wconf 86' lang='lat' dir='ltr'><strong>natura</strong></span> <span class='ocrx_word' id='word_1_258' title='bbox 1140 1799 1242 1838; x_wconf 92' lang='lat' dir='ltr'><strong>non</strong></span> <span class='ocrx_word' id='word_1_259' title='bbox 1274 1785 1456 1852; x_wconf 78' lang='lat' dir='ltr'><strong>capiat</strong></span> <span class='ocrx_word' id='word_1_260' title='bbox 1482 1785 1626 1840; x_wconf 90' lang='lat' dir='ltr'><strong>coire</strong></span> <span class='ocrx_word' id='word_1_261' title='bbox 1660 1785 1961 1853; x_wconf 88' lang='lat' dir='ltr'><strong>quempiam</strong></span> <span class='ocrx_word' id='word_1_262' title='bbox 1998 1799 2089 1839; x_wconf 87' lang='lat' dir='ltr'><strong>ne-</strong></span> <span class='ocrx_word' id='word_1_263' title='bbox 2115 1779 2161 1836; x_wconf 85' lang='lat' dir='ltr'><strong>B</strong></span> <span class='ocrx_word' id='word_1_264' title='bbox 2187 1791 2374 1856; x_wconf 82' lang='lat' dir='ltr'><strong>susque</strong></span> <span class='ocrx_word' id='word_1_265' title='bbox 2412 1789 2741 1858; x_wconf 70' lang='lat' dir='ltr'><strong>expostulans</strong></span> <span class='ocrx_word' id='word_1_266' title='bbox 2787 1793 2862 1846; x_wconf 86' lang='lat' dir='ltr'><strong>ait</strong></span> <span class='ocrx_word' id='word_1_267' title='bbox 2892 1810 2911 1847; x_wconf 90' lang='lat'><strong><em>:</em></strong></span> <span class='ocrx_word' id='word_1_268' title='bbox 2936 1794 3072 1859; x_wconf 83' lang='lat' dir='ltr'><strong>Quid</strong></span> <span class='ocrx_word' id='word_1_269' title='bbox 3098 1795 3268 1850; x_wconf 89' lang='lat' dir='ltr'><strong>vidisti</strong></span> <span class='ocrx_word' id='word_1_270' title='bbox 3299 1807 3354 1849; x_wconf 89' lang='lat' dir='ltr'><strong>ut</strong></span> <span class='ocrx_word' id='word_1_271' title='bbox 3378 1798 3475 1853; x_wconf 84' lang='lat' dir='ltr'><strong>hoc</strong></span> <span class='ocrx_word' id='word_1_272' title='bbox 3510 1800 3746 1868; x_wconf 71' lang='lat' dir='ltr'><strong>faceres!</strong></span> 
     </span>
    </p>
   </div>
   <div class='ocr_carea' id='block_1_34' title="bbox 529 1880 806 1934">
    <p class='ocr_par' dir='ltr' id='par_1_34' title="bbox 529 1880 806 1934">
     <span class='ocr_line' id='line_1_34' title="bbox 529 1880 806 1934; baseline -0.014 0"><span class='ocrx_word' id='word_1_273' title='bbox 529 1880 806 1934; x_wconf 86' lang='lat' dir='ltr'><strong>scientem.</strong></span> 
     </span>
    </p>
   </div>
   <div class='ocr_carea' id='block_1_35' title="bbox 597 1964 2086 2036">
    <p class='ocr_par' dir='ltr' id='par_1_35' title="bbox 597 1964 2086 2036">
     <span class='ocr_line' id='line_1_35' title="bbox 597 1964 2086 2036; baseline -0.001 -15"><span class='ocrx_word' id='word_1_274' title='bbox 597 1967 945 2036; x_wconf 83' lang='lat' dir='ltr'><strong>Conceperunt</strong></span> <span class='ocrx_word' id='word_1_275' title='bbox 970 1981 1089 2033; x_wconf 81' lang='lat' dir='ltr'><strong>ergo</strong></span> <span class='ocrx_word' id='word_1_276' title='bbox 1120 1965 1238 2018; x_wconf 70' lang='lat' dir='ltr'><strong>dure</strong></span> <span class='ocrx_word' id='word_1_277' title='bbox 1259 1965 1386 2032; x_wconf 64' lang='lat' dir='ltr'><strong>ﬁlia:</strong></span> <span class='ocrx_word' id='word_1_278' title='bbox 1415 1964 1510 2018; x_wconf 82' lang='lat' dir='ltr'><strong>Lot</strong></span> <span class='ocrx_word' id='word_1_279' title='bbox 1538 1966 1601 2017; x_wconf 91' lang='lat' dir='ltr'><strong>de</strong></span> <span class='ocrx_word' id='word_1_280' title='bbox 1624 1975 1770 2035; x_wconf 80' lang='lat' dir='ltr'><strong>patre</strong></span> <span class='ocrx_word' id='word_1_281' title='bbox 1787 1981 1915 2030; x_wconf 86' lang='lat' dir='ltr'><strong>suo;</strong></span> <span class='ocrx_word' id='word_1_282' title='bbox 1935 1982 2086 2035; x_wconf 73' lang='lat' dir='ltr'><strong>pepe-</strong></span> 
     </span>
    </p>
   </div>
   <div class='ocr_carea' id='block_1_36' title="bbox 525 2053 2084 2128">
    <p class='ocr_par' dir='ltr' id='par_1_36' title="bbox 525 2053 2084 2128">
     <span class='ocr_line' id='line_1_36' title="bbox 525 2053 2084 2128; baseline -0.003 -17"><span class='ocrx_word' id='word_1_283' title='bbox 525 2059 687 2128; x_wconf 86' lang='lat' dir='ltr'><strong>ritque</strong></span> <span class='ocrx_word' id='word_1_284' title='bbox 713 2055 882 2123; x_wconf 83' lang='lat' dir='ltr'><strong>major</strong></span> <span class='ocrx_word' id='word_1_285' title='bbox 906 2053 1096 2122; x_wconf 80' lang='lat' dir='ltr'><strong>ﬁlium,</strong></span> <span class='ocrx_word' id='word_1_286' title='bbox 1119 2062 1167 2106; x_wconf 86' lang='lat' dir='ltr'><strong>et</strong></span> <span class='ocrx_word' id='word_1_287' title='bbox 1193 2054 1384 2106; x_wconf 89' lang='lat' dir='ltr'><strong>vocavit</strong></span> <span class='ocrx_word' id='word_1_288' title='bbox 1410 2069 1593 2106; x_wconf 85' lang='lat' dir='ltr'><strong>nomen</strong></span> <span class='ocrx_word' id='word_1_289' title='bbox 1621 2054 1733 2121; x_wconf 86' lang='lat' dir='ltr'><strong>ejus</strong></span> <span class='ocrx_word' id='word_1_290' title='bbox 1761 2053 1938 2106; x_wconf 76' lang='lat' dir='ltr'><strong>Moab.</strong></span> <span class='ocrx_word' id='word_1_291' title='bbox 1965 2054 2084 2122; x_wconf 83' lang='lat' dir='ltr'><strong>Ipse</strong></span> 
     </span>
    </p>
   </div>
   <div class='ocr_carea' id='block_1_37' title="bbox 522 2141 2080 2214">
    <p class='ocr_par' dir='ltr' id='par_1_37' title="bbox 522 2141 2080 2214">
     <span class='ocr_line' id='line_1_37' title="bbox 522 2141 2080 2214; baseline -0.003 -15"><span class='ocrx_word' id='word_1_292' title='bbox 522 2156 594 2199; x_wconf 89' lang='lat' dir='ltr'><strong>est</strong></span> <span class='ocrx_word' id='word_1_293' title='bbox 622 2153 769 2214; x_wconf 87' lang='lat' dir='ltr'><strong>pater</strong></span> <span class='ocrx_word' id='word_1_294' title='bbox 793 2142 1140 2196; x_wconf 73' lang='lat' dir='ltr'><strong>Moabitarum</strong></span> <span class='ocrx_word' id='word_1_295' title='bbox 1178 2157 1336 2210; x_wconf 83' lang='lat' dir='ltr'><strong>usque</strong></span> <span class='ocrx_word' id='word_1_296' title='bbox 1371 2142 1424 2194; x_wconf 88' lang='lat' dir='ltr'><strong>in</strong></span> <span class='ocrx_word' id='word_1_297' title='bbox 1452 2151 1754 2210; x_wconf 64' lang='lat' dir='ltr'><strong>pauentem</strong></span> <span class='ocrx_word' id='word_1_298' title='bbox 1786 2142 1943 2196; x_wconf 88' lang='lat' dir='ltr'><strong>diem.</strong></span> <span class='ocrx_word' id='word_1_299' title='bbox 1975 2141 2080 2195; x_wconf 75' lang='lat' dir='ltr'><strong>Mi—</strong></span> 
     </span>
    </p>
   </div>
   <div class='ocr_carea' id='block_1_38' title="bbox 522 2231 2078 2304">
    <p class='ocr_par' dir='ltr' id='par_1_38' title="bbox 522 2231 2078 2304">
     <span class='ocr_line' id='line_1_38' title="bbox 522 2231 2078 2304; baseline 0 -17"><span class='ocrx_word' id='word_1_300' title='bbox 522 2252 619 2289; x_wconf 93' lang='lat' dir='ltr'><strong>nor</strong></span> <span class='ocrx_word' id='word_1_301' title='bbox 644 2251 841 2304; x_wconf 87' lang='lat' dir='ltr'><strong>quoque</strong></span> <span class='ocrx_word' id='word_1_302' title='bbox 866 2233 1057 2302; x_wconf 82' lang='lat' dir='ltr'><strong>peperit</strong></span> <span class='ocrx_word' id='word_1_303' title='bbox 1081 2231 1271 2300; x_wconf 80' lang='lat' dir='ltr'><strong>ﬁlium,</strong></span> <span class='ocrx_word' id='word_1_304' title='bbox 1299 2243 1344 2284; x_wconf 90' lang='lat' dir='ltr'><strong>et</strong></span> <span class='ocrx_word' id='word_1_305' title='bbox 1381 2233 1574 2285; x_wconf 86' lang='lat' dir='ltr'><strong>vocavit</strong></span> <span class='ocrx_word' id='word_1_306' title='bbox 1606 2249 1791 2287; x_wconf 86' lang='lat' dir='ltr'><strong>nomen</strong></span> <span class='ocrx_word' id='word_1_307' title='bbox 1814 2235 1926 2302; x_wconf 87' lang='lat' dir='ltr'><strong>ejus</strong></span> <span class='ocrx_word' id='word_1_308' title='bbox 1953 2235 2078 2287; x_wconf 78' lang='lat' dir='ltr'><strong>Am-</strong></span> 
     </span>
    </p>
   </div>
   <div class='ocr_carea' id='block_1_39' title="bbox 522 2322 2082 2396">
    <p class='ocr_par' dir='ltr' id='par_1_39' title="bbox 522 2322 2082 2396">
     <span class='ocr_line' id='line_1_39' title="bbox 522 2322 2082 2396; baseline -0.001 -18"><span class='ocrx_word' id='word_1_309' title='bbox 522 2343 661 2390; x_wconf 87' lang='lat' dir='ltr'><strong>mon,</strong></span> <span class='ocrx_word' id='word_1_310' title='bbox 695 2325 849 2382; x_wconf 74' lang='lat' dir='ltr'><strong>idest</strong></span> <span class='ocrx_word' id='word_1_311' title='bbox 879 2323 1018 2376; x_wconf 79' lang='lat' dir='ltr'><strong>illius</strong></span> <span class='ocrx_word' id='word_1_312' title='bbox 1053 2322 1230 2396; x_wconf 71' lang='lat' dir='ltr'><strong>pepuli</strong></span> <span class='ocrx_word' id='word_1_313' title='bbox 1262 2322 1387 2385; x_wconf 80' lang='lat' dir='ltr'><strong>mei,</strong></span> <span class='ocrx_word' id='word_1_314' title='bbox 1412 2323 1517 2391; x_wconf 88' lang='lat' dir='ltr'><strong>ipse</strong></span> <span class='ocrx_word' id='word_1_315' title='bbox 1542 2332 1615 2375; x_wconf 89' lang='lat' dir='ltr'><strong>est</strong></span> <span class='ocrx_word' id='word_1_316' title='bbox 1647 2333 1795 2391; x_wconf 87' lang='lat' dir='ltr'><strong>pater</strong></span> <span class='ocrx_word' id='word_1_317' title='bbox 1817 2323 2082 2376; x_wconf 79' lang='lat' dir='ltr'><strong>Ammoni—</strong></span> 
     </span>
    </p>
   </div>
   <div class='ocr_carea' id='block_1_40' title="bbox 520 2411 2083 2482">
    <p class='ocr_par' dir='ltr' id='par_1_40' title="bbox 520 2411 2083 2482">
     <span class='ocr_line' id='line_1_40' title="bbox 520 2411 2083 2482; baseline -0.001 -15"><span class='ocrx_word' id='word_1_318' title='bbox 520 2426 687 2467; x_wconf 88' lang='lat' dir='ltr'><strong>tarum</strong></span> <span class='ocrx_word' id='word_1_319' title='bbox 730 2429 890 2482; x_wconf 87' lang='lat' dir='ltr'><strong>usque</strong></span> <span class='ocrx_word' id='word_1_320' title='bbox 924 2413 1094 2465; x_wconf 85' lang='lat' dir='ltr'><strong>hodie.</strong></span> <span class='ocrx_word' id='word_1_321' title='bbox 1131 2411 1286 2466; x_wconf 76' lang='lat' dir='ltr'><strong>Moab</strong></span> <span class='ocrx_word' id='word_1_322' title='bbox 1319 2411 1702 2480; x_wconf 83' lang='lat' dir='ltr'><strong>interpretatur</strong></span> <span class='ocrx_word' id='word_1_323' title='bbox 1733 2428 1798 2464; x_wconf 74' lang='lat' dir='ltr'><strong>ex</strong></span> <span class='ocrx_word' id='word_1_324' title='bbox 1829 2423 1995 2482; x_wconf 84' lang='lat' dir='ltr'><strong>patre,</strong></span> <span class='ocrx_word' id='word_1_325' title='bbox 2028 2420 2083 2468; x_wconf 91' lang='lat' dir='ltr'><strong>et</strong></span> 
     </span>
    </p>
   </div>
   <div class='ocr_carea' id='block_1_41' title="bbox 521 2500 2078 2572">
    <p class='ocr_par' dir='ltr' id='par_1_41' title="bbox 521 2500 2078 2572">
     <span class='ocr_line' id='line_1_41' title="bbox 521 2500 2078 2572; baseline 0.001 -17"><span class='ocrx_word' id='word_1_326' title='bbox 521 2513 688 2556; x_wconf 87' lang='lat' dir='ltr'><strong>totum</strong></span> <span class='ocrx_word' id='word_1_327' title='bbox 712 2507 901 2558; x_wconf 85' lang='lat' dir='ltr'><strong>nomen</strong></span> <span class='ocrx_word' id='word_1_328' title='bbox 936 2500 1306 2572; x_wconf 78' lang='lat' dir='ltr'><strong>etymologiam</strong></span> <span class='ocrx_word' id='word_1_329' title='bbox 1329 2501 1511 2553; x_wconf 90' lang='lat' dir='ltr'><strong>habet.</strong></span> <span class='ocrx_word' id='word_1_330' title='bbox 1542 2500 1772 2554; x_wconf 88' lang='lat' dir='ltr'><strong>Ammon</strong></span> <span class='ocrx_word' id='word_1_331' title='bbox 1807 2517 1952 2566; x_wconf 88' lang='lat' dir='ltr'><strong>vero,</strong></span> <span class='ocrx_word' id='word_1_332' title='bbox 1982 2517 2078 2556; x_wconf 89' lang='lat' dir='ltr'><strong>cu-</strong></span> 
     </span>
    </p>
   </div>
   <div class='ocr_carea' id='block_1_42' title="bbox 513 2581 2077 2663">
    <p class='ocr_par' dir='ltr' id='par_1_42' title="bbox 513 2581 2077 2663">
     <span class='ocr_line' id='line_1_42' title="bbox 513 2581 2077 2663; baseline 0.001 -16"><span class='ocrx_word' id='word_1_333' title='bbox 513 2593 602 2662; x_wconf 85' lang='lat' dir='ltr'><strong>jus</strong></span> <span class='ocrx_word' id='word_1_334' title='bbox 625 2595 835 2663; x_wconf 86' lang='lat' dir='ltr'><strong>quidem</strong></span> <span class='ocrx_word' id='word_1_335' title='bbox 859 2610 1015 2648; x_wconf 89' lang='lat' dir='ltr'><strong>causa</strong></span> <span class='ocrx_word' id='word_1_336' title='bbox 1041 2595 1269 2648; x_wconf 87' lang='lat' dir='ltr'><strong>nominis</strong></span> <span class='ocrx_word' id='word_1_337' title='bbox 1289 2593 1546 2658; x_wconf 85' lang='lat' dir='ltr'><strong>redditur,</strong></span> <span class='ocrx_word' id='word_1_338' title='bbox 1570 2581 1709 2661; x_wconf 58' lang='lat' dir='ltr'><strong>ﬁliui</strong></span> <span class='ocrx_word' id='word_1_339' title='bbox 1738 2596 1935 2663; x_wconf 84' lang='lat' dir='ltr'><strong>generis</strong></span> <span class='ocrx_word' id='word_1_340' title='bbox 1958 2593 2077 2659; x_wconf 89' lang='lat' dir='ltr'><strong>mei,</strong></span> 
     </span>
    </p>
   </div>
   <div class='ocr_carea' id='block_1_43' title="bbox 497 2684 2080 2754">
    <p class='ocr_par' dir='ltr' id='par_1_43' title="bbox 497 2684 2080 2754">
     <span class='ocr_line' id='line_1_43' title="bbox 497 2684 2080 2754; baseline 0.001 -16"><span class='ocrx_word' id='word_1_341' title='bbox 497 2687 652 2749; x_wconf 82' lang='lat' dir='ltr'><strong>sive,</strong></span> <span class='ocrx_word' id='word_1_342' title='bbox 685 2695 742 2740; x_wconf 89' lang='lat' dir='ltr'><strong>ut</strong></span> <span class='ocrx_word' id='word_1_343' title='bbox 775 2686 966 2739; x_wconf 90' lang='lat' dir='ltr'><strong>melius</strong></span> <span class='ocrx_word' id='word_1_344' title='bbox 993 2693 1076 2739; x_wconf 91' lang='lat' dir='ltr'><strong>est</strong></span> <span class='ocrx_word' id='word_1_345' title='bbox 1107 2685 1159 2738; x_wconf 93' lang='lat' dir='ltr'><strong>in</strong></span> <span class='ocrx_word' id='word_1_346' title='bbox 1191 2684 1432 2747; x_wconf 66' lang='lat' dir='ltr'><strong>Hebraeo,</strong></span> <span class='ocrx_word' id='word_1_347' title='bbox 1466 2685 1604 2752; x_wconf 80' lang='lat' dir='ltr'><strong>ﬁlius</strong></span> <span class='ocrx_word' id='word_1_348' title='bbox 1641 2686 1818 2754; x_wconf 85' lang='lat' dir='ltr'><strong>populi</strong></span> <span class='ocrx_word' id='word_1_349' title='bbox 1848 2686 1971 2750; x_wconf 89' lang='lat' dir='ltr'><strong>mei,</strong></span> <span class='ocrx_word' id='word_1_350' title='bbox 2002 2685 2080 2739; x_wconf 89' lang='lat' dir='ltr'><strong>sic</strong></span> 
     </span>
    </p>
   </div>
   <div class='ocr_carea' id='block_1_44' title="bbox 521 2771 2081 2841">
    <p class='ocr_par' dir='ltr' id='par_1_44' title="bbox 521 2771 2081 2841">
     <span class='ocr_line' id='line_1_44' title="bbox 521 2771 2081 2841; baseline 0.001 -17"><span class='ocrx_word' id='word_1_351' title='bbox 521 2773 812 2835; x_wconf 78' lang='lat' dir='ltr'><strong>derivatur,</strong></span> <span class='ocrx_word' id='word_1_352' title='bbox 847 2780 905 2824; x_wconf 86' lang='lat' dir='ltr'><strong>ut</strong></span> <span class='ocrx_word' id='word_1_353' title='bbox 933 2788 998 2825; x_wconf 83' lang='lat' dir='ltr'><strong>ex</strong></span> <span class='ocrx_word' id='word_1_354' title='bbox 1030 2780 1180 2839; x_wconf 89' lang='lat' dir='ltr'><strong>parte</strong></span> <span class='ocrx_word' id='word_1_355' title='bbox 1223 2787 1414 2825; x_wconf 88' lang='lat' dir='ltr'><strong>sensus</strong></span> <span class='ocrx_word' id='word_1_356' title='bbox 1450 2771 1698 2836; x_wconf 89' lang='lat' dir='ltr'><strong>nominis,</strong></span> <span class='ocrx_word' id='word_1_357' title='bbox 1737 2780 1793 2824; x_wconf 90' lang='lat' dir='ltr'><strong>et</strong></span> <span class='ocrx_word' id='word_1_358' title='bbox 1825 2787 1892 2826; x_wconf 80' lang='lat' dir='ltr'><strong>ex</strong></span> <span class='ocrx_word' id='word_1_359' title='bbox 1931 2781 2081 2841; x_wconf 89' lang='lat' dir='ltr'><strong>parte</strong></span> 
     </span>
    </p>
   </div>
   <div class='ocr_carea' id='block_1_45' title="bbox 518 2863 2082 2934">
    <p class='ocr_par' dir='ltr' id='par_1_45' title="bbox 518 2863 2082 2934">
     <span class='ocr_line' id='line_1_45' title="bbox 518 2863 2082 2934; baseline 0 -16"><span class='ocrx_word' id='word_1_360' title='bbox 518 2865 631 2934; x_wconf 82' lang='lat' dir='ltr'><strong>ipse</strong></span> <span class='ocrx_word' id='word_1_361' title='bbox 652 2865 722 2918; x_wconf 88' lang='lat' dir='ltr'><strong>sit</strong></span> <span class='ocrx_word' id='word_1_362' title='bbox 741 2879 934 2918; x_wconf 83' lang='lat' dir='ltr'><strong>sermo.</strong></span> <span class='ocrx_word' id='word_1_363' title='bbox 967 2863 1136 2917; x_wconf 82' lang='lat' dir='ltr'><strong>Ammi</strong></span> <span class='ocrx_word' id='word_1_364' title='bbox 1157 2873 1265 2926; x_wconf 63' lang='lat' dir='ltr'><strong>tm</strong></span> <span class='ocrx_word' id='word_1_365' title='bbox 1286 2864 1451 2929; x_wconf 90' lang='lat' dir='ltr'><strong>enim,</strong></span> <span class='ocrx_word' id='word_1_366' title='bbox 1475 2879 1504 2916; x_wconf 90' lang='lat' dir='ltr'><strong>a</strong></span> <span class='ocrx_word' id='word_1_367' title='bbox 1527 2879 1632 2932; x_wconf 91' lang='lat' dir='ltr'><strong>quo</strong></span> <span class='ocrx_word' id='word_1_368' title='bbox 1651 2865 1780 2918; x_wconf 91' lang='lat' dir='ltr'><strong>dicti</strong></span> <span class='ocrx_word' id='word_1_369' title='bbox 1803 2875 1929 2919; x_wconf 90' lang='lat' dir='ltr'><strong>sunt</strong></span> <span class='ocrx_word' id='word_1_370' title='bbox 1955 2866 2082 2918; x_wconf 91' lang='lat' dir='ltr'><strong>Am-</strong></span> 
     </span>
    </p>
   </div>
   <div class='ocr_carea' id='block_1_46' title="bbox 516 2951 2081 3028">
    <p class='ocr_par' dir='ltr' id='par_1_46' title="bbox 516 2951 2081 3028">
     <span class='ocr_line' id='line_1_46' title="bbox 516 2951 2081 3028; baseline -0.001 -20"><span class='ocrx_word' id='word_1_371' title='bbox 516 2954 754 3017; x_wconf 70' lang='lat' dir='ltr'><strong>monitai,</strong></span> <span class='ocrx_word' id='word_1_372' title='bbox 787 2962 1014 3007; x_wconf 83' lang='lat' dir='ltr'><strong>.vocatur</strong></span> <span class='ocrx_word' id='word_1_373' title='bbox 1051 2951 1270 3022; x_wconf 86' lang='lat' dir='ltr'><strong>papulus</strong></span> <span class='ocrx_word' id='word_1_374' title='bbox 1309 2969 1471 3005; x_wconf 87' lang='lat' dir='ltr'><strong>meus.</strong></span> <span class='ocrx_word' id='word_1_375' title='bbox 1511 2952 1583 3028; x_wconf 84' lang='lat' dir='ltr'><strong>In</strong></span> <span class='ocrx_word' id='word_1_376' title='bbox 1609 2953 1725 3020; x_wconf 91' lang='lat' dir='ltr'><strong>ipso</strong></span> <span class='ocrx_word' id='word_1_377' title='bbox 1765 2961 1941 3006; x_wconf 84' lang='lat' dir='ltr'><strong>autem</strong></span> <span class='ocrx_word' id='word_1_378' title='bbox 1983 2953 2081 3006; x_wconf 87' lang='lat' dir='ltr'><strong>Lot</strong></span> 
     </span>
    </p>
   </div>
   <div class='ocr_carea' id='block_1_47' title="bbox 514 3042 2078 3113">
    <p class='ocr_par' dir='ltr' id='par_1_47' title="bbox 514 3042 2078 3113">
     <span class='ocr_line' id='line_1_47' title="bbox 514 3042 2078 3113; baseline -0.001 -17"><span class='ocrx_word' id='word_1_379' title='bbox 514 3043 727 3113; x_wconf 55' lang='lat' dir='ltr'><strong>esitando</strong></span> <span class='ocrx_word' id='word_1_380' title='bbox 759 3042 877 3096; x_wconf 74' lang='lat' dir='ltr'><strong>ﬁliae</strong></span> <span class='ocrx_word' id='word_1_381' title='bbox 891 3044 1302 3096; x_wconf 79' lang='lat' dir='ltr'><strong>concubuerunt</strong></span> <span class='ocrx_word' id='word_1_382' title='bbox 1331 3057 1450 3096; x_wconf 91' lang='lat' dir='ltr'><strong>cum</strong></span> <span class='ocrx_word' id='word_1_383' title='bbox 1478 3057 1561 3106; x_wconf 91' lang='lat' dir='ltr'><strong>eo,</strong></span> <span class='ocrx_word' id='word_1_384' title='bbox 1593 3058 1698 3096; x_wconf 89' lang='lat' dir='ltr'><strong>non</strong></span> <span class='ocrx_word' id='word_1_385' title='bbox 1730 3042 1855 3096; x_wconf 90' lang='lat' dir='ltr'><strong>illud</strong></span> <span class='ocrx_word' id='word_1_386' title='bbox 1881 3043 2020 3111; x_wconf 91' lang='lat' dir='ltr'><strong>quod</strong></span> <span class='ocrx_word' id='word_1_387' title='bbox 2048 3058 2078 3095; x_wconf 91' lang='lat' dir='ltr'><strong>a</strong></span> 
     </span>
    </p>
   </div>
   <div class='ocr_carea' id='block_1_48' title="bbox 2188 1874 3745 1951">
    <p class='ocr_par' dir='ltr' id='par_1_48' title="bbox 2188 1874 3745 1951">
     <span class='ocr_line' id='line_1_48' title="bbox 2188 1874 3745 1951; baseline 0.011 -24"><span class='ocrx_word' id='word_1_388' title='bbox 2188 1874 2468 1944; x_wconf 85' lang='lat' dir='ltr'><strong>Respondit</strong></span> <span class='ocrx_word' id='word_1_389' title='bbox 2505 1879 2798 1933; x_wconf 79' lang='lat' dir='ltr'><strong>Abraham:</strong></span> <span class='ocrx_word' id='word_1_390' title='bbox 2844 1882 3077 1951; x_wconf 82' lang='lat' dir='ltr'><strong>Cogitavi</strong></span> <span class='ocrx_word' id='word_1_391' title='bbox 3103 1885 3297 1939; x_wconf 85' lang='lat' dir='ltr'><strong>mecum</strong></span> <span class='ocrx_word' id='word_1_392' title='bbox 3322 1887 3495 1942; x_wconf 85' lang='lat' dir='ltr'><strong>dicens</strong></span> <span class='ocrx_word' id='word_1_393' title='bbox 3514 1906 3533 1942; x_wconf 89' lang='lat'><strong><em>:</em></strong></span> <span class='ocrx_word' id='word_1_394' title='bbox 3562 1889 3745 1945; x_wconf 73' lang='lat' dir='ltr'><strong>Forsi-</strong></span> 
     </span>
    </p>
   </div>
   <div class='ocr_carea' id='block_1_49' title="bbox 2183 1966 3743 2044">
    <p class='ocr_par' dir='ltr' id='par_1_49' title="bbox 2183 1966 3743 2044">
     <span class='ocr_line' id='line_1_49' title="bbox 2183 1966 3743 2044; baseline 0.014 -32"><span class='ocrx_word' id='word_1_395' title='bbox 2183 1971 2274 2013; x_wconf 88' lang='lat' dir='ltr'><strong>tan</strong></span> <span class='ocrx_word' id='word_1_396' title='bbox 2301 1978 2402 2015; x_wconf 74' lang='lat' dir='ltr'><strong>non</strong></span> <span class='ocrx_word' id='word_1_397' title='bbox 2441 1973 2516 2016; x_wconf 87' lang='lat' dir='ltr'><strong>est</strong></span> <span class='ocrx_word' id='word_1_398' title='bbox 2565 1966 2722 2018; x_wconf 86' lang='lat' dir='ltr'><strong>timor</strong></span> <span class='ocrx_word' id='word_1_399' title='bbox 2759 1967 2853 2020; x_wconf 85' lang='lat' dir='ltr'><strong>Dei</strong></span> <span class='ocrx_word' id='word_1_400' title='bbox 2874 1971 2928 2022; x_wconf 88' lang='lat' dir='ltr'><strong>in</strong></span> <span class='ocrx_word' id='word_1_401' title='bbox 2972 1969 3084 2024; x_wconf 89' lang='lat' dir='ltr'><strong>loco</strong></span> <span class='ocrx_word' id='word_1_402' title='bbox 3108 1974 3228 2036; x_wconf 89' lang='lat' dir='ltr'><strong>isto,</strong></span> <span class='ocrx_word' id='word_1_403' title='bbox 3258 1984 3305 2028; x_wconf 87' lang='lat' dir='ltr'><strong>et</strong></span> <span class='ocrx_word' id='word_1_404' title='bbox 3331 1978 3637 2044; x_wconf 77' lang='lat' dir='ltr'><strong>interficient</strong></span> <span class='ocrx_word' id='word_1_405' title='bbox 3665 1986 3743 2034; x_wconf 81' lang='lat' dir='ltr'><strong>me</strong></span> 
     </span>
    </p>
   </div>
   <div class='ocr_carea' id='block_1_50' title="bbox 2179 2057 3742 2121">
    <p class='ocr_par' dir='ltr' id='par_1_50' title="bbox 2179 2057 3742 2121">
     <span class='ocr_line' id='line_1_50' title="bbox 2179 2057 3742 2121; baseline 0.013 -21"><span class='ocrx_word' id='word_1_406' title='bbox 2179 2060 2384 2116; x_wconf 88' lang='lat' dir='ltr'><strong>propter</strong></span> <span class='ocrx_word' id='word_1_407' title='bbox 2417 2068 2629 2106; x_wconf 76' lang='lat' dir='ltr'><strong>uxorem</strong></span> <span class='ocrx_word' id='word_1_408' title='bbox 2656 2071 2841 2109; x_wconf 84' lang='lat' dir='ltr'><strong>meam.</strong></span> <span class='ocrx_word' id='word_1_409' title='bbox 2876 2057 3020 2111; x_wconf 79' lang='lat' dir='ltr'><strong>Alias</strong></span> <span class='ocrx_word' id='word_1_410' title='bbox 3057 2070 3226 2113; x_wconf 87' lang='lat' dir='ltr'><strong>autem</strong></span> <span class='ocrx_word' id='word_1_411' title='bbox 3249 2071 3297 2114; x_wconf 91' lang='lat' dir='ltr'><strong>et</strong></span> <span class='ocrx_word' id='word_1_412' title='bbox 3327 2080 3438 2117; x_wconf 84' lang='lat' dir='ltr'><strong>vere</strong></span> <span class='ocrx_word' id='word_1_413' title='bbox 3457 2082 3610 2120; x_wconf 92' lang='lat' dir='ltr'><strong>soror</strong></span> <span class='ocrx_word' id='word_1_414' title='bbox 3630 2084 3742 2121; x_wconf 88' lang='lat' dir='ltr'><strong>mea</strong></span> 
     </span>
    </p>
   </div>
   <div class='ocr_carea' id='block_1_51' title="bbox 2179 2140 3824 2228">
    <p class='ocr_par' dir='ltr' id='par_1_51' title="bbox 2179 2140 3824 2228">
     <span class='ocr_line' id='line_1_51' title="bbox 2179 2140 3824 2228; baseline 0.012 -39"><span class='ocrx_word' id='word_1_415' title='bbox 2179 2149 2272 2204; x_wconf 86' lang='lat' dir='ltr'><strong>est,</strong></span> <span class='ocrx_word' id='word_1_416' title='bbox 2295 2140 2404 2206; x_wconf 75' lang='lat' dir='ltr'><strong>ﬁlia</strong></span> <span class='ocrx_word' id='word_1_417' title='bbox 2433 2143 2740 2228; x_wconf 60' lang='lat' dir='ltr'><strong>patrismei,</strong></span> <span class='ocrx_word' id='word_1_418' title='bbox 2757 2155 2802 2198; x_wconf 89' lang='lat' dir='ltr'><strong>et</strong></span> <span class='ocrx_word' id='word_1_419' title='bbox 2828 2162 2930 2200; x_wconf 89' lang='lat' dir='ltr'><strong>non</strong></span> <span class='ocrx_word' id='word_1_420' title='bbox 2949 2147 3061 2216; x_wconf 74' lang='lat' dir='ltr'><strong>ﬁlia</strong></span> <span class='ocrx_word' id='word_1_421' title='bbox 3102 2153 3298 2205; x_wconf 85' lang='lat' dir='ltr'><strong>matris.</strong></span> <span class='ocrx_word' id='word_1_422' title='bbox 3331 2169 3479 2219; x_wconf 77' lang='lat' dir='ltr'><strong>mete,</strong></span> <span class='ocrx_word' id='word_1_423' title='bbox 3517 2165 3568 2209; x_wconf 87' lang='lat' dir='ltr'><strong>et</strong></span> <span class='ocrx_word' id='word_1_424' title='bbox 3613 2157 3739 2210; x_wconf 65' lang='lat' dir='ltr'><strong>duxi</strong></span> <span class='ocrx_word' id='word_1_425' title='bbox 3821 2178 3824 2182; x_wconf 64' lang='lat'>&#39;</span> 
     </span>
    </p>
   </div>
   <div class='ocr_carea' id='block_1_52' title="bbox 2179 2234 3741 2314">
    <p class='ocr_par' dir='ltr' id='par_1_52' title="bbox 2179 2234 3741 2314">
     <span class='ocr_line' id='line_1_52' title="bbox 2179 2234 3741 2314; baseline 0.014 -32"><span class='ocrx_word' id='word_1_426' title='bbox 2179 2246 2290 2282; x_wconf 91' lang='lat' dir='ltr'><strong>eam</strong></span> <span class='ocrx_word' id='word_1_427' title='bbox 2317 2248 2548 2285; x_wconf 75' lang='lat' dir='ltr'><strong>uxorem.</strong></span> <span class='ocrx_word' id='word_1_428' title='bbox 2575 2234 2779 2288; x_wconf 79' lang='lat' dir='ltr'><strong>Etenim</strong></span> <span class='ocrx_word' id='word_1_429' title='bbox 2802 2254 2913 2290; x_wconf 86' lang='lat' dir='ltr'><strong>vere</strong></span> <span class='ocrx_word' id='word_1_430' title='bbox 2934 2256 3082 2293; x_wconf 92' lang='lat' dir='ltr'><strong>soror</strong></span> <span class='ocrx_word' id='word_1_431' title='bbox 3102 2259 3215 2295; x_wconf 86' lang='lat' dir='ltr'><strong>mea</strong></span> <span class='ocrx_word' id='word_1_432' title='bbox 3237 2255 3309 2297; x_wconf 88' lang='lat' dir='ltr'><strong>est</strong></span> <span class='ocrx_word' id='word_1_433' title='bbox 3323 2245 3385 2298; x_wconf 89' lang='lat' dir='ltr'><strong>de</strong></span> <span class='ocrx_word' id='word_1_434' title='bbox 3398 2257 3547 2314; x_wconf 88' lang='lat' dir='ltr'><strong>patre</strong></span> <span class='ocrx_word' id='word_1_435' title='bbox 3566 2259 3612 2302; x_wconf 91' lang='lat' dir='ltr'><strong>et</strong></span> <span class='ocrx_word' id='word_1_436' title='bbox 3635 2267 3741 2303; x_wconf 81' lang='lat' dir='ltr'><strong>non</strong></span> 
     </span>
    </p>
   </div>
   <div class='ocr_carea' id='block_1_53' title="bbox 2179 2317 3740 2395">
    <p class='ocr_par' dir='ltr' id='par_1_53' title="bbox 2179 2317 3740 2395">
     <span class='ocr_line' id='line_1_53' title="bbox 2179 2317 3740 2395; baseline 0.015 -26"><span class='ocrx_word' id='word_1_437' title='bbox 2179 2317 2241 2369; x_wconf 89' lang='lat' dir='ltr'><strong>de</strong></span> <span class='ocrx_word' id='word_1_438' title='bbox 2265 2317 2446 2382; x_wconf 84' lang='lat' dir='ltr'><strong>matre,</strong></span> <span class='ocrx_word' id='word_1_439' title='bbox 2479 2320 2528 2374; x_wconf 93' lang='lat' dir='ltr'><strong>id</strong></span> <span class='ocrx_word' id='word_1_440' title='bbox 2554 2331 2657 2388; x_wconf 90' lang='lat' dir='ltr'><strong>est,</strong></span> <span class='ocrx_word' id='word_1_441' title='bbox 2689 2323 2871 2380; x_wconf 82' lang='lat' dir='ltr'><strong>fratris</strong></span> <span class='ocrx_word' id='word_1_442' title='bbox 2904 2327 3083 2382; x_wconf 85' lang='lat' dir='ltr'><strong>Aaran</strong></span> <span class='ocrx_word' id='word_1_443' title='bbox 3109 2329 3235 2395; x_wconf 75' lang='lat' dir='ltr'><strong>lilia,</strong></span> <span class='ocrx_word' id='word_1_444' title='bbox 3259 2347 3364 2386; x_wconf 90' lang='lat' dir='ltr'><strong>non</strong></span> <span class='ocrx_word' id='word_1_445' title='bbox 3394 2338 3615 2391; x_wconf 87' lang='lat' dir='ltr'><strong>sororis.</strong></span> <span class='ocrx_word' id='word_1_446' title='bbox 3638 2339 3740 2392; x_wconf 86' lang='lat' dir='ltr'><strong>Sed</strong></span> 
     </span>
    </p>
   </div>
   <div class='ocr_carea' id='block_1_54' title="bbox 2178 2405 3740 2494">
    <p class='ocr_par' dir='ltr' id='par_1_54' title="bbox 2178 2405 3740 2494">
     <span class='ocr_line' id='line_1_54' title="bbox 2178 2405 3740 2494; baseline 0.015 -38"><span class='ocrx_word' id='word_1_447' title='bbox 2178 2405 2298 2473; x_wconf 88' lang='lat' dir='ltr'><strong>quia</strong></span> <span class='ocrx_word' id='word_1_448' title='bbox 2335 2408 2388 2460; x_wconf 92' lang='lat' dir='ltr'><strong>in</strong></span> <span class='ocrx_word' id='word_1_449' title='bbox 2423 2408 2642 2465; x_wconf 63' lang='lat' dir='ltr'><strong>Hebraeo</strong></span> <span class='ocrx_word' id='word_1_450' title='bbox 2672 2412 2856 2466; x_wconf 87' lang='lat' dir='ltr'><strong>habet:</strong></span> <span class='ocrx_word' id='word_1_451' title='bbox 2893 2414 3023 2468; x_wconf 89' lang='lat' dir='ltr'><strong>Vere</strong></span> <span class='ocrx_word' id='word_1_452' title='bbox 3060 2434 3208 2470; x_wconf 84' lang='lat' dir='ltr'><strong>soror</strong></span> <span class='ocrx_word' id='word_1_453' title='bbox 3228 2425 3340 2473; x_wconf 83' lang='lat' dir='ltr'><strong>mea</strong></span> <span class='ocrx_word' id='word_1_454' title='bbox 3379 2433 3477 2488; x_wconf 89' lang='lat' dir='ltr'><strong>est,</strong></span> <span class='ocrx_word' id='word_1_455' title='bbox 3504 2424 3619 2490; x_wconf 81' lang='lat' dir='ltr'><strong>ﬁlia</strong></span> <span class='ocrx_word' id='word_1_456' title='bbox 3651 2443 3740 2494; x_wconf 78' lang='lat' dir='ltr'><strong>pa-</strong></span> 
     </span>
    </p>
   </div>
   <div class='ocr_carea' id='block_1_55' title="bbox 2178 2497 3740 2583">
    <p class='ocr_par' dir='ltr' id='par_1_55' title="bbox 2178 2497 3740 2583">
     <span class='ocr_line' id='line_1_55' title="bbox 2178 2497 3740 2583; baseline 0.015 -37"><span class='ocrx_word' id='word_1_457' title='bbox 2178 2497 2273 2548; x_wconf 88' lang='lat' dir='ltr'><strong>tris</strong></span> <span class='ocrx_word' id='word_1_458' title='bbox 2296 2499 2416 2562; x_wconf 86' lang='lat' dir='ltr'><strong>mei,</strong></span> <span class='ocrx_word' id='word_1_459' title='bbox 2468 2499 2557 2554; x_wconf 84' lang='lat' dir='ltr'><strong>sed</strong></span> <span class='ocrx_word' id='word_1_460' title='bbox 2601 2518 2703 2555; x_wconf 90' lang='lat' dir='ltr'><strong>non</strong></span> <span class='ocrx_word' id='word_1_461' title='bbox 2744 2503 2856 2564; x_wconf 79' lang='lat' dir='ltr'><strong>ﬁlia</strong></span> <span class='ocrx_word' id='word_1_462' title='bbox 2898 2507 3079 2559; x_wconf 83' lang='lat' dir='ltr'><strong>matris</strong></span> <span class='ocrx_word' id='word_1_463' title='bbox 3130 2525 3278 2573; x_wconf 70' lang='lat' dir='ltr'><strong>mete,</strong></span> <span class='ocrx_word' id='word_1_464' title='bbox 3308 2519 3361 2564; x_wconf 86' lang='lat' dir='ltr'><strong>et</strong></span> <span class='ocrx_word' id='word_1_465' title='bbox 3389 2515 3560 2583; x_wconf 88' lang='lat' dir='ltr'><strong>magis</strong></span> <span class='ocrx_word' id='word_1_466' title='bbox 3584 2525 3740 2568; x_wconf 87' lang='lat' dir='ltr'><strong>sonat</strong></span> 
     </span>
    </p>
   </div>
   <div class='ocr_carea' id='block_1_56' title="bbox 2178 2587 3736 2672">
    <p class='ocr_par' dir='ltr' id='par_1_56' title="bbox 2178 2587 3736 2672">
     <span class='ocr_line' id='line_1_56' title="bbox 2178 2587 3736 2672; baseline 0.011 -33"><span class='ocrx_word' id='word_1_467' title='bbox 2178 2587 2315 2654; x_wconf 90' lang='lat' dir='ltr'><strong>quod</strong></span> <span class='ocrx_word' id='word_1_468' title='bbox 2337 2602 2489 2642; x_wconf 90' lang='lat' dir='ltr'><strong>soror</strong></span> <span class='ocrx_word' id='word_1_469' title='bbox 2516 2589 2742 2645; x_wconf 76' lang='lat' dir='ltr'><strong>Abrahze</strong></span> <span class='ocrx_word' id='word_1_470' title='bbox 2779 2592 2960 2658; x_wconf 81' lang='lat' dir='ltr'><strong>luerit,</strong></span> <span class='ocrx_word' id='word_1_471' title='bbox 2994 2596 3045 2648; x_wconf 92' lang='lat' dir='ltr'><strong>in</strong></span> <span class='ocrx_word' id='word_1_472' title='bbox 3079 2600 3424 2654; x_wconf 79' lang='lat' dir='ltr'><strong>excusatione</strong></span> <span class='ocrx_word' id='word_1_473' title='bbox 3453 2603 3571 2672; x_wconf 84' lang='lat' dir='ltr'><strong>ejus</strong></span> <span class='ocrx_word' id='word_1_474' title='bbox 3607 2605 3736 2657; x_wconf 86' lang='lat' dir='ltr'><strong>dici-</strong></span> 
     </span>
    </p>
   </div>
   <div class='ocr_carea' id='block_1_57' title="bbox 2179 2672 3739 2759">
    <p class='ocr_par' dir='ltr' id='par_1_57' title="bbox 2179 2672 3739 2759">
     <span class='ocr_line' id='line_1_57' title="bbox 2179 2672 3739 2759; baseline 0.011 -31"><span class='ocrx_word' id='word_1_475' title='bbox 2179 2691 2312 2739; x_wconf 88' lang='lat' dir='ltr'><strong>mus,</strong></span> <span class='ocrx_word' id='word_1_476' title='bbox 2347 2679 2570 2731; x_wconf 89' lang='lat' dir='ltr'><strong>necdum</strong></span> <span class='ocrx_word' id='word_1_477' title='bbox 2601 2680 2688 2735; x_wconf 91' lang='lat' dir='ltr'><strong>illo</strong></span> <span class='ocrx_word' id='word_1_478' title='bbox 2719 2688 2956 2750; x_wconf 81' lang='lat' dir='ltr'><strong>tempore</strong></span> <span class='ocrx_word' id='word_1_479' title='bbox 2979 2685 3113 2740; x_wconf 86' lang='lat' dir='ltr'><strong>tales</strong></span> <span class='ocrx_word' id='word_1_480' title='bbox 3155 2672 3366 2755; x_wconf 83' lang='lat' dir='ltr'><strong>nuptias</strong></span> <span class='ocrx_word' id='word_1_481' title='bbox 3407 2689 3524 2758; x_wconf 86' lang='lat' dir='ltr'><strong>lege</strong></span> <span class='ocrx_word' id='word_1_482' title='bbox 3552 2693 3739 2759; x_wconf 79' lang='lat' dir='ltr'><strong>prohi-</strong></span> 
     </span>
    </p>
   </div>
   <div class='ocr_carea' id='block_1_58' title="bbox 2177 2767 3740 2850">
    <p class='ocr_par' dir='ltr' id='par_1_58' title="bbox 2177 2767 3740 2850">
     <span class='ocr_line' id='line_1_58' title="bbox 2177 2767 3740 2850; baseline 0.011 -30"><span class='ocrx_word' id='word_1_483' title='bbox 2177 2767 2336 2820; x_wconf 85' lang='lat' dir='ltr'><strong>bitas.</strong></span> <span class='ocrx_word' id='word_1_484' title='bbox 2367 2767 2544 2838; x_wconf 84' lang='lat' dir='ltr'><strong>(Isid.)</strong></span> <span class='ocrx_word' id='word_1_485' title='bbox 2573 2768 2775 2825; x_wconf 90' lang='lat' dir='ltr'><strong>Dehinc</strong></span> <span class='ocrx_word' id='word_1_486' title='bbox 2802 2772 3024 2827; x_wconf 89' lang='lat' dir='ltr'><strong>historia</strong></span> <span class='ocrx_word' id='word_1_487' title='bbox 3047 2775 3111 2829; x_wconf 90' lang='lat' dir='ltr'><strong>de</strong></span> <span class='ocrx_word' id='word_1_488' title='bbox 3138 2776 3466 2844; x_wconf 90' lang='lat' dir='ltr'><strong>Abimelech,</strong></span> <span class='ocrx_word' id='word_1_489' title='bbox 3528 2773 3740 2850; x_wconf 79' lang='lat' dir='ltr'><strong>quando</strong></span> 
     </span>
    </p>
   </div>
   <div class='ocr_carea' id='block_1_59' title="bbox 2179 2851 3738 2933">
    <p class='ocr_par' dir='ltr' id='par_1_59' title="bbox 2179 2851 3738 2933">
     <span class='ocr_line' id='line_1_59' title="bbox 2179 2851 3738 2933; baseline 0.011 -23"><span class='ocrx_word' id='word_1_490' title='bbox 2179 2857 2446 2912; x_wconf 87' lang='lat' dir='ltr'><strong>Abraham</strong></span> <span class='ocrx_word' id='word_1_491' title='bbox 2474 2851 2592 2913; x_wconf 85' lang='lat' dir='ltr'><strong>tulit</strong></span> <span class='ocrx_word' id='word_1_492' title='bbox 2613 2877 2832 2916; x_wconf 82' lang='lat' dir='ltr'><strong>uxorem</strong></span> <span class='ocrx_word' id='word_1_493' title='bbox 2861 2880 3011 2918; x_wconf 91' lang='lat' dir='ltr'><strong>suam</strong></span> <span class='ocrx_word' id='word_1_494' title='bbox 3040 2866 3224 2921; x_wconf 90' lang='lat' dir='ltr'><strong>Saram</strong></span> <span class='ocrx_word' id='word_1_495' title='bbox 3239 2877 3292 2922; x_wconf 90' lang='lat' dir='ltr'><strong>et</strong></span> <span class='ocrx_word' id='word_1_496' title='bbox 3310 2858 3446 2924; x_wconf 84' lang='lat' dir='ltr'><strong>dixit</strong></span> <span class='ocrx_word' id='word_1_497' title='bbox 3472 2887 3738 2933; x_wconf 86' lang='lat' dir='ltr'><strong>sororem,</strong></span> 
     </span>
    </p>
   </div>
   <div class='ocr_carea' id='block_1_60' title="bbox 2182 2945 3738 3024">
    <p class='ocr_par' dir='ltr' id='par_1_60' title="bbox 2182 2945 3738 3024">
     <span class='ocr_line' id='line_1_60' title="bbox 2182 2945 3738 3024; baseline 0.011 -26"><span class='ocrx_word' id='word_1_498' title='bbox 2182 2961 2270 3009; x_wconf 91' lang='lat' dir='ltr'><strong>ne,</strong></span> <span class='ocrx_word' id='word_1_499' title='bbox 2300 2961 2357 3000; x_wconf 90' lang='lat' dir='ltr'><strong>se</strong></span> <span class='ocrx_word' id='word_1_500' title='bbox 2385 2948 2588 3013; x_wconf 86' lang='lat' dir='ltr'><strong>occiso,</strong></span> <span class='ocrx_word' id='word_1_501' title='bbox 2617 2949 2684 3002; x_wconf 92' lang='lat' dir='ltr'><strong>ab</strong></span> <span class='ocrx_word' id='word_1_502' title='bbox 2713 2945 2898 3005; x_wconf 74' lang='lat' dir='ltr'><strong>alienis</strong></span> <span class='ocrx_word' id='word_1_503' title='bbox 2923 2955 3129 3023; x_wconf 83' lang='lat' dir='ltr'><strong>captiva</strong></span> <span class='ocrx_word' id='word_1_504' title='bbox 3177 2958 3559 3024; x_wconf 89' lang='lat' dir='ltr'><strong>possideretur,</strong></span> <span class='ocrx_word' id='word_1_505' title='bbox 3623 2977 3738 3014; x_wconf 84' lang='lat' dir='ltr'><strong>cer-</strong></span> 
     </span>
    </p>
   </div>
   <div class='ocr_carea' id='block_1_61' title="bbox 2181 3036 3739 3114">
    <p class='ocr_par' dir='ltr' id='par_1_61' title="bbox 2181 3036 3739 3114">
     <span class='ocr_line' id='line_1_61' title="bbox 2181 3036 3739 3114; baseline 0.009 -26"><span class='ocrx_word' id='word_1_506' title='bbox 2181 3044 2266 3089; x_wconf 92' lang='lat' dir='ltr'><strong>tus</strong></span> <span class='ocrx_word' id='word_1_507' title='bbox 2284 3037 2349 3090; x_wconf 88' lang='lat' dir='ltr'><strong>de</strong></span> <span class='ocrx_word' id='word_1_508' title='bbox 2367 3036 2497 3100; x_wconf 88' lang='lat' dir='ltr'><strong>Deo,</strong></span> <span class='ocrx_word' id='word_1_509' title='bbox 2524 3040 2662 3106; x_wconf 93' lang='lat' dir='ltr'><strong>quod</strong></span> <span class='ocrx_word' id='word_1_510' title='bbox 2691 3056 2807 3094; x_wconf 86' lang='lat' dir='ltr'><strong>eam</strong></span> <span class='ocrx_word' id='word_1_511' title='bbox 2839 3042 3022 3096; x_wconf 90' lang='lat' dir='ltr'><strong>violari</strong></span> <span class='ocrx_word' id='word_1_512' title='bbox 3057 3059 3161 3098; x_wconf 90' lang='lat' dir='ltr'><strong>non</strong></span> <span class='ocrx_word' id='word_1_513' title='bbox 3203 3048 3556 3114; x_wconf 82' lang='lat' dir='ltr'><strong>permitteret,</strong></span> <span class='ocrx_word' id='word_1_514' title='bbox 3597 3050 3739 3102; x_wconf 82' lang='lat' dir='ltr'><strong>sicut</strong></span> 
     </span>
    </p>
   </div>
   <div class='ocr_carea' id='block_1_62' title="bbox 518 3101 3738 3211">
    <p class='ocr_par' dir='ltr' id='par_1_62' title="bbox 518 3101 3738 3211">
     <span class='ocr_line' id='line_1_62' title="bbox 518 3101 3738 3211; baseline 0.002 -25"><span class='ocrx_word' id='word_1_515' title='bbox 518 3101 1039 3186; x_wconf 81' lang='lat' dir='ltr'><strong>Sodomislibcratus</strong></span> <span class='ocrx_word' id='word_1_516' title='bbox 1066 3132 1291 3204; x_wconf 55' lang='lat' dir='ltr'><strong>esu-sed</strong></span> <span class='ocrx_word' id='word_1_517' title='bbox 1316 3131 1459 3185; x_wconf 89' lang='lat' dir='ltr'><strong>aliud</strong></span> <span class='ocrx_word' id='word_1_518' title='bbox 1486 3101 1765 3211; x_wconf 80' lang='lat' dir='ltr'><strong>ﬁguratum</strong></span> <span class='ocrx_word' id='word_1_519' title='bbox 1795 3101 1915 3193; x_wconf 44' lang='lat' dir='ltr'><strong>est...</strong></span> <span class='ocrx_word' id='word_1_520' title='bbox 1930 3132 2079 3186; x_wconf 81' lang='lat' dir='ltr'><strong>Tunc</strong></span> <span class='ocrx_word' id='word_1_521' title='bbox 2106 3101 2149 3160; x_wconf 66' lang='grc' dir='ltr'><strong>Ο</strong></span> <span class='ocrx_word' id='word_1_522' title='bbox 2181 3139 2278 3178; x_wconf 81' lang='lat' dir='ltr'><strong>nec</strong></span> <span class='ocrx_word' id='word_1_523' title='bbox 2303 3101 2599 3193; x_wconf 49' lang='lat' dir='ltr'><strong>primum-ta</strong></span> <span class='ocrx_word' id='word_1_524' title='bbox 2626 3127 2921 3183; x_wconf 85' lang='lat' dir='ltr'><strong>Pharaone.</strong></span> <span class='ocrx_word' id='word_1_525' title='bbox 2953 3131 3102 3186; x_wconf 89' lang='lat' dir='ltr'><strong>Unde</strong></span> <span class='ocrx_word' id='word_1_526' title='bbox 3136 3101 3562 3193; x_wconf 43' lang='lat' dir='ltr'><strong>et‘Abimelech&#39;.</strong></span> 
     </span>
    </p>
   </div>
   <div class='ocr_carea' id='block_1_63' title="bbox 514 3220 2078 3289">
    <p class='ocr_par' dir='ltr' id='par_1_63' title="bbox 514 3220 2078 3289">
     <span class='ocr_line' id='line_1_63' title="bbox 514 3220 2078 3289; baseline -0.001 -14"><span class='ocrx_word' id='word_1_527' title='bbox 514 3221 658 3275; x_wconf 86' lang='lat' dir='ltr'><strong>enim</strong></span> <span class='ocrx_word' id='word_1_528' title='bbox 688 3223 802 3289; x_wconf 89' lang='lat' dir='ltr'><strong>ipsc</strong></span> <span class='ocrx_word' id='word_1_529' title='bbox 828 3221 926 3273; x_wconf 86' lang='lat' dir='ltr'><strong>Lot</strong></span> <span class='ocrx_word' id='word_1_530' title='bbox 953 3221 1140 3273; x_wconf 77' lang='lat' dir='ltr'><strong>futurae</strong></span> <span class='ocrx_word' id='word_1_531' title='bbox 1170 3220 1300 3289; x_wconf 79' lang='lat' dir='ltr'><strong>legis</strong></span> <span class='ocrx_word' id='word_1_532' title='bbox 1324 3220 1603 3273; x_wconf 89' lang='lat' dir='ltr'><strong>videbatur</strong></span> <span class='ocrx_word' id='word_1_533' title='bbox 1632 3228 1870 3288; x_wconf 82' lang='lat' dir='ltr'><strong>gestasse</strong></span> <span class='ocrx_word' id='word_1_534' title='bbox 1894 3236 2078 3288; x_wconf 87' lang='lat' dir='ltr'><strong>perso-</strong></span> 
     </span>
    </p>
   </div>
   <div class='ocr_carea' id='block_1_64' title="bbox 483 3308 2078 3378">
    <p class='ocr_par' dir='ltr' id='par_1_64' title="bbox 483 3308 2078 3378">
     <span class='ocr_line' id='line_1_64' title="bbox 483 3308 2078 3378; baseline 0.003 -21"><span class='ocrx_word' id='word_1_535' title='bbox 483 3325 660 3373; x_wconf 82' lang='lat' dir='ltr'><strong>-nam,</strong></span> <span class='ocrx_word' id='word_1_536' title='bbox 693 3325 850 3378; x_wconf 88' lang='lat' dir='ltr'><strong>quam</strong></span> <span class='ocrx_word' id='word_1_537' title='bbox 879 3309 1093 3376; x_wconf 86' lang='lat' dir='ltr'><strong>quidam</strong></span> <span class='ocrx_word' id='word_1_538' title='bbox 1120 3323 1184 3362; x_wconf 86' lang='lat' dir='ltr'><strong>ex</strong></span> <span class='ocrx_word' id='word_1_539' title='bbox 1218 3308 1306 3360; x_wconf 87' lang='lat' dir='ltr'><strong>illa</strong></span> <span class='ocrx_word' id='word_1_540' title='bbox 1331 3309 1598 3376; x_wconf 85' lang='lat' dir='ltr'><strong>procreati</strong></span> <span class='ocrx_word' id='word_1_541' title='bbox 1620 3317 1673 3360; x_wconf 91' lang='lat' dir='ltr'><strong>et</strong></span> <span class='ocrx_word' id='word_1_542' title='bbox 1701 3310 1799 3362; x_wconf 91' lang='lat' dir='ltr'><strong>sub</strong></span> <span class='ocrx_word' id='word_1_543' title='bbox 1834 3309 1947 3377; x_wconf 88' lang='lat' dir='ltr'><strong>lege</strong></span> <span class='ocrx_word' id='word_1_544' title='bbox 1977 3324 2078 3376; x_wconf 90' lang='lat' dir='ltr'><strong>po-</strong></span> 
     </span>
    </p>
   </div>
   <div class='ocr_carea' id='block_1_65' title="bbox 511 3396 2073 3468">
    <p class='ocr_par' dir='ltr' id='par_1_65' title="bbox 511 3396 2073 3468">
     <span class='ocr_line' id='line_1_65' title="bbox 511 3396 2073 3468; baseline -0.003 -16"><span class='ocrx_word' id='word_1_545' title='bbox 511 3399 621 3463; x_wconf 86' lang='lat' dir='ltr'><strong>siti,</strong></span> <span class='ocrx_word' id='word_1_546' title='bbox 664 3399 800 3454; x_wconf 89' lang='lat' dir='ltr'><strong>male</strong></span> <span class='ocrx_word' id='word_1_547' title='bbox 837 3398 1206 3468; x_wconf 80' lang='lat' dir='ltr'><strong>intelligendo,</strong></span> <span class='ocrx_word' id='word_1_548' title='bbox 1247 3396 1638 3466; x_wconf 84' lang='lat' dir='ltr'><strong>quodammodo</strong></span> <span class='ocrx_word' id='word_1_549' title='bbox 1685 3413 1743 3451; x_wconf 90' lang='lat' dir='ltr'><strong>se</strong></span> <span class='ocrx_word' id='word_1_550' title='bbox 1785 3398 2073 3459; x_wconf 82' lang='lat' dir='ltr'><strong>inebriant,</strong></span> 
     </span>
    </p>
   </div>
   <div class='ocr_carea' id='block_1_66' title="bbox 510 3488 2075 3559">
    <p class='ocr_par' dir='ltr' id='par_1_66' title="bbox 510 3488 2075 3559">
     <span class='ocr_line' id='line_1_66' title="bbox 510 3488 2075 3559; baseline -0.001 -16"><span class='ocrx_word' id='word_1_551' title='bbox 510 3505 732 3559; x_wconf 89' lang='lat' dir='ltr'><strong>eamque</strong></span> <span class='ocrx_word' id='word_1_552' title='bbox 771 3505 873 3543; x_wconf 90' lang='lat' dir='ltr'><strong>non</strong></span> <span class='ocrx_word' id='word_1_553' title='bbox 910 3489 1141 3559; x_wconf 80' lang='lat' dir='ltr'><strong>legitime</strong></span> <span class='ocrx_word' id='word_1_554' title='bbox 1177 3489 1392 3553; x_wconf 88' lang='lat' dir='ltr'><strong>utendo,</strong></span> <span class='ocrx_word' id='word_1_555' title='bbox 1431 3488 1761 3542; x_wconf 88' lang='lat' dir='ltr'><strong>inﬁdelitatis</strong></span> <span class='ocrx_word' id='word_1_556' title='bbox 1786 3505 1948 3558; x_wconf 83' lang='lat' dir='ltr'><strong>opera</strong></span> <span class='ocrx_word' id='word_1_557' title='bbox 1984 3506 2075 3558; x_wconf 81' lang='lat' dir='ltr'><strong>pa-</strong></span> 
     </span>
    </p>
   </div>
   <div class='ocr_carea' id='block_1_67' title="bbox 511 3577 2074 3648">
    <p class='ocr_par' dir='ltr' id='par_1_67' title="bbox 511 3577 2074 3648">
     <span class='ocr_line' id='line_1_67' title="bbox 511 3577 2074 3648; baseline 0.001 -18"><span class='ocrx_word' id='word_1_558' title='bbox 511 3578 670 3630; x_wconf 89' lang='lat' dir='ltr'><strong>riunt.</strong></span> <span class='ocrx_word' id='word_1_559' title='bbox 707 3577 853 3631; x_wconf 89' lang='lat' dir='ltr'><strong>Bona</strong></span> <span class='ocrx_word' id='word_1_560' title='bbox 883 3588 953 3632; x_wconf 87' lang='lat' dir='ltr'><strong>est</strong></span> <span class='ocrx_word' id='word_1_561' title='bbox 983 3580 1116 3631; x_wconf 87' lang='lat' dir='ltr'><strong>enim</strong></span> <span class='ocrx_word' id='word_1_562' title='bbox 1147 3578 1248 3642; x_wconf 78' lang='lat' dir='ltr'><strong>lex,</strong></span> <span class='ocrx_word' id='word_1_563' title='bbox 1280 3577 1447 3647; x_wconf 88' lang='lat' dir='ltr'><strong>inquit</strong></span> <span class='ocrx_word' id='word_1_564' title='bbox 1477 3577 1780 3646; x_wconf 83' lang='lat' dir='ltr'><strong>Apostolus,</strong></span> <span class='ocrx_word' id='word_1_565' title='bbox 1804 3579 1848 3632; x_wconf 89' lang='lat' dir='ltr'><strong>si</strong></span> <span class='ocrx_word' id='word_1_566' title='bbox 1876 3579 1989 3648; x_wconf 85' lang='lat' dir='ltr'><strong>quis</strong></span> <span class='ocrx_word' id='word_1_567' title='bbox 2012 3595 2074 3632; x_wconf 86' lang='lat' dir='ltr'><strong>ea</strong></span> 
     </span>
    </p>
   </div>
   <div class='ocr_carea' id='block_1_68' title="bbox 507 3667 1253 3738">
    <p class='ocr_par' dir='ltr' id='par_1_68' title="bbox 507 3667 1253 3738">
     <span class='ocr_line' id='line_1_68' title="bbox 507 3667 1253 3738; baseline 0.004 -20"><span class='ocrx_word' id='word_1_568' title='bbox 507 3667 727 3737; x_wconf 81' lang='lat' dir='ltr'><strong>legitime</strong></span> <span class='ocrx_word' id='word_1_569' title='bbox 759 3669 920 3720; x_wconf 86' lang='lat' dir='ltr'><strong>utitur</strong></span> <span class='ocrx_word' id='word_1_570' title='bbox 950 3667 996 3738; x_wconf 87' lang='lat' dir='ltr'><strong>(l</strong></span> <span class='ocrx_word' id='word_1_571' title='bbox 1033 3667 1162 3720; x_wconf 88' lang='lat' dir='ltr'><strong>Tim.</strong></span> <span class='ocrx_word' id='word_1_572' title='bbox 1195 3671 1253 3738; x_wconf 56' lang='grc' dir='ltr'><strong>ι),</strong></span> 
     </span>
    </p>
   </div>
   <div class='ocr_carea' id='block_1_69' title="bbox 1065 3779 1513 3835">
    <p class='ocr_par' dir='ltr' id='par_1_69' title="bbox 1065 3779 1513 3835">
     <span class='ocr_line' id='line_1_69' title="bbox 1065 3779 1513 3835; baseline -0.002 -2"><span class='ocrx_word' id='word_1_573' title='bbox 1065 3779 1290 3834; x_wconf 78' lang='lat' dir='ltr'><strong>CAPUT</strong></span> <span class='ocrx_word' id='word_1_574' title='bbox 1329 3779 1513 3835; x_wconf 81' lang='lat' dir='ltr'><strong>XXIV.</strong></span> 
     </span>
    </p>
   </div>
   <div class='ocr_carea' id='block_1_70' title="bbox 511 3860 2070 3942">
    <p class='ocr_par' dir='ltr' id='par_1_70' title="bbox 511 3860 2070 3942">
     <span class='ocr_line' id='line_1_70' title="bbox 511 3860 2070 3942; baseline -0.001 -20"><span class='ocrx_word' id='word_1_575' title='bbox 511 3871 583 3922; x_wconf 70' lang='lat' dir='ltr'><strong>De</strong></span> <span class='ocrx_word' id='word_1_576' title='bbox 608 3872 1012 3941; x_wconf 76' lang='lat' dir='ltr'><strong>peregrinatione</strong></span> <span class='ocrx_word' id='word_1_577' title='bbox 1035 3871 1254 3942; x_wconf 48' lang='lat' dir='ltr'><strong>Abrahae</strong></span> <span class='ocrx_word' id='word_1_578' title='bbox 1273 3873 1328 3922; x_wconf 88' lang='lat' dir='ltr'><strong>in</strong></span> <span class='ocrx_word' id='word_1_579' title='bbox 1351 3869 1562 3942; x_wconf 75' lang='lat' dir='ltr'><strong>Ger-aris</strong></span> <span class='ocrx_word' id='word_1_580' title='bbox 1582 3883 1599 3921; x_wconf 92' lang='lat'><strong><em>:</em></strong></span> <span class='ocrx_word' id='word_1_581' title='bbox 1617 3879 1666 3923; x_wconf 91' lang='lat' dir='ltr'><strong>et</strong></span> <span class='ocrx_word' id='word_1_582' title='bbox 1691 3871 1756 3922; x_wconf 88' lang='lat' dir='ltr'><strong>de</strong></span> <span class='ocrx_word' id='word_1_583' title='bbox 1771 3860 2070 3942; x_wconf 40' lang='lat' dir='ltr'><strong>.Abimelech</strong></span> 
     </span>
    </p>
   </div>
   <div class='ocr_carea' id='block_1_71' title="bbox 1006 3938 1570 4009">
    <p class='ocr_par' dir='ltr' id='par_1_71' title="bbox 1006 3938 1570 4009">
     <span class='ocr_line' id='line_1_71' title="bbox 1006 3938 1570 4009; baseline 0.002 -18"><span class='ocrx_word' id='word_1_584' title='bbox 1006 3956 1120 4009; x_wconf 88' lang='lat' dir='ltr'><strong>rege</strong></span> <span class='ocrx_word' id='word_1_585' title='bbox 1151 3938 1570 3993; x_wconf 79' lang='lat' dir='ltr'><strong>Palwstinorum.</strong></span> 
     </span>
    </p>
   </div>
   <div class='ocr_carea' id='block_1_72' title="bbox 582 4014 2074 4099">
    <p class='ocr_par' dir='ltr' id='par_1_72' title="bbox 582 4014 2074 4099">
     <span class='ocr_line' id='line_1_72' title="bbox 582 4014 2074 4099; baseline -0.003 -16"><span class='ocrx_word' id='word_1_586' title='bbox 582 4029 730 4099; x_wconf 57' lang='lat' dir='ltr'><strong>(Car.</strong></span> <span class='ocrx_word' id='word_1_587' title='bbox 761 4030 878 4098; x_wconf 69' lang='lat' dir='ltr'><strong>xx.)</strong></span> <span class='ocrx_word' id='word_1_588' title='bbox 921 4029 1194 4097; x_wconf 78' lang='lat' dir='ltr'><strong>Profectus</strong></span> <span class='ocrx_word' id='word_1_589' title='bbox 1225 4029 1345 4081; x_wconf 87' lang='lat' dir='ltr'><strong>inde</strong></span> <span class='ocrx_word' id='word_1_590' title='bbox 1373 4028 1633 4084; x_wconf 78' lang='lat' dir='ltr'><strong>Abraham</strong></span> <span class='ocrx_word' id='word_1_591' title='bbox 1653 4027 1726 4080; x_wconf 65' lang='lat' dir='ltr'><strong>in</strong></span> <span class='ocrx_word' id='word_1_592' title='bbox 1759 4014 1952 4081; x_wconf 86' lang='lat' dir='ltr'><strong>terram</strong></span> <span class='ocrx_word' id='word_1_593' title='bbox 1979 4042 2074 4080; x_wconf 87' lang='lat' dir='ltr'><strong>au-</strong></span> 
     </span>
    </p>
   </div>
   <div class='ocr_carea' id='block_1_73' title="bbox 510 4115 2071 4184">
    <p class='ocr_par' dir='ltr' id='par_1_73' title="bbox 510 4115 2071 4184">
     <span class='ocr_line' id='line_1_73' title="bbox 510 4115 2071 4184; baseline -0.004 -13"><span class='ocrx_word' id='word_1_594' title='bbox 510 4119 739 4181; x_wconf 85' lang='lat' dir='ltr'><strong>stralem,</strong></span> <span class='ocrx_word' id='word_1_595' title='bbox 772 4118 1014 4170; x_wconf 81' lang='lat' dir='ltr'><strong>habitavit</strong></span> <span class='ocrx_word' id='word_1_596' title='bbox 1044 4118 1178 4169; x_wconf 86' lang='lat' dir='ltr'><strong>inter</strong></span> <span class='ocrx_word' id='word_1_597' title='bbox 1205 4115 1368 4169; x_wconf 77' lang='lat' dir='ltr'><strong>Gades</strong></span> <span class='ocrx_word' id='word_1_598' title='bbox 1388 4123 1450 4168; x_wconf 82' lang='lat' dir='ltr'><strong>et</strong></span> <span class='ocrx_word' id='word_1_599' title='bbox 1479 4115 1604 4179; x_wconf 89' lang='lat' dir='ltr'><strong>Sur,</strong></span> <span class='ocrx_word' id='word_1_600' title='bbox 1640 4124 1687 4168; x_wconf 89' lang='lat' dir='ltr'><strong>et</strong></span> <span class='ocrx_word' id='word_1_601' title='bbox 1715 4116 2071 4184; x_wconf 86' lang='lat' dir='ltr'><strong>peregrinatus</strong></span> 
     </span>
    </p>
   </div>
   <div class='ocr_carea' id='block_1_74' title="bbox 504 4205 2070 4278">
    <p class='ocr_par' dir='ltr' id='par_1_74' title="bbox 504 4205 2070 4278">
     <span class='ocr_line' id='line_1_74' title="bbox 504 4205 2070 4278; baseline -0.002 -16"><span class='ocrx_word' id='word_1_602' title='bbox 504 4220 577 4262; x_wconf 84' lang='lat' dir='ltr'><strong>est</strong></span> <span class='ocrx_word' id='word_1_603' title='bbox 601 4211 652 4261; x_wconf 89' lang='lat' dir='ltr'><strong>in</strong></span> <span class='ocrx_word' id='word_1_604' title='bbox 685 4205 912 4260; x_wconf 83' lang='lat' dir='ltr'><strong>Geraris.</strong></span> <span class='ocrx_word' id='word_1_605' title='bbox 937 4207 1177 4278; x_wconf 67' lang='lat' dir='ltr'><strong>Dixitque</strong></span> <span class='ocrx_word' id='word_1_606' title='bbox 1197 4207 1261 4260; x_wconf 91' lang='lat' dir='ltr'><strong>de</strong></span> <span class='ocrx_word' id='word_1_607' title='bbox 1287 4205 1420 4260; x_wconf 87' lang='lat' dir='ltr'><strong>Sara</strong></span> <span class='ocrx_word' id='word_1_608' title='bbox 1443 4223 1604 4260; x_wconf 77' lang='lat' dir='ltr'><strong>uxore</strong></span> <span class='ocrx_word' id='word_1_609' title='bbox 1627 4224 1744 4272; x_wconf 91' lang='lat' dir='ltr'><strong>sua,</strong></span> <span class='ocrx_word' id='word_1_610' title='bbox 1775 4206 1940 4261; x_wconf 90' lang='lat' dir='ltr'><strong>Soror</strong></span> <span class='ocrx_word' id='word_1_611' title='bbox 1958 4223 2070 4259; x_wconf 85' lang='lat' dir='ltr'><strong>mea</strong></span> 
     </span>
    </p>
   </div>
   <div class='ocr_carea' id='block_1_75' title="bbox 503 4282 2067 4364">
    <p class='ocr_par' dir='ltr' id='par_1_75' title="bbox 503 4282 2067 4364">
     <span class='ocr_line' id='line_1_75' title="bbox 503 4282 2067 4364; baseline -0.003 -14"><span class='ocrx_word' id='word_1_612' title='bbox 503 4306 596 4350; x_wconf 87' lang='lat' dir='ltr'><strong>est.</strong></span> <span class='ocrx_word' id='word_1_613' title='bbox 632 4295 777 4348; x_wconf 68' lang='lat' dir='ltr'><strong>Misit</strong></span> <span class='ocrx_word' id='word_1_614' title='bbox 811 4312 930 4364; x_wconf 88' lang='lat' dir='ltr'><strong>ergo</strong></span> <span class='ocrx_word' id='word_1_615' title='bbox 965 4295 1254 4348; x_wconf 84' lang='lat' dir='ltr'><strong>Abimelech</strong></span> <span class='ocrx_word' id='word_1_616' title='bbox 1295 4311 1385 4348; x_wconf 74' lang='lat' dir='ltr'><strong>rex</strong></span> <span class='ocrx_word' id='word_1_617' title='bbox 1428 4282 1660 4359; x_wconf 67' lang='grc' dir='ltr'><strong>σεται-ω,</strong></span> <span class='ocrx_word' id='word_1_618' title='bbox 1705 4304 1753 4348; x_wconf 91' lang='lat' dir='ltr'><strong>et</strong></span> <span class='ocrx_word' id='word_1_619' title='bbox 1790 4294 1906 4347; x_wconf 88' lang='lat' dir='ltr'><strong>tulit</strong></span> <span class='ocrx_word' id='word_1_620' title='bbox 1933 4310 2067 4364; x_wconf 84' lang='lat' dir='ltr'><strong>eam.</strong></span> 
     </span>
    </p>
   </div>
   <div class='ocr_carea' id='block_1_76' title="bbox 513 4375 2093 4454">
    <p class='ocr_par' dir='ltr' id='par_1_76' title="bbox 513 4375 2093 4454">
     <span class='ocr_line' id='line_1_76' title="bbox 513 4375 2093 4454; baseline 0 -19"><span class='ocrx_word' id='word_1_621' title='bbox 513 4382 661 4436; x_wconf 81' lang='lat' dir='ltr'><strong>Venit</strong></span> <span class='ocrx_word' id='word_1_622' title='bbox 689 4394 860 4437; x_wconf 89' lang='lat' dir='ltr'><strong>autem</strong></span> <span class='ocrx_word' id='word_1_623' title='bbox 895 4384 1033 4436; x_wconf 84' lang='lat' dir='ltr'><strong>Deus</strong></span> <span class='ocrx_word' id='word_1_624' title='bbox 1070 4384 1137 4436; x_wconf 89' lang='lat' dir='ltr'><strong>ad</strong></span> <span class='ocrx_word' id='word_1_625' title='bbox 1168 4383 1455 4437; x_wconf 83' lang='lat' dir='ltr'><strong>Abimelech</strong></span> <span class='ocrx_word' id='word_1_626' title='bbox 1495 4400 1587 4454; x_wconf 89' lang='lat' dir='ltr'><strong>per</strong></span> <span class='ocrx_word' id='word_1_627' title='bbox 1614 4384 1873 4437; x_wconf 87' lang='lat' dir='ltr'><strong>somnium</strong></span> <span class='ocrx_word' id='word_1_628' title='bbox 1902 4375 2093 4446; x_wconf 35' lang='lat' dir='ltr'><strong>nocte,</strong></span> 
     </span>
    </p>
   </div>
   <div class='ocr_carea' id='block_1_77' title="bbox 500 4473 2066 4547">
    <p class='ocr_par' dir='ltr' id='par_1_77' title="bbox 500 4473 2066 4547">
     <span class='ocr_line' id='line_1_77' title="bbox 500 4473 2066 4547; baseline -0.003 -19"><span class='ocrx_word' id='word_1_629' title='bbox 500 4485 550 4528; x_wconf 89' lang='lat' dir='ltr'><strong>et</strong></span> <span class='ocrx_word' id='word_1_630' title='bbox 575 4476 704 4527; x_wconf 76' lang='lat' dir='ltr'><strong>dixit</strong></span> <span class='ocrx_word' id='word_1_631' title='bbox 733 4474 809 4528; x_wconf 88' lang='lat' dir='ltr'><strong>illi</strong></span> <span class='ocrx_word' id='word_1_632' title='bbox 835 4489 852 4525; x_wconf 91' lang='lat'><strong><em>:</em></strong></span> <span class='ocrx_word' id='word_1_633' title='bbox 882 4474 966 4528; x_wconf 86' lang='lat' dir='ltr'><strong>En</strong></span> <span class='ocrx_word' id='word_1_634' title='bbox 1001 4476 1238 4527; x_wconf 86' lang='lat' dir='ltr'><strong>morieris</strong></span> <span class='ocrx_word' id='word_1_635' title='bbox 1267 4483 1473 4542; x_wconf 81' lang='lat' dir='ltr'><strong>propter</strong></span> <span class='ocrx_word' id='word_1_636' title='bbox 1502 4473 1770 4547; x_wconf 74' lang='lat' dir='ltr'><strong>mulierem</strong></span> <span class='ocrx_word' id='word_1_637' title='bbox 1798 4489 1957 4542; x_wconf 87' lang='lat' dir='ltr'><strong>quam</strong></span> <span class='ocrx_word' id='word_1_638' title='bbox 1984 4481 2066 4524; x_wconf 90' lang='lat' dir='ltr'><strong>tu—</strong></span> 
     </span>
    </p>
   </div>
   <div class='ocr_carea' id='block_1_78' title="bbox 502 4561 2066 4630">
    <p class='ocr_par' dir='ltr' id='par_1_78' title="bbox 502 4561 2066 4630">
     <span class='ocr_line' id='line_1_78' title="bbox 502 4561 2066 4630; baseline -0.001 -16"><span class='ocrx_word' id='word_1_639' title='bbox 502 4563 647 4616; x_wconf 85' lang='lat' dir='ltr'><strong>listi?</strong></span> <span class='ocrx_word' id='word_1_640' title='bbox 674 4562 841 4616; x_wconf 82' lang='lat' dir='ltr'><strong>Habet</strong></span> <span class='ocrx_word' id='word_1_641' title='bbox 863 4564 999 4616; x_wconf 88' lang='lat' dir='ltr'><strong>enim</strong></span> <span class='ocrx_word' id='word_1_642' title='bbox 1023 4564 1209 4615; x_wconf 89' lang='lat' dir='ltr'><strong>virum.</strong></span> <span class='ocrx_word' id='word_1_643' title='bbox 1241 4561 1531 4615; x_wconf 79' lang='lat' dir='ltr'><strong>Abimeleeh</strong></span> <span class='ocrx_word' id='word_1_644' title='bbox 1560 4577 1675 4614; x_wconf 86' lang='lat' dir='ltr'><strong>vero</strong></span> <span class='ocrx_word' id='word_1_645' title='bbox 1701 4577 1808 4614; x_wconf 78' lang='lat' dir='ltr'><strong>non</strong></span> <span class='ocrx_word' id='word_1_646' title='bbox 1834 4562 2066 4630; x_wconf 82' lang='lat' dir='ltr'><strong>tetigerat</strong></span> 
     </span>
    </p>
   </div>
   <div class='ocr_carea' id='block_1_79' title="bbox 503 4650 2069 4720">
    <p class='ocr_par' dir='ltr' id='par_1_79' title="bbox 503 4650 2069 4720">
     <span class='ocr_line' id='line_1_79' title="bbox 503 4650 2069 4720; baseline -0.003 -14"><span class='ocrx_word' id='word_1_647' title='bbox 503 4669 638 4716; x_wconf 87' lang='lat' dir='ltr'><strong>eam,</strong></span> <span class='ocrx_word' id='word_1_648' title='bbox 677 4663 722 4706; x_wconf 89' lang='lat' dir='ltr'><strong>et</strong></span> <span class='ocrx_word' id='word_1_649' title='bbox 757 4652 827 4705; x_wconf 90' lang='lat' dir='ltr'><strong>ait</strong></span> <span class='ocrx_word' id='word_1_650' title='bbox 864 4669 882 4704; x_wconf 90' lang='lat'><strong><em>:</em></strong></span> <span class='ocrx_word' id='word_1_651' title='bbox 917 4652 1153 4715; x_wconf 87' lang='lat' dir='ltr'><strong>Domine,</strong></span> <span class='ocrx_word' id='word_1_652' title='bbox 1185 4668 1307 4703; x_wconf 88' lang='lat' dir='ltr'><strong>num</strong></span> <span class='ocrx_word' id='word_1_653' title='bbox 1336 4660 1533 4719; x_wconf 86' lang='lat' dir='ltr'><strong>gentem</strong></span> <span class='ocrx_word' id='word_1_654' title='bbox 1560 4651 1878 4719; x_wconf 84' lang='lat' dir='ltr'><strong>ignorantem</strong></span> <span class='ocrx_word' id='word_1_655' title='bbox 1909 4661 1962 4720; x_wconf 84' lang='lat' dir='ltr'><strong>et</strong></span> <span class='ocrx_word' id='word_1_656' title='bbox 1975 4650 2069 4718; x_wconf 86' lang='lat' dir='ltr'><strong>ju-</strong></span> 
     </span>
    </p>
   </div>
   <div class='ocr_carea' id='block_1_80' title="bbox 503 4739 2066 4812">
    <p class='ocr_par' dir='ltr' id='par_1_80' title="bbox 503 4739 2066 4812">
     <span class='ocr_line' id='line_1_80' title="bbox 503 4739 2066 4812; baseline -0.003 -18"><span class='ocrx_word' id='word_1_657' title='bbox 503 4751 636 4794; x_wconf 90' lang='lat' dir='ltr'><strong>stam</strong></span> <span class='ocrx_word' id='word_1_658' title='bbox 672 4741 988 4808; x_wconf 76' lang='lat' dir='ltr'><strong>interﬁcies?</strong></span> <span class='ocrx_word' id='word_1_659' title='bbox 1027 4739 1216 4793; x_wconf 83' lang='lat' dir='ltr'><strong>Nonne</strong></span> <span class='ocrx_word' id='word_1_660' title='bbox 1250 4742 1354 4810; x_wconf 77' lang='lat' dir='ltr'><strong>ipse</strong></span> <span class='ocrx_word' id='word_1_661' title='bbox 1393 4740 1524 4793; x_wconf 77' lang='lat' dir='ltr'><strong>dixit</strong></span> <span class='ocrx_word' id='word_1_662' title='bbox 1557 4740 1716 4804; x_wconf 77' lang='lat' dir='ltr'><strong>mihi,</strong></span> <span class='ocrx_word' id='word_1_663' title='bbox 1755 4739 1919 4802; x_wconf 88' lang='lat' dir='ltr'><strong>Soror</strong></span> <span class='ocrx_word' id='word_1_664' title='bbox 1955 4755 2066 4812; x_wconf 89' lang='lat' dir='ltr'><strong>mea</strong></span> 
     </span>
    </p>
   </div>
   <div class='ocr_carea' id='block_1_81' title="bbox 501 4814 2070 4899">
    <p class='ocr_par' dir='ltr' id='par_1_81' title="bbox 501 4814 2070 4899">
     <span class='ocr_line' id='line_1_81' title="bbox 501 4814 2070 4899; baseline -0.003 -17"><span class='ocrx_word' id='word_1_665' title='bbox 501 4840 598 4894; x_wconf 85' lang='lat' dir='ltr'><strong>est,</strong></span> <span class='ocrx_word' id='word_1_666' title='bbox 617 4840 674 4882; x_wconf 91' lang='lat' dir='ltr'><strong>.et</strong></span> <span class='ocrx_word' id='word_1_667' title='bbox 700 4833 810 4899; x_wconf 90' lang='lat' dir='ltr'><strong>ipsa</strong></span> <span class='ocrx_word' id='word_1_668' title='bbox 849 4831 943 4893; x_wconf 89' lang='lat' dir='ltr'><strong>ait,</strong></span> <span class='ocrx_word' id='word_1_669' title='bbox 985 4827 1175 4882; x_wconf 85' lang='lat' dir='ltr'><strong>Frater</strong></span> <span class='ocrx_word' id='word_1_670' title='bbox 1199 4845 1344 4882; x_wconf 83' lang='lat' dir='ltr'><strong>meus</strong></span> <span class='ocrx_word' id='word_1_671' title='bbox 1373 4814 1489 4881; x_wconf 81' lang='lat' dir='ltr'><strong>est?</strong></span> <span class='ocrx_word' id='word_1_672' title='bbox 1513 4826 1577 4880; x_wconf 88' lang='lat' dir='ltr'><strong>In</strong></span> <span class='ocrx_word' id='word_1_673' title='bbox 1602 4817 1928 4897; x_wconf 73' lang='lat' dir='ltr'><strong>simplicitate</strong></span> <span class='ocrx_word' id='word_1_674' title='bbox 1957 4843 2070 4879; x_wconf 90' lang='lat' dir='ltr'><strong>cor-</strong></span> 
     </span>
    </p>
   </div>
   <div class='ocr_carea' id='block_1_82' title="bbox 494 4917 2064 4987">
    <p class='ocr_par' dir='ltr' id='par_1_82' title="bbox 494 4917 2064 4987">
     <span class='ocr_line' id='line_1_82' title="bbox 494 4917 2064 4987; baseline 0.001 -16"><span class='ocrx_word' id='word_1_675' title='bbox 494 4922 580 4973; x_wconf 73' lang='lat' dir='ltr'><strong>dis</strong></span> <span class='ocrx_word' id='word_1_676' title='bbox 610 4921 710 4973; x_wconf 87' lang='lat' dir='ltr'><strong>mei</strong></span> <span class='ocrx_word' id='word_1_677' title='bbox 737 4930 782 4972; x_wconf 92' lang='lat' dir='ltr'><strong>et</strong></span> <span class='ocrx_word' id='word_1_678' title='bbox 808 4920 1061 4972; x_wconf 83' lang='lat' dir='ltr'><strong>munditia</strong></span> <span class='ocrx_word' id='word_1_679' title='bbox 1084 4935 1333 4980; x_wconf 82' lang='lat' dir='ltr'><strong>manuum</strong></span> <span class='ocrx_word' id='word_1_680' title='bbox 1356 4935 1589 4973; x_wconf 89' lang='lat' dir='ltr'><strong>mearum</strong></span> <span class='ocrx_word' id='word_1_681' title='bbox 1621 4918 1719 4987; x_wconf 87' lang='lat' dir='ltr'><strong>feci</strong></span> <span class='ocrx_word' id='word_1_682' title='bbox 1743 4919 1858 4971; x_wconf 79' lang='lat' dir='ltr'><strong>hoc.</strong></span> <span class='ocrx_word' id='word_1_683' title='bbox 1885 4917 2064 4984; x_wconf 65' lang='lat' dir='ltr'><strong>Quaeri</strong></span> 
     </span>
    </p>
   </div>
   <div class='ocr_carea' id='block_1_83' title="bbox 505 4994 2067 5076">
    <p class='ocr_par' dir='ltr' id='par_1_83' title="bbox 505 4994 2067 5076">
     <span class='ocr_line' id='line_1_83' title="bbox 505 4994 2067 5076; baseline -0.003 -14"><span class='ocrx_word' id='word_1_684' title='bbox 505 5009 642 5062; x_wconf 84' lang='lat' dir='ltr'><strong>solet</strong></span> <span class='ocrx_word' id='word_1_685' title='bbox 665 5009 928 5076; x_wconf 90' lang='lat' dir='ltr'><strong>quomodo</strong></span> <span class='ocrx_word' id='word_1_686' title='bbox 955 5008 1127 5060; x_wconf 90' lang='lat' dir='ltr'><strong>adhuc</strong></span> <span class='ocrx_word' id='word_1_687' title='bbox 1160 5007 1213 5060; x_wconf 91' lang='lat' dir='ltr'><strong>in</strong></span> <span class='ocrx_word' id='word_1_688' title='bbox 1245 5008 1331 5060; x_wconf 90' lang='lat' dir='ltr'><strong>illa</strong></span> <span class='ocrx_word' id='word_1_689' title='bbox 1360 4994 1517 5062; x_wconf 62' lang='lat' dir='ltr'><strong>astate</strong></span> <span class='ocrx_word' id='word_1_690' title='bbox 1547 5023 1645 5076; x_wconf 92' lang='lat' dir='ltr'><strong>pro</strong></span> <span class='ocrx_word' id='word_1_691' title='bbox 1677 5005 1808 5061; x_wconf 84' lang='lat' dir='ltr'><strong>Sara</strong></span> <span class='ocrx_word' id='word_1_692' title='bbox 1831 5007 2067 5075; x_wconf 82' lang='lat' dir='ltr'><strong>pulchri-</strong></span> 
     </span>
    </p>
   </div>
   <div class='ocr_carea' id='block_1_84' title="bbox 400 5094 2068 5167">
    <p class='ocr_par' dir='ltr' id='par_1_84' title="bbox 400 5094 2068 5167">
     <span class='ocr_line' id='line_1_84' title="bbox 400 5094 2068 5167; baseline -0.001 -16"><span class='ocrx_word' id='word_1_693' title='bbox 400 5163 404 5167; x_wconf 23' lang='lat'><strong><em>.</em></strong></span> <span class='ocrx_word' id='word_1_694' title='bbox 504 5098 696 5165; x_wconf 85' lang='lat' dir='ltr'><strong>tudine</strong></span> <span class='ocrx_word' id='word_1_695' title='bbox 737 5096 1041 5164; x_wconf 55' lang='lat' dir='ltr'><strong>periclitarit</strong></span> <span class='ocrx_word' id='word_1_696' title='bbox 1081 5095 1349 5150; x_wconf 89' lang='lat' dir='ltr'><strong>Abraham</strong></span> <span class='ocrx_word' id='word_1_697' title='bbox 1402 5096 1687 5151; x_wconf 86' lang='lat' dir='ltr'><strong>metuebat.</strong></span> <span class='ocrx_word' id='word_1_698' title='bbox 1741 5094 1846 5150; x_wconf 87' lang='lat' dir='ltr'><strong>Sed</strong></span> <span class='ocrx_word' id='word_1_699' title='bbox 1897 5096 2068 5165; x_wconf 88' lang='lat' dir='ltr'><strong>magis</strong></span> 
     </span>
    </p>
   </div>
   <div class='ocr_carea' id='block_1_85' title="bbox 504 5182 2068 5252">
    <p class='ocr_par' dir='ltr' id='par_1_85' title="bbox 504 5182 2068 5252">
     <span class='ocr_line' id='line_1_85' title="bbox 504 5182 2068 5252; baseline 0 -14"><span class='ocrx_word' id='word_1_700' title='bbox 504 5182 687 5240; x_wconf 74' lang='lat' dir='ltr'><strong>forma:</strong></span> <span class='ocrx_word' id='word_1_701' title='bbox 722 5185 864 5239; x_wconf 87' lang='lat' dir='ltr'><strong>illius</strong></span> <span class='ocrx_word' id='word_1_702' title='bbox 893 5185 972 5238; x_wconf 88' lang='lat' dir='ltr'><strong>vis</strong></span> <span class='ocrx_word' id='word_1_703' title='bbox 1012 5183 1254 5249; x_wconf 72' lang='lat' dir='ltr'><strong>miranda</strong></span> <span class='ocrx_word' id='word_1_704' title='bbox 1281 5192 1362 5238; x_wconf 87' lang='lat' dir='ltr'><strong>est</strong></span> <span class='ocrx_word' id='word_1_705' title='bbox 1398 5200 1516 5252; x_wconf 66' lang='lat' dir='ltr'><strong>quae</strong></span> <span class='ocrx_word' id='word_1_706' title='bbox 1554 5185 1727 5239; x_wconf 91' lang='lat' dir='ltr'><strong>adhuc</strong></span> <span class='ocrx_word' id='word_1_707' title='bbox 1763 5185 1934 5238; x_wconf 90' lang='lat' dir='ltr'><strong>amari</strong></span> <span class='ocrx_word' id='word_1_708' title='bbox 1973 5199 2068 5252; x_wconf 90' lang='lat' dir='ltr'><strong>po-</strong></span> 
     </span>
    </p>
   </div>
   <div class='ocr_carea' id='block_1_86' title="bbox 465 5271 2064 5343">
    <p class='ocr_par' dir='ltr' id='par_1_86' title="bbox 465 5271 2064 5343">
     <span class='ocr_line' id='line_1_86' title="bbox 465 5271 2064 5343; baseline -0.003 -14"><span class='ocrx_word' id='word_1_709' title='bbox 465 5290 472 5297; x_wconf 87' lang='lat'>&#39;</span> <span class='ocrx_word' id='word_1_710' title='bbox 504 5283 670 5340; x_wconf 89' lang='lat' dir='ltr'><strong>terat,</strong></span> <span class='ocrx_word' id='word_1_711' title='bbox 697 5289 856 5343; x_wconf 87' lang='lat' dir='ltr'><strong>quam</strong></span> <span class='ocrx_word' id='word_1_712' title='bbox 885 5274 1106 5342; x_wconf 87' lang='lat' dir='ltr'><strong>quaestio</strong></span> <span class='ocrx_word' id='word_1_713' title='bbox 1145 5271 1371 5328; x_wconf 79' lang='lat' dir='ltr'><strong>diﬂicilis</strong></span> <span class='ocrx_word' id='word_1_714' title='bbox 1413 5274 1664 5340; x_wconf 86' lang='lat' dir='ltr'><strong>putanda.</strong></span> <span class='ocrx_word' id='word_1_715' title='bbox 1708 5274 1954 5343; x_wconf 80' lang='lat' dir='ltr'><strong>Dixitque</strong></span> <span class='ocrx_word' id='word_1_716' title='bbox 1996 5273 2064 5324; x_wconf 91' lang='lat' dir='ltr'><strong>ad</strong></span> 
     </span>
    </p>
   </div>
   <div class='ocr_carea' id='block_1_87' title="bbox 500 5363 2064 5436">
    <p class='ocr_par' dir='ltr' id='par_1_87' title="bbox 500 5363 2064 5436">
     <span class='ocr_line' id='line_1_87' title="bbox 500 5363 2064 5436; baseline -0.004 -16"><span class='ocrx_word' id='word_1_717' title='bbox 500 5382 616 5420; x_wconf 78' lang='lat' dir='ltr'><strong>eum</strong></span> <span class='ocrx_word' id='word_1_718' title='bbox 644 5366 780 5420; x_wconf 90' lang='lat' dir='ltr'><strong>Deus</strong></span> <span class='ocrx_word' id='word_1_719' title='bbox 804 5380 820 5416; x_wconf 94' lang='lat'><em>:</em></span> <span class='ocrx_word' id='word_1_720' title='bbox 846 5366 915 5419; x_wconf 86' lang='lat' dir='ltr'><strong>Et</strong></span> <span class='ocrx_word' id='word_1_721' title='bbox 941 5383 1033 5436; x_wconf 80' lang='lat' dir='ltr'><strong>ego</strong></span> <span class='ocrx_word' id='word_1_722' title='bbox 1057 5367 1165 5418; x_wconf 88' lang='lat' dir='ltr'><strong>scio</strong></span> <span class='ocrx_word' id='word_1_723' title='bbox 1188 5364 1325 5434; x_wconf 88' lang='lat' dir='ltr'><strong>quod</strong></span> <span class='ocrx_word' id='word_1_724' title='bbox 1355 5363 1570 5432; x_wconf 87' lang='lat' dir='ltr'><strong>simplici</strong></span> <span class='ocrx_word' id='word_1_725' title='bbox 1601 5368 1752 5418; x_wconf 90' lang='lat' dir='ltr'><strong>corde</strong></span> <span class='ocrx_word' id='word_1_726' title='bbox 1785 5364 1989 5432; x_wconf 77' lang='lat' dir='ltr'><strong>feceris,</strong></span> <span class='ocrx_word' id='word_1_727' title='bbox 2017 5373 2064 5415; x_wconf 91' lang='lat' dir='ltr'><strong>et</strong></span> 
     </span>
    </p>
   </div>
   <div class='ocr_carea' id='block_1_88' title="bbox 505 5447 2068 5521">
    <p class='ocr_par' dir='ltr' id='par_1_88' title="bbox 505 5447 2068 5521">
     <span class='ocr_line' id='line_1_88' title="bbox 505 5447 2068 5521; baseline -0.003 -16"><span class='ocrx_word' id='word_1_728' title='bbox 505 5447 618 5506; x_wconf 82' lang='lat' dir='ltr'><strong>ideo</strong></span> <span class='ocrx_word' id='word_1_729' title='bbox 643 5453 992 5517; x_wconf 78' lang='lat' dir='ltr'><strong>custodisisse,</strong></span> <span class='ocrx_word' id='word_1_730' title='bbox 1017 5469 1079 5506; x_wconf 85' lang='lat' dir='ltr'><strong>ne</strong></span> <span class='ocrx_word' id='word_1_731' title='bbox 1105 5468 1340 5521; x_wconf 86' lang='lat' dir='ltr'><strong>peccares</strong></span> <span class='ocrx_word' id='word_1_732' title='bbox 1370 5452 1421 5503; x_wconf 87' lang='lat' dir='ltr'><strong>in</strong></span> <span class='ocrx_word' id='word_1_733' title='bbox 1451 5467 1549 5513; x_wconf 79' lang='lat' dir='ltr'><strong>me,</strong></span> <span class='ocrx_word' id='word_1_734' title='bbox 1577 5460 1621 5502; x_wconf 90' lang='lat' dir='ltr'><strong>et</strong></span> <span class='ocrx_word' id='word_1_735' title='bbox 1654 5467 1752 5502; x_wconf 90' lang='lat' dir='ltr'><strong>non</strong></span> <span class='ocrx_word' id='word_1_736' title='bbox 1783 5451 1977 5513; x_wconf 87' lang='lat' dir='ltr'><strong>dimisi,</strong></span> <span class='ocrx_word' id='word_1_737' title='bbox 2007 5458 2068 5502; x_wconf 83' lang='lat' dir='ltr'><strong>ut</strong></span> 
     </span>
    </p>
   </div>
   <div class='ocr_carea' id='block_1_89' title="bbox 504 5540 2065 5611">
    <p class='ocr_par' dir='ltr' id='par_1_89' title="bbox 504 5540 2065 5611">
     <span class='ocr_line' id='line_1_89' title="bbox 504 5540 2065 5611; baseline -0.001 -17"><span class='ocrx_word' id='word_1_738' title='bbox 504 5551 736 5610; x_wconf 77' lang='lat' dir='ltr'><strong>tangeres</strong></span> <span class='ocrx_word' id='word_1_739' title='bbox 776 5559 908 5595; x_wconf 87' lang='lat' dir='ltr'><strong>eam.</strong></span> <span class='ocrx_word' id='word_1_740' title='bbox 954 5541 1109 5595; x_wconf 85' lang='lat' dir='ltr'><strong>Nunc</strong></span> <span class='ocrx_word' id='word_1_741' title='bbox 1156 5544 1315 5611; x_wconf 78' lang='lat' dir='ltr'><strong>igitur</strong></span> <span class='ocrx_word' id='word_1_742' title='bbox 1362 5540 1515 5593; x_wconf 83' lang='lat' dir='ltr'><strong>redde</strong></span> <span class='ocrx_word' id='word_1_743' title='bbox 1555 5555 1766 5590; x_wconf 73' lang='lat' dir='ltr'><strong>uxorem</strong></span> <span class='ocrx_word' id='word_1_744' title='bbox 1803 5540 1910 5591; x_wconf 81' lang='lat' dir='ltr'><strong>viro</strong></span> <span class='ocrx_word' id='word_1_745' title='bbox 1951 5555 2065 5604; x_wconf 88' lang='lat' dir='ltr'><strong>suo,</strong></span> 
     </span>
    </p>
   </div>
   <div class='ocr_carea' id='block_1_90' title="bbox 505 5626 2069 5700">
    <p class='ocr_par' dir='ltr' id='par_1_90' title="bbox 505 5626 2069 5700">
     <span class='ocr_line' id='line_1_90' title="bbox 505 5626 2069 5700; baseline 0.002 -21"><span class='ocrx_word' id='word_1_746' title='bbox 505 5629 628 5698; x_wconf 77' lang='lat' dir='ltr'><strong>quia</strong></span> <span class='ocrx_word' id='word_1_747' title='bbox 654 5631 896 5699; x_wconf 78' lang='lat' dir='ltr'><strong>propheta</strong></span> <span class='ocrx_word' id='word_1_748' title='bbox 920 5641 1011 5696; x_wconf 84' lang='lat' dir='ltr'><strong>est,</strong></span> <span class='ocrx_word' id='word_1_749' title='bbox 1041 5640 1088 5685; x_wconf 86' lang='lat' dir='ltr'><strong>et</strong></span> <span class='ocrx_word' id='word_1_750' title='bbox 1115 5631 1281 5685; x_wconf 85' lang='lat' dir='ltr'><strong>orabit</strong></span> <span class='ocrx_word' id='word_1_751' title='bbox 1308 5647 1401 5700; x_wconf 84' lang='lat' dir='ltr'><strong>pro</strong></span> <span class='ocrx_word' id='word_1_752' title='bbox 1424 5639 1492 5696; x_wconf 87' lang='lat' dir='ltr'><strong>te,</strong></span> <span class='ocrx_word' id='word_1_753' title='bbox 1521 5637 1565 5681; x_wconf 90' lang='lat' dir='ltr'><strong>et</strong></span> <span class='ocrx_word' id='word_1_754' title='bbox 1593 5628 1744 5681; x_wconf 81' lang='lat' dir='ltr'><strong>vives.</strong></span> <span class='ocrx_word' id='word_1_755' title='bbox 1776 5626 1866 5682; x_wconf 85' lang='lat' dir='ltr'><strong>Sin</strong></span> <span class='ocrx_word' id='word_1_756' title='bbox 1898 5639 2069 5683; x_wconf 84' lang='lat' dir='ltr'><strong>autent</strong></span> 
     </span>
    </p>
   </div>
   <div class='ocr_carea' id='block_1_91' title="bbox 2094 4425 2146 4483">
    <p class='ocr_par' dir='ltr' id='par_1_91' title="bbox 2094 4425 2146 4483">
     <span class='ocr_line' id='line_1_91' title="bbox 2094 4425 2146 4483; baseline 0 0"><span class='ocrx_word' id='word_1_757' title='bbox 2094 4425 2146 4483; x_wconf 93' lang='lat' dir='ltr'><strong>D</strong></span> 
     </span>
    </p>
   </div>
   <div class='ocr_carea' id='block_1_92' title="bbox 2177 3214 3739 3288">
    <p class='ocr_par' dir='ltr' id='par_1_92' title="bbox 2177 3214 3739 3288">
     <span class='ocr_line' id='line_1_92' title="bbox 2177 3214 3739 3288; baseline 0.008 -23"><span class='ocrx_word' id='word_1_758' title='bbox 2177 3214 2265 3266; x_wconf 92' lang='lat' dir='ltr'><strong>nio</strong></span> <span class='ocrx_word' id='word_1_759' title='bbox 2287 3217 2666 3281; x_wconf 89' lang='lat' dir='ltr'><strong>commonitus,</strong></span> <span class='ocrx_word' id='word_1_760' title='bbox 2690 3232 2796 3270; x_wconf 91' lang='lat' dir='ltr'><strong>non</strong></span> <span class='ocrx_word' id='word_1_761' title='bbox 2825 3219 3108 3272; x_wconf 84' lang='lat' dir='ltr'><strong>maculavit</strong></span> <span class='ocrx_word' id='word_1_762' title='bbox 3156 3236 3273 3275; x_wconf 89' lang='lat' dir='ltr'><strong>eam</strong></span> <span class='ocrx_word' id='word_1_763' title='bbox 3306 3223 3609 3288; x_wconf 85' lang='lat' dir='ltr'><strong>concubitu,</strong></span> <span class='ocrx_word' id='word_1_764' title='bbox 3646 3226 3739 3277; x_wconf 87' lang='lat' dir='ltr'><strong>sed</strong></span> 
     </span>
    </p>
   </div>
   <div class='ocr_carea' id='block_1_93' title="bbox 2176 3305 3740 3388">
    <p class='ocr_par' dir='ltr' id='par_1_93' title="bbox 2176 3305 3740 3388">
     <span class='ocr_line' id='line_1_93' title="bbox 2176 3305 3740 3388; baseline 0.008 -33"><span class='ocrx_word' id='word_1_765' title='bbox 2176 3305 2428 3358; x_wconf 82' lang='lat' dir='ltr'><strong>intactam</strong></span> <span class='ocrx_word' id='word_1_766' title='bbox 2466 3310 2786 3388; x_wconf 76' lang='lat' dir='ltr'><strong>restauravit</strong></span> <span class='ocrx_word' id='word_1_767' title='bbox 2818 3311 3031 3364; x_wconf 92' lang='lat' dir='ltr'><strong>marito.</strong></span> <span class='ocrx_word' id='word_1_768' title='bbox 3060 3310 3440 3367; x_wconf 79' lang='lat' dir='ltr'><strong>Verumtamen</strong></span> <span class='ocrx_word' id='word_1_769' title='bbox 3466 3317 3588 3383; x_wconf 89' lang='lat' dir='ltr'><strong>quis</strong></span> <span class='ocrx_word' id='word_1_770' title='bbox 3612 3325 3740 3368; x_wconf 87' lang='lat' dir='ltr'><strong>tunc</strong></span> 
     </span>
    </p>
   </div>
   <div class='ocr_carea' id='block_1_94' title="bbox 2176 3392 3740 3477">
    <p class='ocr_par' dir='ltr' id='par_1_94' title="bbox 2176 3392 3740 3477">
     <span class='ocr_line' id='line_1_94' title="bbox 2176 3392 3740 3477; baseline 0.01 -35"><span class='ocrx_word' id='word_1_771' title='bbox 2176 3392 2228 3444; x_wconf 91' lang='lat' dir='ltr'><strong>in</strong></span> <span class='ocrx_word' id='word_1_772' title='bbox 2251 3393 2339 3448; x_wconf 89' lang='lat' dir='ltr'><strong>illo</strong></span> <span class='ocrx_word' id='word_1_773' title='bbox 2369 3393 2696 3464; x_wconf 82' lang='lat' dir='ltr'><strong>ligurabatur</strong></span> <span class='ocrx_word' id='word_1_774' title='bbox 2725 3399 2862 3463; x_wconf 87' lang='lat' dir='ltr'><strong>viro,</strong></span> <span class='ocrx_word' id='word_1_775' title='bbox 2893 3401 3030 3453; x_wconf 90' lang='lat' dir='ltr'><strong>scire</strong></span> <span class='ocrx_word' id='word_1_776' title='bbox 3056 3401 3196 3467; x_wconf 91' lang='lat' dir='ltr'><strong>volo,</strong></span> <span class='ocrx_word' id='word_1_777' title='bbox 3224 3404 3449 3477; x_wconf 39' lang='lat' dir='ltr'><strong>et’cujus</strong></span> <span class='ocrx_word' id='word_1_778' title='bbox 3475 3405 3543 3456; x_wconf 90' lang='lat' dir='ltr'><strong>sit</strong></span> <span class='ocrx_word' id='word_1_779' title='bbox 3600 3420 3740 3457; x_wconf 75' lang='lat' dir='ltr'><strong>uxor</strong></span> 
     </span>
    </p>
   </div>
   <div class='ocr_carea' id='block_1_95' title="bbox 2175 3484 3735 3561">
    <p class='ocr_par' dir='ltr' id='par_1_95' title="bbox 2175 3484 3735 3561">
     <span class='ocr_line' id='line_1_95' title="bbox 2175 3484 3735 3561; baseline 0.007 -27"><span class='ocrx_word' id='word_1_780' title='bbox 2175 3497 2290 3550; x_wconf 61' lang='lat' dir='ltr'><strong>qua</strong></span> <span class='ocrx_word' id='word_1_781' title='bbox 2311 3484 2362 3536; x_wconf 92' lang='lat' dir='ltr'><strong>in</strong></span> <span class='ocrx_word' id='word_1_782' title='bbox 2378 3484 2478 3537; x_wconf 88' lang='lat' dir='ltr'><strong>hac</strong></span> <span class='ocrx_word' id='word_1_783' title='bbox 2499 3487 2925 3556; x_wconf 59' lang='lat' dir='ltr'><strong>peregrinatione</strong></span> <span class='ocrx_word' id='word_1_784' title='bbox 2949 3497 3108 3556; x_wconf 89' lang='lat' dir='ltr'><strong>atque</strong></span> <span class='ocrx_word' id='word_1_785' title='bbox 3123 3490 3261 3544; x_wconf 88' lang='lat' dir='ltr'><strong>inter</strong></span> <span class='ocrx_word' id='word_1_786' title='bbox 3273 3491 3596 3561; x_wconf 83' lang='lat' dir='ltr'><strong>alienigenas</strong></span> <span class='ocrx_word' id='word_1_787' title='bbox 3618 3493 3735 3560; x_wconf 82' lang='lat' dir='ltr'><strong>pol-</strong></span> 
     </span>
    </p>
   </div>
   <div class='ocr_carea' id='block_1_96' title="bbox 2175 3567 3737 3643">
    <p class='ocr_par' dir='ltr' id='par_1_96' title="bbox 2175 3567 3737 3643">
     <span class='ocr_line' id='line_1_96' title="bbox 2175 3567 3737 3643; baseline 0.007 -20"><span class='ocrx_word' id='word_1_788' title='bbox 2175 3572 2245 3624; x_wconf 91' lang='lat' dir='ltr'><strong>lui</strong></span> <span class='ocrx_word' id='word_1_789' title='bbox 2274 3567 2635 3641; x_wconf 82' lang='lat' dir='ltr'><strong>macularique</strong></span> <span class='ocrx_word' id='word_1_790' title='bbox 2693 3592 2797 3629; x_wconf 90' lang='lat' dir='ltr'><strong>non</strong></span> <span class='ocrx_word' id='word_1_791' title='bbox 2839 3577 3054 3643; x_wconf 89' lang='lat' dir='ltr'><strong>sinitur,</strong></span> <span class='ocrx_word' id='word_1_792' title='bbox 3091 3587 3150 3632; x_wconf 91' lang='lat' dir='ltr'><strong>ut</strong></span> <span class='ocrx_word' id='word_1_793' title='bbox 3201 3581 3271 3633; x_wconf 88' lang='lat' dir='ltr'><strong>sit</strong></span> <span class='ocrx_word' id='word_1_794' title='bbox 3317 3581 3431 3634; x_wconf 85' lang='lat' dir='ltr'><strong>viro</strong></span> <span class='ocrx_word' id='word_1_795' title='bbox 3482 3595 3580 3634; x_wconf 91' lang='lat' dir='ltr'><strong>suo</strong></span> <span class='ocrx_word' id='word_1_796' title='bbox 3619 3582 3737 3634; x_wconf 89' lang='lat' dir='ltr'><strong>sine</strong></span> 
     </span>
    </p>
   </div>
   <div class='ocr_carea' id='block_1_97' title="bbox 2173 3661 3738 3735">
    <p class='ocr_par' dir='ltr' id='par_1_97' title="bbox 2173 3661 3738 3735">
     <span class='ocr_line' id='line_1_97' title="bbox 2173 3661 3738 3735; baseline 0.006 -23"><span class='ocrx_word' id='word_1_797' title='bbox 2173 3661 2378 3715; x_wconf 89' lang='lat' dir='ltr'><strong>macula</strong></span> <span class='ocrx_word' id='word_1_798' title='bbox 2408 3671 2462 3716; x_wconf 92' lang='lat' dir='ltr'><strong>et</strong></span> <span class='ocrx_word' id='word_1_799' title='bbox 2488 3678 2638 3730; x_wconf 84' lang='lat' dir='ltr'><strong>ruga.</strong></span> <span class='ocrx_word' id='word_1_800' title='bbox 2663 3664 2718 3716; x_wconf 90' lang='lat' dir='ltr'><strong>ln</strong></span> <span class='ocrx_word' id='word_1_801' title='bbox 2745 3665 2967 3733; x_wconf 90' lang='lat' dir='ltr'><strong>gloriam</strong></span> <span class='ocrx_word' id='word_1_802' title='bbox 2989 3669 3181 3735; x_wconf 83' lang='lat' dir='ltr'><strong>quippe</strong></span> <span class='ocrx_word' id='word_1_803' title='bbox 3205 3668 3400 3721; x_wconf 85' lang='lat' dir='ltr'><strong>Christi</strong></span> <span class='ocrx_word' id='word_1_804' title='bbox 3431 3678 3578 3723; x_wconf 89' lang='lat' dir='ltr'><strong>recte</strong></span> <span class='ocrx_word' id='word_1_805' title='bbox 3604 3671 3738 3721; x_wconf 80' lang='lat' dir='ltr'><strong>vivit</strong></span> 
     </span>
    </p>
   </div>
   <div class='ocr_carea' id='block_1_98' title="bbox 2170 3750 3737 3824">
    <p class='ocr_par' dir='ltr' id='par_1_98' title="bbox 2170 3750 3737 3824">
     <span class='ocr_line' id='line_1_98' title="bbox 2170 3750 3737 3824; baseline 0.003 -16"><span class='ocrx_word' id='word_1_806' title='bbox 2170 3750 2428 3817; x_wconf 84' lang='lat' dir='ltr'><strong>Ecclesia,</strong></span> <span class='ocrx_word' id='word_1_807' title='bbox 2457 3763 2514 3805; x_wconf 89' lang='lat' dir='ltr'><strong>ut</strong></span> <span class='ocrx_word' id='word_1_808' title='bbox 2540 3753 2878 3820; x_wconf 86' lang='lat' dir='ltr'><strong>pulchritudo</strong></span> <span class='ocrx_word' id='word_1_809' title='bbox 2905 3757 3020 3824; x_wconf 78' lang='lat' dir='ltr'><strong>ejus</strong></span> <span class='ocrx_word' id='word_1_810' title='bbox 3043 3757 3211 3810; x_wconf 90' lang='lat' dir='ltr'><strong>honor</strong></span> <span class='ocrx_word' id='word_1_811' title='bbox 3233 3758 3302 3811; x_wconf 90' lang='lat' dir='ltr'><strong>sit</strong></span> <span class='ocrx_word' id='word_1_812' title='bbox 3326 3759 3441 3812; x_wconf 89' lang='lat' dir='ltr'><strong>viro</strong></span> <span class='ocrx_word' id='word_1_813' title='bbox 3465 3757 3600 3824; x_wconf 80' lang='lat' dir='ltr'><strong>ejus,</strong></span> <span class='ocrx_word' id='word_1_814' title='bbox 3631 3760 3737 3812; x_wconf 88' lang='lat' dir='ltr'><strong>sic—</strong></span> 
     </span>
    </p>
   </div>
   <div class='ocr_carea' id='block_1_99' title="bbox 2173 3841 3738 3914">
    <p class='ocr_par' dir='ltr' id='par_1_99' title="bbox 2173 3841 3738 3914">
     <span class='ocr_line' id='line_1_99' title="bbox 2173 3841 3738 3914; baseline 0.004 -21"><span class='ocrx_word' id='word_1_815' title='bbox 2173 3850 2230 3894; x_wconf 91' lang='lat' dir='ltr'><strong>ut</strong></span> <span class='ocrx_word' id='word_1_816' title='bbox 2279 3841 2547 3894; x_wconf 87' lang='lat' dir='ltr'><strong>Abraham</strong></span> <span class='ocrx_word' id='word_1_817' title='bbox 2599 3853 2815 3911; x_wconf 86' lang='lat' dir='ltr'><strong>propter</strong></span> <span class='ocrx_word' id='word_1_818' title='bbox 2860 3845 3006 3900; x_wconf 75' lang='lat' dir='ltr'><strong>Sara:</strong></span> <span class='ocrx_word' id='word_1_819' title='bbox 3063 3848 3538 3914; x_wconf 83' lang='lat' dir='ltr'><strong>pulchritudinem,</strong></span> <span class='ocrx_word' id='word_1_820' title='bbox 3595 3848 3738 3902; x_wconf 88' lang='lat' dir='ltr'><strong>inter</strong></span> 
     </span>
    </p>
   </div>
   <div class='ocr_carea' id='block_1_100' title="bbox 2173 3933 3737 4004">
    <p class='ocr_par' dir='ltr' id='par_1_100' title="bbox 2173 3933 3737 4004">
     <span class='ocr_line' id='line_1_100' title="bbox 2173 3933 3737 4004; baseline 0.003 -19"><span class='ocrx_word' id='word_1_821' title='bbox 2173 3933 2500 4000; x_wconf 87' lang='lat' dir='ltr'><strong>alienigenas</strong></span> <span class='ocrx_word' id='word_1_822' title='bbox 2529 3935 2924 4000; x_wconf 90' lang='lat' dir='ltr'><strong>honorabatur;</strong></span> <span class='ocrx_word' id='word_1_823' title='bbox 2962 3937 3116 4004; x_wconf 89' lang='lat' dir='ltr'><strong>eique</strong></span> <span class='ocrx_word' id='word_1_824' title='bbox 3139 3952 3260 3992; x_wconf 91' lang='lat' dir='ltr'><strong>cum</strong></span> <span class='ocrx_word' id='word_1_825' title='bbox 3295 3937 3490 3992; x_wconf 90' lang='lat' dir='ltr'><strong>dicitur</strong></span> <span class='ocrx_word' id='word_1_826' title='bbox 3517 3938 3571 3991; x_wconf 93' lang='lat' dir='ltr'><strong>in</strong></span> <span class='ocrx_word' id='word_1_827' title='bbox 3597 3938 3737 3992; x_wconf 84' lang='lat' dir='ltr'><strong>Can-</strong></span> 
     </span>
    </p>
   </div>
   <div class='ocr_carea' id='block_1_101' title="bbox 2173 4021 3738 4094">
    <p class='ocr_par' dir='ltr' id='par_1_101' title="bbox 2173 4021 3738 4094">
     <span class='ocr_line' id='line_1_101' title="bbox 2173 4021 3738 4094; baseline 0.003 -20"><span class='ocrx_word' id='word_1_828' title='bbox 2173 4021 2293 4075; x_wconf 84' lang='lat' dir='ltr'><strong>ticis</strong></span> <span class='ocrx_word' id='word_1_829' title='bbox 2321 4023 2682 4076; x_wconf 83' lang='lat' dir='ltr'><strong>canticorum:</strong></span> <span class='ocrx_word' id='word_1_830' title='bbox 2711 4022 2754 4075; x_wconf 91' lang='lat'><em>0</em></span> <span class='ocrx_word' id='word_1_831' title='bbox 2789 4023 3135 4092; x_wconf 84' lang='lat' dir='ltr'><strong>pulcherrima</strong></span> <span class='ocrx_word' id='word_1_832' title='bbox 3177 4026 3310 4078; x_wconf 89' lang='lat' dir='ltr'><strong>inter</strong></span> <span class='ocrx_word' id='word_1_833' title='bbox 3358 4025 3621 4087; x_wconf 87' lang='lat' dir='ltr'><strong>mulieres,</strong></span> <span class='ocrx_word' id='word_1_834' title='bbox 3657 4028 3738 4094; x_wconf 87' lang='lat' dir='ltr'><strong>ip-</strong></span> 
     </span>
    </p>
   </div>
   <div class='ocr_carea' id='block_1_102' title="bbox 2173 4112 3733 4182">
    <p class='ocr_par' dir='ltr' id='par_1_102' title="bbox 2173 4112 3733 4182">
     <span class='ocr_line' id='line_1_102' title="bbox 2173 4112 3733 4182; baseline 0.001 -17"><span class='ocrx_word' id='word_1_835' title='bbox 2173 4113 2282 4165; x_wconf 90' lang='lat' dir='ltr'><strong>sius</strong></span> <span class='ocrx_word' id='word_1_836' title='bbox 2331 4112 2712 4180; x_wconf 88' lang='lat' dir='ltr'><strong>pulchritudini</strong></span> <span class='ocrx_word' id='word_1_837' title='bbox 2757 4113 2946 4166; x_wconf 88' lang='lat' dir='ltr'><strong>merito</strong></span> <span class='ocrx_word' id='word_1_838' title='bbox 3004 4129 3156 4182; x_wconf 87' lang='lat' dir='ltr'><strong>reges</strong></span> <span class='ocrx_word' id='word_1_839' title='bbox 3205 4113 3439 4167; x_wconf 61' lang='lat' dir='ltr'><strong>offerunt</strong></span> <span class='ocrx_word' id='word_1_840' title='bbox 3485 4130 3733 4178; x_wconf 85' lang='lat' dir='ltr'><strong>munera,</strong></span> 
     </span>
    </p>
   </div>
   <div class='ocr_carea' id='block_1_103' title="bbox 2172 4191 3736 4274">
    <p class='ocr_par' dir='ltr' id='par_1_103' title="bbox 2172 4191 3736 4274">
     <span class='ocr_line' id='line_1_103' title="bbox 2172 4191 3736 4274; baseline 0.001 -21"><span class='ocrx_word' id='word_1_841' title='bbox 2172 4201 2308 4253; x_wconf 87' lang='lat' dir='ltr'><strong>sicut</strong></span> <span class='ocrx_word' id='word_1_842' title='bbox 2328 4199 2473 4253; x_wconf 74' lang='lat' dir='ltr'><strong>Sara:</strong></span> <span class='ocrx_word' id='word_1_843' title='bbox 2499 4201 2689 4254; x_wconf 80' lang='lat' dir='ltr'><strong>obtulit</strong></span> <span class='ocrx_word' id='word_1_844' title='bbox 2712 4216 2800 4254; x_wconf 85' lang='lat' dir='ltr'><strong>rex</strong></span> <span class='ocrx_word' id='word_1_845' title='bbox 2831 4201 3159 4267; x_wconf 86' lang='lat' dir='ltr'><strong>Abimelech,</strong></span> <span class='ocrx_word' id='word_1_846' title='bbox 3186 4202 3303 4274; x_wconf 88' lang='lat' dir='ltr'><strong>plus</strong></span> <span class='ocrx_word' id='word_1_847' title='bbox 3336 4191 3399 4255; x_wconf 75' lang='lat' dir='ltr'><strong>in</strong></span> <span class='ocrx_word' id='word_1_848' title='bbox 3430 4218 3493 4256; x_wconf 89' lang='lat' dir='ltr'><strong>ea</strong></span> <span class='ocrx_word' id='word_1_849' title='bbox 3531 4203 3736 4255; x_wconf 84' lang='lat' dir='ltr'><strong>mirans</strong></span> 
     </span>
    </p>
   </div>
   <div class='ocr_carea' id='block_1_104' title="bbox 2173 4290 3735 4361">
    <p class='ocr_par' dir='ltr' id='par_1_104' title="bbox 2173 4290 3735 4361">
     <span class='ocr_line' id='line_1_104' title="bbox 2173 4290 3735 4361; baseline 0.001 -17"><span class='ocrx_word' id='word_1_850' title='bbox 2173 4290 2355 4345; x_wconf 74' lang='lat' dir='ltr'><strong>formae</strong></span> <span class='ocrx_word' id='word_1_851' title='bbox 2380 4293 2541 4346; x_wconf 89' lang='lat' dir='ltr'><strong>decus</strong></span> <span class='ocrx_word' id='word_1_852' title='bbox 2557 4293 2695 4359; x_wconf 90' lang='lat' dir='ltr'><strong>quod</strong></span> <span class='ocrx_word' id='word_1_853' title='bbox 2719 4307 2901 4346; x_wconf 88' lang='lat' dir='ltr'><strong>amare</strong></span> <span class='ocrx_word' id='word_1_854' title='bbox 2929 4293 3119 4361; x_wconf 90' lang='lat' dir='ltr'><strong>potuit.</strong></span> <span class='ocrx_word' id='word_1_855' title='bbox 3153 4293 3246 4346; x_wconf 91' lang='lat' dir='ltr'><strong>Est</strong></span> <span class='ocrx_word' id='word_1_856' title='bbox 3274 4293 3417 4346; x_wconf 91' lang='lat' dir='ltr'><strong>enim</strong></span> <span class='ocrx_word' id='word_1_857' title='bbox 3467 4301 3522 4346; x_wconf 90' lang='lat' dir='ltr'><strong>et</strong></span> <span class='ocrx_word' id='word_1_858' title='bbox 3551 4301 3735 4346; x_wconf 86' lang='lat' dir='ltr'><strong>sancta</strong></span> 
     </span>
    </p>
   </div>
   <div class='ocr_carea' id='block_1_105' title="bbox 2176 4381 3740 4464">
    <p class='ocr_par' dir='ltr' id='par_1_105' title="bbox 2176 4381 3740 4464">
     <span class='ocr_line' id='line_1_105' title="bbox 2176 4381 3740 4464; baseline 0.001 -31"><span class='ocrx_word' id='word_1_859' title='bbox 2176 4381 2408 4435; x_wconf 87' lang='lat' dir='ltr'><strong>Ecclesia</strong></span> <span class='ocrx_word' id='word_1_860' title='bbox 2431 4382 2656 4464; x_wconf 60' lang='lat' dir='ltr'><strong>Domino</strong></span> <span class='ocrx_word' id='word_1_861' title='bbox 2685 4381 2812 4436; x_wconf 86' lang='lat' dir='ltr'><strong>Jesu</strong></span> <span class='ocrx_word' id='word_1_862' title='bbox 2839 4382 3053 4436; x_wconf 81' lang='lat' dir='ltr'><strong>Christo</strong></span> <span class='ocrx_word' id='word_1_863' title='bbox 3091 4383 3144 4435; x_wconf 91' lang='lat' dir='ltr'><strong>in</strong></span> <span class='ocrx_word' id='word_1_864' title='bbox 3181 4383 3391 4436; x_wconf 88' lang='lat' dir='ltr'><strong>occulto</strong></span> <span class='ocrx_word' id='word_1_865' title='bbox 3432 4398 3588 4436; x_wconf 86' lang='lat' dir='ltr'><strong>uxor.</strong></span> <span class='ocrx_word' id='word_1_866' title='bbox 3642 4381 3740 4436; x_wconf 88' lang='lat' dir='ltr'><strong>Oc-</strong></span> 
     </span>
    </p>
   </div>
   <div class='ocr_carea' id='block_1_106' title="bbox 2170 4469 3740 4539">
    <p class='ocr_par' dir='ltr' id='par_1_106' title="bbox 2170 4469 3740 4539">
     <span class='ocr_line' id='line_1_106' title="bbox 2170 4469 3740 4539; baseline 0 -15"><span class='ocrx_word' id='word_1_867' title='bbox 2170 4469 2308 4524; x_wconf 91' lang='lat' dir='ltr'><strong>culte</strong></span> <span class='ocrx_word' id='word_1_868' title='bbox 2329 4470 2523 4538; x_wconf 92' lang='lat' dir='ltr'><strong>quippe</strong></span> <span class='ocrx_word' id='word_1_869' title='bbox 2547 4471 2768 4538; x_wconf 92' lang='lat' dir='ltr'><strong>atquein</strong></span> <span class='ocrx_word' id='word_1_870' title='bbox 2793 4471 3124 4534; x_wconf 89' lang='lat' dir='ltr'><strong>abscondito,</strong></span> <span class='ocrx_word' id='word_1_871' title='bbox 3149 4473 3249 4525; x_wconf 90' lang='lat' dir='ltr'><strong>hoc</strong></span> <span class='ocrx_word' id='word_1_872' title='bbox 3262 4479 3567 4530; x_wconf 87' lang='lat' dir='ltr'><strong>estsecreto</strong></span> <span class='ocrx_word' id='word_1_873' title='bbox 3581 4472 3740 4539; x_wconf 84' lang='lat' dir='ltr'><strong>spiri-</strong></span> 
     </span>
    </p>
   </div>
   <div class='ocr_carea' id='block_1_107' title="bbox 2171 4560 3738 4626">
    <p class='ocr_par' dir='ltr' id='par_1_107' title="bbox 2171 4560 3738 4626">
     <span class='ocr_line' id='line_1_107' title="bbox 2171 4560 3738 4626; baseline 0.001 -14"><span class='ocrx_word' id='word_1_874' title='bbox 2171 4560 2318 4623; x_wconf 91' lang='lat' dir='ltr'><strong>tuali,</strong></span> <span class='ocrx_word' id='word_1_875' title='bbox 2345 4561 2521 4612; x_wconf 90' lang='lat' dir='ltr'><strong>anima</strong></span> <span class='ocrx_word' id='word_1_876' title='bbox 2549 4560 2780 4613; x_wconf 87' lang='lat' dir='ltr'><strong>humana</strong></span> <span class='ocrx_word' id='word_1_877' title='bbox 2805 4561 3032 4614; x_wconf 67' lang='lat' dir='ltr'><strong>inhaeret</strong></span> <span class='ocrx_word' id='word_1_878' title='bbox 3055 4561 3217 4614; x_wconf 90' lang='lat' dir='ltr'><strong>verbo</strong></span> <span class='ocrx_word' id='word_1_879' title='bbox 3244 4562 3359 4626; x_wconf 89' lang='lat' dir='ltr'><strong>Dei,</strong></span> <span class='ocrx_word' id='word_1_880' title='bbox 3382 4570 3442 4614; x_wconf 91' lang='lat' dir='ltr'><strong>ut</strong></span> <span class='ocrx_word' id='word_1_881' title='bbox 3475 4563 3582 4615; x_wconf 89' lang='lat' dir='ltr'><strong>sint</strong></span> <span class='ocrx_word' id='word_1_882' title='bbox 3631 4562 3738 4615; x_wconf 87' lang='lat' dir='ltr'><strong>duo</strong></span> 
     </span>
    </p>
   </div>
   <div class='ocr_carea' id='block_1_108' title="bbox 2146 4647 3735 4720">
    <p class='ocr_par' dir='ltr' id='par_1_108' title="bbox 2146 4647 3735 4720">
     <span class='ocr_line' id='line_1_108' title="bbox 2146 4647 3735 4720; baseline 0.001 -20"><span class='ocrx_word' id='word_1_883' title='bbox 2146 4648 2222 4720; x_wconf 80' lang='lat' dir='ltr'><strong>in</strong></span> <span class='ocrx_word' id='word_1_884' title='bbox 2255 4663 2416 4702; x_wconf 88' lang='lat' dir='ltr'><strong>carne</strong></span> <span class='ocrx_word' id='word_1_885' title='bbox 2436 4664 2560 4700; x_wconf 90' lang='lat' dir='ltr'><strong>una.</strong></span> <span class='ocrx_word' id='word_1_886' title='bbox 2609 4647 2756 4714; x_wconf 86' lang='lat' dir='ltr'><strong>Quod</strong></span> <span class='ocrx_word' id='word_1_887' title='bbox 2811 4650 2990 4718; x_wconf 87' lang='lat' dir='ltr'><strong>magni</strong></span> <span class='ocrx_word' id='word_1_888' title='bbox 3045 4648 3277 4719; x_wconf 67' lang='lat' dir='ltr'><strong>coniugii</strong></span> <span class='ocrx_word' id='word_1_889' title='bbox 3339 4659 3735 4717; x_wconf 85' lang='lat' dir='ltr'><strong>sacramentum</strong></span> 
     </span>
    </p>
   </div>
   <div class='ocr_carea' id='block_1_109' title="bbox 2170 4737 3740 4807">
    <p class='ocr_par' dir='ltr' id='par_1_109' title="bbox 2170 4737 3740 4807">
     <span class='ocr_line' id='line_1_109' title="bbox 2170 4737 3740 4807; baseline 0.001 -17"><span class='ocrx_word' id='word_1_890' title='bbox 2170 4739 2221 4790; x_wconf 89' lang='lat' dir='ltr'><strong>in</strong></span> <span class='ocrx_word' id='word_1_891' title='bbox 2271 4737 2484 4792; x_wconf 85' lang='lat' dir='ltr'><strong>Christo</strong></span> <span class='ocrx_word' id='word_1_892' title='bbox 2550 4747 2602 4792; x_wconf 90' lang='lat' dir='ltr'><strong>et</strong></span> <span class='ocrx_word' id='word_1_893' title='bbox 2667 4739 2720 4791; x_wconf 92' lang='lat' dir='ltr'><strong>in</strong></span> <span class='ocrx_word' id='word_1_894' title='bbox 2773 4738 3009 4792; x_wconf 85' lang='lat' dir='ltr'><strong>Ecclesia</strong></span> <span class='ocrx_word' id='word_1_895' title='bbox 3060 4739 3396 4793; x_wconf 85' lang='lat' dir='ltr'><strong>commendat</strong></span> <span class='ocrx_word' id='word_1_896' title='bbox 3453 4739 3740 4807; x_wconf 84' lang='lat' dir='ltr'><strong>Apostolus</strong></span> 
     </span>
    </p>
   </div>
   <div class='ocr_carea' id='block_1_110' title="bbox 2170 4825 2480 4896">
    <p class='ocr_par' dir='ltr' id='par_1_110' title="bbox 2170 4825 2480 4896">
     <span class='ocr_line' id='line_1_110' title="bbox 2170 4825 2480 4896; baseline 0.003 -18"><span class='ocrx_word' id='word_1_897' title='bbox 2170 4826 2382 4893; x_wconf 76' lang='lat' dir='ltr'><strong>(Ep/tes.</strong></span> <span class='ocrx_word' id='word_1_898' title='bbox 2409 4825 2480 4896; x_wconf 91' lang='lat' dir='ltr'><strong>v).</strong></span> 
     </span>
    </p>
   </div>
   <div class='ocr_carea' id='block_1_111' title="bbox 2238 4916 3743 4986">
    <p class='ocr_par' dir='ltr' id='par_1_111' title="bbox 2238 4916 3743 4986">
     <span class='ocr_line' id='line_1_111' title="bbox 2238 4916 3743 4986; baseline 0.002 -18"><span class='ocrx_word' id='word_1_899' title='bbox 2238 4916 2466 4969; x_wconf 88' lang='lat' dir='ltr'><strong>Proinde</strong></span> <span class='ocrx_word' id='word_1_900' title='bbox 2501 4925 2720 4985; x_wconf 87' lang='lat' dir='ltr'><strong>regnum</strong></span> <span class='ocrx_word' id='word_1_901' title='bbox 2767 4926 3038 4970; x_wconf 89' lang='lat' dir='ltr'><strong>terrenum</strong></span> <span class='ocrx_word' id='word_1_902' title='bbox 3074 4917 3249 4971; x_wconf 71' lang='lat' dir='ltr'><strong>saeculi</strong></span> <span class='ocrx_word' id='word_1_903' title='bbox 3292 4917 3464 4984; x_wconf 80' lang='lat' dir='ltr'><strong>hujus,</strong></span> <span class='ocrx_word' id='word_1_904' title='bbox 3491 4917 3645 4986; x_wconf 80' lang='lat' dir='ltr'><strong>cujus</strong></span> <span class='ocrx_word' id='word_1_905' title='bbox 3678 4918 3743 4971; x_wconf 78' lang='lat' dir='ltr'><strong>li-</strong></span> 
     </span>
    </p>
   </div>
   <div class='ocr_carea' id='block_1_112' title="bbox 2167 5004 3739 5075">
    <p class='ocr_par' dir='ltr' id='par_1_112' title="bbox 2167 5004 3739 5075">
     <span class='ocr_line' id='line_1_112' title="bbox 2167 5004 3739 5075; baseline 0.004 -20"><span class='ocrx_word' id='word_1_906' title='bbox 2167 5018 2352 5072; x_wconf 87' lang='lat' dir='ltr'><strong>guram</strong></span> <span class='ocrx_word' id='word_1_907' title='bbox 2376 5004 2632 5073; x_wconf 90' lang='lat' dir='ltr'><strong>gerebant</strong></span> <span class='ocrx_word' id='word_1_908' title='bbox 2661 5021 2836 5075; x_wconf 84' lang='lat' dir='ltr'><strong>reges,</strong></span> <span class='ocrx_word' id='word_1_909' title='bbox 2868 5007 2960 5074; x_wconf 91' lang='lat' dir='ltr'><strong>qui</strong></span> <span class='ocrx_word' id='word_1_910' title='bbox 2993 5006 3182 5060; x_wconf 90' lang='lat' dir='ltr'><strong>Saram</strong></span> <span class='ocrx_word' id='word_1_911' title='bbox 3222 5006 3456 5075; x_wconf 91' lang='lat' dir='ltr'><strong>polluere</strong></span> <span class='ocrx_word' id='word_1_912' title='bbox 3482 5008 3739 5075; x_wconf 80' lang='lat' dir='ltr'><strong>permissi</strong></span> 
     </span>
    </p>
   </div>
   <div class='ocr_carea' id='block_1_113' title="bbox 2132 5091 3738 5176">
    <p class='ocr_par' dir='ltr' id='par_1_113' title="bbox 2132 5091 3738 5176">
     <span class='ocr_line' id='line_1_113' title="bbox 2132 5091 3738 5176; baseline 0.002 -29"><span class='ocrx_word' id='word_1_913' title='bbox 2132 5153 2137 5163; x_wconf 28' lang='lat' dir='ltr'>I</span> <span class='ocrx_word' id='word_1_914' title='bbox 2167 5111 2274 5148; x_wconf 89' lang='lat' dir='ltr'><strong>non</strong></span> <span class='ocrx_word' id='word_1_915' title='bbox 2305 5101 2453 5176; x_wconf 63' lang='lat' dir='ltr'><strong>sunt3</strong></span> <span class='ocrx_word' id='word_1_916' title='bbox 2476 5110 2580 5148; x_wconf 89' lang='lat' dir='ltr'><strong>non</strong></span> <span class='ocrx_word' id='word_1_917' title='bbox 2613 5106 2695 5148; x_wconf 91' lang='lat' dir='ltr'><strong>est</strong></span> <span class='ocrx_word' id='word_1_918' title='bbox 2714 5105 3022 5163; x_wconf 85' lang='lat' dir='ltr'><strong>expertum;</strong></span> <span class='ocrx_word' id='word_1_919' title='bbox 3053 5112 3149 5150; x_wconf 86' lang='lat' dir='ltr'><strong>nec</strong></span> <span class='ocrx_word' id='word_1_920' title='bbox 3186 5096 3388 5149; x_wconf 89' lang='lat' dir='ltr'><strong>invenit</strong></span> <span class='ocrx_word' id='word_1_921' title='bbox 3436 5091 3738 5161; x_wconf 85' lang='lat' dir='ltr'><strong>Ecclesiam</strong></span> 
     </span>
    </p>
   </div>
   <div class='ocr_carea' id='block_1_114' title="bbox 2167 5185 3739 5254">
    <p class='ocr_par' dir='ltr' id='par_1_114' title="bbox 2167 5185 3739 5254">
     <span class='ocr_line' id='line_1_114' title="bbox 2167 5185 3739 5254; baseline 0.004 -17"><span class='ocrx_word' id='word_1_922' title='bbox 2167 5185 2446 5254; x_wconf 69' lang='lat' dir='ltr'><strong>coniugem</strong></span> <span class='ocrx_word' id='word_1_923' title='bbox 2469 5185 2688 5251; x_wconf 88' lang='lat' dir='ltr'><strong>Christi,</strong></span> <span class='ocrx_word' id='word_1_924' title='bbox 2716 5187 2820 5240; x_wconf 89' lang='lat' dir='ltr'><strong>nisi</strong></span> <span class='ocrx_word' id='word_1_925' title='bbox 2858 5185 2980 5241; x_wconf 88' lang='lat' dir='ltr'><strong>cum</strong></span> <span class='ocrx_word' id='word_1_926' title='bbox 3007 5188 3209 5241; x_wconf 86' lang='lat' dir='ltr'><strong>violare</strong></span> <span class='ocrx_word' id='word_1_927' title='bbox 3238 5187 3480 5241; x_wconf 88' lang='lat' dir='ltr'><strong>tentavit.</strong></span> <span class='ocrx_word' id='word_1_928' title='bbox 3539 5187 3739 5242; x_wconf 88' lang='lat' dir='ltr'><strong>Divino</strong></span> 
     </span>
    </p>
   </div>
   <div class='ocr_carea' id='block_1_115' title="bbox 2170 5276 3742 5348">
    <p class='ocr_par' dir='ltr' id='par_1_115' title="bbox 2170 5276 3742 5348">
     <span class='ocr_line' id='line_1_115' title="bbox 2170 5276 3742 5348; baseline 0.004 -22"><span class='ocrx_word' id='word_1_929' title='bbox 2170 5283 2346 5329; x_wconf 89' lang='lat' dir='ltr'><strong>autem</strong></span> <span class='ocrx_word' id='word_1_930' title='bbox 2374 5276 2678 5330; x_wconf 90' lang='lat' dir='ltr'><strong>testimonio</strong></span> <span class='ocrx_word' id='word_1_931' title='bbox 2697 5292 2790 5344; x_wconf 89' lang='lat' dir='ltr'><strong>per</strong></span> <span class='ocrx_word' id='word_1_932' title='bbox 2813 5277 2966 5335; x_wconf 88' lang='lat' dir='ltr'><strong>ﬁdem</strong></span> <span class='ocrx_word' id='word_1_933' title='bbox 3009 5287 3305 5348; x_wconf 86' lang='lat' dir='ltr'><strong>martyrum</strong></span> <span class='ocrx_word' id='word_1_934' title='bbox 3336 5280 3518 5342; x_wconf 90' lang='lat' dir='ltr'><strong>cessit,</strong></span> <span class='ocrx_word' id='word_1_935' title='bbox 3555 5294 3742 5333; x_wconf 76' lang='lat' dir='ltr'><strong>corre-</strong></span> 
     </span>
    </p>
   </div>
   <div class='ocr_carea' id='block_1_116' title="bbox 2169 5368 3738 5439">
    <p class='ocr_par' dir='ltr' id='par_1_116' title="bbox 2169 5368 3738 5439">
     <span class='ocr_line' id='line_1_116' title="bbox 2169 5368 3738 5439; baseline 0.002 -20"><span class='ocrx_word' id='word_1_936' title='bbox 2169 5378 2420 5435; x_wconf 88' lang='lat' dir='ltr'><strong>ctumque</strong></span> <span class='ocrx_word' id='word_1_937' title='bbox 2444 5368 2494 5421; x_wconf 94' lang='lat' dir='ltr'><strong>in</strong></span> <span class='ocrx_word' id='word_1_938' title='bbox 2519 5370 2903 5436; x_wconf 90' lang='lat' dir='ltr'><strong>posterioribus</strong></span> <span class='ocrx_word' id='word_1_939' title='bbox 2931 5371 3143 5439; x_wconf 75' lang='lat' dir='ltr'><strong>regibus</strong></span> <span class='ocrx_word' id='word_1_940' title='bbox 3181 5371 3469 5425; x_wconf 85' lang='lat' dir='ltr'><strong>honoravit</strong></span> <span class='ocrx_word' id='word_1_941' title='bbox 3494 5384 3738 5431; x_wconf 87' lang='lat' dir='ltr'><strong>munere,</strong></span> 
     </span>
    </p>
   </div>
   <div class='ocr_carea' id='block_1_117' title="bbox 2171 5459 3740 5529">
    <p class='ocr_par' dir='ltr' id='par_1_117' title="bbox 2171 5459 3740 5529">
     <span class='ocr_line' id='line_1_117' title="bbox 2171 5459 3740 5529; baseline 0.001 -21"><span class='ocrx_word' id='word_1_942' title='bbox 2171 5472 2330 5525; x_wconf 89' lang='lat' dir='ltr'><strong>quam</strong></span> <span class='ocrx_word' id='word_1_943' title='bbox 2362 5459 2708 5527; x_wconf 89' lang='lat' dir='ltr'><strong>corruptioni</strong></span> <span class='ocrx_word' id='word_1_944' title='bbox 2727 5475 2836 5513; x_wconf 67' lang='lat' dir='ltr'><strong>sua:</strong></span> <span class='ocrx_word' id='word_1_945' title='bbox 2858 5461 3086 5514; x_wconf 88' lang='lat' dir='ltr'><strong>subdere</strong></span> <span class='ocrx_word' id='word_1_946' title='bbox 3117 5461 3168 5513; x_wconf 90' lang='lat' dir='ltr'><strong>in</strong></span> <span class='ocrx_word' id='word_1_947' title='bbox 3193 5461 3463 5529; x_wconf 85' lang='lat' dir='ltr'><strong>prioribus</strong></span> <span class='ocrx_word' id='word_1_948' title='bbox 3484 5476 3590 5513; x_wconf 91' lang='lat' dir='ltr'><strong>non</strong></span> <span class='ocrx_word' id='word_1_949' title='bbox 3640 5474 3740 5510; x_wconf 86' lang='lat' dir='ltr'><strong>va-</strong></span> 
     </span>
    </p>
   </div>
   <div class='ocr_carea' id='block_1_118' title="bbox 2174 5543 3737 5618">
    <p class='ocr_par' dir='ltr' id='par_1_118' title="bbox 2174 5543 3737 5618">
     <span class='ocr_line' id='line_1_118' title="bbox 2174 5543 3737 5618; baseline 0.003 -22"><span class='ocrx_word' id='word_1_950' title='bbox 2174 5544 2286 5596; x_wconf 92' lang='lat' dir='ltr'><strong>luit.</strong></span> <span class='ocrx_word' id='word_1_951' title='bbox 2327 5543 2456 5598; x_wconf 88' lang='lat' dir='ltr'><strong>Nam</strong></span> <span class='ocrx_word' id='word_1_952' title='bbox 2486 5547 2627 5614; x_wconf 88' lang='lat' dir='ltr'><strong>quod</strong></span> <span class='ocrx_word' id='word_1_953' title='bbox 2654 5555 2778 5602; x_wconf 92' lang='lat' dir='ltr'><strong>tunc</strong></span> <span class='ocrx_word' id='word_1_954' title='bbox 2807 5548 2858 5600; x_wconf 94' lang='lat' dir='ltr'><strong>in</strong></span> <span class='ocrx_word' id='word_1_955' title='bbox 2886 5549 3072 5602; x_wconf 88' lang='lat' dir='ltr'><strong>eodem</strong></span> <span class='ocrx_word' id='word_1_956' title='bbox 3097 5564 3220 5618; x_wconf 86' lang='lat' dir='ltr'><strong>rege</strong></span> <span class='ocrx_word' id='word_1_957' title='bbox 3265 5550 3413 5617; x_wconf 90' lang='lat' dir='ltr'><strong>prius</strong></span> <span class='ocrx_word' id='word_1_958' title='bbox 3461 5557 3515 5600; x_wconf 91' lang='lat' dir='ltr'><strong>et</strong></span> <span class='ocrx_word' id='word_1_959' title='bbox 3555 5558 3737 5616; x_wconf 83' lang='lat' dir='ltr'><strong>postc-</strong></span> 
     </span>
    </p>
   </div>
   <div class='ocr_carea' id='block_1_119' title="bbox 2176 5634 3738 5711">
    <p class='ocr_par' dir='ltr' id='par_1_119' title="bbox 2176 5634 3738 5711">
     <span class='ocr_line' id='line_1_119' title="bbox 2176 5634 3738 5711; baseline 0.001 -23"><span class='ocrx_word' id='word_1_960' title='bbox 2176 5634 2287 5688; x_wconf 88' lang='lat' dir='ltr'><strong>rius</strong></span> <span class='ocrx_word' id='word_1_961' title='bbox 2328 5635 2736 5711; x_wconf 80' lang='lat' dir='ltr'><strong>ﬁguratumest,</strong></span> <span class='ocrx_word' id='word_1_962' title='bbox 2769 5638 2870 5692; x_wconf 91' lang='lat' dir='ltr'><strong>hoc</strong></span> <span class='ocrx_word' id='word_1_963' title='bbox 2916 5638 2970 5692; x_wconf 92' lang='lat' dir='ltr'><strong>in</strong></span> <span class='ocrx_word' id='word_1_964' title='bbox 3023 5638 3125 5694; x_wconf 88' lang='lat' dir='ltr'><strong>isto</strong></span> <span class='ocrx_word' id='word_1_965' title='bbox 3167 5654 3332 5708; x_wconf 87' lang='lat' dir='ltr'><strong>regno</strong></span> <span class='ocrx_word' id='word_1_966' title='bbox 3369 5637 3641 5707; x_wconf 86' lang='lat' dir='ltr'><strong>prioribus</strong></span> <span class='ocrx_word' id='word_1_967' title='bbox 3685 5646 3738 5691; x_wconf 87' lang='lat' dir='ltr'><strong>et</strong></span> 
     </span>
    </p>
   </div>
  </div>
