3968 6326
269 144 362 198 .‘ilil

252 249 653 331 _P“Steriuribus
700 267 785 317 mg

199 344 202 345 ν
252 319 468 406 dicitur
503 347 568 400 de
587 351 736 412 patre
759 334 880 392 esse
904 349 1055 389 soror
1075 329 1272 385 Christi
1314 323 1552 394 Ecclesia
1605 335 1711 374 non
1757 319 1822 372 de

271 451 464 501 matre,
501 410 606 490 non
634 443 859 486 terrena:
901 420 1274 497 generationis,
1316 431 1433 483 qua:
1458 410 1851 478 evacuabitur,‘

269 531 363 585 sed
393 528 577 599 gratia:
599 523 852 580 cmlestis,
876 531 992 586 qua:
1014 516 1065 567 in
1089 520 1346 565 aeternum
1370 502 1621 588 manebit,
1637 513 1826 568 cogna-

273 622 349 673 tio
383 593 800 672 commendatur.
858 603 1160 661 Secundum
1186 612 1344 668 quam
1392 593 1616 664 gratiam
1659 603 1825 658 genus

273 705 498 762 mortale
520 701 858 759 non‘erimus,
883 701 1099 763 accepta
1123 695 1384 760 potestate
1409 694 1469 739 ut
1486 684 1579 737 filii
1605 683 1700 736 Dei
1729 695 1826 735 vo-
1871 734 1886 740 ,

273 811 459 850 cemur
484 802 540 846 et
568 792 753 844 simus.
784 784 965 852 Neque
1003 781 1144 835 enim
1170 777 1396 848 gratiam
1428 775 1568 828 hanc
1609 771 1673 825 de
1703 784 1828 839 syn-

272 900 444 954 agoga
469 889 640 936 matre
671 875 868 932 Christi
894 870 1187 927 secundum
1214 879 1450 926 carnem,
1496 861 1588 916 sed
1616 860 1680 914 de
1720 858 1828 910 Deo

272 976 434 1028 Patre
462 969 818 1041 percepimus.
872 963 1023 1017 Hanc
1066 974 1193 1014 vero
1242 954 1608 1026 cognationem
1659 957 1829 1003 terre-

277 1076 420 1124 nam‘,
453 1075 516 1114 vo
549 1036 644 1112 aus
693 1057 744 1109 in
792 1053 949 1107 aliam
981 1049 1179 1111 vitam,
1221 1046 1310 1098 ubi
1354 1040 1539 1094 .nullus
1582 1036 1826 1097 moritur,

275 1134 470 1220 negare.
501 1164 598 1202 nos
645 1133 889 1201 Christus
919 1139 1116 1201 docuit,
1140 1150 1245 1189 non
1283 1133 1461 1195 fateri,
1495 1145 1618 1185 cum
1673 1127 1832 1182 disci-

276 1218 416 1307 pulis
441 1238 546 1290 ait:
583 1233 661 1287 Ne
695 1231 830 1286 vobis
853 1227 1038 1281 dicatis
1075 1222 1287 1276 Patrem
1315 1221 1367 1273 in
1389 1229 1548 1283 terra,
1585 1218 1717 1270 auus
1759 1225 1832 1268 est

272 1306 411 1381 enim
436 1327 593 1378 Pater
612 1329 774 1376 vester
798 1319 886 1390 qui
911 1319 965 1370 in
996 1314 1131 1369 cmlis
1155 1323 1228 1367 est
1254 1310 1463 1382 (Matth.
1481 1306 1656 1378 nm).

348 1418 499 1484 Quod
518 1431 647 1469 vero
682 1410 917 1467 Ecclesia
940 1406 1090 1476 cujus
1114 1420 1249 1460 uxor
1277 1405 1363 1464 sit,
1386 1383 1683 1481 occultatur
1703 1399 1835 1474 alie-
1873 1445 1875 1447 ,

275 1506 518 1575 ηἰςοῐιίε,σ
533 1502 685 1570 cujus
700 1508 876 1555 autem
899 1511 1053 1552 soror
1073 1510 1178 1548 non
1200 1501 1426 1557 tacetur,
1479 1491 1592 1545 haec
1612 1480 1836 1566 interim

1185 126 1188 128 ·
1268 96 1729 184 αολίκιι-;λνς.ο‹λ>;
1751 112 2064 198 ῡεδιλςιλι.
2211 107 2334 161 me.
2378 105 2456 158 ut.

793 250 903 302 ibus
958 242 1300 310 adimpletum
1331 244 1430 290 est.
1465 233 1599 285 Cum
1641 237 1818 282 autem
1849 222 2023 286 A'dici
2049 230 2240 284 potest,
2269 235 2388 273 cum
2422 219 2489 270 sit
2526 216 2612 270 illc
2640 208 2796 280 Deus,
2833 206 2936 268 ista
2975 219 3236 268 creatura.
3269 211 3476 266 Secun-

3371 98 3488 142 θυι,

1925 309 2199 368 dunﬂttoc
2229 309 2370 363 enim
2411 320 2638 375 sponsus
2676 311 2731 358 et
2766 318 2956 370 sponsa
2983 301 3066 355 vel
3105 301 3186 354 vir
3229 312 3283 354 et
3321 313 3475 357 uxor,

1923 403 2168 458 Christus
2185 407 2240 453 et
2264 397 2499 451 Ecclesia
2525 395 2792 457 dicuntur,
2819 393 2941 459 quia
2986 405 3110 444 vere
3165 388 3477 458 cognatione

1924 497 2032 550 sint
2054 492 2263 554 fratres,
2291 488 2538 543 Christus
2567 485 2722 538 Jesus
2757 490 2811 535 et
2854 495 3043 554 omnes
3081 481 3274 542 sancti,
3307 476 3477 547 gratia

1925 592 2102 646 divina
2124 604 2227 644 non
2250 582 2707 652 consanguinitate
2729 585 2962 638 terrena,
2991 575 3094 628 hoc
3120 581 3202 628 est
3226 574 3293 626 de
3332 581 3483 640 patre

1926 698 2032 738 non
2061 681 2128 734 de
2171 685 2366 742 matre,
2406 684 2459 729 et
2485 672 2748 726 alTahilius
2770 669 2985 730 dicitur,
3015 671 3069 718 et
3099 663 3345 733 capacius
3392 677 3484 713 au—

1927 777 2087 831 ditur.
2118 771 2249 826 Nam
2278 771 2418 823 inter
2439 783 2496 821 se
2525 780 2712 820 omnes
2756 760 2927 816 sancti
2980 772 3076 827 per
3097 755 3338 810 eamdem
3367 766 3482 821 gra-

1885 845 1898 867 ’
1929 867 2057 921 tiam
2083 862 2276 916 fratres
2306 857 2450 921 sunt,
2473 868 2700 924 sponsus
2730 858 2903 904 autem
2946 853 3260 900 caeterorum
3315 840 3480 894 socie-

1929 963 2036 1012 tate
2054 952 2233 1007 nullus
2257 948 2471 1004 illorum
2491 953 2592 1000 est.
2628 939 2778 1007 Quod
2805 929 2981 994 autem
3012 934 3321 990 Abimelech
3343 930 3486 985 Sara:

1927 1045 2087 1101 dixit:
2158 1061 2172 1069 '

2001 1137 2135 1197 Ecce
2169 1132 2310 1186 mille
2335 1136 2600 1200 argenteos
2621 1123 2739 1178 dedi
2764 1121 2918 1191 fratri
2939 1129 3052 1184 tuo,
3080 1119 3173 1170 hoc
3199 1116 3295 1169 erit
3323 1113 3412 1166 tibi
3437 1113 3490 1165 in
3536 1119 3551 1128 ‘

1934 1226 2273 1280 velamentum
2294 1205 2587 1280 oculorum,
2617 1214 2684 1268 ad
2714 1228 2887 1270 omnes
2920 1211 3010 1280 qui
3061 1219 3226 1262 tecum
3275 1213 3416 1268 sunt,
3448 1212 3493 1254 et

1931 1327 2232 1384 quocunque
2250 1307 2556 1380 perrexeris,
2579 1309 2830 1357 memento
2850 1309 2898 1352 te
2916 1296 3304 1367 deprehensam,
3344 1291 3494 1359 quasi

1929 1405 2159 1478 iocando
2188 1403 2440 1471 ldquitur,
2468 1413 2530 1453 eo
2559 1396 2697 1465 quod
2721 1395 2833 1463 ipsa
2861 1390 3059 1446 dixerit
3092 1387 3309 1458 fratrem
3340 1398 3494 1437 suum

1938 1472 2057 1551 esse
2084 1489 2531 1558 simularr’dawqui
2555 1487 2653 1540 fuit
2673 1484 2918 1546 maritus,
2944 1481 3297 1546 hortaturque
3316 1483 3375 1526 ut
3395 1472 3498 1525 hoc

277 1610 441 1650 causa
462 1593 616 1648 facile
635 1589 890 1653 occurrit,
921 1587 1045 1656 quia
1073 1580 1338 1639 occultum
1359 1590 1441 1637 est
1465 1589 1519 1635 et
1539 1561 1834 1634 diﬂicilead
1865 1587 1908 1643 Β
1939 1586 1988 1638 in
2012 1590 2284 1654 posterum
2306 1577 2627 1639 meminerit,
2659 1589 2724 1628 ne
2769 1573 3022 1638 deinceps
3046 1564 3410 1625 simulatione,
3448 1561 3499 1614 id

278 1673 703 1752 intelligendum,
754 1677 1021 1746 quomodo
1074 1673 1250 1727 anima
1291 1672 1521 1726 humana
1549 1670 1712 1723 verbo
1740 1666 1835 1721 Dei

277 1770 558 1839 copuletur
583 1768 696 1823 sive
719 1766 1025 1826 misceatur,
1055 1762 1190 1825 sive,
1215 1760 1356 1830 quod
1385 1759 1574 1814 melius
1591 1767 1646 1814 et
1663 1757 1837 1827 aptius

1939 1676 2040 1742 est,
2067 1671 2410 1742 opprobrium
2431 1667 2762 1737 deprehensa
2789 1657 3108 1716 incurreret.
3180 1667 3185 1672 ’

299 1849 3496 1929 Μ

1468 1955 1784 2083 manu
1856 2004 2329 2082 TERTIUS.

717 2290 720 2291 ί
789 2279 1011 2337 CAPUT
1051 2258 1336 2331 ramum.

355 2382 430 2435 De
450 2370 741 2432 'Nativitate
801 2372 1044 2492 Isaaclet
1088 2370 1151 2489 de;
1195 2365 1439 2435 ejectione
1491 2361 1630 2429 Agar
1659 2375 1775 2412 cum

989 2455 1129 2492 smae
1151 2454 1194 2490 e.

989 2454 1194 2492 smaete.

355 2558 496 2612 Sane
521 2554 645 2625 quia
667 2551 930 2607 secundus
962 2548 1097 2602 liber
1123 2542 1468 2614 expositionis
1493 2539 1547 2594 in
1583 2536 1854 2594 Geneseos

282 2651 352 2701 ab
380 2661 444 2700 eo
469 2612 586 2698 loco
612 2640 913 2710 incipiebat,
940 2653 1047 2708 quo
1076 2612 1211 2707 post
1228 2631 1594 2702 expulsiouem
1627 2627 1755 2681 Adae
1781 2612 1868 2679 dei

1951 2261 2059 2322 vita
2080 2264 2306 2334 geritur,
2329 2262 2482 2332 quasi
2509 2262 2700 2315 octavo
2730 2266 2968 2326 tempore
3024 2266 3328 2322 surgemus:
3387 2235 3512 2304 tunc

1950 2353 2244 2423 purissimi,
2275 2352 2376 2406 hoc
2399 2359 2484 2405 est
2518 2333 2763 2430 omnibus
2790 2345 3020 2402 carnalis
3066 2342 3513 2412 concupiscentia:

1920 2440 1924 2472 ῖ
1961 2444 2100 2514 vitiis
2120 2451 2172 2497 et
2185 2439 2638 2512 corruptiouibus,
2656 2438 2709 2493 iu
2729 2436 2925 2506 quibus
2940 2433 3169 2488 maxime
3189 2430 3396 2484 luxuria
3426 2443 3510 2483 rc-

1953 2542 2097 2604 gnat,
2127 2530 2426 2600 exspoliati.

2041 2620 2208 2676 Crevit
2259 2623 2418 2691 igitur
2463 2634 2592 2690 puer
2645 2626 2693 2670 et
2753 2615 3044 2686 ablactatus
3114 2617 3188 2663 est
3230 2623 3248 2660 :
3297 2607 3515 2678 fecitque

286 2733 554 2804 paradiso,
583 2732 634 2785 in
660 2696 761 2783 hac
787 2696 1019 2782 ωηιωῶ
1051 2696 1294 2804 mortalis
1310 2721 1430 2774 vitae
1454 2733 1676 2773 uxorem
1697 2730 1845 2794 suam
1951 2711 2212 2766 Abraham
2250 2708 2447 2780 grande
2467 2707 2767 2761 'convivium
2805 2704 2857 2756 in
2886 2702 2969 2754 die
2991 2697 3349 2753 oblectationis
3380 2696 3512 2764 ejus.

288 2786 818 2890 protoplastus
843 2799 1158 2886 cognovisse
1200 2809 1541 2869 describitur,
1599 2815 1758 2874 atque
1791 2786 1846 2858 in
1876 2826 1921 2888 ρ
1953 2800 2133 2872 (Αιιρ.)
2158 2799 2345 2854 Merito
2367 2798 2736 2867 quaeriturcur
2759 2792 3030 2846 Abraham
3059 2802 3160 2842 nec
3180 2786 3266 2841 die
3292 2801 3399 2855 quo
3423 2799 3517 2837 na-
3580 2804 3585 2812 -

289 2911 514 2965 historia
539 2906 848 2962 Abimelech
878 2882 933 2958 in
968 2918 1073 2972 qua
1105 2901 1238 2955 Sara
1262 2899 1529 2961 laudatur,
1553 2896 1619 2949 ad
1649 2895 1850 2950 calcem
1887 2882 1920 2888 ⁷
1953 2907 2036 2950 tus
2054 2904 2134 2949 est
2168 2895 2218 2950 ei
2248 2893 2408 2957 ﬁlius,
2431 2907 2533 2946 nec
2560 2892 2645 2945 die
2681 2904 2787 2959 quo
2807 2883 3402 2947 circumcisus-esused
3430 2882 3518 2937 die

288 2999 765 3069 usquc'perductus
786 3004 887 3058 est,
916 2971 1210 3062 congruum
1236 3004 1354 3045 esse
1397 2989 1651 3051 arbitror,
1710 2985 1855 3054 quod
1951 3000 2057 3054 quo
2081 2982 2379 3058 ablactatus
2407 2990 2511 3046 est,
2548 2979 2762 3050 epulum
2790 2977 2996 3051 fecerit.
3016 2974 3173 3041 Quod
3203 2973 3304 3027 nisi
3332 2973 3398 3025 ad
3421 2971 3518 3025 ali-

291 3091 482 3146 tertius
508 3088 642 3141 liber
670 3087 724 3139 in
746 3099 811 3139 eo
837 3080 955 3138 loco
982 3079 1302 3150 principium
1350 3083 1528 3131 sumat
1572 3073 1665 3128 ubi
1716 3073 1855 3126 ﬁlius
1951 3091 2110 3145 quam
2145 3074 2475 3146 spiritualem
2501 3071 2944 3142 signiﬁcationem
2970 3066 3252 3128 referatur,
3270 3064 3412 3119 nulla
3438 3079 3519 3118 so-

205 3215 211 3221 -
291 3176 660 3250 promissionis
683 3174 911 3228 Abrahae
937 3168 1256 3241 patriarchae
1282 3179 1570 3221 concessus
1601 3171 1706 3241 est,
1756 3176 1856 3216 cu-

290 3237 375 3336 ius
398 3281 625 3339 persona
649 3266 813 3333 ipsius
835 3237 1017 3332 typum
1055 3268 1279 3324 teneret,
1307 3257 1398 3326 qui
1439 3237 1711 3324 originalis
1735 3266 1858 3321 pec-

283 3363 400 3416 ‘cati
424 3357 632 3414 vincula
660 3355 995 3417 dissolveret,
1034 3360 1091 3406 et
1138 3353 1427 3412 humanum
1469 3360 1636 3416 genus
1679 3343 1855 3397 decori

295 3453 545 3523 pristino,
576 3463 682 3517 quo
722 3445 922 3498 dudum
953 3443 1234 3512 spoliatum
1272 3439 1464 3501 fuerat,
1512 3451 1607 3506 per
1632 3435 1859 3523 gratiam

297 3557 450 3597 suam
485 3538 853 3600 constitueret,
880 3550 942 3588 ac
979 3532 1226 3603 paradiso
1257 3529 1500 3586 colonum
1528 3515 1684 3581 suum
1711 3538 1863 3578 reru-

297 3640 466 3687 caret.
558 3688 562 3692 λ

371 3722 519 3792 (ΟΜ).
550 3718 685 3790 χιι.)
721 3717 956 3771 Visitavit
997 3724 1168 3768 autem
1197 3710 1448 3765 Daminus
1482 3706 1673 3761 Saram
1726 3704 1860 3757 sicut

298 3809 623 3879 promiserat,
651 3815 698 3860 et
727 3805 951 3874 implevit
973 3818 1088 3873 quae
1109 3801 1309 3871 locutus
1339 3808 1412 3867 est
1429 3814 1447 3861 ;
1472 3794 1795 3864 concepitque
1814 3801 1862 3844 et

299 3903 490 3972 peperit
536 3899 701 3967 ﬁlium
750 3899 803 3949 in
842 3901 1095 3949 senectute
1135 3908 1252 3954 sua,
1286 3890 1512 3958 tempore
1545 3902 1645 3956 quo
1673 3883 1863 3954 praedi-

301 3999 451 4045 xerat
473 3990 519 4042 ei
540 3987 696 4041 Deus.
747 3983 1052 4052 Vocavitque
1095 3979 1356 4033 Abraham
1409 3991 1591 4029 nomen
1642 3973 1739 4038 ﬁlii
1782 3972 1863 4025 sui

302 4096 455 4149 quem
475 4077 646 4147 genuit
672 4075 719 4128 ei
743 4071 876 4127 Sara
905 4056 1078 4134 Isaac,
1108 4078 1156 4122 et
1180 4064 1501 4120 circumcidit
1543 4079 1659 4116 eum
1689 4071 1863 4114 octavo

1953 3166 2083 3222 lutio
2127 3163 2438 3233 quaestionis
2481 3171 2584 3225 est,
2614 3169 2742 3236 tunc
2787 3157 2995 3214 scilicet
3035 3171 3154 3211 esse
3185 3156 3388 3209 debere
3404 3167 3516 3222 ma.-

1956 3269 2116 3324 gnum
2143 3253 2392 3323 gaudium
2418 3249 2711 3321 spiritualis
2751 3248 2949 3313 aetatis,
2977 3246 3190 3316 quando
3219 3243 3380 3300 fuerit
3437 3242 3515 3296 fa—

1957 3351 2074 3399 ctus
2101 3343 2263 3397 homo
2290 3356 2460 3396 novus
2479 3329 2791 3409 spiritualis,
2813 3335 2865 3413 id
2887 3325 2990 3400 ést,
3006 3350 3113 3389 non
3142 3333 3262 3387 talis
3275 3332 3520 3401 qualibus

1957 3432 2089 3490 dicit
2109 3430 2404 3501 Apostolus
2430 3447 2448 3483 :
2472 3427 2579 3482 Lac
2608 3427 2746 3481 vobis
2777 3433 2956 3496 potum
3001 3423 3143 3488 dedi,
3172 3438 3272 3475 non
3316 3436 3520 3483 escam;

1924 3582 1926 3585 ,
1960 3521 2186 3579 nondum
2207 3521 2345 3595 enim
2361 3520 2629 3590 poteratis,
2660 3518 2750 3573 sed
2772 3533 2872 3570 nec
2887 3515 3057 3569 adhuc
3105 3513 3359 3583 potestis;
3402 3514 3524 3573 estis

1959 3615 2095 3667 enim
2120 3613 2290 3667 adhuc
2312 3601 2549 3667 carnales
2573 3610 2624 3682 (Ι
2650 3609 2772 3665 Cor.
2807 3609 2912 3679 ut).

2029 3691 2258 3774 Cumque
2285 3704 2490 3758 vidisset
2526 3701 2674 3756 Sara.
2691 3700 2861 3773 ﬁlium
2887 3699 3031 3769 Agar
3057 3693 3321 3767 {Egyptite
3343 3694 3526 3748 Iuden-

1959 3807 2060 3850 tem
2084 3814 2201 3857 cum
2239 3795 2431 3862 Isaac,
2455 3795 2587 3849 dixit
2638 3790 2713 3847 ad.
2752 3791 3064 3847 Abraham;
3087 3791 3237 3860 Ejice
3279 3787 3525 3844 ancillam

1960 3886 2094 3937 hanc
2121 3893 2170 3938 et
2193 3881 2361 3952 ﬁlium
2383 3881 2666 3960 ejus..Non
2687 3880 2827 3933 enim
2842 3881 3011 3952 [recres
3027 3879 3122 3931 erit
3149 3877 3292 3946 ﬁlius
3320 3874 3525 3929 ancilla?

1961 3990 2076 4026 cum
2101 3972 2211 4042 ﬁlio
2246 3989 2358 4026 meo
2388 3959 2563 4026 Isaac.
2595 3967 2887 4039 Dupliciter
2925 3969 3104 4038 itaque
3155 3969 3258 4023 hoc
3306 3968 3374 4020 ab
3423 3965 3524 4018 lle-

1961 4064 2120 4120 braais
2152 4063 2456 4135 exponitur,
2478 4062 2589 4117 sive
2611 4061 2750 4131 quod
2774 4059 2914 4114 idola
2950 4058 3074 4113 ludo
3124 4057 3330 4120 fecerit,
3374 4055 3526 4123 juxta

304 4147 390 4222 die
421 4168 552 4221 sicut
577 4170 885 4234 prwceperat
911 4161 956 4214 ei
983 4159 1138 4211 Deus.
1167 4153 1600 4212 Circumcisionis
1626 4161 1778 4220 typus
1801 4164 1867 4205 ac
1891 4152 1942 4210 D
1969 4156 2096 4210 iitud
2122 4155 2262 4224 quod
2283 4153 2405 4212 alibi
2433 4154 2688 4222 scriptum
2713 4159 2796 4216 εει
2812 4169 2824 4203 ε
2858 4148 2999 4234 sed“
3023 4147 3245 4217 ροριιιηε
3277 4148 3523 4200 manda-

307 4257 476 4327 ﬁgura
501 4251 842 4308 multiformis
870 4257 970 4304 est.
993 4247 1126 4301 Nam
1153 4255 1205 4300 et
1231 4245 1557 4314 signaculum
1571 4251 1653 4297 est
1677 4255 1864 4296 secun-

307 4349 434 4402 dum
462 4343 770 4415 Apostolum
800 4340 974 4413 (Rom;
1004 4342 1099 4409 tv),
1120 4337 1338 4408 justitiie
1382 4335 1501 4390 ﬁdei
1542 4335 1769 4388 Abrahae
1812 4341 1865 4386 et

309 4435 498 4490 semini
529 4431 662 4500 ejus,
692 4442 747 4487 et
774 4433 1027 4486 indicium
1056 4427 1347 4496 castigandi
1372 4443 1465 4482 eos
1509 4426 1600 4495 qui
1647 4425 1714 4477 ad
1766 4424 1866 4477 hoc

261 4574 288 4582 --
308 4534 493 4576 semen
530 4521 770 4591 hancque
793 4520 947 4574 ﬁdem
975 4518 1177 4590 [semen
1207 4532 1301 4586 per
1327 4513 1505 4585 fidem]
1543 4512 1866 4581 pertinerent

308 4610 544 4664 abomni
574 4611 974 4678 inquinamento
1002 4607 1178 4662 carnis
1200 4615 1254 4660 et
1289 4603 1528 4672 spiritus,
1559 4610 1612 4656 et
1635 4600 1865 4678 prophe-

312 4699 387 4754 tia
411 4699 667 4753 nascituri
695 4699 760 4752 de
788 4699 890 4752 hoc
915 4697 1114 4751 semine
1138 4694 1453 4757 Salvatoris,
1474 4692 1564 4760 qui
1590 4705 1687 4744 nos
1728 4671 1865 4743 et’in

312 4788 558 4859 praesenti
585 4802 682 4855 per
709 4781 1034 4854 baptismum
1061 4786 1128 4839 ab
1147 4784 1290 4838 omni
1315 4783 1600 4837 mortifera:
1643 4779 1869 4833 actionis

312 4880 602 4951 pollutione
629 4877 930 4938 mundaret,
962 4884 1016 4929 et
1049 4875 1109 4928 in
1169 4873 1348 4940 futuro
1400 4886 1496 4940 per
1526 4867 1868 4925 resurrectio—

313 4989 438 5027 uem
467 4973 534 5025 ab
557 4971 804 5024 universa
830 4969 1018 5022 mortis
1039 4968 1200 5036 ipsius
1226 4967 1566 5035 corruptione
1604 4966 1656 5018 in
1686 4978 1872 5033 perpe-

314 5073 465 5132 tuum
497 5063 761 5116 liberaret.
805 5057 1064 5115 Octavum
1091 5065 1268 5110 autem
1297 5069 1598 5117 numerum,
1637 5067 1872 5108 resurre-

313 5148 509 5206 c'ticnis
533 5151 712 5221 gloriae
734 5149 1039 5211 convenire,
1071 5161 1207 5216 pene
1246 5145 1495 5200 omnibus
1519 5142 1705 5197 claret.
1738 5141 1870 5200 Nam

311 5251 366 5296 et
391 5243 646 5296 Dominus
663 5249 872 5304 octavo,
895 5240 994 5293 hoc
1015 5246 1095 5292 est
1116 5244 1236 5305 post
1260 5235 1538 5308 septimam
1558 5232 1762 5286 sabbati
1786 5247 1869 5286 re-

314 5333 568 5396 surrexit,
593 5340 646 5386 et
663 5332 772 5400 ipsi
807 5339 927 5399 post
953 5344 1045 5384 sex
1072 5328 1228 5396 hujus
1264 5324 1439 5380 saeculi
1461 5332 1644 5377 aetates
1671 5331 1725 5377 et
1753 5337 1889 5389 scp-_

319 5426 502 5479 timam
531 5423 745 5487 sabbati
772 5423 1090 5487 animarum,
1116 5435 1231 5490 qua:
1263 5424 1402 5474 nunc
1440 5415 1653 5471 interim
1683 5415 1737 5469 in
1762 5413 1863 5468 alia

1964 4265 2082 4302 care
2108 4258 2156 4301 et
2181 4248 2366 4310 bibere,
2385 4255 2432 4300 et
2451 4243 2784 4300 surrexerunt
2808 4219 3531 4309 ludere(Ea:od.nm)~,‘sive
3563 4272 3568 4277 -

1965 4339 2107 4407 quod
2135 4339 2415 4392 adversum
2445 4336 2593 4391 Isaac
2622 4335 2776 4404 quasi
2802 4331 3021 4400 majoris
3051 4329 3240 4394 aetatis,
3269 4329 3391 4399 jom
3426 4329 3526 4382 sibi
3596 4346 3599 4347 ν

1949 4436 2018 4482 .et
2045 4427 2544 4497 ludoprirnogenita
2569 4424 2886 4486 vindicaret.
2925 4420 3077 4488 Quod
3115 4419 3336 4488 quidem
3394 4417 3526 4470 Sara

1966 4516 2184 4569 audiens
2210 4529 2314 4568 non
2354 4513 2512 4571 tulit.
2537 4521 2590 4568 et
2630 4513 2732 4567 hoc
2751 4527 2815 4566 ex
2851 4510 3018 4580 ipsius
3041 4508 3364 4578 approbatur
3409 4521 3526 4561 ser-

1969 4619 2127 4658 mone
2147 4603 2372 4660 dicentis
2393 4623 2405 4658 :
2527 4613 2530 4616 ’

1985 4707 1987 4709 ‘
2038 4693 2181 4751 Dure
2205 4695 2504 4765 Itocaccepit
2531 4693 2792 4749 Abraham
2817 4707 2917 4761 pro
2932 4689 3043 4758 ﬁlio
3091 4706 3205 4743 suo.
3248 4688 3346 4742 Cui
3377 4672 3526 4741 dixit

1969 4785 2106 4840 Deus
2130 4804 2147 4839 .'
2180 4785 2302 4839 Non
2326 4787 2418 4838 tibi
2436 4786 2672 4839 videatur
2692 4799 2930 4851 asperum
2955 4799 3110 4851 super
3127 4798 3309 4852 puero,
3338 4790 3393 4835 et
3438 4791 3526 4834 sa-

1968 4895 2065 4947 per,
2118 4877 2313 4930 ancilla
2359 4885 2469 4930 tua.
2513 4874 2713 4929 Omnia
2747 4889 2862 4943 qua:
2889 4875 3077 4926 dixerit
3105 4873 3198 4925 tibi
3219 4871 3375 4935 Sara,
3399 4872 3525 4925 audi

1969 4984 2137 5021 vocem
2157 4967 2291 5036 ejus,
2313 4967 2436 5035 quia
2457 4966 2510 5017 in
2538 4963 2692 5017 Isaac
2714 4963 2980 5016 vocabitur
3004 4961 3099 5014 tibi
3117 4954 3311 5014 semen.
3339 4959 3443 5029 διά
3473 4971 3522 5012 ct

1968 5059 2132 5126 ﬁlium
2162 5054 2366 5110 ancilla:
2387 5056 2580 5124 faciam
2603 5056 2655 5107 in
2680 5063 2877 5124 gentem
2902 5068 3166 5121 magnam,
3188 5051 3310 5120 quia
3355 5065 3525 5103 semen

1969 5156 2113 5200 tuum
2134 5156 2227 5199 est.
2259 5144 2528 5209 Quaeritur
2547 5143 2678 5198 Sara
2721 5142 2962 5197 dicente:
3003 5139 3152 5207 Ejice
3201 5135 3446 5190 ancillam
3477 5143 3526 5189 et
3597 5158 3604 5167 -

1969 5238 2132 5295 ﬁlium
2155 5236 2289 5304 ejus,
2312 5252 2413 5290 non
2433 5235 2574 5288 enim
2597 5235 2758 5287 Iucres
2787 5233 2883 5284 erit
2913 5230 3053 5297 ﬁlius
3077 5225 3282 5280 ancilla:
3308 5241 3425 5279 cum
3453 5225 3522 5293 [i-

1966 5330 2036 5380 lio
2069 5341 2177 5379 meo
2209 5324 2382 5388 Isaac,
2410 5341 2576 5395 quare
2600 5323 2943 5379 contristatus
2976 5319 3047 5373 sit
3077 5318 3348 5388 Abraham
3400 5333 3522 5371 cum

1969 5418 2066 5472 ista
2116 5416 2275 5472 fuerit
2340 5414 2636 5486 prophetia,
2685 5423 2841 5482 quam
2890 5409 3073 5477 utique
3120 5407 3290 5477 magis
3344 5406 3524 5461 debuit
