3968 6328
493 251 600 311 863

1119 247 1181 301 Β.
1223 244 1471 299 RABANI
1512 197 1728 297 MAlJRl
1770 235 2083 293 ARCHIEP.
2128 232 2429 290 MOCUNT.
2474 232 2756 313 OPEBUM
2794 232 2972 289 PARS
3008 236 3048 289 1.

3601 241 3707 298 568

494 379 647 425 nosse
687 364 796 433 ipse
826 375 985 431 quam
1018 358 1168 413 Sara.
1200 356 1303 410 Sed
1329 353 1720 423 intelligendum
1749 357 1846 411 est,
1874 348 1958 403 vel
1986 363 2048 403 ex
2080 350 2127 406 Α
2154 346 2423 400 carnalem
2448 344 2725 414 populum;
2756 343 2885 399 Sara
2913 362 3040 401 vero
3065 347 3227 402 libera
3254 350 3439 417 genuit
3459 351 3710 420 populum

494 454 813 513 revelatione
837 450 940 505 hoc
965 442 1166 502 dixisse
1196 446 1407 507 Saram,
1429 443 1550 511 quia
1585 442 1734 509 prius
1757 438 1831 491 illi
1873 436 2048 489 fuerat

491 547 804 605 revelatum.
844 542 997 597 Illum
1025 555 1152 595 vero
1174 548 1331 608 quem
1367 537 1447 609 de
1465 536 1565 589 hac
1584 530 1767 601 postea
1795 531 2049 588 Dominus

400 626 403 627 ν
490 641 971 708 instruit,patemo
1002 634 1189 690 aﬁ‘ectu
1215 646 1313 701 pro
1334 628 1442 683 ﬁlio
1486 626 1652 680 fuisse
1695 624 2069 682 commotum,‘

490 734 565 787 vel
598 733 784 786 ambos
810 730 960 800 prius
995 726 1248 788 nescisse,
1276 722 1528 791 quidnam
1559 718 1685 775 illud
1723 723 1835 781 ,est,
1866 721 1920 769 et
1950 728 2049 782 per

485 834 678 876 rsuram
706 820 1028 875 nescientem
1058 816 1158 868 ho’c
1191 809 1497 881 praphetice
1519 808 1719 863 dictum
1749 817 1887 867 esse,
1923 817 2046 857 cum

482 914 574 965 'tla
606 921 756 967 mota
785 917 927 964 esset
950 894 1195 960 muliebri
1220 901 1396 954 animo
1425 906 1652 968 propter.
1704 894 1911 949 ancillas
1952 909 2045 948 su-

490 1002 747 1071 perbiam.
767 996 1063 1051 Notandum
1083 993 1224 1062 quod
1249 1001 1303 1046 et
1329 989 1516 1045 lsmael
1543 989 1719 1044 dictus
1741 987 1812 1041 sit
1859 1002 1891 1040 a
1936 986 2047 1039 Deo

392 1135 397 1141 .
489 1106 670 1145 semen
690 1087 936 1146 Abrahae,
962 1074 1183 1153 propter
1208 1081 1334 1135 illud
1377 1080 1522 1148 quod
1548 1079 1631 1132 sic
1678 1076 2044 1146 accipiendum

492 1185 644 1234 docet
674 1174 980 1245 Apostolus,
1008 1172 1147 1241 quod
1191 1171 1388 1224 dicmm
1429 1178 1545 1223 est:
1579 1166 1639 1220 In
1664 1165 1818 1220 Isaac
1847 1163 2053 1219 voeabi—.

496 1276 576 1321 Iur
605 1267 696 1344 tibi
723 1281 915 1328 semen,
939 1279 1042 1317 non
1064 1261 1154 1315 lilii
1184 1260 1383 1331 carnis,
1416 1258 1510 1313 sed
1552 1256 1647 1310 ﬁlii
1673 1254 2047 1326 promissionis

487 1342 807 1429 deputantur
834 1355 887 1408 in
911 1354 1133 1427 semine,
1160 1358 1218 1404 ut
1256 1352 1359 1407 hoc
1405 1348 1618 1418 proprie
1671 1346 1936 1426 pertineat
1976 1342 2045 1408 ad

489 1449 656 1514 Isaac,
684 1448 772 1517 qui
797 1461 900 1501 non
927 1444 1066 1498 ﬁlius
1087 1443 1287 1506 carnis,
1345 1440 1442 1495 sed
1485 1439 1626 1493 ﬁlius
1670 1435 2043 1505 promissionis

493 1541 612 1604 fuit,
640 1538 731 1592 ubi
756 1534 1040 1606 promissio
1068 1532 1210 1586 ﬁt‘de
1235 1531 1483 1586 omnibus
1510 1529 1776 1598 gentibus.

2147 433 2559 502 qui'secundum
2586 446 2804 486 carnem
2829 448 2933 485 non
2959 444 3061 497 est,
3092 436 3186 488 sed
3210 436 3263 489 in
3304 436 3552 505 libertate
3604 454 3703 492 vo-

2147 534 2300 578 catus
2324 529 2429 585 est,
2453 537 2560 591 qua
2594 522 2840 576 libertate
2860 522 3110 577 liberavit
3130 540 3252 579 eum
3276 524 3540 582 Christus.
3586 527 3701 583 Hoc

2146 613 2309 682 igitur
2329 613 2581 683 mysterio
2606 612 3205 682 ﬁgurabatur,priorem
3237 616 3491 685 populum
3515 618 3570 671 in
3596 632 3709 672 ser-

2145 703 2313 755 vitute
2335 711 2610 771 pectorum
2638 703 2964 772 generatam,
3008 704 3062 779 in
3094 704 3253 758 domo
3298 705 3466 769 Sane,
3515 709 3571 763 id
3621 717 3707 764 est

2144 792 2416 857 Ecclesiae,
2435 808 2538 847 non
2565 807 2782 847 manere
2808 794 2861 847 in
2890 802 3163 856 aeternum,
3188 808 3360 863 neque
3387 812 3508 851 esse
3535 798 3708 853 haere-

2143 880 2265 933 dem
2293 881 2377 935 vel
2403 890 2706 936 consortem
2732 882 3025 937 cultoribus
3049 882 3271 947 Christi,
3301 900 3400 938 nec
3423 901 3546 939 cum
3594 888 3706 943 ﬁlio

2144 971 2330 1037 nobili,
2357 973 2409 1026 id
2438 980 2544 1037 est,
2573 973 2967 1041 ﬁdeli.populo,
2997 987 3219 1042 regnum
3254 973 3491 1029 cmlestis
3516 976 3707 1045 gloriae
3760 976 3766 981 ”

2143 1045 2674 1127 p6ssessuru1n.Cum
2689 1061 3080 1131 ejiceretigitur
3091 1060 3358 1114 Abraham
3372 1064 3594 1132 Agarde
3606 1058 3706 1119 do-

2146 1162 2232 1201 mo
2244 1162 2360 1209 sua,
2377 1148 2581 1215 accepit
2603 1157 2834 1216 paneset
2845 1143 3180 1215 utremaquze
3202 1156 3255 1203 et
3275 1148 3421 1201 dedit
3452 1152 3629 1217 Agar,-
3652 1159 3711 1205 et

2143 1236 2398 1305 imposuit
2410 1252 2569 1305 super
2582 1238 2838 1291 humeros
2848 1236 2961 1305 ejus
2978 1237 3256 1300 infantem,
3271 1246 3326 1292 et
3338 1238 3540 1292 dimisit
3552 1255 3696 1293 eam.

2142 1323 2341 1378 Exiens
2362 1335 2540 1380 autem
2578 1325 2741 1395 Agar,
2794 1327 3013 1380 errabat
3038 1326 3090 1379 in
3126 1325 3431 1395 solitudine,
3486 1337 3542 1381 et
3585 1344 3708 1383 cum

2143 1415 2455 1470 morientem
2488 1417 2572 1473 siti
2605 1410 2770 1491 ﬁlium
2790 1416 3098 1487 projecisset
3149 1419 3247 1472 sub
3300 1419 3513 1483 arbore,
3548 1434 3709 1489 appa—

2142 1503 2250 1555 ruit
2271 1503 2320 1556 ei
2342 1503 2561 1573 angelus
2574 1505 2803 1571 Domini,
2828 1514 2878 1559 et
2895 1507 3276 1564 demonstravit
3299 1506 3498 1562 fontem
3528 1523 3705 1577 aqua,

538 1588 956 1694 itaque
965 1623 1039 1676 Ab
1046 1618 1225 1675 rallam
1239 1634 1406 1682 mane,
1420 1588 1603 1688 ωηερε
1617 1632 1803 1688 panem
1815 1624 1862 1670 et
1876 1588 2037 1671 utrem

2150 1602 2195 1645 et
2222 1594 2424 1661 potavit
2452 1592 2615 1647 ﬁlium
2643 1610 2820 1649 suum.
2868 1596 3005 1675 Quid
3051 1611 3181 1667 ergo
3229 1598 3513 1667 signiﬁcat,
3563 1599 3710 1669 quod

490 1733 655 1788 aqua,
670 1715 911 1785 imposuit
922 1710 1148 1783 scopula!
1156 1712 1270 1781 ejus
1284 1728 1303 1777 ;
1318 1709 1632 1778 tradiditque
1646 1721 1885 1778 puerum,
1901 1715 1949 1759 et
1959 1704 2041 1757 di-

490 1808 624 1861 misit
635 1822 765 1860 eam.
784 1805 913 1871 Qua:
924 1819 1039 1858 cum
1056 1802 1267 1866 abisset,
1280 1799 1488 1857 errabat
1500 1800 1553 1852 in
1566 1796 1849 1857 solitudine
1858 1793 2045 1847 Bersa—

489 1899 612 1952 beaz.
630 1896 857 1967 Cumque
870 1904 1169 1965 consumpta
1192 1902 1320 1948 esset
1341 1908 1476 1963 aqua
1498 1890 1552 1944 in
1570 1898 1698 1951 utre,
1715 1886 1902 1956 abjecit
1914 1901 2042 1955 pue-

487 2001 602 2038 rum
614 1986 787 2039 subter
800 2001 954 2047 unam
968 1984 1201 2037 arborem
1222 1982 1419 2052 quwibi
1430 1989 1623 2045 erat,~et
1648 1978 1792 2039 abiit,
1816 1976 2045 2046 seditque

486 2090 515 2127 e
564 2075 767 2144 regione
814 2071 994 2143 procul
1041 2068 1293 2141 quantum
1342 2078 1504 2139 potest
1562 2060 1714 2121 arcus
1746 2068 1945 2136 jacere.
1975 2095 2044 2105 ——

485 2165 630 2220 Dixit
661 2166 795 2219 enim
830 2178 848 2215 :
882 2162 1003 2216 Non
1030 2162 1205 2216 videbo
1225 2156 1525 2214 morientem
1546 2160 1839 2229 puerum,“
1864 2156 2041 2211 sedens

488 2265 688 2318 contra,
718 2252 896 2307 levavit
922 2268 1092 2306 vocem
1117 2267 1265 2305 suam
1290 2258 1336 2303 et
1359 2250 1517 2318 ﬂevit.
1540 2246 1824 2301 Exaudivit
1868 2256 2040 2299 autem

486 2344 738 2398 Dominus
758 2358 924 2396 uocem
937 2341 1105 2410 pueri,
1127 2348 1182 2394 et
1205 2339 1427 2407 reliqua.
1453 2335 1718 2409 (Hieron.)
1736 2336 1794 2390 In
1821 2334 2043 2388 Hebraeo

493 2434 657 2499 enim,
681 2441 801 2502 post
821 2432 924 2487 hoc
944 2430 1085 2501 quod
1113 2430 1468 2507 scriptumest
1492 2446 1504 2480 :
1534 2426 1651 2481 Non
1694 2424 1872 2483 videbo
1906 2440 2046 2477 mor-

490 2534 589 2578 tem
612 2524 758 2593 pueri
780 2524 900 2588 mei,
930 2522 1002 2576 ita
1032 2521 1247 2591 legitur,
1277 2518 1432 2589 quod
1483 2519 1597 2588 ipsa
1646 2516 1791 2588 Agar
1845 2515 2044 2570 sederit

489 2620 670 2666 contra
694 2626 916 2680 puerum
942 2610 1259 2664 etlevaverit
1288 2622 1473 2664 vocem
1496 2621 1646 2662 suam
1669 2614 1722 2660 et
1747 2604 1970 2669 ﬂeverit,
1990 2610 2044 2658 et

490 2698 788 2752 exaudierit
812 2698 951 2752 Deus
995 2710 1180 2751 vocem
1226 2695 1457 2766 parvuli.
1482 2695 1672 2749 Flente
1700 2694 1841 2749 enim
1874 2702 2045 2749 matre

494 2795 549 2843 et
566 2795 791 2841 mortem
818 2786 911 2840 ﬁlii
931 2785 1311 2841 miserabiliter
1336 2785 1850 2854 prazstolante,Deus
1883 2800 2046 2839 exau-

492 2877 628 2931 divit
650 2890 896 2947 pnerum,
922 2877 985 2930 de
1022 2889 1125 2944 quo
1151 2874 1418 2945 pollicitus
1470 2873 1647 2931 fuerat
1672 2873 1917 2929 Abraha:
1967 2873 2046 2929 di-

497 2982 652 3022 cens:
687 2964 790 3021 Sed
813 2981 858 3019 et
882 2964 1046 3035 ﬁlium
1069 2964 1274 3019 ancillw
1292 2975 1399 3020 tua:
1420 2965 1610 3033 {ariam
1630 2965 1685 3017 in
1710 2973 1908 3034 gentem
1938 2980 2050 3016 ma-

499 3070 671 3125 gnam.
701 3053 881 3124 (Aug.)
910 3053 1115 3121 Alioqui
1153 3062 1211 3107 et
1239 3054 1353 3122 ipsa
1382 3061 1572 3118 mater,
1590 3068 1698 3108 non
1727 3066 1878 3106 suam
1906 3068 2040 3107 mor-

498 3145 732 3211 tem,sed
756 3144 847 3197 ﬁlii
867 3143 1125 3211 deplorat.
1150 3142 1393 3211 Pepercit
1421 3141 1580 3214 igitur
1600 3142 1739 3197 Deus
1758 3143 1807 3196 ei
1828 3158 1923 3211 pro
1944 3157 2051 3211 quo

499 3234 672 3288 fuerat
721 3242 776 3286 et
820 3231 991 3287 ﬂetus.
1033 3230 1180 3286 Solet
1216 3233 1383 3300 quaeri
1421 3232 1688 3302 quomodo
1733 3246 1852 3286 cum
1900 3239 2052 3301 pater

497 3312 929 3380 essetannorum
948 3322 1175 3392 amplius
1217 3324 1542 3391 quindecim,
1595 3323 1883 3392 proiecerit
1927 3337 2048 3376 eum

504 3416 602 3471 Sub
632 3415 822 3469 arbore
847 3420 901 3469 et
935 3412 1058 3467 ierit
1087 3412 1242 3483 longe
1267 3420 1524 3481 quantum
1572 3427 1730 3467 arens
1758 3414 1943 3478 mittit,
1985 3427 2052 3466 ne

496 3502 701 3557 videret
730 3516 849 3555 eum
882 3500 1216 3554 morientem.
1247 3500 1411 3567 Quasi
1445 3502 1586 3556 enim
1600 3501 1849 3575 portabat
1880 3498 2051 3569 proje-

493 3593 648 3656 eerit,
673 3592 745 3644 ita
772 3590 983 3644 videtur
1007 3605 1199 3644 sonare
1225 3592 1367 3659 quod
1389 3592 1604 3646 dicitur.
1628 3591 1735 3645 Sed
1754 3592 2052 3662 intelligen-

493 3682 619 3738 dum
671 3679 963 3754 projectum
1002 3692 1122 3733 esse
1153 3695 1261 3732 non
1303 3688 1637 3754 apportante,
1669 3680 1764 3735 sed
1803 3688 1861 3734 ut
1899 3679 1959 3737 ﬁt
1986 3681 2052 3734 ab

495 3781 711 3839 animo,
767 3787 1020 3844 tanquam
1066 3769 1643 3836 moriturum;'neque
1698 3769 1839 3823 enim
1908 3767 2052 3837 quod

480 3873 751 3940 scriptum
776 3877 887 3924 est:
924 3854 1197 3937 Projectus
1244 3882 1357 3920 sum
1409 3877 1444 3919 a
1480 3861 1614 3927 facie
1651 3860 1919 3915 oculorum
1938 3869 2049 3914 tuo-

498 3979 610 4015 rum
638 3960 806 4032 (Psal.
833 3959 985 4025 xxx),
1011 3960 1321 4029 portabatur
1341 3958 1429 4026 qui
1486 3953 1589 4010 lmc
1612 3952 1782 4016 dixit;
1814 3959 1867 4005 et
1889 3958 1974 4005 est
2002 3952 2053 4004 in

503 4051 808 4120 quotidiana
866 4049 1111 4117 loquendi
1153 4065 1271 4113 usu,
1311 4064 1430 4103 cum
1458 4043 1741 4117 projicitur
1767 4042 1959 4110 aliquis
1987 4043 2053 4097 ab

502 4140 679 4207 aliquo
702 4154 822 4208 cum
851 4152 954 4206 quo
979 4146 1117 4203 erat,
1139 4152 1205 4192 ne
1229 4137 1295 4191 ab
1320 4138 1409 4192 illo
1433 4138 1701 4198 videatur,
1730 4140 1948 4186 autcum
1964 4132 2053 4188 illo

499 4238 731 4281 maneat.
759 4226 1158 4297 Intelligendum
1181 4234 1264 4283 est
1289 4242 1436 4297 ergo,
1467 4230 1607 4296 quod
1654 4223 1935 4294 Scriptura
1966 4232 2049 4277 ta-

499 4317 627 4380 cuit,
664 4317 737 4369 ita
751 4317 1056 4377 discessisse
1087 4325 1311 4370 matrem
1334 4331 1364 4369 a
1388 4317 1515 4381 ﬁlio,
1541 4324 1600 4370 ut
1624 4329 1755 4384 puer
1774 4318 2051 4385 ignoraret

500 4422 604 4474 quo
631 4415 800 4459 mater
820 4406 1099 4469 abierit,et
1120 4420 1237 4459 eam
1265 4406 1319 4458 in
1340 4404 1669 4459 silvestribus
1700 4401 2052 4474 stirpibusla-

504 4497 686 4559 tuisse,
715 4511 783 4548 ne
819 4493 985 4546 ﬁlium
1004 4494 1094 4547 siti
1129 4494 1465 4548 deﬁcientem
1496 4494 1716 4548 videret.
1742 4494 1834 4549 llle
1872 4501 2051 4547 autem

510 4589 560 4640 in
591 4587 677 4640 illa
705 4587 864 4662 etiam
893 4593 1072 4649 atate,
1096 4585 1221 4653 quid
1235 4586 1427 4638 mirum
1452 4578 1495 4638 Si
1517 4594 1687 4640 matre
1712 4586 1911 4656 diutius
1951 4600 2054 4637 non

507 4678 617 4729 visa
638 4683 693 4729 et
724 4683 975 4742 tanquam
999 4674 1227 4741 perdita,
1260 4688 1326 4727 eo
1346 4673 1464 4727 loco
1493 4674 1582 4727 ubi
1614 4675 1757 4729 solus
1779 4688 2055 4727 remanse-

511 4780 606 4834 rat,
638 4770 816 4835 llevit?
846 4768 997 4835 Quod
1024 4782 1150 4835 ergo
1174 4774 1359 4835 postea
1378 4767 1797 4835 dicitur,'aceipe
1816 4784 2052 4836 puerum,

510 4878 610 4913 non
639 4866 695 4909 ut
723 4872 842 4910 eum
871 4858 935 4910 de
962 4866 1124 4919 terra,
1153 4854 1575 4921 velutjacentcm
1604 4856 1832 4919 tolleret,
1857 4857 2056 4909 dictum

508 4958 617 5011 est,
646 4947 737 5001 sed
768 4956 825 4999 ut
846 4946 893 4997 ei
923 4943 1350 5012 coniungeretur,
1380 4953 1437 4999 et
1479 4960 1601 4998 eum
1642 4960 1806 4997 manu
1853 4952 2060 4998 teneret

510 5040 763 5105 deinceps
811 5035 1058 5089 comitem
1108 5035 1245 5087 sicut
1273 5044 1407 5099 erat,
1444 5034 1583 5102 quod
1626 5033 1942 5106 plerumque
1980 5032 2059 5085 fa-

513 5129 656 5181 ciunt
678 5126 831 5179 simul
860 5124 1187 5178 ambulantes
1213 5125 1488 5191 cujuslibet
1514 5125 1707 5177 aetatis.
1737 5124 2062 5193 lgiturquae-

512 5216 733 5271 rendum
778 5222 859 5266 est
893 5228 988 5266 cur
1034 5219 1187 5264 antea
1219 5210 1349 5263 Sara
1378 5211 1541 5264 voluit
1587 5212 1837 5264 maritum
1871 5211 1935 5263 de
1964 5225 2058 5261 an-

512 5306 629 5359 cilla
654 5304 927 5376 suscipere
951 5300 1144 5363 ﬁlium;
1178 5307 1267 5351 aut
1298 5315 1392 5352 cur
1414 5316 1550 5353 nunc
1579 5316 1695 5353 cum
1724 5300 2059 5366 matrejubet

513 5392 887 5459 cxpellidomo,
917 5389 1055 5455 quod
1094 5404 1195 5441 non
1226 5388 1336 5441 zelo
1364 5386 1488 5441 fecit
1527 5404 1771 5450 accensa,
1820 5390 1911 5441 sed
1962 5404 2058 5455 pro

516 5480 762 5547 mysterio
805 5476 1088 5543 prOphetia:
1140 5477 1429 5546 compulsa.
1490 5476 1668 5544 (Isid.)
1699 5478 1837 5544 Agar
1866 5478 2057 5545 quippe

517 5572 799 5622 secundum
824 5570 1126 5639 Apostolnm
1154 5568 1521 5639 (Galat.tv),in
1546 5571 1853 5623 servitutem
1877 5570 2059 5636 genuit

2069 1672 2115 1732 B
2143 1682 2328 1753 exiens
2351 1682 2513 1752 Agar,
2542 1683 2800 1746 infantem
2819 1685 2872 1738 in
2894 1672 3142 1740 humeros
3163 1699 3289 1740 suos
3308 1685 3578 1757 imposuit,
3602 1686 3706 1740 nisi

2148 1774 2288 1842 quod
2308 1784 2559 1844 peccator
2582 1776 2805 1846 populus
2837 1767 2895 1831 et
2922 1777 3177 1847 insipiens
3214 1780 3478 1833 cervicem
3516 1778 3709 1834 matris

2147 1876 2260 1916 suae
2294 1877 2572 1933 synagogas
2608 1865 2846 1933 gravavit
2877 1881 2999 1920 cum
3026 1866 3184 1920 dicit:
3219 1865 3441 1936 Sanguis
3476 1869 3593 1937 ejus
3618 1885 3718 1939 sui

2145 1969 2237 2020 per
2250 1969 2364 2016 nos,
2381 1962 2428 2005 et
2441 1954 2594 2021 super
2604 1952 2952 2020 ﬁliosnostros
2968 1955 3181 2025 (Matth.
3208 1957 3399 2029 xxv").
3424 1955 3601 2011 Panes
3614 1972 3709 2012 au-

2146 2046 2253 2092 tem
2268 2040 2367 2093 hoc
2381 2039 2703 2103 indicabant,
2718 2041 2857 2109 quod
2873 2028 3023 2095 vetus
3036 2028 3387 2096 sacerdotium
3403 2060 3568 2112 panes
3580 2059 3709 2111 pro-

2144 2130 2443 2198 positionis,
2461 2132 2600 2184 sicut
2612 2130 2869 2198 Scriptum
2883 2139 2986 2194 est,
3000 2139 3237 2199 portaret
3251 2147 3431 2186 secum
3447 2142 3505 2186 ut
3532 2130 3710 2187 v'esce-

2144 2229 2309 2293 retur.
2328 2219 2457 2274 Uter
2476 2234 2603 2274 vero
2626 2234 2796 2288 aqum,
2819 2221 2907 2290 qui
2929 2220 3143 2287 defecit,
3161 2220 3378 2277 Judaica
3404 2223 3707 2291 puriﬁcatio

2144 2311 2473 2380 signiﬁcatur
2486 2310 2782 2375 defectura,
2803 2314 2914 2366 sive
2937 2312 3177 2366 doctrina
3190 2326 3375 2368 eorum
3399 2313 3631 2368 carnalis
3650 2314 3704 2367 in

2142 2400 2277 2469 pelle
2299 2410 2506 2454 mortua
2532 2400 2732 2464 clausa,
2754 2400 2806 2453 id
2842 2409 2944 2466 est,
2978 2402 3032 2455 in
3058 2416 3220 2457 carne
3250 2404 3448 2458 veteris
3473 2402 3709 2457 hominis

2144 2490 2594 2561 praevaricationis
2618 2493 2883 2546 sententia
2906 2494 3178 2558 damnata,
3213 2509 3331 2563 quae
3352 2509 3451 2549 nec
3480 2494 3708 2565 refrige-

2145 2583 2280 2635 rium
2304 2589 2540 2650 praastat,
2568 2595 2666 2636 nec
2688 2582 2846 2656 satiat
2868 2584 3032 2648 sitim,
3060 2584 3152 2638 sed
3180 2593 3312 2638 azstu
3334 2586 3511 2653 tepida
3536 2586 3706 2639 vomi-

2146 2680 2259 2725 tum
2284 2670 2434 2725 facit.
2470 2671 2624 2737 Quod
2646 2687 2773 2727 vero
2802 2681 2947 2726 errat
2966 2674 3106 2743 Agar
3157 2675 3210 2727 in
3256 2670 3540 2747 solitudine
3580 2692 3729 2745 cum,

2145 2760 2254 2816 ﬁlio
2280 2775 2398 2826 suo,
2421 2750 2685 2832 signiﬁcat
2711 2777 3028 2834 synagogam
3080 2780 3201 2819 cum
3247 2766 3441 2835 populo
3482 2783 3583 2822 suo
3609 2783 3705 2822 ex-

2145 2852 2353 2921 pulsam
2373 2851 2441 2906 de
2467 2860 2608 2905 terra
2635 2866 2751 2917 sua,
2780 2854 2894 2907 sine
2921 2854 3220 2909 sacerdotio
3247 2864 3300 2909 et
3326 2856 3594 2911 sacriﬁcio
3637 2858 3700 2930 in

2150 2953 2259 2999 tote
2289 2945 2421 2999 orbe
2445 2951 2712 2999 terrarum
2739 2929 2940 3010 errare,
2971 2955 3025 3001 et
3058 2948 3215 3007 viam,
3249 2931 3486 3017 quae'est
3539 2929 3698 3002 Chri-

2151 3042 2283 3095 stus,
2310 3033 2527 3101 penitus
2546 3033 2829 3102 ignorare-
2848 3032 2996 3101 Quod
3018 3034 3157 3090 ﬁlius
3179 3036 3318 3090 illius
3347 3036 3435 3090 siti
3474 3038 3702 3105 deperit,

2149 3126 2383 3179 ostendit
2401 3125 2650 3195 populum
2674 3126 2871 3179 nullam
2899 3128 3179 3182 habentem
3210 3127 3543 3197 spiritualem
3567 3130 3705 3198 puri.

2149 3214 2471 3269 ﬁcationem.
2498 3214 2647 3280 Quod
2682 3230 2811 3269 vero
2832 3214 2995 3270 ﬁlium
3015 3216 3330 3270 morientem
3352 3216 3439 3270 siti
3483 3217 3584 3271 sub
3614 3232 3706 3270 ar-

2148 3302 2278 3357 bore
2328 3304 2572 3373 projecit,
2620 3313 2677 3358 et
2732 3306 2809 3360 sic
2864 3300 3263 3361 d‘emonstrante
3291 3307 3478 3375 angelo
3511 3308 3701 3376 aspicit

2149 3391 2368 3457 fontem,
2396 3393 2732 3463 signiﬁcabat
2754 3396 3011 3463 quosdam
3040 3412 3107 3451 ex
3134 3410 3199 3450 eo
3226 3396 3445 3466 populo‘
3468 3397 3535 3450 ad
3586 3407 3705 3450 um-

2148 3480 2300 3538 bram
2320 3485 2448 3555 ligni
2476 3487 2653 3541 crucis
2704 3488 2966 3557 refugium
3000 3489 3279 3557 petituros.
3340 3488 3489 3555 Quod
3530 3488 3708 3543 excla-

2150 3582 2263 3626 mat
2292 3588 2427 3641 puer
2446 3574 2679 3641 plorans,
2720 3583 2773 3630 et
2799 3576 3066 3629 exaudivit
3089 3590 3212 3629 eum
3241 3576 3400 3639 Deus,
3424 3585 3480 3631 et
3508 3576 3590 3631 sic
3620 3576 3711 3629 de-

2152 3670 2482 3715 monstrante
2508 3663 2694 3733 angelo
2716 3663 2905 3732 aspicit
2934 3662 3153 3727 fontem,
3186 3664 3285 3719 hoc
3313 3680 3406 3733 pro
3428 3665 3533 3719 illis
3556 3665 3708 3732 dicit,

2150 3750 2242 3818 qui
2264 3763 2328 3803 ex
2349 3748 2545 3804 Judaeis
2574 3751 2639 3803 ad
2677 3749 2945 3805 Christum
2970 3760 3374 3817 convertuntur,
3430 3767 3494 3807 ac
3520 3751 3711 3807 ﬁentes

2153 3848 2299 3895 retro
2324 3848 2472 3895 actos
2501 3856 2712 3896 errores
2758 3843 3134 3909 exaudiuntur,
3182 3845 3539 3911 reseratisque
3586 3859 3716 3897 ocu-

2155 3928 2222 3983 lis
2285 3930 2480 3994 cordis,
2530 3932 2710 3986 vident
2754 3930 2953 3985 fontem
3010 3946 3163 4000 aquae
3210 3932 3363 3996 vivae,
3392 3932 3566 3996 idest,
3616 3947 3715 4002 per

2153 4019 2423 4073 Christum
2452 4018 2643 4072 Filium
2673 4019 2791 4084 Dei,
2811 4020 2900 4088 qui
2927 4019 3088 4073 dicit:
3118 4019 3230 4089 Ego
3257 4037 3370 4073 sum
3402 4020 3516 4086 fons
3562 4037 3717 4090 aqum

2153 4110 2276 4164 vim
2293 4126 2311 4174 ;
2348 4109 2435 4178 qui
2463 4110 2570 4162 sitit
2594 4110 2762 4162 veniat
2782 4118 2832 4162 et
2861 4109 2997 4162 bibat
3017 4109 3196 4179 (Joan.
3222 4108 3320 4179 tv).
3345 4108 3495 4163 Unde
3524 4108 3717 4163 Ismael

2152 4200 2422 4255 exauditio
2457 4199 2854 4268 interpretatur.
2886 4200 3117 4269 Angelus
3162 4207 3338 4253 autem
3379 4199 3484 4253 iste
3512 4198 3712 4253 simili-

2155 4280 2281 4345 tudo
2327 4298 2409 4346 est
2450 4290 2597 4353 Elia},
2618 4305 2715 4359 per
2738 4305 2895 4358 quem
2922 4289 3143 4357 populus
3167 4289 3264 4342 iste
3293 4294 3375 4343 eet
3390 4289 3719 4352 crediturus,

2155 4382 2291 4436 sicut
2315 4395 2408 4449 per
2436 4379 2746 4433 Malachiam
2775 4379 3007 4433 dicitur:
3042 4378 3177 4432 Ecce
3206 4394 3296 4448 ego
3338 4378 3539 4431 mittam
3579 4377 3719 4431 vobis

2156 4469 2350 4532 Etiam,
2386 4470 2473 4538 qui
2500 4476 2757 4521 convertat
2798 4468 2953 4520 corda
2982 4477 3189 4537 patrum
3217 4468 3272 4519 in
3311 4466 3447 4536 ﬁlios
3494 4467 3715 4538 (Malae.

2156 4561 2251 4630 ιγ).
2283 4560 2478 4613 Verum
2508 4559 2646 4626 quod
2674 4560 2855 4612 statim
2881 4559 3319 4627 vocavitangelus
3340 4558 3552 4613 Domini
3571 4559 3720 4630 Agar

2157 4648 2377 4702 dicens:
3520 4642 3527 4648 ’

2228 4738 2392 4806 Surge
2428 4746 2478 4791 et
2524 4740 2643 4794 tolle
2669 4753 2919 4806 puerum,
2964 4738 3086 4806 quia
3132 4738 3187 4791 in
3232 4746 3431 4807 gentem
3475 4754 3723 4807 magnam

2163 4830 2355 4899 faciam
2406 4844 2554 4892 eum,
2614 4826 2717 4880 hoc
2769 4826 3131 4895 signiﬁcabat,
3184 4827 3297 4883 sive
3350 4826 3725 4897 quod-copio-

2163 4936 2253 4974 sus
2276 4919 2574 4979 Judzeorum
2616 4918 2842 4985 populus
2876 4925 3017 4971 esset
3046 4925 3361 4987 regnaturus
3405 4917 3459 4970 in
3503 4918 3721 4983 seculo,

2162 5012 2275 5065 sive
2304 5009 2426 5077 quia
2457 5006 2687 5060 caelestis
2725 5006 2871 5073 regni
2906 5005 3125 5074 gloriam
3156 5005 3491 5058 consecuturi
3519 5016 3721 5071 essent,

2164 5099 2255 5168 qui
2278 5114 2343 5151 ex
2369 5098 2447 5150 eis
2474 5096 2827 5151 credidissent
2851 5098 2904 5151 in
2932 5096 3168 5156 Christo,
3188 5096 3339 5162 Quod
3361 5106 3539 5150 autem
3566 5112 3723 5150 eum-

2162 5189 2284 5243 dent
2314 5188 2555 5255 angelum
2607 5188 2697 5255 qui
2746 5187 2979 5255 loquitur
3011 5186 3077 5239 ad
3119 5186 3258 5256 Agar
3283 5186 3432 5254 prius
3471 5186 3748 5256 angelum,

2166 5278 2441 5345 Scriptura
2463 5282 2789 5344 pronuntiat,
2814 5276 3000 5329 deinde
3025 5277 3209 5337 Deum,
3240 5273 3432 5328 Filium
3466 5274 3560 5327 Dei
3599 5291 3723 5327 eun.

2164 5368 2327 5421 fuisse
2364 5366 2683 5422 credendum
2739 5373 2837 5427 est,
2879 5365 2968 5433 qui
3002 5377 3094 5432 per
3136 5362 3304 5434 legem
3352 5373 3402 5418 et
3431 5364 3725 5432 pmphetas

2162 5473 2371 5525 semper
2420 5456 2625 5510 locutus
2679 5462 2780 5518 est,
2822 5455 2911 5523 qui
2960 5463 3176 5523 pr0pter
3229 5454 3582 5507 obedientiam
3630 5468 3723 5520 pa-

2162 5560 2327 5603 terna
2349 5547 2635 5604 voluntatis
2663 5546 2879 5617 angelus
2905 5555 3141 5611 vocatur,
3172 5546 3309 5601 Deus
3332 5553 3507 5600 autem
3532 5559 3697 5599 secun
