3968 6346
197 330 297 387 565

1207 323 1554 378 COMMEN'I.
1595 325 1657 375 IN
1697 324 2013 378 (2153155131.
2053 354 2121 395 —.-
2159 326 2283 379 Llll.
2321 327 2403 379 ιιι.

3286 328 3386 382 506

200 444 316 498 dum
340 448 582 493 naturam
603 439 796 500 Patris,
823 438 944 506 quia
972 451 1093 490 vere
1121 444 1174 490 et
1195 437 1305 505 ipse
1333 443 1416 488 est
1443 435 1580 488 Deus
1604 435 1737 488 sicut
1768 441 1813 500 Α
1844 433 2011 502 Hujus
2041 437 2114 489 rei
2159 436 2431 505 Scriptura
2468 439 2618 491 testis
2642 447 2723 492 est
2759 454 2875 508 qua:
2900 439 2974 490 ait
3005 454 3018 489 :
3052 439 3116 490 Et
3145 439 3390 491 habitavit

199 532 372 584 Pater.

798 614 1020 670 CAPUT
1056 611 1120 666 ll.

267 707 342 760 De
356 707 656 772 iuramento
693 697 913 756 Abrahce
940 711 987 756 et
1004 763 1008 766 η
1027 710 1178 771 pacto
1206 717 1321 754 cum
1364 700 1678 754 Abimelech.

189 819 194 824 ε
265 791 462 844 Eodem
491 800 712 860 tempore
739 791 870 844 dixit
906 789 1194 843 Abimelech
1218 798 1263 843 et
1294 787 1475 842 Phicol
1511 792 1743 860 princeps

198 882 447 936 exercitus
471 881 679 951 ejus'ad
706 881 1006 934 Abraham:
1043 877 1181 932 Deus
1224 889 1388 932 tecum
1432 875 1503 932 est
1529 875 1608 935 in
1629 881 1746 932 uni-

201 970 353 1024 versis
376 985 491 1040 qua:
516 971 657 1038 agis/
675 970 812 1023 Iura
852 985 970 1039 ergo
1014 985 1106 1039 per
1149 967 1429 1022 Dominum
1465 986 1526 1022 ne
1563 986 1744 1024 noceas

180 1045 323 1113 mihi
366 1069 413 1114 et
441 1061 656 1130 posteris
693 1060 840 1124 meis,
869 1059 1116 1129 stirpique
1149 1074 1274 1112 mea:
1299 1075 1318 1112 :
1343 1059 1444 1112 sed'
1459 1059 1613 1128 juxta
1637 1062 1748 1116 .mi-

199 1151 529 1204 sericordiam
553 1164 706 1221 quam
737 1149 854 1218 fecit
879 1150 969 1202 tibi
990 1149 1148 1232 facies
1179 1150 1304 1202 mihi
1329 1159 1375 1202 et
1399 1139 1549 1204 terra:
1571 1151 1625 1204 in
1646 1170 1748 1222 qua

201 1253 427 1296 versatus
464 1258 516 1294 es
545 1241 759 1293 advena.
789 1239 1034 1309 Dixitque
1061 1239 1323 1293 Abraham
1355 1253 1373 1290 :
1402 1240 1513 1310 Ego
1535 1241 1745 1310 iurabo.

203 1333 267 1385 Et
294 1330 571 1399 increpavit
601 1328 886 1383 Abimelech
917 1339 1121 1399 propter
1168 1338 1376 1398 puteum
1412 1347 1558 1400 aqua:
1603 1347 1751 1400 quem

201 1423 246 1476 ri
307 1419 625 1474 abstulerant
655 1419 808 1472 ‘servi
859 1417 1020 1471 illius.
1076 1417 1354 1488 Respondit
1411 1418 1750 1472 Abimelech:

204 1506 410 1562 Nescivi
434 1509 548 1577 quis
571 1507 747 1576 fecerit
772 1507 906 1560 hanc
935 1523 1063 1571 rem,
1086 1507 1175 1560 sed
1212 1517 1258 1560 et
1288 1517 1342 1560 tu
1370 1523 1472 1560 non
1509 1507 1752 1560 indicasti

202 1595 326 1649 mihi
353 1635 368 1657 ,
416 1605 482 1648 et.
515 1611 606 1664 ego
645 1611 746 1649 non
799 1594 976 1648 audivi
1016 1605 1203 1663 praeter
1247 1595 1414 1647 hodie.
1460 1593 1599 1647 Tulit
1636 1610 1755 1664 ergo

200 1683 461 1735 Abraham
491 1699 604 1736 oves
631 1691 678 1735 et
708 1682 872 1743 boves,
901 1691 948 1736 et
997 1682 1138 1736 dedit
1175 1681 1463 1736 Abimelech
1481 1721 1497 1748 ,
1538 1699 1752 1752 percus-

1844 523 2105 576 Abraham
2131 526 2184 577 in
2225 535 2362 578 terra
2397 525 2784 579 Philistinorum
2813 526 2986 578 multis
3014 525 3211 578 diebus.

1913 613 2172 668 Abraham
2196 633 2310 669 vero
2341 616 2589 685 plantavit
2621 633 2797 672 nemus
2828 619 2882 670 in
2912 617 3192 680 Bersabee,
3235 625 3282 669 et
3310 617 3386 668 in-

1845 703 2037 754 vocavit
2080 720 2260 757 nomen
2304 705 2509 758 Domini
2548 705 2644 759 Dei
2684 708 2894 768 azterni;
2936 716 2982 759 et
3036 705 3134 774 fuit
3180 704 3388 758 colonus

1845 799 1995 843 terra:
2022 789 2410 845 Philistinorum
2437 795 2612 847 diebus
2643 794 2832 847 multis.
2858 794 3034 859 Quaeri
3054 801 3231 861 potest
3255 807 3386 861 quo-

1847 881 2002 934 modo
2049 882 2187 950 apud
2240 891 2453 950 puteum
2497 882 2785 949 iuramenti
2833 899 3018 951 agrum
3074 882 3392 952 plantaverit

1846 968 2134 1033 Abraham,
2166 969 2210 1023 si
2238 970 2290 1022 in
2319 979 2459 1024 terra
2488 971 2596 1035 illa,
2623 971 3062 1040 quemadmodum
3092 972 3393 1039 Stephanus

1847 1057 1976 1113 dicit
2000 1057 2135 1130 (Act.
2172 1057 2299 1128 vn),
2330 1074 2433 1114 non
2455 1067 2733 1128 acceperat
2759 1059 3121 1113 haereditatem
3150 1073 3247 1111 nec
3276 1073 3394 1126 pas-

1828 1149 1966 1201 ‘sum
1995 1147 2162 1215 pedis.
2194 1145 2300 1201 Sed
2327 1159 2390 1200 ea
2427 1155 2511 1201 est
2553 1146 2887 1217 intelligenda
2926 1145 3210 1200 haereditas
3240 1160 3399 1213 quam

1852 1236 1990 1290 Deus
2020 1233 2240 1289 munere
2268 1249 2365 1290 suo
2386 1234 2558 1289 fuerat
2593 1235 2834 1298 daturus,
2867 1228 2972 1288 non
3015 1241 3190 1303 empta
3209 1233 3398 1302 pretio.

1850 1323 2162 1392 lntelligitur
2208 1317 2386 1377 autem
2422 1313 2650 1394 spatium
2695 1323 2838 1377 circa
2890 1331 3110 1392 puteum
3154 1322 3222 1375 ad
3274 1321 3400 1374 illud

1852 1413 2136 1482 emptionis
2171 1421 2385 1482 pactum
2429 1413 2717 1482 pertinere,
2750 1412 2803 1466 in
2841 1426 2947 1481 quo
2995 1412 3209 1465 fuerant
3256 1425 3408 1478 agna:

1855 1508 2058 1570 septem
2093 1501 2263 1580 ‘datac,
2307 1499 2518 1568 quando
2559 1493 2866 1554 Abimelech
2895 1508 2948 1554 et
2991 1498 3260 1552 Abraham
3307 1497 3408 1552 sibi

1857 1592 2020 1646 etiam
2042 1589 2376 1658 iuraverunt.
2535 1659 2537 1662 q

2451 1676 2675 1732 CAPUT
2725 1677 2807 1732 ιιι.
3227 1721 3231 1724 ,

197 1781 476 1842 seruntque
521 1771 669 1824 ambo
698 1771 884 1840 foedus.
921 1770 990 1823 Et
1030 1770 1210 1824 statuit
1255 1771 1517 1825 Abraham
1561 1780 1752 1841 septem
1783 1760 1831 1821 Β
1859 1767 1934 1822 De
1974 1784 2032 1822 eo
2055 1766 2192 1838 quod
2221 1768 2431 1842 tentavit
2459 1765 2599 1842 Deus
2626 1766 2887 1842 Abraham
2915 1765 3125 1842 d_e__filio
3144 1807 3157 1831 ,
3183 1775 3230 1820 et
3267 1765 3410 1819 obla-

199 1879 360 1932 agnas
391 1863 557 1932 gregis
583 1878 834 1915 seorsum.
862 1860 959 1915 Cui
980 1861 1109 1915 dixit
1138 1861 1426 1916 Abimelech
1451 1875 1469 1914 :
1499 1862 1635 1928 Quid
1659 1863 1758 1917 sibi

201 1949 375 2003 volunt
412 1958 773 2026 septem'agnte
801 1951 935 2013 ista’,
963 1965 1091 2018 quas
1119 1957 1258 2002 stare
1283 1950 1450 2018 fecisti
1479 1967 1712 2013 seorsum
1735 1951 1761 2004 ?

201 2036 265 2089 At
299 2035 383 2089 illi
421 2050 439 2087 :
473 2034 694 2105 Septem,
718 2035 900 2105 inquit,
929 2052 1090 2105 agnas
1111 2036 1329 2105 accipies
1352 2034 1416 2087 de
1437 2052 1593 2089 manu
1621 2053 1755 2102 mea,

197 2138 257 2182 ut
284 2129 388 2200 sint
438 2129 494 2180 in
537 2127 883 2181 testimonium
926 2125 1074 2190 mihi,
1104 2124 1348 2194 quoniam
1383 2141 1475 2194 ego
1519 2125 1628 2191 fodi
1658 2143 1757 2195 pu-

201 2229 340 2273 teum
382 2219 559 2273 istum.
601 2216 808 2270 Idcirco
835 2227 1041 2270 vocatus
1070 2225 1144 2270 est
1172 2215 1313 2270 locus
1361 2215 1448 2270 ille
1487 2217 1757 2282 Bersabee,

199 2312 326 2380 quia
364 2310 434 2362 ibi
489 2317 701 2377 uterque
737 2305 964 2375 juravit,
1008 2315 1055 2360 et
1090 2307 1314 2359 inierunt
1346 2305 1510 2373 [tectus
1550 2322 1643 2374 pro
1671 2322 1763 2375 pu-

203 2410 280 2451 teo
305 2398 612 2467 juramenti.
650 2395 831 2465 (Aug)
855 2393 1028 2460 Quaeri
1059 2401 1235 2464 potest
1258 2393 1470 2468 quando
1510 2408 1632 2448 cum
1662 2394 1764 2449 isto

204 2486 515 2542 Abimelech
541 2494 754 2555 pactum
792 2483 917 2539 fecit
943 2484 1232 2546 Abraham,
1271 2492 1325 2539 et
1352 2484 1645 2562 appellatus
1683 2496 1766 2543 est

205 2587 400 2647 puteus
424 2591 580 2646 quem
629 2574 780 2641 fodit,
811 2583 1002 2645 puteus
1017 2575 1322 2644 iurationis,
1347 2573 1612 2643 quomodo
1638 2589 1766 2629 con-

203 2676 363 2737 gruut
385 2666 616 2720 veritati.
645 2664 790 2736 Agar
813 2666 957 2720 enim
981 2665 1063 2740 Vde
1107 2665 1333 2718 Abrahae
1361 2665 1518 2719 domo
1545 2664 1765 2734 expulsa

197 2774 325 2812 cum
355 2757 483 2820 ﬁlio,
505 2756 656 2827 juxta
694 2763 934 2825 puteum,
956 2756 1112 2810 sicuti
1135 2755 1331 2810 dictum
1359 2763 1461 2819 est,
1477 2754 1767 2822 iurationis

203 2847 445 2908 errabat,
477 2845 566 2914 qui
598 2845 651 2898 in
677 2843 814 2899 valle
841 2853 1028 2913 postea
1057 2843 1253 2898 dicitur
1289 2842 1460 2898 factus
1504 2843 1572 2896 ab
1599 2841 1768 2896 Abra-

123 2983 126 2985 Α
202 2935 351 2988 ham.
387 2934 462 2988 lbi
514 2948 748 3002 namque
788 2932 1096 2988 Abimelecb
1148 2941 1202 2986 et
1253 2932 1521 2993 Abraham
1549 2932 1763 3000 iurave-

207 3032 354 3080 runt.
403 3022 545 3089 quod
587 3022 819 3076 nondum
856 3023 1040 3090 utique
1085 3021 1283 3074 factum
1333 3028 1478 3082 erat,
1528 3035 1647 3074 cum
1701 3020 1767 3073 de

2216 1837 2353 1890 tione
2389 1836 2567 1890 arietis
2601 1851 2693 1903 pro
2726 1835 2903 1888 eodem
2929 1835 3060 1902 ﬁlio.

1926 1950 2076 2021 (CAP.
2125 1949 2292 2020 xm.)
2340 1948 2469 2014 Qua:
2515 1957 2784 2018 postquam
2826 1958 2966 2016 gesta
3010 1956 3158 2010 sunt,
3204 1946 3412 1998 tentavit

1859 2039 1996 2094 Deus
2023 2039 2304 2102 Abraham,
2325 2051 2369 2092 et
2390 2038 2518 2090 dixit
2547 2037 2614 2089 ad
2641 2049 2790 2089 eum:
2807 2035 3087 2099 Abraham,
3114 2035 3416 2087 Abraham?

1859 2131 1958 2188 Ille
2006 2133 2282 2202 respondit,
2326 2132 2540 2185 Adsunt.
2597 2129 2770 2196 Quceri
2813 2129 2947 2184 solet
2999 2132 3263 2198 quomodo
3311 2132 3410 2184 hoc

1861 2235 2045 2276 verum
2070 2221 2158 2285 sit,
2187 2236 2308 2275 cum
2334 2221 2479 2274 dicat
2527 2220 2580 2274 in
2614 2219 2848 2287 Epistola
2875 2235 2970 2272 sua
2995 2217 3226 2273 Iacobus
3259 2218 3412 2289 (Cap.

1862 2309 1944 2378 ι),
1977 2310 2117 2378 quod
2155 2308 2295 2362 Deus
2325 2310 2576 2362 neminem
2620 2317 2808 2373 tentat,
2857 2309 2956 2362 nisi
2986 2309 3110 2376 quia
3148 2307 3414 2361 locutione

1865 2395 2259 2466 Scripturarum
2275 2396 2410 2451 solet
2432 2397 2535 2450 dici
2562 2405 2722 2450 tentat
2745 2410 2842 2464 pro
2868 2409 2932 2450 eo
2955 2395 3094 2464 quod
3109 2404 3190 2448 est
3214 2395 3415 2464 probat.
3453 2381 3455 2383 ’

1866 2487 2111 2542 Tentatio
2134 2502 2260 2542 vero
2285 2487 2384 2541 illa
2412 2487 2477 2542 de
2503 2503 2605 2556 qua
2633 2486 2863 2542 Jacobus
2893 2486 3022 2541 dicit
3043 2502 3146 2540 non
3172 2485 3417 2555 intelligi-

1841 2584 1954 2630 tur
2013 2575 2115 2630 nisi
2173 2591 2275 2644 qua
2325 2576 2550 2644 quisque
2599 2584 2819 2644 peccato
2884 2574 3200 2644 implicatur.
3268 2572 3418 2627 Unde

1865 2664 2149 2735 Apostolus
2171 2665 2297 2719 dicit
2328 2683 2341 2717 :
2373 2664 2453 2718 Ne
2480 2665 2611 2732 forte
2635 2665 2901 2718 tentaverit
2922 2679 3008 2717 vos
3047 2665 3090 2716 is
3129 2664 3217 2732 qui
3259 2671 3418 2716 tentat

1869 2754 1928 2824 (I
1957 2753 2106 2809 Thes.
2133 2754 2235 2825 ιιι).
2255 2753 2398 2831 ,Νδιιι
2426 2761 2481 2808 et
2506 2753 2629 2808 alibi
2669 2753 2924 2822 scriptum
2951 2758 3032 2807 est
3059 2766 3074 2805 :
3105 2751 3284 2804 ﬂutat
3329 2765 3412 2803 vos

1868 2846 2121 2900 Dominus
2162 2846 2296 2919 Deus
2325 2855 2507 2910 vester,
2533 2855 2588 2898 ut
2614 2847 2743 2899 sciat
2766 2846 2810 2898 si
2843 2845 3071 2912 diligatis
3097 2860 3210 2897 eum
3235 2843 3415 2912 (Deut.

1870 2936 2020 3007 xm).
2050 2937 2220 2990 Etiam
2248 2937 2348 2991 hoc
2379 2950 2572 3006 genere
2599 2935 2899 2996 locutionis,
2946 2943 2999 2986 ut
3045 2935 3191 2995 sciat,
3222 2933 3416 2984 dictum

1869 3033 1982 3088 est,
2014 3040 2079 3079 ac
2126 3026 2170 3079 si
2224 3025 2510 3088 diceretur,
2563 3033 2624 3077 ut
2659 3024 2798 3078 scire
2842 3038 2938 3077 vos
2963 3021 3123 3076 faciat
3167 3017 3426 3088 quoniam"

203 3112 364 3164 domo
406 3110 634 3166 Abrahae
671 3111 815 3182 Agar
844 3127 964 3166 cum
1006 3111 1114 3178 ﬁlio
1151 3111 1336 3164 fuisset
1361 3109 1601 3178 expulsa.
1628 3109 1770 3175 Quo—
1797 3103 1840 3164 C
1873 3112 2012 3165 vires
2049 3111 2349 3167 dilectionis
2379 3128 2488 3166 sua:
2521 3112 2791 3166 hominem
2835 3112 3029 3176 latent,
3077 3111 3179 3164 nisi
3216 3109 3424 3179 experi-

169 3238 174 3246 .
205 3198 366 3252 nimio
395 3215 522 3269 ergo
544 3192 772 3254 errabat
804 3200 955 3268 juxta
982 3209 1196 3268 puteum
1219 3199 1540 3268 iurationis?
1564 3199 1646 3252 An
1685 3198 1765 3252 fa-

197 3297 351 3341 ctum
390 3286 500 3355 iam
553 3287 715 3342 fuisse
767 3288 1162 3359 intelligendum
1197 3298 1300 3353 est,
1343 3297 1398 3342 et
1441 3304 1536 3356 per
1565 3287 1770 3356 recapi-

204 3379 522 3447 tulationem
551 3387 732 3446 postea
775 3386 1251 3453 commemoratum
1279 3378 1423 3446 quod
1451 3378 1558 3448 egit
1600 3377 1769 3430 Abra-

201 3468 331 3521 ham
375 3482 498 3524 cum
527 3467 857 3532 Abimelech,
906 3467 950 3521 si
1000 3465 1138 3521 forte
1166 3467 1255 3535 qui
1282 3467 1438 3536 longe
1483 3457 1665 3536 postea
1703 3467 1768 3520 li-

199 3556 365 3634 brum
396 3555 610 3623 scripsit
636 3556 848 3610 nomine
893 3556 1036 3624 putei
1073 3554 1357 3624 iurationis
1385 3555 1666 3625 appellavit
1692 3570 1774 3611 re-

204 3642 422 3706 gionem
455 3643 508 3695 in
553 3658 655 3711 qua
710 3658 831 3697 cum
868 3643 978 3697 filio
1019 3651 1190 3699 mater
1219 3643 1470 3698 errabat?
1521 3647 1771 3711 tanquam

197 3731 688 3786 diceret:Errabat
722 3733 774 3786 in
798 3733 888 3786 illa
918 3734 1136 3804 regione
1163 3734 1252 3788 ubi
1278 3741 1468 3802 puteus
1485 3733 1772 3802 iurationis

200 3816 384 3871 factus
429 3826 530 3882 est,
583 3819 824 3886 quamvis
861 3829 1053 3887 puteus
1103 3828 1288 3888 postea
1337 3820 1409 3873 sit
1436 3819 1628 3883 factus,
1679 3821 1772 3874 sed

199 3905 364 3975 longe
393 3914 517 3959 ante
554 3913 764 3958 attalem
799 3888 1106 3975 scriptoris;
1127 3906 1217 3962 Sic
1251 3915 1428 3961 autem
1470 3906 1770 3975 appellaba-

200 4005 292 4048 tur
319 4003 518 4063 puteus
543 4009 662 4049 cum
700 3994 836 4048 liber
863 3995 1209 4062 scriberetur,
1241 4011 1431 4050 nomen
1462 4005 1646 4052 tenens
1679 4013 1772 4050 an-

153 4081 161 4087 ”
199 4085 441 4153 tiquum,
469 4083 610 4151 quod
651 4083 978 4154 imposuerat
1019 4084 1311 4139 Abraham.
1364 4083 1421 4138 Si
1459 4093 1634 4139 autem
1674 4086 1773 4139 iste

197 4183 421 4244 puteus,
454 4188 609 4242 quem
633 4174 832 4242 apertis
870 4174 1040 4228 oculis
1079 4175 1213 4228 vidit
1251 4173 1412 4244 Agar,
1451 4175 1580 4228 nihil
1610 4183 1774 4229 restat

196 4276 260 4320 ut
279 4283 385 4336 per
415 4265 902 4336 recapitulationem
920 4266 1142 4334 qumstio
1167 4265 1629 4320 dissolvaturxNec
1658 4281 1773 4319 mo-

197 4372 332 4412 vere
386 4357 562 4422 debet,
605 4356 869 4425 quomodo
899 4364 1120 4424 puteum
1157 4367 1314 4423 quem
1361 4355 1569 4410 foderat
1613 4353 1775 4408 Abra-

197 4449 352 4510 ham,
371 4445 644 4500 nesciebat
674 4445 836 4514 Agar,
860 4445 907 4498 si
934 4453 1058 4520 ante
1088 4453 1170 4498 est
1197 4443 1281 4498 ille
1301 4443 1474 4498 fossus
1499 4458 1655 4513 quam
1685 4442 1772 4496 illa

193 4535 450 4606 expulsa.
492 4533 654 4588 Valde
677 4549 908 4602 namque
935 4532 1052 4587 fieri
1079 4533 1252 4601 potuit
1291 4543 1350 4587 ut
1374 4548 1624 4603 pecorum
1651 4546 1772 4586 suo—

197 4641 322 4678 rum
353 4638 519 4677 causa
548 4623 702 4692 longe
729 4638 760 4676 a
797 4624 954 4678 domo
985 4624 1038 4677 in
1072 4639 1174 4691 qua
1205 4639 1326 4677 cum
1360 4623 1471 4677 suis
1498 4616 1774 4676 habitab’at

194 4723 429 4785 puteum
465 4711 670 4766 foderet
716 4728 872 4781 quem
922 4713 1009 4766 illa
1060 4713 1307 4776 nesciret.
1346 4712 1547 4780 Duplex
1595 4720 1771 4765 autem

194 4821 367 4861 causa
400 4813 486 4859 est
533 4820 630 4858 cur
677 4804 748 4858 ita
793 4805 1086 4874 appellatus
1131 4806 1220 4868 sit,
1274 4805 1386 4860 sive
1414 4805 1536 4873 quia
1569 4814 1769 4873 septem

193 4912 375 4968 agnas
395 4894 701 4950 Abimelech
727 4897 792 4970 de
820 4912 979 4949 manu
999 4897 1228 4950 Abrahae
1255 4896 1542 4964 acceperit,
1573 4905 1774 4964 septem

193 5000 445 5055 namque
486 4985 735 5057 dicuntur
771 4984 906 5041 Sabe
943 4995 1087 5049 una).
1123 4985 1236 5039 sive
1277 4984 1416 5052 quod
1463 4984 1531 5037 ibi
1559 4981 1775 5050 iurave-

195 5084 355 5138 runt,
411 5075 535 5142 quia
583 5073 940 5141 iuramentum
995 5076 1124 5129 sabc
1169 5074 1415 5128 similiter
1457 5073 1770 5141 appellatur.
1811 5133 1818 5140 ,

193 5162 514 5216 Notandum
560 5171 737 5215 autem
790 5170 844 5217 et
897 5177 959 5216 ex
1008 5161 1274 5230 prioribus
1319 5170 1373 5215 et
1413 5175 1475 5214 ex
1524 5161 1771 5230 praesenti

195 5253 342 5317 loco,
379 5253 524 5320 quod
549 5252 694 5308 Isaac
719 5268 819 5306 non
863 5254 932 5307 sit
959 5262 1115 5307 natus
1141 5253 1206 5306 ad
1237 5267 1490 5320 quercum
1513 5251 1769 5313 lli-imbre,

197 5347 316 5400 sive
352 5345 412 5398 in
447 5343 649 5397 Aulone
679 5342 934 5409 Mambre,
970 5351 1027 5395 ut
1062 5345 1111 5396 in
1155 5342 1379 5396 Hebraeo
1406 5342 1650 5401 habetur,
1682 5341 1772 5394 sed

195 5433 254 5486 in
285 5431 513 5486 Geraris
535 5471 549 5494 ,
583 5430 672 5484 ubi
725 5438 779 5484 et
813 5429 1076 5484 Bersabee
1123 5445 1292 5498 usque
1329 5429 1487 5482 hodie
1523 5426 1770 5497 oppidum

193 5529 326 5575 est:
370 5535 492 5588 qua:
523 5519 792 5588 provincia
846 5527 969 5572 ante
1023 5533 1125 5572 non
1182 5518 1380 5587 grande
1442 5525 1649 5585 tempus
1704 5530 1769 5569 ex

194 5612 476 5667 divisione
501 5612 802 5681 praesidium
833 5610 1144 5675 Palaestinae,
1177 5609 1425 5665 salutaris
1469 5617 1551 5663 est
1603 5608 1764 5662 dicta.

1870 3211 2050 3254 mento
2074 3200 2234 3253 etiam
2259 3199 2431 3254 eidem
2457 3201 2809 3254 innotescant.

1937 3289 2022 3342 Ait
2053 3290 2132 3343 illi
2159 3304 2177 3340 :
2210 3289 2351 3342 Tolle
2385 3290 2552 3357 ﬁlium
2591 3299 2736 3342 tuum
2769 3291 3104 3360 unigenitum,
3125 3304 3274 3358 quem
3301 3287 3422 3340 dili-

1868 3379 1969 3447 gis,
1993 3378 2166 3445 Isaac,
2189 3389 2237 3434 et
2257 3380 2383 3434 vade
2422 3381 2475 3434 in
2498 3390 2690 3433 terram
2716 3382 2946 3444 visionis,
2975 3390 3125 3450 atque
3155 3380 3282 3447 o/fer
3304 3395 3420 3447 eum

1871 3467 1995 3520 mihi
2022 3467 2379 3522 holocaustum
2422 3485 2576 3539 super
2608 3485 2772 3522 unum
2795 3470 3042 3522 montium
3086 3483 3232 3535 quem
3276 3482 3423 3517 mon-

1870 3567 2099 3611 stravero
2125 3558 2237 3610 tibi.
2266 3558 2431 3612 Aiunt
2467 3573 2594 3628 ergo
2621 3558 2828 3634 Hebraai
2856 3558 2996 3611 hunc
3041 3565 3272 3611 montem
3303 3568 3422 3607 esse

1871 3643 1926 3698 in
1953 3660 2058 3713 quo
2077 3651 2260 3715 postea
2291 3646 2541 3715 templum
2572 3645 2842 3700 conditum
2887 3653 2988 3708 est,
3018 3645 3068 3697 in
3099 3644 3233 3696 Area
3267 3640 3421 3695 Omne

1871 3733 2131 3801 Jebuszei,
2175 3737 2311 3792 sicut
2347 3739 2400 3790 in
2435 3726 2871 3807 Paralipomenon
2901 3737 3152 3805 scriptum
3184 3744 3267 3788 est
3298 3752 3311 3785 :
3357 3733 3420 3784 Et

1872 3835 2128 3893 ceperunt
2167 3826 2428 3894 wdiﬁcare
2472 3826 2712 3896 templum
2747 3815 2808 3879 in
2864 3842 3032 3878 mense
3077 3823 3327 3884 secundo,
3372 3821 3424 3873 in

1871 3912 2094 3963 secundo
2132 3913 2216 3965 die
2244 3915 2452 3978 mensis,
2485 3914 2538 3966 in
2581 3923 2752 3967 monte
2784 3913 2957 3966 Morio
3007 3911 3100 3981 (II
3152 3911 3276 3962 I’ar.
3311 3909 3422 3978 ιιι),

1871 4000 1961 4068 qui
2004 4001 2204 4054 idcirco
2242 4002 2541 4055 illuminans
2571 4003 2951 4070 interpretatur
2992 4011 3046 4055 ct
3075 4001 3269 4061 lucens,
3302 4000 3423 4067 quia

1873 4088 1945 4141 ibi
1984 4098 2066 4142 est
2093 4089 2243 4142 dabir
2265 4100 2416 4153 ’τι-ι,
2449 4092 2552 4144 hoc
2583 4100 2685 4168 est,
2715 4091 2986 4144 oraculum
3015 4091 3130 4153 Dei,
3161 4099 3214 4143 et
3238 4089 3340 4151 les,
3371 4097 3423 4141 et

1875 4175 2104 4243 Spiritus
2154 4187 2388 4242 sanctus,
2441 4180 2530 4247 qui
2579 4179 2733 4234 docet
2781 4179 3020 4233 homines
3067 4179 3343 4231 veritatem
3373 4187 3425 4230 et

1876 4264 2102 4334 inspirat
2125 4267 2428 4334 prophetas.
2938 4329 2944 4335 ,

1948 4354 2116 4423 Igitur
2145 4356 2404 4408 Abraham
2431 4357 2495 4409 de
2517 4366 2666 4408 nocte
2690 4351 2994 4424 consurgens
3021 4355 3196 4406 stravit
3219 4353 3422 4405 asinum

1799 4424 2044 4503 Danum,
2077 4442 2264 4511 ducens
2307 4458 2477 4497 secum
2515 4443 2640 4496 duos
2687 4443 2919 4511 juvenes,
2963 4455 3010 4495 et
3055 4441 3205 4494 Isaae
3253 4440 3418 4508 ﬁlium

1874 4545 2043 4582 suum.
2061 4529 2286 4599 Cumque
2310 4531 2608 4584 concidisset
2637 4531 2775 4599 ligna
2799 4532 2851 4583 in
2875 4529 3230 4613 holacaustqum
3255 4568 3266 4591 ,
3298 4528 3421 4580 abiit

1874 4617 1942 4669 ad
1971 4617 2135 4670 locum
2167 4633 2315 4686 quem
2344 4627 2654 4688 prteceperat
2697 4618 2742 4670 ei
2775 4616 2936 4669 Deus.
2987 4616 3082 4668 Die
3109 4625 3278 4667 autem
3321 4624 3424 4667 ter-

1873 4707 1944 4758 tio
1997 4705 2200 4758 elevatis
2250 4705 2409 4759 oculis
2454 4707 2580 4758 vidit
2623 4704 2790 4757 loc-itm
2845 4702 3045 4773 procul,
3075 4703 3302 4770 dixitque
3355 4701 3421 4753 ad

1872 4811 2056 4863 pueros
2105 4807 2224 4847 suos
2251 4811 2270 4847 :
2309 4783 2614 4863 Exspectate
2639 4795 2721 4846 hic
2749 4809 2864 4845 cum
2908 4793 3075 4856 asino,
3105 4808 3194 4860 ego
3223 4803 3269 4843 et
3299 4807 3422 4859 puer

1879 4884 2002 4938 illnc
2053 4902 2213 4954 usque
2266 4893 2627 4953 properantes,
2681 4891 2950 4951 postquam
2997 4882 3415 4944 adoraverimus,

1881 4983 2187 5025 revertemur
2229 4973 2296 5024 ad
2334 4989 2440 5036 vos,
2465 4982 2566 5026 etc.
2600 4970 2900 5024 Notandum
2942 4971 3081 5039 quod
3110 4970 3175 5023 de
3203 4969 3422 5024 Geraris

1878 5077 2043 5129 usque
2076 5062 2143 5115 ad
2193 5070 2426 5115 montem
2457 5060 2640 5124 Maria,
2671 5060 2723 5114 id
2752 5067 2856 5125 est,
2888 5061 3066 5114 sedem
3094 5059 3292 5127 templi,
3322 5060 3421 5112 iter

1879 5151 2080 5205 dict-um
2129 5151 2286 5204 trium
2314 5151 2403 5214 sit,
2441 5159 2495 5204 et
2522 5159 2908 5218 consequenter
2957 5151 3042 5203 die
3091 5151 3245 5203 tertio
3296 5148 3418 5202 illuc

1877 5241 2180 5310 pervenisse
2207 5241 2415 5295 dicitur.
2443 5241 2574 5295 Male
2603 5241 2762 5310 igitur
2791 5242 3003 5308 quidam
3029 5241 3296 5293 Abraham
3323 5255 3418 5305 pu-

1879 5328 2111 5383 tantillo
2159 5337 2394 5396 tempore
2443 5329 2709 5384 habitasse
2757 5332 2823 5383 ad
2867 5344 3114 5397 quercum
3161 5327 3416 5386 Mambre,

1876 5435 1994 5473 cum
2027 5419 2144 5472 inde
2173 5419 2239 5472 ad
2269 5428 2502 5474 montem
2529 5420 2688 5474 Moria
2718 5421 2798 5472 vix
2839 5420 2990 5470 unius
3038 5417 3137 5469 dici
3185 5416 3284 5467 iter
3311 5415 3417 5481 plc-

1875 5525 2000 5564 num
2029 5509 2114 5561 sit.
