3968 6318
485 256 580 345 εει

1119 273 1180 330 Β.
1227 273 1476 331 RABANI
1515 270 1731 337 MAURI
1771 265 2083 323 ARCHIEP.
2128 262 2434 320 MOGUNT.
2477 260 2757 317 OPERUM
2795 259 2972 314 PARS
3009 260 3049 315 ι.

3609 260 3710 315 563

476 416 625 472 quem
647 400 941 452 ostenderat
969 393 1016 447 ei
1046 391 1206 448 Deus.
1243 391 1308 446 In
1337 405 1439 459 quo
1465 387 1739 455 wdiﬁcavit
1776 372 2037 448 altare,et
2067 395 2116 453 Α
2143 398 2259 438 esse
2287 381 2632 451 Septuaginta
2680 388 2735 435 et
2778 379 3133 445 Theodotion,
3166 386 3255 452 qui
3291 385 3469 453 ipsum
3512 400 3706 439 nomen

423 534 429 540 ς
477 497 693 563 desuper
737 489 878 558 ligna
924 484 1228 554 composuit.
1270 480 1499 550 Cumque
1546 477 1831 546 colligasset
1887 474 2039 528 Isaac

476 586 642 654 ﬁlium
671 597 842 642 suum,
866 578 1035 648 posuit
1061 592 1174 630 eum
1201 576 1254 629 in
1279 572 1443 626 altare
1471 585 1624 638 super
1659 578 1850 622 struem
1876 568 2040 636 ligno-

479 689 593 726 rum
635 688 651 726 :
694 669 1020 734 extenditque
1066 678 1292 724 manum,
1341 668 1389 713 et
1439 658 1665 727 arripuit
1703 655 1956 726 gladium,
1986 664 2042 707 ut

444 786 458 814 .ο
477 761 768 817 immolaret
809 759 975 830 [ilium
1012 770 1180 810 suum.
1210 751 1279 804 Et
1320 765 1434 804 ecce
1464 745 1675 818 angelus
1716 746 1926 800 Domini
1978 746 2049 799 de

477 856 602 909 ccelo
634 852 876 906 clamavit
916 849 1086 902 dicens
1123 859 1140 895 :
1172 843 1458 904 Abraham,
1498 838 1782 891 Abraham.
1812 835 1913 901 Qui
1957 853 2038 890 re-

478 945 707 1014 spondit,
735 941 949 995 Adsum.
979 937 1222 1004 Dixitque
1247 934 1293 987 ei
1330 945 1346 982 :
1382 931 1505 985 Non
1546 926 1794 983 extendas
1829 944 2040 981 manum

479 1048 622 1089 tuam
647 1050 801 1104 super
823 1044 1062 1102 puerum,
1090 1041 1248 1096 neque
1278 1023 1442 1093 facias
1472 1022 1518 1076 ei
1545 1021 1848 1091 quidquam.
1887 1018 2040 1072 Nunc

479 1126 689 1195 cognovi
718 1123 856 1194 quod
901 1121 1082 1175 timeas
1125 1117 1310 1176 Deum,
1353 1124 1399 1168 et
1455 1130 1556 1166 non
1601 1111 1884 1181 peperceris
1936 1108 2042 1161 lilio

479 1227 568 1272 tuo
615 1216 876 1285 unigenito
914 1220 1120 1282 propter
1151 1224 1247 1261 me.
1280 1205 1453 1260 Etiam
1502 1202 1604 1256 ista
1635 1200 1860 1270 quaestio
1884 1197 2041 1252 simili

479 1307 748 1364 locutione
791 1303 1032 1359 solvitur.
1090 1299 1201 1353 Hoc
1251 1306 1335 1349 est
1385 1293 1526 1348 enim
1580 1289 1785 1343 :Nunc
1833 1287 2043 1356 cognovi

480 1401 616 1470 quod
663 1401 844 1454 timeas
894 1394 1056 1448 Deum
1101 1400 1188 1451 tu;
1244 1387 1385 1457 quod
1437 1382 1747 1452 signiﬁcat:
1781 1380 1930 1433 Nunc
1992 1387 2042 1431 te

480 1489 580 1544 feci
613 1498 949 1563 cognoscere.
979 1481 1034 1534 in
1072 1473 1524 1545 consequentibus
1550 1479 1726 1523 autem
1749 1470 1849 1522 hoc
1877 1481 2045 1536 genus

480 1578 764 1635 locutionis
786 1560 1061 1631 evidenter
1089 1577 1312 1639 apparet
1352 1566 1441 1620 uhi
1470 1564 1669 1618 dicitur
1695 1581 1706 1615 :
1739 1560 1804 1615 Et
1849 1560 2043 1614 vocavit

482 1674 744 1728 Abraham
782 1684 966 1724 nomen
989 1666 1087 1719 loci
1127 1662 1290 1724 illius,
1321 1659 1575 1714 Dominus
1610 1656 1756 1720 vidit,
1781 1664 1840 1707 ut
1866 1654 2044 1708 dicant

2142 469 2326 526 sabech
2353 481 2473 550 ’Ῥω
2499 477 2792 540 posuerunt
2835 470 3106 536 dicentes:
3138 470 3203 523 In
3235 472 3457 542 virgulta
3509 473 3705 528 Sabech

2142 560 2383 614 cornibus
2407 559 2531 613 suis.
2565 559 2774 614 Etenim
2800 563 3057 630 συχνιὼν,
3075 559 3187 613 sive
3219 568 3329 615 rete
3351 563 3492 630 quod
3517 563 3706 632 Aquila

2141 650 2338 719 posuit,
2375 657 2427 703 et
2451 647 2804 719 Symmachus
2839 663 2938 718 per
2958 648 3038 701 sin
3061 657 3112 706 ω
3139 647 3370 702 litteram
3400 651 3614 713 scribit,
3655 651 3708 707 hi

2141 752 2268 791 vero
2296 737 2498 791 samech
2520 747 2558 795 D
2588 736 2821 792 litteram
2845 738 3093 809 positam.
3121 737 3199 792 Ex
3231 754 3336 807 quo
3365 742 3707 796 manifestum

2141 843 2278 892 esse,
2306 843 2411 883 non
2435 828 2926 897 interpretationem
2953 830 3198 898 stirpium
3222 831 3635 897 condensarnm,
3658 843 3710 889 et

2143 922 2195 976 in
2236 922 2451 976 modum
2495 923 2626 977 retis
2652 923 2794 976 inter
2835 937 2892 976 se
2927 923 3155 992 virgulta
3199 933 3450 979 contexta
3489 927 3712 981 verbum

2144 1014 2360 1078 sabech,
2379 1015 2474 1070 sed
2502 1029 2692 1073 nomen
2711 1029 2905 1069 sonare
2930 1014 3168 1086 virgulti,
3186 1017 3327 1084 quod
3354 1018 3430 1071 ita
3454 1019 3716 1073 Hebraice

2143 1107 2358 1160 dicitur.
2414 1123 2433 1139 θ

2213 1190 2597 1278 Appellavitque
2646 1211 2828 1249 nomen
2880 1195 2981 1250 loci
3024 1195 3204 1261 illius,
3259 1196 3517 1249 Dominus
3556 1195 3716 1250 videt.

2148 1284 2294 1368 Unde
2332 1301 2492 1356 usque
2531 1284 2683 1339 hodie
2711 1286 2904 1339 dicitur
2930 1300 2949 1338 :
2977 1285 3043 1339 In
3082 1295 3252 1341 monte
3283 1285 3542 1338 Dominus
3571 1285 3716 1338 ride-

2145 1374 2236 1428 bit.
2267 1375 2372 1429 Pro
2408 1390 2472 1429 eo
2496 1376 2639 1444 quod
2667 1375 2756 1429 hic
2779 1374 2959 1441 habet,
2990 1375 3143 1440 videt,
3175 1376 3229 1429 in
3256 1375 3481 1430 Hebrzeo
3522 1376 3720 1428 videbi-

2144 1476 2248 1530 tur,
2282 1466 2541 1534 scriptum
2587 1471 2687 1519 est.
2724 1464 2835 1530 Hoc
2864 1475 3040 1519 autem
3081 1465 3221 1533 apud
3268 1463 3524 1519 Hebraeos
3553 1465 3721 1519 exivit

2144 1556 2200 1610 in
2227 1556 2584 1625 proverbium,
2631 1564 2691 1608 ut
2744 1556 2788 1612 si
2818 1557 3030 1633 quando
3061 1557 3115 1609 in
3156 1556 3402 1624 angustia
3429 1555 3710 1609 constituti

2147 1653 2289 1719 sunt,
2330 1653 2384 1699 et
2407 1644 2618 1700 Domini
2669 1652 2858 1713 optant
2893 1643 3112 1718 auxilio
3154 1643 3444 1706 sublevari,
3496 1644 3720 1699 dicant:

481 1719 1002 1821 bodiemzninmmo—nte
1052 1719 1304 1807 Dominus
1352 1747 1612 1819 apparuit.
1659 1745 1805 1800 Vidit
1835 1758 1931 1812 pro
1981 1756 2048 1795 eo
2075 1739 2119 1796 B
2149 1735 2215 1790 In
2261 1743 2432 1789 monte
2469 1734 2722 1790 Dominus
2765 1733 2974 1796 videbit,
3005 1732 3108 1788 hoc
3160 1719 3260 1801 έβῑ,
3294 1733 3434 1786 sicut
3488 1732 3724 1788 Abraha:

480 1853 621 1922 quod
666 1845 778 1913 est;
831 1846 1097 1916 apparuit,
1142 1845 1244 1897 hoc
1271 1849 1386 1906 est,
1425 1840 1591 1903 vidit,
1634 1853 1736 1905 pro
1790 1850 1869 1912 eo.
1905 1832 2044 1922 quod

480 1921 596 2006 est;
654 1938 819 1994 videri
871 1935 1033 2000 fecit,
1087 1931 1394 2001 signiﬁcans
1455 1944 1551 1997 per
1611 1924 1935 1980 efﬁcientem
1993 1921 2045 1976 id

480 2032 622 2104 quod
674 2028 943 2093 efﬁcithr,
1001 2024 1139 2080 sicut
1189 2021 1360 2091 frigus
1419 2021 1629 2090 pigrum
1678 2017 1819 2088 quod
1867 2017 2046 2086 pigros

480 2123 627 2178 facit.
659 2119 725 2172 Et
751 2135 852 2172 non
878 2114 1176 2187 pepercisti,
1201 2111 1403 2180 inquit,
1445 2109 1555 2178 ﬁlio
1580 2116 1667 2161 tuo
1705 2106 1891 2160 dilecto
1921 2122 2043 2176 pro-

478 2225 593 2284 pter
635 2228 733 2265 me.
769 2207 1016 2276 Nunquid
1065 2203 1336 2258 Abraham
1364 2209 1599 2271 propter
1644 2198 1888 2268 angelum
1939 2212 2044 2250 non

480 2303 718 2375 pepercit
749 2300 855 2355 ﬁlio
883 2312 1004 2361 suo,
1031 2305 1085 2349 et
1113 2309 1220 2348 non
1269 2299 1488 2362 propter
1531 2290 1736 2344 Deum?
1783 2297 1871 2342 aut
1920 2302 2047 2356 ergo

481 2389 698 2449 nomine
728 2388 904 2458 angeli
954 2385 1210 2440 Dominus
1245 2379 1399 2437 Jesus
1441 2380 1687 2435 Christus
1720 2376 2049 2448 significatus

481 2494 583 2549 est,
608 2483 700 2553 qui
724 2482 839 2536 sine
864 2478 1024 2533 dubio
1048 2477 1189 2529 Deus
1214 2481 1318 2537 est,
1335 2479 1390 2527 et
1417 2467 1702 2524 manifeste
1731 2483 1759 2519 a
1790 2467 2048 2536 propheta

482 2576 656 2629 dictus
683 2570 854 2641 magni
884 2567 1085 2622 consilii
1142 2562 1353 2633 angelus
1405 2560 1549 2632 (Isa.
1584 2558 1715 2628 rx),
1768 2564 1858 2610 aut
1908 2556 2060 2624 quod.

485 2667 628 2721 Deus
665 2662 858 2716 eratin
888 2661 1093 2729 angelo,
1125 2664 1178 2710 et
1221 2671 1281 2707 ex
1321 2667 1551 2722 persona
1587 2651 1680 2705 Dei
1708 2648 1928 2719 angelus
1974 2647 2048 2699 lo-

484 2761 765 2829 quebatur,
819 2755 960 2810 sicut
1011 2753 1065 2804 in
1109 2747 1383 2818 prophetis
1421 2745 1583 2798 etiam
1624 2741 1776 2796 solet.
1827 2739 1959 2792 Nam
1996 2739 2049 2791 in

485 2828 934 2918 consequentibus
971 2843 1073 2896 hoc
1105 2838 1275 2909 magis
1316 2836 1527 2892 videtur
1557 2846 1814 2902 apparere
1851 2829 1937 2883 ubi
1978 2828 2054 2881 le-

488 2939 632 3010 gitur
663 2957 676 2993 :

561 3027 626 3080 Et
680 3025 872 3079 vocavit
927 3019 1138 3090 angelus
1189 3016 1400 3071 Domini
1457 3013 1718 3067 Abraham
1765 3013 1948 3064 iterum
1987 3008 2051 3061 de

2147 1829 2398 1883 misertus
2428 1835 2532 1892 est,
2558 1827 2899 1881 miserebitur
2935 1832 2990 1880 et
3018 1825 3207 1879 nostri.
3260 1823 3437 1897 (Isid.)
3474 1824 3622 1879 Unde
3667 1831 3726 1880 et
3824 1883 3830 1892 ,

2146 1920 2198 1973 in
2251 1920 2458 1988 signum
2503 1918 2615 1973 dati
2673 1919 2877 1983 arietis,
2931 1918 3103 1972 solent
3153 1919 3317 1972 etiam
3365 1934 3510 1973 nunc
3554 1935 3722 1973 conm

2146 2007 2411 2079 clangere.
2441 2005 2570 2077 Age,
2604 2021 2747 2060 nunc
2766 2007 3041 2062 videamus
3070 2008 3198 2076 quid
3226 2007 3324 2061 sub
3349 2008 3512 2077 hujus
3537 2024 3720 2062 sacra-

2147 2099 2310 2153 menti
2342 2098 2506 2152 lateat
2535 2098 2811 2168 mysterio.
2861 2097 2965 2152 iste
2999 2097 3144 2151 enim
3192 2097 3466 2150 Abraham
3508 2098 3724 2166 quando

2147 2188 2314 2242 ﬁlium
2346 2202 2500 2242 suum
2531 2187 2859 2258 unigenitum
2910 2187 3160 2256 perduxit
3200 2187 3267 2241 ad
3312 2185 3723 2249 immolandum,

2148 2281 2381 2353 habebat
2421 2293 2707 2348 personam
2751 2279 2846 2334 Dei
2880 2278 3094 2333 Patris.-
3132 2276 3238 2332 Sed
3280 2278 3410 2347 quid
3457 2288 3542 2332 est
3584 2279 3722 2354 quod

2149 2385 2270 2441 eum
2300 2384 2464 2424 senex
2507 2369 2763 2437 suscepit.
2815 2367 2929 2422 Non
2975 2367 3120 2422 enim
3166 2369 3398 2444 senescit
3426 2367 3599 2431 Deus;
3634 2368 3726 2422 sed

2148 2461 2262 2528 ipsa
2300 2459 2664 2527 pronuntiatio
2695 2458 2761 2517 de
2792 2458 3008 2517 Christo
3046 2456 3159 2526 jam
3203 2458 3617 2542 quodammodo.
3646 2473 3728 2512 se-

2149 2557 2359 2615 nuerat,
2387 2550 2602 2619 quando
2639 2557 2796 2604 natus
2839 2557 2921 2604 est
2953 2549 3221 2603 Christus.
3257 2548 3513 2602 Inchoata
3540 2545 3625 2602 es’t
3656 2551 3722 2603 ab
3795 2591 3802 2594 .

2149 2639 2319 2694 Adam
2369 2639 2458 2693 ubi
2511 2639 2707 2693 dictum
2754 2648 2870 2692 est:
2905 2637 2972 2691 Et
2999 2645 3148 2691 erunt
3174 2637 3278 2689 duo
3317 2638 3375 2690 in
3421 2653 3580 2691 carne
3613 2654 3722 2690 una

2153 2727 2304 2798 (Gen.
2351 2729 2433 2799 ιι).
2481 2727 2881 2783 Sacramentum
2911 2710 3041 2780 illud
3097 2744 3342 2797 magnum
3372 2735 3470 2780 est'
3494 2729 3550 2780 in
3578 2724 3729 2780 Chri-

2151 2828 2230 2872 sto
2260 2829 2305 2872 et
2349 2820 2404 2871 in
2450 2817 2684 2872 Ecclesia
2714 2817 2928 2889 (Ep/res.
2957 2818 3043 2889 v);
3075 2828 3129 2873 et
3154 2818 3439 2888 completa
3464 2828 3550 2872 est
3575 2827 3726 2873 sexta

2153 2917 2311 2964 aetate
2345 2909 2545 2975 saeculi,
2577 2925 2694 2978 qua:
2715 2911 2938 2968 senecta
2961 2910 3299 2980 signiﬁcatur,
3316 2909 3572 2974 Abrahae,
3594 2910 3726 2978 ‘quia

2155 3001 2329 3070 ipsum
2352 3009 2743 3060 sacramentum
2767 3001 2858 3054 Dei
2893 2993 3003 3070 jam
3033 2999 3323 3067 longaevum
3367 3008 3516 3062 erat,
3564 3008 3619 3053 et
3649 3013 3738 3060 δε·⁵

488 3077 660 3172 caelo:
688 3077 1173 3179 Permemel‘ipsum
1205 3107 1406 3176 juravi,
1442 3105 1568 3158 dicit
1613 3102 1886 3156 Dominus.
1938 3098 2052 3153 Non
2082 3077 2125 3136 (ἶ
2158 3097 2345 3143 HCClUS
2383 3087 2530 3143 Sara}
2557 3089 2608 3141 in
2649 3089 2802 3157 plebe
2828 3089 2942 3154 Dei,
2989 3090 3092 3142 hoc
3134 3096 3235 3151 est,
3277 3087 3330 3140 in
3384 3087 3730 3141 multitudine

490 3207 646 3262 facile
706 3204 850 3258 enim
921 3199 1188 3253 invenitur
1239 3195 1496 3251 Dominus
1542 3193 1791 3248 Christus
1841 3189 2055 3242 Patrem

489 3296 773 3351 Dominum
802 3291 981 3345 dicere
1009 3284 1262 3355 tanquam
1288 3300 1440 3339 suum
1472 3281 1776 3344 Dominum,
1807 3278 1896 3331 illo
1916 3292 2054 3347 pra:-

490 3387 674 3444 sertim
707 3391 977 3452 tempore,
1030 3386 1316 3445 antequam
1359 3378 1594 3428 sumeret
1628 3384 1866 3424 carnem.
1924 3365 2055 3419 Nam

491 3476 783 3534 secundum
826 3473 879 3528 id
915 3469 1056 3540 quod
1101 3467 1328 3522 formam
1376 3464 1518 3526 servi
1564 3458 1792 3529 accepit,
1826 3474 1931 3512 non
1979 3457 2058 3510 in-

493 3573 850 3638 ccngruenter
878 3563 979 3618 hoc
1010 3560 1115 3615 dici
1149 3559 1380 3611 videtur.
1412 3554 1544 3608 Nam
1579 3550 1871 3606 secundum
1899 3547 2060 3617 hujus

493 3661 570 3714 rei
608 3637 799 3711 futurae
827 3652 1182 3724 prophetiam,
1228 3645 1353 3701 illud
1384 3654 1466 3697 est
1496 3645 1549 3697 in
1581 3641 1786 3710 psalmo
1830 3656 1842 3690 :
1875 3637 2057 3724 Domi-

497 3764 592 3801 nus
619 3745 748 3797 dixit
777 3723 843 3795 ad
873 3755 994 3793 me:
1027 3736 1197 3789 Filius
1241 3748 1383 3787 meus
1411 3749 1464 3785 es
1500 3739 1556 3783 tu
1601 3726 1772 3799 (Psal.
1806 3725 1901 3794 ιι).
1929 3723 2061 3776 Νίιίι

495 3849 667 3905 neque
715 3834 766 3886 in
801 3834 914 3900 ipso
943 3825 1227 3895 Evangelio
1259 3822 1418 3876 facile
1445 3819 1748 3874 invenimus
1775 3833 1803 3869 a
1848 3814 2062 3869 Christo

497 3931 663 3983 Deum
689 3925 902 3985 Patrem
939 3918 1287 3988 appellatum,
1314 3912 1456 3983 quod
1479 3911 1592 3975 ejus
1620 3909 1877 3961 Dominus
1899 3913 2060 3969 esset,

499 4015 747 4088 quamvis
789 4011 1120 4080 inveniamus
1148 4006 1314 4059 Deum
1352 4002 1440 4055 illo
1487 4000 1602 4055 loco
1633 3999 1721 4053 ubi
1760 3998 1874 4050 ait:
1919 3994 2062 4048 Vada

497 4117 565 4165 ad
592 4110 802 4163 Patrem
826 4119 994 4158 meum
1015 4141 1030 4165 ,
1064 4108 1108 4154 et
1151 4096 1361 4150 Patrem
1388 4103 1612 4148 vestrum
1635 4132 1648 4157 ,
1679 4090 1844 4144 Deum
1869 4100 2061 4150 meum,

508 4213 554 4255 et
583 4201 745 4253 Deum
773 4204 996 4250 vestrum
1021 4189 1199 4261 (Joan.
1231 4185 1360 4256 xvr).
1407 4182 1556 4249 Quod
1591 4184 1774 4234 autem
1806 4179 2062 4246 scriptum

503 4301 624 4354 est,
663 4288 805 4341 Dixit
854 4283 1108 4338 Dominus
1166 4276 1387 4334 Domino
1429 4289 1541 4327 meo
1588 4269 1758 4340 (Psal.
1813 4268 1957 4338 cu),
1999 4266 2066 4322 ad

503 4385 676 4452 ipsum
701 4377 790 4446 qui
825 4371 1142 4444 loquebatur
1169 4365 1420 4423 refertur,
1462 4361 1513 4416 id
1544 4371 1644 4424 est,
1698 4359 1862 4452 Dixit.
1888 4357 2065 4452 Domi-

505 4445 604 4524 nus
632 4445 849 4520 Domino
875 4478 986 4515 meo
1020 4477 1032 4512 :
1068 4458 1224 4510 l'ater
1251 4453 1450 4508 scilicet
1470 4450 1634 4512 Filio;
1674 4456 1764 4502 et:
1795 4445 1938 4499 Pluit
1963 4445 2066 4498 Do-

505 4560 678 4611 minus
709 4571 741 4606 a
773 4551 1019 4614 Domino,
1067 4547 1156 4614 qui
1191 4543 1460 4599 scribebat
1513 4543 1665 4606 dixit,
1698 4549 1758 4593 ut
1811 4539 2066 4594 Dominus

508 4648 626 4716 ejus
655 4659 686 4698 a
727 4640 953 4696 Domino
997 4636 1130 4703 ejus,
1173 4634 1224 4688 id
1268 4642 1371 4695 est,
1400 4631 1657 4684 Dominus
1703 4637 1883 4682 noster
1908 4643 1937 4680 a
1964 4625 2068 4680 Do-

510 4740 657 4793 mino
694 4743 880 4789 nostro
915 4729 1114 4801 pluisse
1143 4725 1472 4794 intelligatur
1499 4722 1638 4775 ﬁlius
1664 4736 1692 4773 a
1724 4720 1902 4773 Patre.

583 4826 784 4882 Levavit
810 4822 1072 4877 Abraham
1105 4815 1280 4871 oculus
1323 4829 1444 4867 suos
1473 4811 1694 4879 viditque
1723 4817 1834 4877 post
1870 4817 2068 4876 tergum

515 4923 726 4976 arietem
773 4917 907 4968 inter
942 4926 1109 4981 vepres
1138 4910 1414 4962 horrentem
1453 4902 1714 4964 cornibus,
1751 4916 1900 4970 quem
1928 4915 2074 4951 assu-

521 5025 658 5063 mens
687 5005 868 5060 obtulit
896 5000 1252 5055 holocaustum
1279 5013 1371 5066 pro
1409 4994 1540 5063 ﬁlio.
1583 4991 1883 5046 Notandum
1911 4990 2074 5059 quod,

519 5099 811 5158 secundum
856 5091 1057 5162 Aquilae
1100 5087 1619 5157 interpretationem,
1670 5090 1946 5151 vepretum
1994 5079 2079 5134 vel

521 5195 785 5263 spinetum
814 5187 1086 5242 habemus.
1122 5181 1209 5247 qui
1246 5188 1302 5233 ut
1338 5179 1484 5232 verbi
1510 5177 1615 5230 vim
1642 5177 2076 5244 interpretemur,

523 5283 681 5337 verbo
702 5279 887 5335 Grzcco
919 5276 1155 5344 συχνιὼν
1182 5272 1451 5324 condensa
1499 5278 1554 5322 et
1585 5263 1726 5347 inte'r
1756 5281 1812 5320 se
1848 5263 2078 5333 implexa

523 5371 748 5443 virgulta
796 5364 1131 5437 signiﬁcavit.
1176 5361 1323 5416 Unde
1356 5367 1409 5414 et
1453 5354 1803 5428 Symmachus
1839 5355 1891 5409 in
1931 5368 2078 5408 eam-

528 5465 646 5516 dem
675 5462 864 5515 ductus
897 5455 1197 5525 Opinionem
1229 5470 1242 5505 :
1290 5449 1356 5503 Et
1398 5449 1659 5518 apparuit,
1691 5447 1785 5509 ait,
1810 5445 1944 5497 aries
1968 5453 2080 5512 post

530 5555 623 5604 hoc
656 5560 874 5603 retentus
896 5548 948 5600 in
972 5555 1071 5598 rete
1096 5543 1333 5598 cornibus
1370 5541 1498 5594 suis.
1532 5539 1728 5591 Verum
1764 5534 2079 5605 quibusdam

534 5644 586 5695 in
638 5641 735 5694 hoc
778 5639 1032 5692 duntaxat
1066 5634 1178 5689 loco
1231 5631 1419 5688 melius
1455 5630 1700 5684 videntur
1747 5623 2081 5695 interpretati

2155 3180 2553 3249 prophetarum,
2579 3175 2680 3233 hoc
2711 3178 2845 3234 idem
2872 3178 3156 3250 signiﬁcat,
3203 3178 3328 3247 quia
3359 3179 3411 3232 in
3447 3177 3556 3232 ﬁne
3591 3186 3728 3232 tem-

2149 3284 2366 3337 porum,
2410 3269 2634 3338 ex-ipsa
2672 3270 2826 3338 plebe
2863 3279 3174 3325 sanctarum
3221 3270 3524 3324 animarum
3572 3277 3730 3324 natus

2155 3367 2238 3413 est
2265 3357 2530 3414 Christus.
2563 3358 2832 3414 Sterilitas
2875 3369 3055 3414 autem
3104 3360 3221 3429 ejus
3251 3360 3467 3413 intimat
3503 3360 3646 3428 quod
3678 3361 3728 3413 in

2157 3447 2257 3502 hoc
2301 3447 2496 3502 saeculo
2528 3461 2620 3515 spe
2652 3436 2940 3502 salvi‘l‘acti
2988 3457 3213 3513 sunt,et
3259 3449 3314 3501 in
3366 3446 3586 3502 Christo
3617 3455 3731 3500 tan-
3774 3439 3778 3442 ’

2157 3552 2318 3606 quam
2348 3537 2400 3590 in
2429 3537 2577 3590 lsaac
2602 3551 2792 3591 omnes»
2811 3538 2921 3591 nati
2955 3553 3160 3602 sumus,
3186 3537 3346 3606 quem
3387 3546 3603 3619 patrum
3633 3536 3734 3589 Ec-

2160 3627 2321 3681 clesia
2361 3626 2412 3680 in
2458 3628 2564 3682 line
2603 3635 2919 3696 temporum,
2955 3628 3186 3682 mirabili
3233 3628 3324 3688 Dei
3368 3628 3578 3698 gratia,
3629 3641 3742 3679 non

2161 3715 2392 3771 naturali
2448 3716 2780 3772 fecunditate
2823 3717 3156 3790 procreavit.
3219 3716 3336 3770 Jam
3401 3715 3590 3770 deinde
3653 3728 3736 3766 se-

2162 3806 2371 3874 quentis
2423 3806 2660 3860 historiae
2719 3815 3160 3870 sacramentum,
3230 3804 3357 3873 quid
3412 3803 3732 3872 imaginarie

2161 3899 2531 3969 portendebat,
2574 3900 2960 3969 inspiciendum
2991 3907 3092 3953 est.
3122 3897 3252 3965 Quis
3284 3911 3412 3967 ergo
3458 3897 3512 3950 in
3561 3895 3734 3962 Abra-

2163 3995 2304 4056 ham,
2356 4001 2417 4045 ut
2465 3992 2775 4061 praedictum
2823 4001 2923 4056 est,
2966 4005 3062 4061 per
3114 3990 3259 4044 illam
3315 3986 3735 4041 immolationem

2161 4082 2446 4153 ﬁgurabat,
2487 4081 2590 4136 nisi
2615 4081 2775 4136 Pater
2804 4081 3087 4136 excelsus?
3130 4079 3262 4146 Quis
3317 4079 3372 4132 in
3419 4076 3600 4138 lsaac,
3632 4077 3736 4129 nisi

2164 4173 2446 4227 Christus?
2471 4170 2601 4232 Nam
2651 4172 2790 4226 sicut
2829 4171 3103 4226 Abraham
3144 4169 3362 4222 unicum
3391 4175 3444 4220 et
3483 4167 3737 4222 dilectum

2166 4265 2334 4320 ﬁlium
2378 4264 2488 4320 Deo
2516 4263 2785 4319 victimam
2816 4263 3033 4324 obtulit,
3067 4263 3138 4315 ita
3191 4259 3450 4313 Dominus
3496 4257 3742 4328 unigeni-

2169 4363 2282 4410 tum
2340 4354 2504 4408 ﬁlium
2555 4368 2710 4409 suum
2758 4369 2854 4423 pro
2895 4352 3048 4406 nobis
3086 4341 3335 4407 erunibus
3387 4349 3626 4404 tradidit.
3676 4349 3757 4403 Ειν

2171 4447 2310 4500 sicut
2334 4445 2485 4499 lsaac
2514 4446 2627 4513 ipse
2662 4445 2761 4500 sibi
2788 4445 2928 4515 ligna
2975 4443 3206 4514 portavit
3250 4440 3592 4514 quibus_erat
3641 4441 3745 4494 im-

2173 4536 2468 4609 ponendos,
2525 4538 2601 4591 ita
2654 4545 2710 4591 et
2760 4536 3004 4591 Christus
3055 4534 3283 4604 gestavit
3315 4533 3368 4587 in
3400 4531 3640 4586 humeris
3687 4531 3747 4605 li-

2171 4642 2333 4697 gnum
2362 4627 2538 4681 crucis
2580 4641 2707 4691 suae,
2759 4625 2810 4679 in
2860 4640 2966 4694 quo
3012 4633 3131 4679 erat
3182 4621 3593 4694 cruciﬁgendus.
3627 4621 3745 4674 Duo

2172 4727 2350 4771 autem
2389 4717 2529 4771 servi
2581 4716 2656 4770 illi
2705 4715 2926 4776 dimissi,
2961 4723 3015 4769 et
3049 4729 3154 4769 non
3199 4712 3442 4782 perducti
3471 4711 3536 4764 ad
3566 4710 3744 4763 locum

2174 4805 2423 4862 sacriﬁcii
2468 4805 2681 4862 Judzeos
2729 4805 3120 4876 signiﬁcabant,
3169 4802 3258 4875 qui
3304 4816 3428 4855 cum
3474 4799 3747 4854 serviliter

2175 4897 2416 4950 viverent
2441 4904 2497 4949 et
2520 4894 2809 4950 carnaliter
2837 4900 3103 4963 saperent,
3127 4907 3233 4945 non
3262 4887 3620 4959 intelligebant
3644 4889 3752 4943 Ιιιιδ

2177 4986 2455 5040 militatem
2480 4983 2675 5040 Christi
2709 4999 2722 5038 :
2752 4984 2887 5047 ideo,
2920 4983 3044 5052 quia
3074 4996 3177 5039 non
3210 4978 3578 5050 intelligebant
3615 4990 3744 5047 pas;

2180 5077 2383 5130 sionem
2403 5074 2620 5139 Christi,
2649 5091 2754 5130 non
2782 5079 3139 5145 pervenerunt
3175 5070 3242 5125 ad
3268 5069 3441 5123 locum
3468 5067 3744 5123 sacriﬁcii.
3777 5139 3781 5142 ν

2180 5163 2288 5219 Cur
2318 5173 2496 5219 autem
2520 5167 2622 5219 duo
2651 5164 2810 5227 servi,
2839 5161 2942 5216 nisi
2971 5160 3096 5229 quia
3122 5157 3347 5229 populus
3372 5147 3486 5229 ipse
3525 5155 3580 5209 in
3611 5155 3749 5210 duas

2184 5265 2366 5323 partes
2411 5254 2722 5310 dividendus
2767 5252 2912 5307 erat?
2943 5249 3083 5320 quod
3115 5247 3316 5304 factum
3345 5255 3430 5302 est
3457 5245 3752 5301 Salomone

2136 5353 2436 5435 Jpeccante
2475 5344 2684 5416 quando
2721 5343 2932 5435 divisus-
2957 5337 3052 5435 est
3074 5338 3212 5435 idem
3256 5336 3480 5435 populus
3509 5334 3627 5390 loco
3664 5349 3754 5397 res

2186 5437 2292 5506 gni,
2337 5451 2439 5490 non
2465 5448 2648 5489 errore
2677 5430 2984 5503 impietatis.
3017 5427 3219 5495 Quibus
3254 5427 3421 5481 etiam
3463 5439 3607 5494 saepe
3651 5437 3770 5490 per-

2187 5527 2472 5596 prophetas
2502 5525 2695 5579 dicitur
2726 5542 2738 5575 :
2771 5520 3069 5575 Aversatrirc
3101 5516 3267 5571 Israel
3287 5525 3334 5570 et
3356 5512 3753 5586 prmaricatris

2189 5617 2328 5670 Juda
2355 5619 2481 5688 (λεν.
2513 5615 2611 5684 ιιι).
2643 5615 2832 5669 Asinus
2874 5620 3049 5666 autem
3078 5610 3164 5665 illc
3199 5611 3466 5664 insensata
3493 5616 3570 5660 est
3609 5602 3747 5658 stul-
