3968 6386
335 303 439 358 569

1367 297 1822 357 (ῙΟΜΜΕΝΤκΙΝ
1861 296 2180 354 GENESIM.
2221 331 2288 340 —
2329 299 2454 369 LIB.
2499 300 2582 354 ΙΙΙ.

3461 309 3563 365 570

330 413 448 466 titia
502 414 824 470 lim-mrum.
875 412 975 466 ista
1031 412 1299 468 insensata
1349 387 1573 469 stultitia
1645 413 1893 482 portabat
1921 410 2144 477 AQuod
2183 413 2235 466 in
2274 399 2358 468 his
2403 416 2494 482 qui
2545 394 2927 470 nuntiaverunt
2978 418 3206 473 Abraha:
3236 428 3354 476 octo
3404 432 3559 487 natus

326 504 508 556 omnia
554 511 908 566 sacramenta,
949 510 1002 556 et
1040 504 1180 572 quod
1210 503 1418 559 ferebat
1457 502 1748 573 nesciebat.
1776 499 1894 553 Jam

325 592 472 661 quod
513 591 712 645 dictum
755 600 837 644 est
882 592 960 645 eis
1000 613 1010 644 :
1045 591 1364 661 Exspectate
1417 594 1501 644 hic
1549 585 1666 644 cum
1723 591 1891 644 asino.

322 677 614 748 Postquam
644 688 820 733 autem
851 681 1265 745 adoraverimus,
1299 689 1631 734 revertemur
1673 680 1740 735 ad
1776 694 1891 744 vos,

320 768 635 838 Apostolum
660 770 802 823 audi.
819 768 1058 836 Caecitas,
1082 773 1266 842 inquit,
1291 788 1355 824 ex
1381 781 1528 838 parte
1553 770 1722 824 Israel
1752 771 1893 840 facta

319 869 394 910 est
429 857 605 928 (Rom.
645 855 741 925 χι).
765 855 914 923 Quod
939 866 1022 912 est
1051 859 1299 913 csecitas?
1327 856 1635 926 Exspectate
1664 857 1760 914 hic.
1774 873 1892 911 cum

320 947 487 1016 asino,
514 955 568 999 ut
602 945 888 1016 plenitudo,
914 933 1103 1018 inquit,
1131 949 1358 1018 gentium
1375 949 1591 1008 intraret
1615 964 1633 1002 :
1657 949 1760 1004 hoc
1785 956 1889 1014 est,

319 1047 605 1105 postquam
648 1037 1062 1104 adoraverimus,
1093 1038 1186 1092 ubi
1230 1036 1554 1092 saeriﬁcium
1584 1037 1761 1092 erucis
1789 1039 1891 1093 Do-

319 1128 532 1185 minica:
565 1127 833 1196 impletum
862 1143 957 1197 per
982 1138 1164 1200 gentes
1204 1129 1366 1184 fuerit
1392 1130 1759 1200 praedicatum,
1788 1131 1890 1185 hoc

319 1225 425 1282 est,
471 1228 526 1271 ut
575 1219 838 1288 plenitudo
864 1224 1091 1300 gentium
1117 1221 1331 1273 intraret
1357 1218 1564 1292 (lbid.).
1596 1220 1732 1288 Quid
1768 1231 1883 1277 est:

324 1303 398 1357 Et
423 1316 732 1360 revertemur
758 1310 827 1360 ad
858 1311 982 1363 vos?
1006 1309 1075 1362 Et
1100 1310 1174 1363 sic
1195 1311 1363 1364 omnis
1389 1310 1559 1365 Israel
1577 1311 1750 1367 salvus
1767 1313 1882 1382 ﬁat.

327 1391 584 1448 Triduum
602 1408 780 1450 autem
798 1397 924 1452 illud
946 1397 998 1451 in
1013 1413 1119 1467 quo
1134 1408 1393 1453 venerunt
1413 1400 1479 1454 ad
1501 1400 1675 1455 locum
1698 1401 1885 1456 immo-

317 1482 554 1552 lationis,
583 1494 693 1542 tres
727 1489 910 1551 mundi
955 1497 1144 1545 aetates
1196 1491 1505 1561 signiﬁcat:
1549 1507 1709 1549 unam
1759 1500 1885 1546 ante

316 1574 506 1646 legem,
540 1578 696 1633 aliam
726 1580 824 1634 sub
859 1581 994 1652 lege,
1022 1583 1234 1637 tertiam
1266 1585 1365 1638 sub
1415 1584 1608 1654 gratia.
1641 1583 1781 1639 Ante
1810 1583 1883 1638 le-

312 1681 451 1736 gem,
487 1669 554 1724 ab
591 1670 759 1724 Adam
790 1687 956 1741 usque
983 1672 1048 1726 ad
1076 1672 1310 1742 Moysen.
1341 1672 1452 1726 Sub
1483 1673 1614 1742 lege,
1640 1689 1669 1726 a
1701 1658 1900 1742 Moyse

1995 518 2113 556 esse
2136 504 2272 558 ﬁlios
2302 505 2537 571 Melcbae,
2571 507 2881 561 nominatur
2901 517 2952 563 et
2973 509 3189 564 Camu’el
3218 519 3373 579 pater
3400 513 3562 583 Syro-

1995 607 2134 656 rum,
2182 608 2284 648 non
2313 596 2496 663 utique
2531 596 2621 664 qui
2648 588 3056 662 nuntiaverunt,
3083 602 3326 674 nuntiare
3355 611 3559 670 patrem
3652 607 3673 610 ’⁷

1997 682 2252 753 Syrorum
2278 681 2581 754 potuerunt.
2615 688 2691 740 Ex
2735 689 2942 758 origine
2977 691 3173 758 quippe
3202 690 3362 755 illius,
3393 689 3557 762 Syro-

1992 792 2112 830 rum
2141 791 2305 846 genus
2348 779 2501 848 longe
2524 788 2704 847 postea
2737 790 3084 850 propagatum
3108 791 3210 847 est,
3238 782 3331 838 sed
3359 782 3556 836 dictum

1991 876 2075 921 est
2115 882 2145 920 a
2185 883 2411 935 persona
2457 869 2761 933 scribentis,
2797 869 2921 937 quia
2948 878 3070 938 post
3097 871 3275 923 omnia
3302 869 3389 923 illa
3424 878 3556 924 tem-

1991 971 2140 1026 pora,
2173 957 2288 1011 haec
2315 958 2597 1012 scribendo
2624 955 2862 1012 narraVIit
2887 959 3336 1040 quemadmodum
3366 961 3431 1014 de
3455 977 3552 1031 pu-

1993 1054 2080 1100 teo
2106 1038 2834 1114 supradiximusjurationis.
2955 1093 2958 1096 .
3206 1038 3211 1040 ’
3310 1051 3313 1054 ·

2060 1135 2227 1206 (Gen.
2274 1137 2465 1208 χχιιι.)
2524 1137 2662 1191 Vixit
2708 1151 2881 1216 autem
2931 1123 3070 1195 Sara
3121 1151 3324 1195 centum
3379 1143 3557 1213 viginti

1954 1231 2177 1297 septem
2215 1229 2386 1292 annis,
2412 1237 2460 1282 et
2497 1238 2705 1282 mortua
2753 1241 2828 1282 est
2872 1230 2925 1282 in
2975 1229 3183 1283 civitate
3231 1231 3415 1295 Arbee,
3443 1247 3559 1300 qua:

1987 1327 2061 1388 est
2087 1316 2320 1382 Hebron,
2344 1336 2462 1390 qua’
2489 1329 2561 1399 est
2590 1320 2646 1373 in
2667 1328 2805 1374 terra
2826 1320 3099 1374 Chanaan.
3126 1320 3376 1389 Venitque
3397 1322 3560 1388 Abra-

1986 1410 2107 1462 ham
2153 1418 2210 1462 ut
2251 1408 2514 1479 plangeret
2538 1409 2586 1463 et
2622 1411 2768 1478 ﬂeret
2794 1428 2928 1464 eam.
2971 1410 3082 1465 Hoc
3105 1411 3253 1480 quod
3282 1412 3370 1465 hic
3415 1410 3567 1479 po‘si.

1986 1504 2099 1549 tum
2131 1498 2397 1566 reperitur
2420 1497 2571 1566 juxta
2606 1500 2847 1567 qumdam
2874 1499 3220 1570 exemplaria,
3247 1514 3364 1568 qua'
3401 1498 3554 1567 estin

1964 1587 2142 1656 valle,
2190 1588 2244 1640 in
2271 1590 2596 1642 authentieis
2634 1590 2908 1644 codicibus
2936 1606 3042 1645 non
3074 1592 3319 1644 habetur.
3351 1589 3553 1644 Nomen

1987 1693 2200 1746 quoque
2258 1679 2490 1733 civitatis
2533 1679 2751 1744 Arboe,
2818 1680 3072 1749 paulatim
3128 1696 3159 1733 ιι
3200 1680 3556 1740 scribentibus

312 1771 483 1827 usque
510 1759 578 1814 ad
597 1760 876 1828 Joannem.
913 1758 1039 1817 lude
1069 1762 1182 1830 jam
1207 1780 1237 1817 a
1265 1764 1514 1829 Domino,
1544 1774 1598 1819 et
1625 1765 1882 1834 quidquid
1913 1761 1960 1819 B
1988 1765 2390 1836 legentibusth
2437 1777 2747 1836 corruptum
2797 1777 2897 1822 est.
2953 1765 3136 1836 Neque
3182 1767 3325 1822 enim
3367 1775 3548 1835 putan-

311 1859 501 1915 restat,
543 1852 730 1907 tertius
754 1853 867 1908 dies
916 1863 999 1910 est
1029 1855 1213 1924 gratia:
1246 1873 1258 1908 :
1286 1855 1339 1908 in
1367 1871 1469 1924 qua
1503 1855 1659 1910 tertia
1698 1855 1878 1919 aetate,

310 1943 465 2010 quasi
519 1954 640 2013 post
675 1945 928 2020 triduum,
957 1954 1352 2000 sacramentum
1397 1947 1644 2001 sacriﬁcii
1679 1947 1878 2014 Christi

308 2033 632 2115 completum
661 2043 762 2088 εει.
805 2035 1000 2090 Deinde
1029 2035 1207 2103 ligatis
1237 2035 1459 2105 pedibus
1487 2036 1643 2090 altari
1693 2052 1886 2105 super-.

307 2125 544 2192 ponitur,
574 2134 628 2179 et
670 2126 924 2181 Dominus
970 2123 1036 2180 in'
1054 2126 1196 2196 ligno
1225 2133 1539 2194 suspensus,
1578 2129 1726 2181 cruci
1755 2126 1875 2205 alii:

305 2217 470 2285 gitur.
518 2216 620 2273 Sed
657 2218 781 2272 illud
811 2203 950 2287 quod
997 2217 1282 2288 ﬁguratum
1305 2227 1388 2272 est
1414 2219 1465 2271 in
1504 2217 1670 2284 Isaac,
1700 2203 1875 2272 trans;

293 2315 515 2380 gestum
539 2315 620 2362 est
645 2308 712 2361 ad
741 2308 984 2362 arietem.
1017 2307 1158 2362 Cur?
1179 2309 1299 2377 quia
1331 2308 1574 2391 Christus
1598 2309 1732 2364 ovis.
1764 2309 1878 2378 Ipse

304 2407 393 2452 est
417 2399 556 2452 enim
580 2398 766 2464 Filius,
801 2400 912 2470 ipse
938 2399 1139 2470 Agnus.
1166 2400 1332 2454 Filius
1372 2400 1495 2468 quia
1526 2408 1700 2464 natus,
1735 2402 1878 2454 aries

304 2490 432 2557 quia
463 2489 786 2545 immolatus.
820 2489 926 2545 Sed
967 2491 1093 2559 quid
1122 2498 1205 2544 est
1231 2490 1369 2559 quod
1403 2491 1454 2544 in
1487 2491 1738 2558 vepribus
1768 2490 1904 2544 ha§-.

305 2578 460 2631 rebat
499 2577 638 2632 aries
668 2578 787 2632 ille?
816 2577 959 2633 Crux
999 2594 1198 2641 cornua
1249 2578 1429 2634 habet.
1465 2578 1554 2634 Sic
1597 2579 1742 2634 enim
1772 2579 1877 2632 duo

301 2667 448 2738 ligna
491 2670 902 2739 compinguntur
936 2685 1139 2734 secum,
1172 2677 1226 2724 et
1272 2669 1504 2738 speciem
1553 2668 1728 2723 crucis
1756 2669 1876 2723 red-

303 2757 456 2810 dunt.
492 2755 638 2823 Unde
675 2765 730 2812 et
758 2757 1014 2826 scriptum
1043 2765 1124 2812 est
1151 2758 1216 2812 de
1247 2772 1312 2812 eo
1343 2773 1363 2811 ε»
1393 2755 1602 2811 Cornua
1625 2757 1678 2810 in
1709 2757 1876 2810 mani-

303 2844 401 2898 bus
425 2844 536 2913 ejus
563 2821 682 2899 sunt
709 2819 933 2916 (Habuc.
979 2846 1084 2918 ιιι).
1114 2846 1378 2902 Cornibus
1425 2837 1873 2918 ergoduereutem

302 2939 532 2994 arietem
558 2930 871 2995 cruciﬁxum
911 2940 1184 2995 Christum
1215 2941 1501 3012 signiﬁcat.
1540 2942 1744 3010 Vepres
1780 2955 1877 2994 au—

301 3036 414 3083 tem
441 3028 605 3096 spinae
636 3037 780 3082 sunt.
814 3027 991 3098 Spiuae
1029 3030 1241 3103 iniquos
1271 3039 1325 3085 et
1366 3023 1676 3100 peccatores
1712 3021 1876 3101 signi;

1982 1858 2105 1912 dum
2157 1856 2502 1929 Septuaginta
2555 1857 2878 1928 interpretes
2928 1874 3122 1913 nomen
3170 1858 3405 1912 civitatis
3454 1857 3592 1913 ΗεοΔ

1978 1948 2135 2005 braeze
2170 1948 2398 2016 barbare
2449 1957 2612 2022 atque
2656 1959 2931 2019 corrupte,
2978 1958 3033 2005 et
3084 1949 3239 2003 aliter
3283 1964 3442 2018 quam
3498 1948 3552 2000 in

1977 2053 2076 2093 suo
2104 2037 2301 2092 dicitur
2338 2038 2697 2093 transtulisse.
2751 2038 2930 2093 Arboc
2957 2039 3102 2093 enim
3148 2038 3281 2092 nihil
3332 2037 3552 2092 omnino

1921 2173 1942 2182 -
1977 2127 2265 2196 signiﬁcat,
2294 2129 2386 2192 sed
2415 2129 2611 2185 dicitur
2637 2128 2830 2194 Arbee,
2858 2139 3030 2193 νει-ιιι,
3057 2129 3165 2184 hoc
3184 2138 3268 2182 est
3296 2134 3544 2198 quatuor,

1975 2217 2100 2286 quia
2141 2216 2210 2270 ibi
2237 2217 2526 2282 Abraham,
2557 2218 2706 2272 Isaac
2749 2227 2804 2272 et
2843 2217 3009 2272 Jacob
3057 2218 3258 2272 conditi
3295 2223 3448 2278 sunt;
3496 2224 3553 2268 et

1977 2306 2088 2376 ipse
2117 2307 2367 2376 princeps
2391 2307 2608 2362 humani
2639 2308 2852 2378 generis
2880 2307 3074 2373 Adam,
3100 2317 3159 2361 ut
3183 2308 3238 2361 in
3258 2305 3384 2362 Jesu
3412 2306 3571 2360 libro'

1976 2395 2210 2467 apertius
2243 2398 2663 2472 demonstratur.
2689 2415 2695 2423 ί
2872 2440 2897 2450 .,
3339 2414 3349 2417 ν’

2045 2483 2276 2556 Cumque
2298 2490 2604 2542 surrexisset
2627 2489 2690 2542 ab
2716 2490 2878 2560 oﬂicio
2903 2490 3124 2559 funeris,
3155 2488 3358 2542 locutus
3383 2497 3457 2541 est
3480 2486 3549 2538 ad

1972 2565 2112 2644 filios
2131 2575 2269 2630 Πειή
2292 2577 2468 2632 dicens
2485 2593 2503 2629 :
2524 2577 2733 2632 Advena
2753 2596 2868 2634 sum
2889 2589 2935 2633 et
2957 2580 3255 2650 peregrinus
3276 2579 3414 2648 apud
3429 2593 3549 2631 vos:

1973 2666 2116 2721 Date.
2135 2669 2258 2721 mihi
2272 2669 2365 2739 jus
2387 2670 2610 2739 sepulcri
2635 2670 2914 2734 vobiscum,
2939 2681 2991 2723 ut
3013 2669 3256 2738 sepeliant
3286 2679 3545 2722 mortuum

1973 2773 2164 2811 meum.
2196 2757 2590 2827 Responderunt
2618 2757 2715 2827 lilii
2759 2759 2893 2812 lleth
2918 2774 2935 2810 :
2963 2759 3103 2812 Audi
3143 2775 3235 2812 nos
3255 2799 3269 2824 ,
3319 2759 3550 2821 domine,

1972 2849 2210 2919 princeps
2231 2849 2327 2904 Dei
2346 2867 2398 2904 es
2419 2850 2559 2920 apud
2580 2850 2783 2909 noan
2803 2850 2972 2916 electis
2993 2851 3242 2930 sepulcris
3264 2851 3451 2904 nostris
3471 2865 3552 2908 εε-

1968 2938 2074 3007 ‘peli
2087 2948 2346 2992 mortuum
2361 2934 2527 2992 tuum.
2551 2937 2842 3010 Nullusque
2853 2941 3121 3010 prohibere
3133 2939 3340 3009 poterit,
3355 2939 3478 3008 quin
3492 2938 3546 2991 in

1971 3037 2301 3081 monumento
2317 3029 2428 3097 ejus
2445 3028 2660 3097 sepelias
2676 3038 2938 3100 mortuum
2950 3038 3113 3081 tuum.
3131 3027 3369 3082 Surrexit
3386 3025 3548 3079 Abra«

303 3122 499 3187 ﬁcant,
530 3124 620 3192 qui
651 3117 1042 3192 suspenderunt
1069 3105 1352 3177 Dominum
1379 3124 1432 3176 in
1459 3135 1696 3177 crucem.
1728 3104 1942 3175 luter.C
1975 3117 2114 3181 ham,
2139 3127 2186 3170 et
2217 3122 2450 3171 adoravﬂ
2485 3119 2729 3188 populum
2753 3129 2927 3182 terrae,
2951 3119 3085 3186 ﬁlios
3120 3116 3349 3172 videlicet
3386 3115 3542 3189 Belli.
3569 3114 3574 3119 ’

303 3211 488 3280 spinas
527 3211 708 3280 itaque
731 3220 1071 3280 peccatorum
1099 3209 1441 3265 Judaicorum
1475 3224 1764 3278 suspensus
1789 3218 1871 3263 est

301 3302 598 3367 Dominus,
632 3303 768 3357 sicut
818 3317 916 3372 per
955 3300 1242 3357 Jeremiam
1284 3292 1422 3355 idem
1469 3301 1598 3356 dicit
1645 3318 1658 3354 :
1697 3299 1883 3370 Spinis.

297 3404 632 3464 peccatorum
659 3409 873 3449 suorum
917 3392 1254 3453 circumdedit
1282 3409 1362 3445 me
1389 3392 1606 3466 populus
1635 3393 1738 3446 hic.
1767 3392 1868 3446 Alii

297 3484 448 3537 hunc
485 3483 704 3537 arietem
753 3481 1005 3536 cornibus
1035 3482 1087 3534 in
1125 3481 1376 3549 vepribus
1407 3481 1693 3550 obligatum
1723 3496 1873 3540 eume

299 3573 426 3625 dem
474 3570 741 3624 Christum
781 3578 1097 3639 senserunt,
1147 3577 1432 3637 antequam
1483 3568 1867 3634 immolaretur,

299 3662 472 3730 spinis
493 3677 522 3715 a
549 3661 747 3717 Judazis
788 3657 1120 3716 coronatum.
1149 3644 1376 3715 Peracto
1417 3659 1578 3729 igitur
1605 3658 1872 3713 sacriﬁcio

298 3752 499 3806 dicitur
524 3752 781 3811 Abrahm:
1072 3736 1077 3742 ι
1618 3804 1637 3817 .,

375 3840 440 3894 1η
463 3842 656 3900 semine
681 3851 771 3894 tuo
799 3840 1161 3899 benedicentur
1205 3844 1380 3893 omnes
1417 3847 1609 3908 gentes.
1651 3836 1871 3904 Quando

297 3933 445 3987 enim
474 3932 577 3985 hoc
606 3929 804 3984 factum
834 3928 1054 3992 est,nisi
1077 3928 1288 3996 quando
1308 3927 1545 3981 dicit’ille
1576 3927 1744 3997 aries:
1767 3925 1874 3979 Fo-

278 4025 489 4093 tderunt
517 4038 700 4075 manus
733 4037 872 4074 nscas
893 4031 941 4073 et
965 4020 1117 4090 pedes
1140 4011 1276 4081 meos
1294 4059 1308 4082 ,
1343 4028 1388 4072 et
1415 4013 1870 4071 dinumeraverunt

297 4113 479 4166 omnia
509 4128 624 4165 ossa
645 4111 799 4168 mea?
823 4108 996 4182 (Psa‘l.
1034 4107 1170 4183 ut.)
1210 4108 1488 4163 Hocenim
1516 4107 1728 4177 quando
1753 4122 1874 4176 per-

296 4212 482 4258 actum
516 4210 599 4258 est
647 4202 773 4256 illud
814 4202 866 4256 in
892 4201 1112 4271 psalmis
1139 4198 1480 4264 sacriﬁcium,
1509 4206 1636 4253 tunc
1677 4198 1729 4252 in
1759 4198 1894 4272 ipso

295 4297 507 4367 psalmo
547 4297 746 4350 dictum
797 4301 880 4349 est
930 4312 942 4346 :
997 4286 1551 4346 Commemorabuntur
1581 4299 1627 4343 et
1657 4305 1872 4343 conver—

296 4395 476 4438 tentur
503 4385 570 4450 ad
593 4383 869 4436 Dominum
895 4381 1118 4434 universi
1148 4380 1278 4450 ﬁnes
1300 4389 1470 4433 terrae.
1487 4377 1554 4431 Et
1577 4376 1870 4430 adorabunt
1897 4393 1920 4450 ‘~

1975 3205 2156 3275 (Aug.)
2207 3206 2496 3271 Qumritur,
2533 3207 2799 3274 quomodo
2847 3207 3102 3275 scriptum
3127 3206 3228 3268 sit,
3266 3204 3544 3257 Dominum

1973 3292 2139 3346 Deum
2162 3303 2309 3345 tuum
2332 3295 2596 3358 adorabis,
2614 3305 2660 3347 et
2680 3294 2876 3349 illi.soli
2898 3296 3086 3348 servies
3110 3294 3284 3363 (Deut.
3301 3294 3398 3363 vt),
3421 3310 3544 3348 cum

1972 3382 2244 3436 Abraham
2278 3383 2355 3438 sic
2382 3383 2664 3437 honoravit
2689 3383 2942 3452 populum
2956 3382 3254 3452 quemdam
3282 3384 3542 3454 gentium,

1972 3477 2032 3523 ut
2065 3471 2227 3524 etiam
2286 3473 2566 3526 adoraret?
2625 3471 2729 3526 Sed
2769 3471 3299 3526 animadvertendum
3334 3471 3447 3536 est,
3489 3474 3544 3526 in
3625 3477 3631 3483 ’

1971 3560 2155 3614 eodem
2183 3571 2460 3631 praecepto
2474 3578 2576 3616 non
2604 3563 2802 3617 dictum
2829 3582 2839 3615 :
2866 3559 3148 3630 Dominum
3177 3562 3344 3617 Deum
3371 3563 3544 3616 solum
3571 3558 3576 3564 ’

1971 3650 2238 3716 adorabis,
2269 3654 2408 3706 sicut
2440 3653 2640 3706 dictum
2673 3662 2755 3708 est
2785 3672 2796 3706 :
2832 3654 2896 3706 Et
2922 3653 2999 3706 illi
3023 3645 3120 3707 doli
3150 3655 3370 3719 servies,
3403 3653 3546 3723 quod
3599 3726 3604 3733 δ

1868 3802 1875 3807 ⁵
1973 3747 2056 3794 εει
2083 3739 2270 3817 Graece
2312 3740 2632 3814 λατρεύσεις.
2663 3742 2809 3797 Talis
2837 3745 2985 3817 enim.
3010 3744 3239 3799 servitus
3257 3784 3286 3809 ,.
3307 3755 3414 3797 nun
3442 3743 3544 3797 nisi

1974 3828 2084 3883 Deo
2127 3814 2374 3892 debetur.
2414 3829 2563 3885 Unde
2608 3831 2931 3884 damnantur
2975 3814 3300 3897 idololatrze,
3334 3832 3385 3886 id
3429 3841 3573 3894 est,‘

1972 3918 2235 3986 ejusmodi
2261 3921 2578 3974 servitutem
2607 3921 2924 3976 exhibentes
2964 3920 3118 3976 idolis
3158 3937 3276 3990 qua
3317 3920 3545 3974 debetur

1973 4007 2102 4063 Deo.
2128 4008 2236 4062 Nec
2265 4017 2474 4062 moveat
2500 4009 2643 4076 quod
2669 4009 2773 4063 alio
2792 4011 2912 4064 loco
2936 4011 2987 4063 in
3011 4011 3240 4078 quadam
3268 4008 3546 4075 Scriptura

1975 4098 2156 4168 (Apoc.
2187 4099 2298 4170 xix)
2347 4100 2619 4168 probibet‘
2647 4100 2868 4169 angelus
2918 4099 3191 4152 hominem
3228 4099 3453 4152 adorare
3488 4114 3548 4153 se

1972 4177 2026 4242 et
2052 4189 2325 4255 admonet,
2350 4198 2410 4243 ut
2431 4189 2689 4244 Dominus
2720 4177 2896 4259 potius
2920 4190 3190 4244 adoretur.
3226 4189 3371 4243 Talis
3394 4204 3547 4242 nam-

1973 4296 2075 4349 que
2106 4286 2428 4351 apparuerat
2452 4281 2688 4350 angelus,
2715 4289 2774 4334 ut
2797 4295 2893 4350 pro
2923 4280 3034 4334 Deo
3056 4280 3224 4348 possit
3255 4270 3467 4334 adorari
3491 4286 3547 4333 et

1975 4370 2094 4438 ideo
2122 4371 2300 4424 fuerat
2320 4370 2669 4440 corrigendos
2699 4369 2974 4430 adorator.
3223 4412 3250 4426 κ

294 4477 358 4527 in
396 4445 665 4541 conspectu
707 4471 853 4540 ejus,
897 4486 1071 4523 omnes
1107 4434 1292 4538 pistrix
1317 4467 1565 4545 gentium.
1606 4465 1866 4530 Quoniam
1897 4434 1947 4492 D
2046 4460 2294 4514 Adoravit
2319 4459 2582 4512 Abraham
2597 4459 3006 4530 coram'populo
3044 4470 3239 4515 terra:
3269 4469 3314 4513 et
3340 4434 3543 4512 locutus

298 4563 515 4617 Domini
559 4570 633 4614 est
683 4575 931 4630 regnum,
984 4567 1032 4612 et
1067 4558 1174 4627 ipse
1216 4555 1568 4610 dominabitur
1617 4556 1864 4628 gentium.

235 4640 248 4646 ’
297 4653 579 4708 Immolato
617 4668 744 4723 ergo
777 4651 1043 4706 Abraham
1067 4661 1165 4720 pro
1187 4649 1336 4704 Isaac
1357 4648 1466 4702 ﬁlio
1490 4660 1612 4710 suo;
1656 4645 1867 4700 vocavit

299 4746 496 4798 nomen
542 4744 680 4798 illius
711 4743 813 4796 loci
847 4760 858 4795 :
897 4742 1147 4796 Dominus
1195 4740 1354 4805 vidit,
1383 4755 1478 4810 pro
1501 4755 1565 4793 eo
1590 4739 1730 4807 quod
1753 4747 1861 4803 est,

299 4837 560 4891 Dominus
590 4835 758 4890 viden
797 4833 971 4897 fecit,
997 4833 1181 4902 utique
1213 4845 1309 4901 per
1331 4830 1774 4911 incarnationem.

894 4939 1118 5016 CAPUT
1174 4941 1262 4995 ιν.

297 5036 382 5091 De
423 5037 748 5106 generatione
790 5034 1026 5106 Rebecca;
1051 5074 1065 5097 ,
1114 5041 1161 5087 et
1206 5033 1270 5106 de
1313 5033 1454 5106 obitu
1499 5032 1649 5087 Sane
1692 5033 1870 5086 uxoris

486 5125 489 5127 ·
654 5105 898 5167 Abrahre,
921 5113 966 5157 et
996 5105 1059 5157 de
1087 5103 1349 5173 sepultura
1383 5103 1515 5171 ejus.
1595 5125 1602 5130 ι

359 5196 457 5251 His
473 5197 643 5265 itaque
658 5190 830 5265 gestis,
848 5187 1140 5249 nuntiatum
1153 5206 1228 5249 est
1241 5195 1315 5247 Ab
1323 5188 1654 5264 raham'quod
1667 5194 1870 5248 Melcha

299 5271 506 5358 quoque
528 5263 779 5356 genuisset
803 5284 939 5352 ﬁlios
975 5284 1190 5338 Nachor
1220 5284 1375 5353 fratri
1396 5302 1513 5349 suo,
1530 5263 1657 5338 rHus
1682 5285 1888 5353 primo:

301 5378 554 5443 genitum,
580 5381 626 5427 et
651 5371 759 5427 Bes
783 5372 997 5442 fratrem
1029 5373 1165 5443 eius.
1203 5371 1418 5427 Carnuel
1461 5389 1661 5444 quoque
1709 5372 1870 5444 Syro-

299 5481 422 5519 rum
461 5471 771 5532 putremhet
802 5460 966 5516 Cased
1011 5470 1056 5514 et
1098 5461 1265 5515 Asan.
1313 5460 1530 5515 Pliildas
1561 5458 1793 5532 quoque,
1821 5472 1867 5514 et

296 5556 530 5626 Jedlaplt
579 5572 640 5610 ac
691 5553 927 5614 Bathuel,
954 5554 1016 5606 de
1059 5569 1160 5620 qua
1207 5541 1330 5606 nata
1357 5552 1430 5608 est
1460 5553 1706 5607 Rebecca.
1739 5551 1869 5608 Octo

301 5648 430 5704 istos
464 5647 635 5717 genuit
672 5643 874 5700 Mclcha
922 5642 1134 5697 Nar/xor
1174 5641 1323 5710 fratri
1369 5644 1650 5697 Abraham.
1684 5632 1866 5716 (Atth

1976 4558 2048 4621 est
2088 4550 2157 4602 ad
2203 4548 2416 4619 Ephron
2447 4550 2814 4603 circumstante
2833 4548 3018 4619 plebe:
3045 4548 3234 4614 Quieso
3260 4557 3315 4602 ut
3354 4548 3544 4601 audias

1952 4654 2072 4697 \me.
2100 4640 2245 4694 Dabo
2268 4641 2538 4711 pecuniam
2559 4656 2652 4710 pro
2679 4656 2825 4710 agro,
2850 4641 3050 4710 suscipe
3073 4656 3210 4704 eam,
3236 4651 3283 4717 et
3302 4640 3377 4693 sic
3397 4655 3542 4708 sepe-

1971 4731 2097 4784 liam
2139 4741 2400 4785 mortuum
2428 4748 2595 4788 meum
2637 4732 2690 4784 in
2733 4747 2812 4785 eo.
2852 4729 3127 4798 Respondit
3161 4719 3544 4796 Ephron:Do-

1973 4825 2110 4875 mine
2140 4824 2244 4885 mi,
2279 4822 2403 4888 audi
2439 4837 2457 4875 :
2491 4820 2652 4875 Terra
2687 4837 2843 4891 quam
2864 4807 3114 4890 postulas,
3154 4818 3543 4887 quadringentis

1974 4920 2172 4987 argenti
2195 4917 2334 4972 siclis
2370 4915 2522 4970 valet.
2561 4915 2712 4969 Istud
2759 4924 2832 4968 est
2870 4914 3089 4981 pretium
3127 4912 3261 4964 inter
3285 4927 3372 4962 sne
3396 4923 3442 4962 et
3474 4921 3539 4963 te.

1977 5007 2078 5062 Sed
2107 5017 2357 5076 quantum
2383 5014 2458 5059 est
2483 5005 2621 5058 hoc?
2650 5002 2820 5072 Sepeli
2867 5011 3139 5054 mortuum
3177 5011 3345 5064 tuum.
3390 4998 3541 5065 Quod

1974 5115 2091 5153 cum
2145 5098 2370 5151 audisset
2417 5095 2717 5160 Abraham,
2773 5093 3016 5162 appendit
3066 5093 3340 5162 pecuniam
3385 5108 3563 5162 quam

1977 5189 2190 5258 Ephron
2214 5185 2598 5257 postulaverat,
2635 5181 2965 5237 audientibus
3004 5180 3130 5250 ﬁliis
3159 5179 3314 5233 ΗειΙι.
3349 5179 3405 5233 In
3439 5177 3542 5232 He-

1975 5279 2171 5342 braeo,
2201 5278 2338 5332 sicut
2364 5276 2452 5330 hic
2477 5275 2784 5346 posuimus,
2815 5273 3047 5344 primum
3074 5285 3265 5326 nomen
3294 5269 3410 5337 ejus
3452 5268 3544 5321 de-

1975 5368 2244 5432 scribitur,
2276 5364 2510 5435 Epltron,
2539 5373 2702 5451 rma?
2732 5382 2744 5416 :
2775 5363 3070 5418 secundum
3107 5359 3343 5451 Epnran,
3374 5364 3533 5444 Γωιι.

1977 5458 2261 5528 Postquam
2286 5456 2426 5511 enim
2456 5447 2628 5524 pretio
2654 5455 2826 5509 victus
2851 5460 2956 5518 est,
2993 5459 3048 5505 ut
3073 5447 3374 5517 sepulcrum
3408 5461 3537 5528 ven-

1975 5552 2128 5606 deret
2154 5558 2208 5603 et
2234 5537 2502 5618 acciperet
2529 5555 2831 5615 argentum,
2857 5544 2981 5598 licet
2999 5548 3221 5611 cogente
3243 5539 3537 5602 Abraham,

1976 5642 2115 5715 mf;
2154 5640 2327 5694 littera
2357 5653 2471 5707 qun
2499 5637 2636 5708 apud
2672 5636 2787 5689 illos
2816 5649 2908 5704 pro
2940 5648 2966 5686 ο
3006 5629 3226 5716 legitur,
3265 5627 3436 5683 ablata
3473 5627 3538 5683 de
