3968 6328
437 286 530 342 571
552 340 555 343 ,

1064 284 1123 335 Β.
1166 280 1416 337 RABANI
1455 279 1668 334 MAUR!
1704 274 2017 331 ARCIIIEP.
2056 274 2358 329 MOGUNT.
2401 274 2679 327 Ul’EiiUM
2721 276 2897 329 PARS
2935 278 2972 329 l.

3543 286 3645 336 .372

428 396 544 465 ejus
593 396 807 451 nomine
859 402 968 457 est,
1021 401 1075 446 et
1120 407 1217 461 pro
1270 391 1483 460 Ephron
1512 431 1525 453 ,
1570 387 1864 457 appellatus
1906 393 1989 439 est
2017 391 2065 446 Α
2093 393 2235 435 tuam
2267 393 2318 435 ut
2351 382 2537 444 bibam,
2564 394 2609 451 et
2641 382 2729 434 illa
2764 387 3079 451 responderit
3109 402 3126 438 :
3154 388 3302 453 Bibe,
3332 393 3456 459 quin
3478 403 3524 444 et
3554 411 3646 445 ca—

426 486 677 555 Eplir'an,
706 482 1038 553 signiﬁcante
1064 480 1340 548 Scriptura
1372 494 1474 531 non
1505 490 1625 529 eum
1664 475 1829 527 fuisse
1858 488 1987 527 con-

425 581 705 630 summata:
729 571 1083 642 perfectaeque
1116 568 1357 632 virtutis,
1386 566 1477 636 qui
1507 572 1754 634 potuerat
1786 578 1987 616 memo-

427 665 538 718 rias
561 663 791 717 vendere
818 670 1167 716 mortuorum.
1194 658 1378 713 Sciant
1414 657 1575 727 igitur
1619 657 1709 724 qui
1744 655 1985 723 sepulcra

430 755 739 816 venditant,
769 762 822 807 et
859 768 963 806 non
1012 759 1277 821 coguntur
1315 758 1375 803 ut
1416 749 1677 817 accipiant
1719 747 1983 816 pretium,

422 843 521 897 sed
551 860 580 897 a
608 826 911 896 nolentibus
951 854 1165 909 quoque
1199 846 1553 907 extorquent,
1582 836 1854 890 immutari
1888 850 1983 891 no-

424 948 547 986 men
594 945 778 993 suum,
830 937 883 982 et
921 930 1101 1001 perire
1145 927 1272 997 quid
1310 929 1375 981 de
1413 926 1603 980 merito
1650 939 1834 978 eorum
1863 938 1985 975 cum

419 1020 585 1073 etiam
610 1018 708 1094 ille
744 1018 1166 1087 reprehendatur
1199 1015 1408 1071 occulte
1451 1015 1541 1084 qui
1597 1014 1796 1067 invitus
1835 1027 1986 1065 acce-

420 1107 580 1176 perit.

484 1194 937 1266 Conﬁrmatusque
957 1205 1029 1249 est
1054 1211 1176 1265 ager
1194 1192 1454 1264 quondam
1483 1190 1741 1260 Ephronis
1758 1229 1772 1250 ,
1801 1192 1855 1242 in
1881 1205 1982 1257 quo

419 1296 531 1339 erat
570 1286 812 1356 spelunca
851 1285 1042 1356 duplex
1088 1284 1361 1354 respiciens
1408 1280 1670 1344 Humbre,
1719 1289 1825 1331 tam
1875 1280 1982 1348 ipse

418 1392 577 1445 quam
604 1376 869 1445 spelunca,
902 1385 949 1428 et
983 1390 1155 1427 omnes
1190 1372 1398 1425 arbores
1426 1370 1539 1439 ejus
1564 1370 1617 1422 in
1649 1368 1847 1420 cunctis
1880 1376 1981 1420 ter-

418 1466 573 1518 minis
593 1481 685 1534 per
709 1466 980 1518 circuitum
1012 1463 1229 1516 Abrahae
1277 1463 1332 1515 in
1356 1460 1744 1531 possessionem.
1778 1457 1978 1529 (Creg.)

417 1552 552 1618 Quid
581 1538 735 1607 nobis
761 1568 857 1623 per
886 1552 1115 1606 Abrahae
1142 1550 1339 1620 duplex
1383 1538 1683 1619 sepulcrum
1716 1547 1974 1610 innuitur,

416 1642 520 1697 nisi
545 1642 688 1711 quod
713 1642 981 1710 perfectus
1010 1641 1235 1709 quisque
1260 1640 1579 1709 prtedieator
1597 1638 1919 1693 exstinctam
1946 1651 1975 1690 a

2090 474 2233 526 melis
2254 472 2354 525 luis
2381 473 2513 525 dabo
2538 482 2733 539 potum,
2765 475 2873 542 ipsa
2895 486 2969 528 est
2996 494 3153 547 quam
3172 483 3477 549 prteparasti
3503 500 3644 536 serra

2087 574 2175 616 tuo
2191 580 2210 627 ;
2237 580 2297 617 ac
2319 580 2410 633 per
2436 564 2529 615 hoc
2558 562 2841 631 intelligam
2871 567 3008 633 quod
3034 568 3215 635 feceris
3236 572 3641 626 misericordiam

2086 670 2199 705 cum
2230 654 2438 705 domino
2472 669 2602 704 meo.
2635 650 2813 723 (Aug.)
2846 653 3199 719 Quterendum
3245 675 3349 727 quo
3395 660 3641 715 dillerant

2087 743 2462 811 augurationes
2489 743 2684 797 illicita:
2710 744 2776 797 ab
2803 744 2887 796 illa
2918 747 3177 813 petitione
3204 750 3373 819 signi,
3400 766 3506 819 qua
3542 768 3638 821 pe-

2089 835 2203 886 tivit
2239 849 2425 888 servus
2468 834 2756 899 Abraham,
2785 844 2840 889 ut
2869 837 2917 890 ei
2948 839 3257 893 ostenderet
3296 841 3435 896 Deus
3471 846 3661 912 ipsam.

2084 936 2201 975 esse
2233 921 2463 975 futuram
2488 938 2705 976 uxorem
2735 925 2932 978 domini
2976 928 3056 979 sui
3087 927 3267 995 Isaae,
3308 946 3337 983 a
3381 947 3485 1000 qua
3516 917 3638 988 cum

2083 1010 2353 1078 petivisset
2386 1019 2443 1063 ut
2482 1010 2706 1075 biberet,
2732 1011 2998 1066 diceretur
3018 1014 3093 1067 illi
3122 1034 3133 1067 :
3160 1015 3283 1070 Bibe
3303 1029 3349 1070 et
3375 1028 3450 1084 tu,
3475 1030 3525 1074 et
3544 1023 3641 1077 ad-

2088 1100 2285 1169 aqnabo
2320 1100 2541 1154 camelos
2563 1110 2697 1166 tuos,
2725 1103 3067 1173 quoadusque
3104 1108 3287 1161 bibere
3314 1110 3635 1169 desinerent.

2082 1190 2235 1243 Aliud
2263 1199 2344 1244 est
2368 1192 2509 1244 enim
2545 1193 2737 1247 mirum
2771 1194 2966 1263 aliquid
3000 1206 3200 1265 petere,
3229 1180 3368 1267 quod
3397 1184 3511 1269 ipso
3534 1206 3636 1257 mi-

2083 1278 2264 1332 raculo
2285 1279 2493 1348 signum
2520 1282 2610 1345 sit,
2636 1282 2775 1336 aliud
2802 1285 2913 1337 [nec
2936 1287 3239 1352 observare,
3261 1305 3379 1358 qua:
3407 1291 3479 1345 ita
3509 1288 3639 1349 lium

2081 1368 2221 1437 quod
2251 1371 2383 1422 mira
2409 1386 2512 1423 non
2539 1371 2671 1436 sint,
2705 1374 2795 1426 sed
2825 1372 3220 1443 eonjectoribus
3263 1385 3633 1449 superstitiosa

2079 1459 2312 1511 vanitate
2343 1458 2781 1526 interpretantur.
2813 1462 2917 1517 Sed
2957 1466 3055 1520 hoc
3084 1468 3255 1536 ipsum
3292 1472 3455 1524 etiam
3496 1476 3636 1542 quod

2078 1547 2274 1601 mirum
2296 1546 2493 1615 aliquid
2516 1548 2832 1615 postulatur,
2859 1568 2965 1620 quo
2986 1555 3313 1624 signiﬁcetur
3336 1562 3476 1628 quod
3498 1564 3638 1632 quis-

2079 1649 2183 1703 que
2222 1634 2334 1688 vult
2368 1650 2553 1701 nosse,
2595 1646 2773 1692 utrum
2817 1642 3137 1699 audiendum
3180 1640 3285 1712 sit,
3330 1665 3433 1722 non
3475 1666 3635 1720 parva

415 1732 695 1801 praesentis
728 1733 850 1786 vita:
889 1732 1171 1786 desideriis
1220 1731 1452 1784 animam
1502 1744 1653 1783 suam
1696 1729 1795 1783 sub
1830 1728 1982 1782 bona:
2075 1726 2304 1812 quaestio
2329 1734 2441 1790 est,
2472 1742 2534 1779 eo
2576 1742 2803 1798 namque
2832 1733 3060 1799 pertinet
3084 1738 3223 1803 quod
3257 1740 3509 1795 dicuntur
3544 1746 3634 1812 qui

417 1822 747 1889 Operationis
772 1823 1001 1893 tegmine
1032 1830 1087 1876 et
1112 1820 1575 1889 contemplationis
1603 1818 1899 1903 abscondit,
1923 1826 1981 1871 ut
2074 1806 2181 1866 hoc
2207 1828 2311 1867 non
2334 1825 2478 1868 recte
2501 1813 2701 1870 faciunt
2722 1826 2927 1873 tentare
2950 1820 3251 1878 Dominum.
3283 1826 3416 1880 Nam
3444 1837 3498 1881 ei
3524 1806 3634 1899 ipse

416 1911 649 1965 carnalis
676 1912 1106 1980 concupiscentia
1138 1912 1237 1965 sub
1266 1910 1439 1964 activa
1462 1909 1979 1977 contemplativaque

414 1999 525 2051 vita
551 2000 703 2067 quasi
736 1999 1065 2053 insensibilis
1092 2000 1285 2063 lateat,
1314 1999 1401 2066 qui
1432 2000 1581 2069 prius
1623 1997 1804 2051 mundi
1842 1998 1979 2052 desi-

417 2091 565 2143 deria
595 2092 855 2156 sentiens,
877 2091 1176 2144 mortaliter
1197 2087 1441 2143 vivebat?
1466 2088 1616 2144 Unde
1635 2097 1689 2143 et
1708 2104 1806 2158 per
1826 2102 1978 2159 egre-

416 2184 562 2253 gium
585 2185 985 2253 praedicatorem
1010 2183 1205 2253 dicitur
1227 2202 1240 2238 :
1269 2184 1461 2237 Mortui
1484 2185 1617 2237 enim
1637 2184 1779 2247 estis,
1804 2194 1857 2257 et
1876 2185 1977 2238 vita

413 2268 915 2327 restra'abscondita
947 2284 1021 2328 est
1057 2291 1173 2328 cum
1205 2273 1407 2328 Christo
1443 2275 1497 2327 in
1518 2274 1626 2327 Deo
1668 2273 1889 2345 (Coloss.
1915 2275 1975 2345 ι).

414 2365 605 2419 Activa
632 2366 825 2435 quippe
854 2368 964 2421 vita
994 2367 1296 2437 sepulcrum
1320 2374 1422 2431 est,
1453 2382 1572 2439 qum
1594 2381 1621 2418 a
1644 2366 1823 2435 pravis
1852 2380 1979 2435 epe-

404 2456 563 2530 ‘ribus
596 2466 836 2511 mortuos
888 2459 1044 2528 tegit;
1086 2458 1176 2512 sed
1223 2456 1632 2526 contemplativa
1684 2455 1977 2526 perfectius

414 2551 635 2619 sepelit,
663 2567 781 2621 qua:
820 2567 849 2604 a
885 2552 1091 2606 cunctis
1126 2551 1421 2605 actionibus
1469 2548 1706 2603 funditus
1762 2547 1974 2602 dividit.

418 2640 671 2710 Quisquis
697 2657 824 2711 ergo
843 2643 955 2711 jam
982 2643 1034 2695 in
1064 2656 1121 2697 se
1144 2641 1496 2715 contumelias
1518 2640 1696 2695 carnis
1717 2639 1973 2704 edomuit,

418 2738 664 2797 superest
693 2738 752 2783 ut
778 2739 1010 2785 mentem
1056 2747 1153 2800 per
1190 2733 1361 2786 studia
1409 2740 1609 2785 saneta:
1656 2729 1982 2799 operationis

418 2830 697 2885 exerceat,
728 2830 782 2875 et
810 2821 1182 2893 quisquisjam
1219 2831 1451 2875 mentem
1481 2836 1583 2890 per
1609 2827 1792 2874 sancta
1819 2833 1979 2888 opera

416 2908 643 2973 dilatat,
688 2919 931 2979 superest
963 2917 1021 2962 ut
1061 2910 1202 2963 hanc
1248 2926 1414 2979 usque
1447 2911 1513 2963 ad
1544 2918 1749 2963 secreta
1778 2908 1981 2961 intima:

418 2998 884 3067 contemplationis
904 3000 1170 3053 extendat.
1191 2999 1371 3069 Neque
1389 3000 1529 3053 enim
1556 2996 1821 3068 perfectus
1844 3013 1980 3066 prae-

2078 1902 2333 1959 Dominus
2360 1920 2481 1959 cum
2512 1922 2539 1959 a
2567 1908 2778 1963 diabolo
2814 1918 3130 1978 tentaretur,
3177 1918 3540 1973 testimonium
3569 1922 3635 1977 de

2078 1992 2371 2063 Scripturis
2417 1997 2697 2052 adhibuit:
2727 2000 2848 2054 Non
2884 2005 3104 2058 tentabis
3148 2006 3427 2061 Dominum
3470 2010 3634 2064 Deum

2076 2092 2221 2136 tuum
2243 2083 2420 2155 (Deut.
2445 2085 2538 2156 vt).
2560 2086 2953 2157 Suggercbatur
2973 2093 3112 2145 enim
3136 2102 3387 2163 tanquam
3408 2099 3631 2164 homini,

2077 2181 2136 2226 ut
2166 2173 2319 2242 signo
2347 2174 2525 2246 aliquo
2549 2177 2849 2246 exploraret
2872 2180 2985 2250 ipse
3008 2193 3239 2251 quantus
3260 2199 3424 2253 esset,
3455 2190 3508 2245 id
3529 2202 3632 2255 est,

2076 2276 2236 2329 quam
2283 2254 2678 2335 multum-apud
2711 2266 2878 2322 Deum
2925 2280 3138 2339 posset,
3173 2277 3315 2343 quod
3346 2279 3537 2334 vitiose
3576 2254 3634 2335 ﬁt

2076 2366 2198 2403 eum
2230 2349 2308 2404 ﬁt.
2337 2351 2416 2406 0b
2442 2353 2544 2407 hoe
2574 2363 2749 2409 autem
2777 2358 3122 2428 discernitur,
3151 2364 3291 2433 quod
3313 2365 3527 2421 Gedeon
3554 2368 3634 2425 fe-

2077 2442 2177 2504 cit,
2210 2458 2399 2512 piignze
2426 2445 2739 2502 imminente
2775 2451 3052 2518 periculo:
3080 2456 3400 2511 consultatio
3438 2460 3634 2529 quippe

2076 2534 2163 2587 illa
2210 2537 2380 2607 magis
2426 2553 2584 2608 quam
2627 2544 2850 2598 tentatio
2890 2545 2983 2599 Dei
3027 2546 3145 2601 fuit.
3179 2549 3329 2605 Unde
3365 2558 3421 2605 et
3454 2552 3634 2607 Acha:

2077 2627 2215 2693 apud
2241 2626 2429 2681 Isaiam
2454 2630 2604 2699 (Cap.
2630 2631 2725 2699 vn)
2748 2633 2898 2688 timet
2920 2636 3126 2704 signum
3148 2647 3348 2707 petere,
3374 2656 3441 2693 ne
3466 2640 3629 2697 Deum

2079 2726 2286 2772 tentare
2313 2720 2574 2784 videatur,
2608 2738 2728 2776 cum
2773 2724 2874 2779 hoc
2913 2740 3035 2779 eum
3065 2728 3319 2783 Dominus
3353 2732 3637 2787 admoneat

2078 2821 2173 2874 per
2198 2808 2532 2877 prephetam,
2561 2804 2722 2866 credo
2748 2814 3062 2877 existimans
3097 2819 3237 2885 quod
3266 2818 3331 2871 ab
3360 2818 3474 2887 ipso
3513 2835 3636 2888 pro—

2078 2899 2239 2967 pheta
2259 2900 2594 2968 exploraretu
2604 2918 2646 2965 r,
2663 2910 2838 2956 utrum
2859 2908 3333 2975 pmceptimemor
3346 2918 3507 2974 esset,
3532 2926 3637 2979 quo

2080 2998 2284 3043 tentare
2314 2989 2478 3043 Deum
2505 2992 2837 3059 prohibetur.

420 3058 755 3154 diealor'est,
780 3090 871 3157 qui
895 3090 975 3142 vel
999 3102 1219 3160 propter
1245 3058 1713 3158 contemplationis
1742 3090 1973 3142 studium

2131 3079 2373 3133 Protulit
2394 3083 2470 3133 vir
2491 3083 2699 3136 inaures
2716 3101 2924 3151 aureas,
2950 3088 3291 3156 appendentes
3309 3090 3463 3144 siclos
3483 3092 3632 3158 duos,

420 3179 688 3247 operanda
714 3178 950 3249 negligit,
972 3181 1055 3234 vel
1077 3190 1293 3250 propter
1314 3180 1640 3249 operationis
1668 3178 1975 3233 instantiam

418 3268 823 3325 contemplanda
849 3270 1142 3338 postponit.

1039 3359 1262 3414 CAPUT
1298 3358 1361 3412 V.

516 3448 590 3499 De
614 3448 1003 3515 desponsatione
1028 3449 1264 3503 Rebecca:
1292 3466 1380 3517 per
1414 3464 1612 3501 servum
1639 3447 1882 3499 Abraha’.

494 3534 642 3601 (CAP.
673 3533 844 3603 xxrv.)
878 3534 1005 3587 Erat
1045 3546 1215 3588 autem
1258 3534 1518 3587 Abraham
1563 3551 1717 3588 senex
1758 3534 1983 3587 dierum-

417 3640 516 3692 que
555 3622 832 3676 multorum
869 3632 916 3677 et
958 3624 1208 3677 Dominus
1236 3624 1289 3675 in
1320 3624 1516 3676 cunctis
1559 3624 1884 3675 benedixerat
1914 3622 1978 3675 ei.

424 3714 670 3781 Dixitque
693 3715 759 3783 ad
787 3730 989 3766 servum
1018 3715 1266 3766 seniorem
1293 3714 1476 3765 domus
1507 3730 1635 3775 sum,
1656 3713 1743 3781 qui
1763 3721 1981 3780 pra'erat

424 3804 659 3855 omnibus
686 3819 800 3872 qua:
829 3803 1041 3855 habebat
1065 3818 1082 3855 :
1107 3800 1249 3856 Pone
1272 3818 1479 3854 manum
1520 3812 1665 3855 tuam
1694 3802 1868 3855 subter
1910 3801 1985 3869 fe-

425 3911 545 3945 mur
571 3910 760 3955 meum,
786 3904 841 3946 ut
863 3896 1099 3963 adjurem
1124 3904 1169 3947 te
1195 3910 1285 3963 per
1305 3894 1584 3947 Dominum
1614 3894 1776 3946 Deum
1802 3893 1914 3946 cazli
1936 3902 1980 3946 et

418 3992 575 4032 terra'
598 4022 611 4044 ,
641 3992 694 4033 ut
725 3999 825 4033 non
870 3982 1094 4050 accipias
1134 3998 1346 4034 uxorem
1389 3981 1499 4049 ﬁlio
1544 3999 1653 4035 mea
1683 3983 1746 4035 de
1775 3982 1982 4051 ﬁliabus

420 4070 838 4123 Chananceorum
859 4071 990 4124 inter
1010 4074 1138 4141 quos
1167 4071 1360 4136 habito,
1384 4072 1473 4124 sed
1496 4072 1563 4125 ad
1600 4081 1789 4124 terram
1824 4081 1870 4125 et
1898 4088 1984 4125 c0-

426 4164 715 4229 gnationem
757 4179 922 4215 meam
962 4158 1306 4231 proﬁciscai'is
1328 4202 1341 4225 ,
1370 4172 1416 4215 et
1451 4163 1571 4215 inde
1604 4164 1826 4231 accipias
1856 4179 1984 4215 uxo-

428 4270 531 4305 rem
578 4254 685 4319 [ilio
722 4272 831 4307 meo
854 4254 1005 4307 Isaac
1029 4295 1043 4319 ,
1069 4264 1171 4309 etc.
1199 4256 1239 4308 Τ
1245 4256 1435 4309 radunt
1482 4256 1685 4310 llebrmi
1704 4297 1718 4321 ,
1764 4258 1902 4326 quod
1931 4257 1981 4310 in

427 4344 846 4397 sanctificatione
873 4346 1009 4413 ejus,
1035 4345 1135 4399 hoc
1158 4354 1257 4409 est,
1288 4346 1692 4401 circumcisione
1716 4388 1728 4410 ,
1766 4349 1981 4416 jurave-

429 4434 515 4484 rit.
568 4432 673 4485 Nos
719 4445 895 4487 autem
951 4435 1181 4489 dicimus
1233 4452 1353 4489 eum
1403 4436 1614 4503 iurasse
1664 4440 1717 4491 in
1774 4440 1978 4492 semine

428 4528 675 4590 Abrahae,
705 4530 803 4582 hoc
832 4538 935 4591 est,
965 4530 1017 4581 in
1047 4528 1281 4594 Christo,
1315 4532 1402 4599 qui
1433 4547 1497 4584 ex
1543 4532 1632 4584 illo
1678 4534 1981 4586 nasciturus

366 4630 371 4635 ‘
426 4624 585 4678 erat,
643 4615 795 4680 juxta
848 4617 1228 4684 evangelistam
1278 4619 1582 4683 ,Mattliaeum
1630 4620 1977 4687 loquentem:

430 4703 581 4755 Liber
626 4706 968 4770 generationis
990 4704 1115 4759 Jesu
1142 4704 1333 4759 Christi
1356 4708 1456 4771 ﬁlii
1485 4709 1664 4771 David,
1692 4710 1789 4775 ﬁlii
1812 4711 1981 4762 Abra-

427 4793 547 4843 ham
580 4792 788 4857 (Matth.
820 4794 883 4855 l).

502 4878 874 4948 Profectusque
897 4883 1120 4950 perrexit
1146 4882 1569 4950 Mesopotamiam
1591 4886 1656 4936 ad
1679 4886 1853 4938 urbem
1879 4887 1991 4938 Na—

427 4968 571 5019 clior.
603 4965 829 5037 Cumque
856 4971 1052 5038 fecisset
1081 4974 1302 5027 camelos
1336 4974 1635 5027 accumbere
1673 4987 1821 5029 extra
1850 4980 1995 5046 oppi-

384 5118 407 5127 ,ἢ
429 5055 556 5106 dum
577 5057 732 5123 jurta
760 5069 965 5126 puteum
995 5078 1141 5129 aqua:
1165 5079 1385 5131 vespere,
1432 5079 1491 5115 eo
1522 5072 1743 5132 tempore
1782 5082 1881 5134 quo
1912 5083 1994 5117 so—

438 5145 535 5195 lent
582 5145 818 5198 mulieres
860 5148 1030 5213 egredi
1079 5151 1144 5201 ad
1197 5150 1533 5203 hauriendam
1584 5168 1771 5221 aquam
1817 5154 1990 5205 dixit:

435 5232 651 5286 Domine
680 5236 812 5287 Deus
839 5236 1035 5288 domini
1073 5240 1169 5290 mei
1213 5240 1472 5293 Abraham
1494 5258 1752 5302 ,~oceurre
1789 5229 1993 5294 obsecro

428 5323 585 5376 [indie
618 5325 780 5386 mihi,
827 5334 873 5378 et
909 5325 991 5392 {ac
1040 5327 1440 5380 misericordiam
1482 5342 1597 5381 cum
1639 5331 1846 5383 domino
1883 5347 1992 5383 meo

435 5413 715 5467 Abraham.
744 5414 875 5467 Ecce
902 5431 992 5483 ego
1021 5424 1099 5468 sto
1126 5427 1328 5482 propter
1358 5418 1548 5484 fontem
1579 5436 1727 5487 aqua‘
1753 5460 1767 5480 ,
1794 5429 1840 5471 et
1870 5419 1993 5485 ﬁlia:

433 5504 781 5559 habitatorum
803 5506 956 5575 hujus
984 5506 1202 5559 civitatis
1218 5508 1540 5575 egredientur
1562 5510 1627 5562 ad
1651 5510 1990 5561 hauriendam

436 5610 643 5658 aquam.
673 5596 840 5665 Igitur
858 5597 1027 5664 puclla
1053 5599 1137 5652 cui
1158 5614 1248 5669 ego
1276 5598 1453 5651 dixero
1478 5614 1493 5650 :
1518 5599 1724 5653 Incliua
1742 5600 1985 5667 hydriam

2076 3178 2122 3221 et
2151 3169 2385 3223 armillas
2414 3172 2624 3225 totidem
2664 3175 2835 3242 pondo
2874 3176 3121 3231 siclorum
3161 3176 3367 3245 decem;
3406 3181 3635 3253 dixitque

2077 3260 2144 3311 ad
2183 3274 2336 3313 eam:
2363 3259 2523 3329 Cujus
2573 3280 2624 3316 es
2665 3264 2820 3332 ﬁlia?
2851 3266 3023 3320 indica
3060 3271 3204 3324 mihi.
3241 3271 3337 3324 Est
3386 3273 3443 3325 in
3483 3274 3633 3327 domo

2076 3352 2239 3416 patris
2266 3352 2340 3403 tui
2367 3352 2510 3404 locus
2534 3354 2601 3405 ad
2628 3357 2979 3409 manendum?
3003 3358 3131 3423 Qua:
3164 3364 3425 3429 respondit
3453 3379 3470 3415 :
3493 3362 3634 3417 Filia

2080 3436 2309 3491 Batuclis
2359 3457 2473 3492 sum
2518 3441 2612 3505 ﬁlii
2652 3442 2883 3508 Nachor,
2911 3462 3059 3513 quem
3103 3452 3295 3516 peperit
3331 3453 3378 3503 ei
3409 3452 3630 3507 Melcha.

2068 3526 2217 3579 'Bace
2257 3530 2577 3603 yp:,.quod
2605 3531 2657 3582 in
2702 3532 2803 3585 hoc
2842 3533 3099 3603 locorpro
3128 3537 3400 3606 didragnia
3446 3543 3634 3595 scribi-

2082 3625 2196 3679 tur,
2234 3618 2524 3670 semiuneia
2572 3628 2672 3672 est.
2729 3620 2872 3674 Secel
2923 3608 3044 3708 5pm
3092 3641 3260 3689 vero,
3309 3628 3401 3695 qui
3445 3629 3636 3684 Latino

2083 3718 2330 3758 sermone
2368 3706 2527 3759 siclus
2575 3719 2824 3777 corrupte
2858 3706 3183 3779 appellatur,
3221 3718 3391 3769 uncia:
3429 3720 3635 3785 pondus

2083 3793 2262 3846 habeL

2112 3898 2122 3904 ‘
2152 3883 2359 3945 Servus.
2379 3885 2572 3953 inquit,
2598 3886 2854 3939 Abraham
2876 3906 3010 3954 sum,
3029 3901 3076 3944 et
3100 3891 3356 3947 Dominus
3378 3895 3636 3949 benedixit

2040 3964 2046 3971 ’
2081 3975 2288 4029 domino
2331 3994 2442 4030 meo
2473 3978 2654 4031 valde:
2684 3982 3143 4055 magniﬁcatusque
3186 3998 3291 4047 est;
3325 3998 3371 4041 et
3417 3990 3555 4044 dedit
3590 3994 3638 4044 ei

2083 4083 2195 4120 oves
2212 4078 2263 4125 ,et
2289 4068 2434 4121 boves
2452 4108 2463 4129 ,
2492 4078 2760 4137 argentum
2784 4080 2830 4123 et
2859 4089 3042 4127 aurum
3063 4116 3077 4139 ,
3107 4094 3275 4130 servos
3302 4088 3349 4132 et
3379 4081 3601 4134 ancillas
3621 4122 3635 4146 ,

2082 4157 2301 4211 camelos
2347 4168 2393 4211 et
2438 4160 2645 4221 asinos;
2676 4169 2723 4213 et
2756 4164 2949 4230 peperit
2986 4163 3121 4217 Sara
3161 4184 3293 4219 uxor
3318 4170 3511 4221 domini
3540 4173 3639 4224 mei

2082 4246 2247 4314 ﬁlium
2268 4248 2474 4299 domino
2494 4265 2603 4300 meo
2624 4250 2676 4301 in
2698 4260 2951 4303 senectute
2970 4270 3087 4316 sua,
3108 4256 3346 4324 deditque
3368 4258 3442 4309 illi
3465 4261 3637 4312 omnia

2085 4355 2200 4407 quae
2218 4338 2485 4390 habuerat.
2516 4338 2582 4390 Et
2613 4339 2871 4407 adjurat'it
2896 4358 2974 4394 me
2997 4344 3235 4397 dominus
3265 4363 3407 4398 meus
3429 4349 3638 4403 dicens:

2087 4428 2205 4479 Non
2230 4428 2445 4495 accipies
2484 4444 2692 4480 uxorem
2717 4429 2825 4496 ﬁlio
2851 4446 2961 4482 meo
2996 4431 3058 4484 de
3088 4433 3297 4499 ﬁliabus
3320 4433 3640 4489 Chana'nreo-

2085 4531 2216 4577 rum,
2242 4517 2524 4584 inquorum
2546 4525 2682 4569 terra
2706 4518 3012 4583 habito;sed
3031 4521 3098 4573 ad
3120 4521 3325 4574 domum
3354 4527 3515 4592 patris
3537 4528 3638 4579 mei

2084 4616 2337 4675 perges,et
2359 4606 2420 4658 de
2440 4608 2742 4677 cognatione
2770 4624 2882 4661 mea
2904 4611 3120 4679 accipies
3144 4620 3352 4666 nitorem
3373 4614 3483 4680 ﬁlio
3506 4632 3638 4670 meo.

2086 4694 2264 4771 (Aug)
2310 4695 2508 4752 Servus
2545 4698 2773 4751 Abrahae
2814 4714 3040 4753 narrans
3091 4717 3207 4769 quze
3254 4703 3353 4756 sibi
3396 4707 3640 4757 mandata

2092 4782 2300 4837 inerant
2325 4800 2355 4837 a
2381 4786 2592 4840 domino
2622 4802 2717 4840 suo
2740 4827 2752 4849 ,
2780 4788 2906 4841 dicit
2948 4805 3071 4843 eum
3110 4791 3209 4843 sibi
3250 4792 3484 4844 dixisse:
3522 4792 3643 4844 Non

2089 4893 2254 4929 euntes
2277 4878 2385 4943 ﬁlio
2413 4895 2521 4930 meo
2557 4894 2765 4931 uxorem
2792 4879 2853 4931 de
2882 4879 3089 4945 ﬁliabus
3123 4881 3536 4934 Chananworum
3572 4885 3647 4937 iu—

2090 4977 2165 5017 ter
2192 4983 2316 5034 quos
2343 4985 2432 5035 ego
2460 4968 2633 5020 habito
2659 4970 2713 5021 in
2745 4979 2879 5021 terra
2908 4986 3105 5033 eorum,
3134 4970 3221 5021 sed
3246 4971 3298 5022 in
3319 4972 3527 5023 domum
3550 4990 3646 5039 pa-

2090 5056 2181 5106 tris
2210 5058 2305 5107 mei
2328 5057 2421 5107 ibis
2442 5067 2487 5108 et
2512 5058 2562 5107 in
2590 5056 2777 5109 tribum
2804 5074 2969 5108 meam
2991 5098 3003 5121 ,
3031 5068 3076 5111 et
3103 5075 3271 5111 sumes
3302 5076 3509 5112 uxorem
3535 5062 3647 5126 [ilio

2094 5163 2203 5198 meo
2226 5146 2365 5209 inde,
2389 5156 2489 5200 etc.
2522 5146 2576 5199 Si
2621 5148 2867 5215 legantur
2898 5150 3340 5215 quemadmodum
3386 5150 3457 5203 illi
3498 5166 3649 5203 man-

2094 5237 2213 5290 data
2242 5237 2367 5300 sint,
2394 5239 2656 5302 sententia
2682 5239 2869 5290 eadem
2897 5240 3178 5306 reperitur,
3204 5241 3364 5294 verba
3390 5256 3518 5295 vero
3540 5258 3648 5294 non

2092 5326 2267 5378 omnia
2296 5324 2379 5377 vel
2412 5326 2521 5394 ipsa
2566 5325 2646 5378 vel
2680 5325 2753 5377 ita
2805 5327 2942 5379 dicta
2976 5339 3117 5382 sunt.
3163 5321 3315 5394 Quod
3357 5331 3649 5383 admonen-

2093 5417 2215 5469 dum
2243 5418 2422 5484 putavi
2450 5426 2668 5485 propter
2696 5416 2883 5471 stultos
2911 5427 2963 5471 et
2995 5420 3234 5472 indoctos
3265 5421 3526 5478 homines,
3557 5422 3649 5485 qui

2090 5504 2447 5575 evangelistas
2486 5505 2617 5558 hinc
2646 5505 3061 5569 calumniantur,
3098 5510 3235 5577 quod
3282 5510 3332 5560 in
3383 5508 3653 5573 aliquibus

2089 5594 2266 5649 verbis
2310 5610 2414 5649 non
2458 5594 2601 5650 omni
2643 5594 2800 5648 modo
2830 5597 3454 5663 conveniunt,tpianivis
3491 5597 3653 5649 rebus
