3968 6354
1283 258 1628 345 ΟΟΜΜΕΝΓ.
1671 294 1737 347 ΙΝ
1774 295 2093 353 GENESIM.
2133 331 2201 341 -—
2236 303 2361 358 LIB.
2401 306 2486 361 Ill.

3375 327 3482 385 574

276 403 434 463 atque
461 396 761 461 sententiis,
791 398 1011 455 omnino
1037 416 1143 455 non
1164 403 1484 475 discrepent.
1508 407 1664 463 Certe
1686 412 1828 473 enim
1858 417 1906 473 Δ
1933 413 2014 469 lus
2043 420 2230 474 orabat
2260 422 2311 476 in
2344 436 2540 491 monte,
2564 429 2727 498 etiam
2750 433 2897 490 lsaac
2932 439 3021 506 qui
3049 441 3100 493 in
3128 434 3251 512 typo
3272 447 3479 503 Domini

278 480 434 512 ιρι-ην.
466 480 656 512 Ιίιι-ηηι
684 498 818 512 ..η-ιο
848 485 1005 512 Lm..-
1040 490 1249 512 ---ε-,ει
1318 508 1342 512 μ
1368 496 1397 512 γ·
1439 509 1481 512 --
1540 510 1545 512 Α
1942 504 1961 512 -
1996 508 2006 512 -
2135 510 2142 512 _

275 571 385 625 dixi
403 599 428 636 ,ι
449 586 570 625 cum
600 573 879 628 mandaret
900 574 1173 634 Abraham
1206 583 1289 637 vel
1316 583 1560 638 Rebecca
1580 626 1594 650 ,
1628 587 1706 641 sic
1731 588 1832 656 po-

278 675 405 727 nere
428 660 601 730 potuit
626 700 641 725 ,
670 662 715 715 si
746 662 813 715 ad
844 678 955 719 rem
985 670 1255 737 pertinere
1276 671 1572 741 judicaret,
1601 692 1725 731 cum
1747 694 1836 733 ve-

277 751 411 806 ritas
438 752 763 809 narrationis
791 755 1040 825 exigitur,
1070 760 1172 813 nisi
1211 770 1269 815 ut
1318 778 1499 817 rerum
1543 769 1824 821 sententia-

277 856 501 906 rumque
519 841 607 903 sit,
631 843 825 911 quibus
848 845 1087 902 voluntas
1115 860 1335 919 propter
1356 868 1514 921 quam
1538 855 1832 913 intimanda

277 928 439 982 verba
481 929 640 995 ﬁunt,
685 933 818 986 satis
860 935 1135 993 evidenter
1177 952 1414 1009 apparet.
1446 942 1598 1009 Quod
1635 946 1833 1001 habent

277 1013 451 1077 Latini
469 1016 705 1084 codices,
718 1030 974 1077 narrante
997 1039 1155 1079 servo
1165 1026 1396 1083 Abrahai
1416 1045 1537 1099 qtae
1561 1032 1661 1087 sibi
1686 1049 1834 1088 man-
1861 1024 1867 1035 ’

277 1105 500 1157 daverat
530 1104 790 1175 Dominus
816 1109 950 1179 ejus.
983 1112 1133 1170 Tunc
1179 1116 1438 1175 innocens
1479 1121 1591 1175 eris
1609 1134 1653 1174 ~a
1684 1123 1832 1190 jura-

276 1202 459 1247 mento
489 1209 639 1260 meo,
673 1197 755 1251 vel
797 1199 1068 1271 juratione
1112 1218 1270 1268 mea,
1309 1202 1495 1261 Gnaei.
1528 1207 1757 1274 habent,
1796 1226 1830 1264 a

274 1281 559 1337 maledicto
588 1299 727 1350 meo,
758 1286 908 1359 ὅρκος
941 1292 1085 1344 enim
1115 1291 1314 1347 dicitur
1330 1296 1559 1363 juratio,
1588 1298 1693 1374 ἆρά
1712 1317 1829 1353 ma-

272 1368 537 1425 ledictum.
565 1372 716 1429 Unde
743 1384 796 1429 et
824 1376 1107 1453 κατᾶρᾶτος
1130 1380 1458 1461 maledicus,
1482 1386 1565 1440 vel
1590 1368 1831 1445 ιέτικατά-

272 1480 428 1534 ραι-ος
473 1462 686 1518 dicitur.
724 1464 953 1520 Proinde
982 1469 1154 1522 oritur
1183 1472 1406 1544 quaestio
1440 1477 1706 1543 quomodo
1739 1478 1827 1533 illa

262 1547 465 1617 juratio
493 1552 832 1609 maledictum
866 1550 1039 1625 possit
1068 1559 1328 1631 intelligi,
1357 1564 1459 1619 nisi
1501 1566 1627 1636 quia
1663 1568 1826 1624 male-

269 1637 447 1693 dictus
484 1649 597 1723 est,
641 1645 733 1712 qui
772 1654 959 1700 contra
980 1646 1305 1715 jurationem
1350 1651 1513 1708 fece'ri

269 1814 495 1872 Domino
533 1836 685 1887 meo,
717 1823 946 1879 indicate
989 1828 1139 1881 mihi.
1182 1830 1295 1884 Duo
1345 1831 1433 1885 illa
1458 1847 1575 1901 qua:
1614 1836 1827 1892 assidue

266 1911 574 1971 ponuntur,
601 1908 655 1960 in
687 1910 804 1963 aliis
838 1913 1036 1967 sanctis
1078 1913 1372 1985 Scripturis
1405 1927 1460 1973 et
1505 1923 1736 1980 maxime
1771 1927 1825 1981 iu

247 1988 523 2059 ‘Psalmis,
563 1995 926 2066 misericordia
975 2010 1028 2056 et
1054 2001 1283 2071 justitia,
1317 2011 1641 2065 tantumdem
1679 2014 1824 2069 enim

266 2076 404 2129 valet
432 2080 795 2138 misericordia
815 2095 869 2140 et
890 2089 1118 2157 veritas,
1144 2091 1230 2147 hic
1260 2092 1372 2161 jam
1411 2111 1669 2168 apparere
1705 2116 1817 2157 cai-

265 2173 476 2232 perunt.

850 2263 1073 2321 CAPUT
1128 2267 1216 2323 Vl.

606 2344 683 2417 De
708 2348 927 2404 adventu
952 2351 1189 2409 Rebecca:
1218 2358 1286 2411 ad
1307 2358 1482 2416 Isaac.

334 2427 725 2500 Responderunt
755 2436 932 2495 Laban
955 2453 1002 2496 et
1027 2442 1215 2501 Batuel
1231 2464 1250 2503 :
1272 2451 1315 2504 Α
1341 2452 1565 2509 Domino
1586 2473 1819 2527 egressus

262 2526 336 2571 est
377 2535 578 2589 senno,
618 2542 720 2580 non
753 2545 1023 2598 possumus
1063 2546 1207 2591 extra
1240 2539 1490 2608 placitum
1532 2526 1646 2616 ejus
1671 2551 1821 2619 quid-

262 2616 421 2675 quam
454 2610 597 2666 aliud
622 2622 789 2668 tecum
821 2618 980 2689 loqui.
1008 2622 1094 2676 En
1130 2624 1355 2682 Rebecca
1394 2610 1569 2686 coram
1614 2646 1661 2689 te
1677 2610 1811 2705 rest,

262 2697 385 2752 tolle
411 2716 525 2753 eam
554 2711 602 2782 et
618 2706 975 2776 proﬁciscere,
1009 2722 1057 2765 et
1086 2716 1151 2767 sit
1179 2732 1310 2770 uxor
1338 2719 1437 2787 ﬁlii
1469 2722 1668 2777 domini
1708 2728 1811 2791 tui,

261 2788 395 2841 sicut
423 2777 621 2846 locutus
646 2804 721 2847 est
754 2795 1025 2854 Dominus.
1054 2801 1323 2869 Qumritur
1357 2813 1571 2879 quando
1609 2802 1816 2871 locutus

262 2888 345 2932 est
368 2880 647 2949 Dominus,
673 2885 774 2939 nisi
802 2889 925 2956 quia
953 2891 1039 2946 vel
1062 2896 1375 2968 prophetam
1405 2915 1523 2956 esse
1545 2902 1815 2966 Abraham

259 2980 520 3035 noverat,
552 2980 607 3025 et
648 2977 957 3044 prophetice
980 2996 1017 3046 .a
1044 2984 1269 3043 Domino
1307 2990 1505 3046 dictum
1550 2997 1690 3063 quod
1718 3013 1813 3067 per

258 3058 411 3112 illum
440 3060 638 3115 dictum
684 3063 861 3121 fuerat
906 3076 1294 3143 agnoscebant;
1318 3089 1413 3135 aut
1446 3058 1655 3153 signum
1685 3058 1810 3159 illud
1838 3072 1882 3136 C

258 3150 403 3216 quod
440 3151 540 3203 sibi
588 3153 994 3214 datumservus
1034 3161 1149 3229 ejus
1174 3170 1443 3236 narravit,
1490 3150 1808 3231 locutionem

258 3237 469 3292 Domini
498 3242 893 3311 appellaverunt
917 3287 932 3313 ,
958 3248 1060 3304 hoc
1079 3253 1217 3306 enim
1248 3258 1417 3327 magis
1458 3261 1523 3315 de
1568 3261 1808 3319 Rebecca

254 3340 567 3395 expressum
592 3340 693 3391 est.
726 3333 857 3388 Nam
890 3338 1030 3407 quod
1056 3340 1325 3403 Abraham
1352 3348 1585 3413 dixerat,
1613 3368 1717 3406 non
1745 3355 1811 3427 de

255 3412 499 3471 Rebecca
529 3420 756 3487 dixerat,
787 3427 878 3479 sed
908 3428 974 3481 de
1002 3429 1177 3499 aliqua
1208 3432 1407 3489 femina
1438 3453 1502 3493 ex
1544 3441 1686 3497 tribu
1724 3444 1807 3497 vel

253 3509 568 3576 cognatione
590 3527 681 3566 sua
711 3553 725 3577 ,
754 3523 809 3568 et
832 3517 937 3571 hoc
965 3519 1033 3574 ad
1067 3530 1352 3593 utrumque
1389 3526 1640 3583 immunis
1669 3542 1808 3587 esset

254 3608 285 3647 a
300 3593 610 3662 juramento
631 3610 839 3669 servus,
872 3605 915 3659 si
945 3622 1052 3662 non
1078 3610 1433 3681 impetrasset,
1457 3619 1599 3687 quod
1626 3622 1808 3691 utique

232 3700 357 3745 Anon
392 3688 605 3755 dicitur,
637 3707 756 3746 cum
791 3696 989 3765 aliquid
1015 3701 1384 3771 prophetatur,
1412 3717 1615 3762 certam
1664 3688 1805 3767 enim

251 3776 408 3847 decet
431 3792 552 3832 esse
576 3783 936 3849 prophetiam.

312 3862 636 3919 Dimiserunt
660 3886 777 3939 ergo
803 3889 915 3925 eam
939 3884 986 3926 et
1012 3879 1259 3957 nutricem
1301 3880 1465 3949 illius,
1507 3902 1805 3958 servumque

248 3953 510 4007 Abraham
536 3966 582 4008 et
611 3961 819 4031 comites
842 3963 972 4045 ejus,
999 3946 1420 4037 et'imprecantes‘
1438 3990 1683 4045 prospera
1718 3996 1802 4031 so-

248 4044 356 4095 rori
393 4059 501 4098 suta
531 4038 681 4116 atque
718 4039 941 4105 dicentes
965 4068 983 4103 :
1009 4053 1172 4109 Soror
1205 4069 1379 4112 nostra
1402 4078 1483 4127 es,
1512 4080 1708 4121 crescas
1746 4069 1801 4123 in

246 4131 389 4186 mille
412 4134 611 4201 millia,
631 4148 677 4190 et
705 4142 965 4208 possideat
998 4161 1167 4200 semen
1188 4156 1334 4202 tuum
1368 4163 1542 4220 partas
1567 4150 1799 4211 inimico-

247 4238 361 4293 rum
406 4241 639 4281 suorum.
670 4228 818 4296 Quod
859 4232 1111 4302 Rebeccae
1156 4237 1406 4294 dixerunt
1450 4242 1639 4299 lratres
1684 4248 1797 4316 ejus

245 4313 640 4380 proﬁcnscenti:
669 4318 835 4376 Soror
860 4334 1037 4379 nostra
1060 4342 1134 4391 es,
1151 4336 1266 4383 esto
1289 4331 1340 4385 in
1362 4332 1523 4388 millia
1548 4338 1789 4406 millium,

245 4409 299 4456 et
338 4402 703 4462 haireditatem
746 4411 981 4467 obtineat
1022 4431 1203 4472 semen
1234 4428 1381 4475 tuum
1418 4423 1662 4483 civitates
1701 4402 1793 4484 ad;

242 4500 604 4563 versariorum
655 4515 866 4560 tuorum
894 4547 908 4571 ,
947 4525 1052 4563 non
1104 4516 1378 4583 prOphetrc
1420 4518 1656 4588 fuerunt,
1704 4534 1795 4579 aut

243 4590 480 4646 vanitate
508 4600 613 4647 tam
643 4611 833 4667 magna
862 4608 1203 4668 Optaverunt,
1234 4608 1324 4660 sed
1350 4623 1412 4665 ea
1442 4625 1556 4678 quae
1594 4617 1791 4683 promi-

243 4688 388 4732 serat
412 4681 551 4735 Deus
578 4682 807 4739 Abrahae
836 4686 1001 4742 latere
1029 4706 1133 4745 non
1160 4696 1351 4761 potuit.

309 4765 508 4821 Eodem
536 4780 786 4841 tempore,
813 4776 967 4830 Isaac
996 4780 1354 4837 deambulabat
1395 4803 1486 4855 per
1515 4790 1645 4843 uiam
1671 4810 1786 4862 quae

238 4856 380 4910 ducit
402 4860 472 4912 ad
490 4871 717 4929 puteum,
735 4866 882 4933 cujus
912 4884 1095 4923 nomen
1118 4881 1191 4925 est
1219 4871 1440 4929 Viventis
1460 4888 1504 4930 et
1523 4878 1747 4936 Videntis
1763 4898 1781 4934 :

240 4945 521 5002 Habitabat
549 4960 717 5005 autent
745 4957 797 5007 in
822 4966 958 5009 terra
988 4958 1238 5026 Australi,
1266 4973 1313 5016 et
1340 4983 1574 5035 egressus
1613 4971 1784 5038 fuerat

238 5035 305 5087 ad
326 5038 679 5093 meditandum
709 5045 760 5096 in
796 5062 919 5115 agro
946 5048 1193 5103 inclinata
1217 5053 1333 5120 jam
1362 5055 1462 5108 die.
1491 5057 1652 5112 Terra
1679 5062 1783 5114 Au-

238 5124 385 5176 strali
406 5123 658 5181 Getarum
683 5132 975 5200 signiﬁcat,
1007 5140 1144 5191 unde
1177 5156 1205 5191 a
1233 5151 1381 5209 patre
1408 5145 1472 5197 ad
1504 5146 1783 5202 immolan-

238 5212 645 5289 dutnquondam
678 5222 850 5276 fuerat
881 5214 1155 5283 abductus.
1185 5232 1333 5297 Quod
1368 5243 1541 5288 autem
1569 5238 1644 5291 ait
1671 5257 1683 5291 ε
1715 5240 1780 5292 Et

236 5318 466 5371 egressus
486 5317 559 5357 est
583 5317 637 5359 ut
657 5326 977 5367 exerceretur
1000 5318 1051 5370 in
1076 5336 1254 5388 campo
1272 5363 1284 5386 ,
1312 5324 1449 5390 quod
1488 5324 1672 5381 Graece
1702 5331 1781 5381 (ll-

191 5400 197 5411 ‘
236 5391 391 5455 citur,
413 5392 842 5466 ﬁdeleaxaaaeﬁn
868 5402 1085 5461 Hebrmo
1113 5409 1301 5477 legitur
1326 5429 1339 5463 :
1366 5411 1431 5464 Et
1453 5431 1682 5481 egressus
1704 5430 1777 5470 est

237 5476 414 5546 Isaac,
444 5492 498 5534 ut
521 5484 880 5554 loquereturin
910 5510 1033 5563 agro
1072 5497 1363 5553 declinante
1388 5502 1503 5569 jam
1542 5520 1769 5573 vespera.

238 5572 502 5633 Signiﬁcat
524 5587 719 5643 autem,
750 5584 1033 5637 secundum
1060 5586 1212 5654 illud,
1240 5593 1380 5658 quod
1403 5593 1649 5648 dominus
1682 5613 1768 5651 so-

1934 504 2051 572 fuit,
2082 510 2148 564 ad
2174 514 2472 575 orationem
2498 520 2657 587 quasi
2681 521 2851 576 virum
2877 504 3081 592 justum
3107 504 3260 586 domo
3297 550 3478 604 egres-

1932 608 2069 660 sum,
2093 605 2147 651 et
2166 599 2249 653 vel
2270 606 2409 657 nona
2433 605 2587 671 hora,
2610 609 2696 663 vel
2717 619 2845 664 ante
2875 612 3003 669 solis
3022 630 3294 685 occasum,
3324 599 3482 691 spiri-
3528 652 3529 655 η

1931 688 2101 744 tuales
2124 689 2235 748 Deo
2260 694 2506 752 victimas
2536 696 2815 759 obtulisse.

2000 775 2226 851 Cumque
2241 782 2454 841 levasset
2478 790 2675 856 oculos,
2700 794 2824 848 vidit
2848 776 3072 851 camelos
3092 803 3481 875 oenientespro-

1929 866 2015 919 cal
2041 883 2058 920 :
2087 867 2310 925 Rebecca
2336 892 2559 945 quoque,
2598 879 2753 933 Isaac
2798 896 3101 955 conspecto,
3140 866 3400 945 descendit
3422 870 3487 948 de

1930 956 2145 1021 camelo,
2172 970 2219 1013 et
2239 961 2315 1012 ait
2344 963 2412 1014 ad
2433 980 2648 1050 puerum
2674 983 2692 1020 :
2719 969 2857 1046 Quis.
2880 984 2957 1027 est
2982 976 3134 1030 homo
3177 978 3266 1033 ille
3282 981 3375 1050 qui
3402 1000 3486 1037 oe-

1932 1045 2007 1098 nit
2037 1063 2129 1115 per
2160 1064 2345 1120 agrum
2371 1053 2428 1106 in
2447 1046 2729 1114 occursum
2769 1062 2915 1116 nobis
2932 1065 2957 1116 .’
2984 1065 3218 1137 Dicitque
3255 1045 3341 1125 ei:
3367 1070 3487 1142 Ipse

1928 1142 2005 1187 est
2036 1136 2279 1197 dominus
2310 1156 2475 1196 meus.
2503 1144 2568 1197 At
2596 1146 2689 1201 illa
2716 1148 2900 1204 tollens
2932 1153 3034 1206 cito
3067 1136 3283 1224 pallium
3303 1199 3317 1222 ,
3362 1136 3486 1230 ope-

1930 1226 2035 1299 ruit
2054 1242 2143 1293 se,
2172 1230 2285 1286 sive
2324 1230 2480 1300 juxta
2513 1234 2672 1290 aliam
2699 1240 3017 1308 editionem,
3047 1244 3163 1297 tulit
3190 1226 3485 1319 theristrum

1924 1325 1976 1370 et
2021 1321 2225 1387 operuit
2270 1312 2353 1376 'se.
2398 1323 2731 1411 Theristrum
2773 1331 2992 1399 pallium
3040 1333 3266 1401 dicitur,
3309 1312 3485 1411 genus

1921 1866 2145 1921 puerum
2161 1854 2312 1923 jubet
2341 1857 2440 1911 sub
2466 1857 2669 1914 femore
2697 1874 2795 1916 suo
2819 1879 3037 1919 manum
3067 1881 3283 1935 ponere,
3312 1878 3366 1924 et
3386 1885 3484 1939 per

1924 1942 2044 1997 ouili
2086 1944 2252 1998 Deum
2295 1944 2512 2014 jurare,
2558 1950 2663 2005 nisi
2707 1956 2849 2021 quod
2895 1954 3036 2011 illius
3063 1972 3189 2013 caro
3214 1975 3310 2029 per
3354 1961 3500 2016 illud.

1920 2034 2218 2088 membrum
2246 2036 2568 2095 descensura
2587 2049 2723 2106 erat,
2747 2044 2836 2113 qui
2856 2052 2909 2100 et
2929 2045 3159 2104 Abrahae
3179 2050 3318 2105 ﬁlius
3339 2063 3485 2108 esset.

1921 2130 1987 2177 ex
2010 2123 2361 2191 humanitate,
2387 2135 2441 2199 et
2465 2129 2720 2185 Dominus
2748 2147 2815 2187 ex
2845 2133 3160 2199 divinitate?
3181 2140 3271 2194 Sic
3298 2141 3478 2212 itaque

1902 2225 2087 2280 ,puero
2113 2215 2305 2275 dicitur
2331 2234 2343 2269 :
2378 2213 2521 2272 Pone
2541 2235 2753 2274 manum
2785 2222 2880 2275 sub
2905 2224 3099 2292 femore
3129 2245 3259 2293 meo,
3284 2240 3331 2282 et
3347 2230 3477 2298 jura

1918 2316 2011 2367 per
2057 2299 2222 2355 Deum
2263 2302 2397 2370 casti,
2432 2321 2496 2360 ac
2524 2307 2570 2361 si
2604 2318 2790 2377 aperte
2811 2311 3014 2367 diceret
3040 2332 3055 2368 :
3080 2315 3259 2388 Tange
3308 2318 3473 2372 ﬁlium
3520 2384 3525 2389 η

1916 2394 2096 2444 meum
2127 2402 2181 2447 et
2200 2393 2320 2462 jura
2346 2411 2442 2464 per
2462 2395 2745 2453 Dominum
2784 2415 2981 2457 meum.
3006 2403 3161 2460 Unde
3189 2422 3290 2469 nec
3315 2423 3475 2492 super

1914 2477 2113 2542 femur,
2138 2483 2233 2535 sed
2260 2483 2359 2537 sub
2384 2483 2585 2542 femore
2611 2502 2824 2542 manum
2854 2505 3056 2559 ponere
3082 2495 3315 2563 jubetur,
3344 2478 3469 2566 quia
3525 2566 3532 2574 ε

1914 2581 1979 2621 ex
2009 2567 2097 2622 illo
2127 2566 2328 2646 femore
2357 2571 2443 2625 ille
2472 2570 2826 2631 descensurus
2854 2587 2972 2633 erat
3010 2582 3101 2648 qui
3148 2582 3306 2637 homo
3341 2584 3461 2653 qui-

1879 2710 1881 2713 ,
1915 2656 2033 2711 dem
2054 2699 2069 2722 ,
2100 2658 2192 2712 sed
2239 2676 2399 2730 super
2440 2678 2627 2731 omnes
2672 2665 2918 2722 homines
2964 2671 3193 2725 veniret.
3226 2672 3363 2739 Quid
3391 2685 3474 2731 est

1914 2748 2057 2815 quod
2084 2747 2233 2804 Isaac
2259 2750 2451 2805 dilecto
2481 2751 2591 2806 ﬁlio
2615 2768 2751 2807 uxor
2794 2755 2859 2809 de
2898 2756 3109 2813 ﬁliabus
3149 2760 3472 2819 Chananm

1916 2850 2033 2888 rum
2064 2836 2184 2916 duci
2210 2838 2545 2907 prohibetur,
2578 2842 2679 2895 nisi
2717 2844 2860 2913 quod
2888 2845 2968 2899 illi
2997 2847 3062 2902 de
3084 2864 3193 2917 quo
3214 2852 3469 2921 scriptum
3538 2865 3543 2869 ‘

1912 2932 2037 2979 est:
2078 2910 2249 2981 Filius
2299 2944 2442 2983 meus
2482 2931 2702 2986 dilectus
2734 2910 2809 2988 ‘in
2858 2952 2959 3005 quo
3006 2910 3139 2993 milii
3184 2910 3474 3012 complectit

1915 3015 2127 3083 (Matth.
2157 3019 2238 3086 ιιι)
2268 3060 2282 3084 ,
2317 3020 2472 3075 nulla:
2522 3023 2764 3092 reprobze
2802 3028 2992 3083 animai
3038 3021 3467 3103 coniunguntur;

1913 3106 1977 3161 de
1999 3109 2317 3178 cognatione
2352 3120 2531 3164 autem
2558 3103 2780 3169 uxorem
2817 3116 2930 3172 ﬁlio
2976 3119 3239 3176 deducere
3284 3137 3471 3177 servus

1908 3197 2233 3272 praecipitur,
2264 3198 2389 3265 quia
2418 3199 2529 3253 sola
2560 3212 2742 3258 sancta
2769 3200 3056 3261 electorum
3088 3209 3325 3288 Ecclesia
3348 3212 3468 3265 uni-

1906 3260 2087 3349 genito
2113 3283 2219 3337 lilio
2248 3260 2537 3354 copulanda
2561 3298 2698 3355 erat,
2728 3308 2889 3361 quam
2918 3260 3379 3367 ipseunig‘enitus
3391 3314 3456 3353 ex

1906 3371 2368 3439 praedestinatione
2392 3374 2501 3442 jam
2541 3387 2596 3432 et
2633 3382 2965 3449 priescientia
3004 3394 3317 3441 .extraueam
3360 3404 3463 3443 non

1902 3458 2149 3513 habebat.
2168 3461 2297 3527 Quis
2317 3480 2444 3519 vero
2463 3477 2545 3522 est
2570 3482 2721 3535 puer,
2743 3472 2833 3539 qui
2860 3475 2925 3526 ad
2946 3470 3308 3530 deducendam
3330 3494 3462 3534 uxo—

1906 3560 2017 3622 rem
2053 3549 2301 3614 mittitur,
2326 3552 2427 3605 nisi
2453 3556 2827 3623 prophetarum
2850 3560 2981 3616 ordo
3011 3570 3169 3632 atque
3196 3568 3464 3633 apostolo-

1903 3648 2023 3686 rum
2048 3638 2386 3707 omniumqne
2413 3642 2725 3711 doctorum?
2746 3647 2844 3712 Qui
2870 3641 2997 3703 dum
3022 3652 3239 3706 verbum
3267 3658 3478 3724 przedi-.

1905 3722 2131 3778 cationis
2167 3725 2324 3780 bonis
2370 3730 2638 3784 mentibus
2670 3732 2900 3799 faciunt,
2934 3738 3000 3790 ad
3032 3722 3475 3812 unamquamque

1903 3811 2137 3865 animam
2164 3814 2439 3885 unigenito
2466 3816 2573 3873 ﬁlio
2602 3819 3199 3894 conjungendam’quasi
3224 3833 3461 3897 proviso—

1902 3914 1989 3953 res
2034 3900 2186 3956 ﬁunt.
2234 3902 2336 3969 Qui
2382 3920 2643 3977 pergens,
2689 3926 2867 3969 secum
2906 3916 2970 3970 de
3015 3916 3167 3972 bonis
3214 3923 3460 3978 omnibus

1902 3986 2100 4061 domini
2131 3989 2210 4041 sui
2243 3991 2458 4058 detulit,
2506 3997 2627 4064 quia
2675 4006 2728 4051 et
2770 4000 2823 4053 in
2872 4002 2955 4057 his
2985 4018 3102 4071 quae
3145 4006 3207 4060 de
3236 4007 3458 4065 Domino

1899 4058 2204 4144 loquuntur,
2238 4079 2291 4131 in
2314 4058 2613 4151 semetipsis
2638 4085 2890 4143 virtutum
2919 4091 3130 4149 divitias
3150 4098 3455 4161 ostendunt,

1899 4171 1952 4217 et
2005 4174 2150 4219 tanto
2193 4169 2349 4224 citius
2396 4172 2461 4225 ad
2508 4178 2837 4243 sequendum
2886 4179 3052 4237 Deum
3106 4188 3453 4255 protrahunt,

1898 4264 2153 4321 quantum
2185 4258 2516 4313 auditoribus
2563 4265 2671 4317 suis
2722 4266 2774 4318 in
2810 4272 3112 4339 semetipsis
3157 4284 3455 4332 monstrant

1899 4360 2015 4414 qua:
2039 4359 2278 4404 narrant.
2310 4353 2481 4423 Atque
2509 4356 2646 4413 idem
2674 4374 2807 4427 puer
2829 4360 2981 4429 juxta
3025 4364 3223 4421 fontem
3274 4370 3452 4431 stetit,

1897 4443 2056 4503 atque.
2084 4451 2149 4490 ex
2172 4439 2387 4509 prteﬁxa
2420 4446 2681 4499 sententia
2712 4462 2829 4514 quae
2848 4451 3017 4517 puella
3048 4453 3287 4523 eligenda
3309 4468 3453 4513 esset.

1895 4525 2199 4596 proposuit,
2252 4532 2373 4601 quia
2427 4535 2801 4602 prmdicatores
2849 4544 3015 4596 sancti
3061 4546 3197 4599 sacri
3253 4547 3444 4616 eloquii

1895 4614 2102 4671 lluenda
2132 4621 2493 4687 considerant,
2517 4634 2675 4694 atque
2702 4643 2765 4680 ex
2796 4630 2923 4697 ipsis
2950 4632 3199 4703 colligunt
3224 4614 3454 4703 quievvel'

1900 4705 2084 4772 quibus
2130 4710 2519 4775 praedicationis
2565 4730 2675 4769 siue
2708 4718 2870 4770 verba
2899 4722 3269 4788 committant,
3295 4732 3348 4777 et
3377 4740 3441 4779 ex

1890 4792 2083 4858 quibus
2124 4796 2452 4853 auditoribus
2492 4801 2738 4857 ﬁduciam
2767 4808 3099 4863 certitudiuis
3146 4823 3441 4867 assumant.

1889 4882 2076 4939 Polum
2108 4901 2233 4939 vero
2276 4891 2455 4956 petiit,
2502 4894 2625 4961 quia
2672 4897 2987 4965 praedicator
3007 4897 3177 4954 omnis
3208 4904 3438 4955 animam

1888 4976 1967 5028 sui
1996 4964 2253 5033 auditoris
2282 4983 2409 5035 sitit.
2441 4984 2543 5039 Sed
2571 4964 2806 5041 Rebecca
2836 5001 3017 5058 potum
3050 4996 3292 5061 prmbuit,
3314 5002 3439 5065 quia

1885 5075 2069 5119 Sancta
2094 5068 2382 5123 electorum
2407 5073 2660 5138 Ecclesia,
2685 5078 3087 5144 praedicatorum
3113 5098 3329 5139 suorum
3353 5087 3448 5139 de.

1886 5155 2113 5217 sidcrio,
2158 5174 2220 5210 ex
2249 5160 2445 5214 virtute
2486 5178 2595 5215 suae
2639 5165 2759 5217 ﬁdei
2806 5168 3087 5224 satisfacit.
3126 5173 3252 5238 Quae
3294 5178 3443 5228 enim

1886 5244 2047 5298 Deum
2095 5263 2251 5313 quem
2301 5250 2499 5303 audivit
2530 5252 2771 5307 confessa
2810 5266 2923 5321 est,
2969 5262 3295 5326 prmdicatori
3340 5279 3445 5315 suo

1882 5350 2073 5401 aquam
2111 5337 2411 5391 refectionis
2440 5342 2661 5405 obtulit,
2699 5344 2915 5412 ejusque
2945 5348 3173 5401 animam
3214 5350 3420 5419 refrige-

1881 5424 2032 5475 ravit.
2074 5423 2139 5475 Et
2187 5427 2477 5480 notandum
2525 5431 2665 5496 quod
2715 5432 2957 5501 hydriam
2995 5436 3069 5509 ab
3118 5438 3335 5490 humero
3375 5438 3429 5492 in

1877 5510 2027 5563 ulnas
2054 5512 2263 5578 posuit,
2305 5515 2427 5584 quia
2456 5515 2543 5570 illa
2588 5525 2671 5572 est
2710 5519 2901 5589 placita
2927 5524 3215 5587 confessio,
3246 5539 3363 5591 quae
3395 5540 3427 5579 ε

1874 5601 2011 5655 bono
2036 5615 2193 5670 opere
2224 5605 2491 5672 procedit;
2524 5607 2606 5662 vel
2630 5617 2775 5664 certe
2800 5624 2987 5678 aquam
3024 5613 3267 5679 pmbuit,
3301 5613 3426 5681 quia
