3968 6324
298 303 399 395 se:

1158 386 1161 387 ,
1242 374 1250 381 ε
1295 340 1632 398 COMMENT.
1673 341 1736 395 ΙΝ
1776 339 2182 397 (ἱΕΝΕὸΙΜι-
2227 348 2349 402 LIB.
2389 351 2497 405 llh.

3358 378 3471 435 378.

440 454 640 557 'lluenta
682 454 1063 559 loquebantur?
1102 454 1375 559 Nisi‘enim
1404 456 1702 559 unigenitus
1738 444 1827 559 Dei
1858 457 1906 514 Α
1931 462 1983 508 et
2005 432 2102 556 per
2152 463 2409 559 camelum
2438 465 2523 520 cui
2567 472 2811 536 praesedit
2848 479 3000 535 tortis
3033 434 3269 549 motibus
3294 432 3454 559 διῳιέ
3531 514 3536 518 .

279 534 486 607 .Filius,
527 545 849 609 incarnatus,
896 552 1147 610 tentatus,
1174 534 1550 617 apprehensus,
1590 545 1825 613 colaphis

303 637 487 695 ausus,
518 631 687 701 sputis
717 631 919 695 illusus,
946 634 1227 689 crucifixus
1258 649 1321 688 ac
1352 641 1590 687 mortuus
1618 631 1821 696 fuisset,

297 721 631 801 nobis‘bujus
652 722 821 791 putei,
857 722 909 777 id
935 732 1017 779 est
1054 724 1336 794 Scriptum
1362 737 1526 778 sacra:
1556 721 1825 790 profundi-

297 816 384 863 tas
413 825 517 864 non
548 800 771 879 pateret.
800 800 953 878 'Quid
975 804 1108 883 ergo
1143 813 1379 867 ﬁdelibus
1413 811 1679 865 humilitas
1705 826 1825 877 pas-

296 896 466 951 sionis
487 896 599 965 ejus
624 896 760 951 facta
785 906 886 963 est,
912 901 1011 954 nisi
1037 901 1198 955 clavis
1221 899 1525 968 apertionis,
1554 912 1649 967 per
1666 913 1822 966 quam

296 985 671 1061 mysteriorum
686 986 776 1041 Dei
792 996 1002 1056 puteum
1031 989 1342 1049 invenimus,
1371 995 1429 1039 ut
1447 969 1635 1061 aquam
1656 989 1825 1041 scien-

296 1058 391 1124 tire
415 1072 479 1133 de
502 1070 764 1157 prqfundo
794 1055 1124 1130 libaremus?
1150 1055 1565 1128 lncarnationein
1604 1075 1819 1145 quippe,

294 1160 617 1226 passionem,
640 1170 899 1233 mortem,
915 1161 1355 1225 resurrectionem
1376 1172 1533 1229 atque
1561 1165 1823 1218 ascensio-

295 1262 421 1300 nem
449 1248 605 1313 illius,
626 1252 763 1306 sacri
793 1253 985 1319 eloquii
1007 1236 1209 1321 pagina:
1234 1252 1536 1319 loquuntur,
1559 1268 1675 1322 quae
1698 1255 1821 1322 quia

296 1332 453 1388 facta’
488 1339 857 1405 cognovimus,
904 1340 1013 1407 jam
1052 1320 1192 1393 nunc
1233 1320 1591 1409 intelligimus.
1622 1320 1818 1394 audita.

297 1422 423 1477 Haec
464 1432 637 1480 autem
686 1428 833 1494 prius
882 1426 981 1495 legi
1022 1434 1292 1494 poterant;
1324 1420 1414 1480 sed
1450 1427 1573 1494 quia
1601 1427 1821 1481 necdum

292 1520 571 1574 venerant,
603 1511 822 1581 intelligi
848 1526 952 1565 non
977 1512 1237 1566 valebant.
1277 1512 1425 1568 Uade
1458 1521 1511 1567 et
1549 1529 1642 1582 per
1665 1513 1823 1568 Joan-

296 1612 419 1650 nem
447 1598 638 1651 dicitur
665 1616 679 1651 :
709 1596 841 1652 Vicit
864 1598 943 1652 leo
974 1599 1037 1652 de
1057 1599 1190 1651 tribu
1215 1598 1387 1663 Iuda,
1415 1591 1610 1668 aperire
1637 1600 1821 1655 librum

296 1694 346 1736 et
365 1683 555 1739 solvere
579 1693 765 1753 septem
789 1685 1053 1753 signacula
1080 1686 1191 1754 ejus
1214 1687 1233 1756 (
1253 1686 1406 1755 Apoc.
1437 1688 1510 1756 v).
1540 1688 1653 1757 [pse
1676 1679 1817 1742 enim

1925 545 2128 645 onustis
2154 548 2412 645 idolorum
2452 554 2675 645 cultibus
2700 559 2905 633 deditus
2928 571 3197 634 gentilium
3228 545 3448 644 popuius

1923 631 2267 727 designatur?
2292 639 2405 727 Qui
2432 643 2570 696 enim
2598 660 2662 699 ex
2691 631 2990 720 semetipsis
3016 657 3117 712 sibi
3143 631 3448 727 inveneram

1924 719 2051 774 deos
2070 738 2201 791 quos
2225 726 2475 809 colerent,
2502 734 2647 798 quasi
2671 750 2700 788 a
2724 719 3019 808 semetipsis
3046 761 3182 802 onus
3205 751 3259 805 in

1916 820 2231 907 excreverat
2272 806 2409 881 quod
2435 827 2723 907 portarent.
2773 806 3010 882 Rebecca
3040 844 3185 901 ergo‘
3208 840 3275 894 ad
3302 806 3448 897 lsaac

1924 898 2157 989 veniens,
2186 898 2344 953 dorso
2358 903 2550 989 cameli
2590 906 2881 976 deducitur,
2914 916 3033 981 quia
3062 898 3125 972 ex
3152 924 3447 989 gentilitate

1920 984 2154 1039 Ecclesia
2182 979 2471 1056 properan’s
2496 992 2549 1044 in
2580 997 2730 1048 tortis
2756 979 3058 1072 vitiosisque
3102 979 3223 1062 vita:
3249 979 3442 1069 veteris
3508 1048 3509 1051 η

1920 1074 2406 1161 conversationibus
2439 1077 2716 1133 invenitur.
2756 1083 2880 1149 Quae
2910 1096 2964 1140 ut
2991 1090 3134 1145 lsaac
3170 1096 3332 1161 vidit,
3377 1099 3444 1151 de

1917 1160 2121 1213 camelo
2148 1162 2432 1227 descendit,
2460 1166 2577 1233 quia
2610 1178 2790 1222 sancta
2816 1171 3065 1238 Ecclesia,
3112 1160 3436 1246 quantuli-e-

1920 1246 2239 1315 demptorem
2273 1264 2422 1303 suum
2463 1254 2703 1307 subtilius
2735 1260 2986 1325 agnoscit,
3030 1269 3174 1316 tanto
3212 1268 3437 1321 carnalis

1917 1334 2039 1388 vitae
2082 1337 2254 1389 studia
2303 1339 2548 1392 humilius
2576 1342 2788 1406 deserit,
2841 1354 3002 1419 atque
3029 1348 3103 1414 in
3157 1354 3434 1419 semetipsa

1918 1420 2209 1475 fortitudini
2252 1425 2451 1479 vitiosa:
2488 1405 2815 1483 contradicit.
2854 1405 3013 1499 1εὲιυῖ
3029 1410 3184 1485 Ἰεαεο
3208 1435 3319 1487 viso

1920 1511 2139 1575 scendit,
2171 1515 2312 1581 quia,
2336 1515 2554 1569 Domino
2582 1521 2804 1585 cognito,
2834 1522 2968 1574 viam
2996 1536 3144 1575 suam
3177 1525 3437 1592 gentilitas
3486 1524 3490 1531 ’
3526 1508 3529 1509 ν

1919 1598 2164 1662 deseruit,
2202 1608 2257 1653 et
2280 1603 2345 1655 ab
2368 1602 2590 1679 elatione
2627 1606 2947 1661 celsitudinis
2983 1608 3087 1662 ima
3128 1610 3433 1665 humilitatis

1920 1689 2088 1756 petiit.
2114 1689 2246 1754 Quid
2271 1699 2352 1745 est
2390 1701 2561 1744 autem
2599 1696 2736 1759 quod
2776 1697 2918 1749 lsaac
2944 1698 2996 1749 in
3021 1697 3218 1750 camelo
3244 1700 3431 1752 sedens

296 1768 491 1823 librum
516 1772 720 1838 aperuit
742 1780 795 1825 et
813 1773 1079 1841 signacula
1105 1773 1217 1849 ejus
1239 1773 1410 1837 solvit,
1434 1775 1521 1841 qui
1543 1777 1823 1841 nascendo,
1855 1762 1900 1819 Β
1928 1775 2164 1829 Rebecca
2206 1779 2492 1844 conspexit,
2545 1780 2642 1831 nisi
2679 1781 2815 1845 quod
2843 1781 3239 1849 Redemptorem
3283 1798 3436 1841 suum

296 1859 593 1923 moriendo,
638 1860 959 1927 resurgendo
993 1848 1151 1928 atque
1186 1848 1252 1915 ad
1285 1861 1446 1915 caelos
1478 1862 1824 1936 ascendendo,

298 1945 589 2017 Scriptura
628 1962 795 2001 sacra:
831 1948 982 2005 nobis
1006 1961 1199 2002 arcana
1232 1949 1497 2017 patefecit.
1543 1950 1609 2004 Et
1635 1958 1826 2004 notan-

254 2081 258 2085 .
296 2040 433 2117 dum
469 2036 607 2107 quod
642 2052 750 2091 non
791 2035 1021 2090 dicitur:
1053 2036 1366 2091 Ambulabat
1401 2053 1495 2106 per
1529 2040 1665 2091 viam
1712 2053 1827 2105 quae
1862 2049 1883 2061 “

295 2127 445 2181 ducit
500 2126 566 2197 ad
617 2134 869 2195 puteum,
943 2125 1035 2180 sed
1089 2126 1464 2180 deambulabat.
1519 2120 1829 2181 Deambulat

222 2238 225 2239 ν
294 2216 491 2286 quippe
533 2204 623 2285 qui
653 2217 794 2269 viam
835 2230 932 2285 per
957 2231 1116 2285 quam
1158 2217 1391 2270 ambulat
1421 2216 1592 2271 eundo
1631 2224 1685 2269 et
1713 2216 1829 2269 red-

293 2306 471 2359 eundo
510 2304 806 2367 conculcat.
845 2304 901 2357 ln
946 2304 1243 2359 humilitate
1285 2306 1542 2374 passionis
1579 2305 1832 2367 Dominus

293 2377 675 2456 deambulavit,
721 2392 841 2461 quia
880 2394 1035 2467 modo
1063 2409 1092 2446 a
1118 2392 1309 2447 Judaais
1337 2395 1615 2447 verborum
1644 2400 1830 2447 contu-

296 2481 505 2559 melias,
538 2483 693 2537 modo
721 2492 902 2536 contra
930 2498 988 2537 se
1021 2483 1211 2538 falsum
1244 2484 1631 2548 testimonium,
1677 2484 1831 2537 modo

295 2566 496 2640 alapas,
528 2571 685 2624 modo
718 2580 889 2640 sputa,
928 2573 1084 2627 modo
1116 2587 1348 2637 crucem,
1390 2574 1541 2626 modo
1580 2585 1831 2625 coronam

294 2652 536 2727 spineam
566 2658 837 2713 tolerando
886 2659 1154 2713 sustinuit.
1204 2658 1593 2713 Deambulasse‘
1616 2645 1741 2728 ergo
1778 2660 1831 2710 in

295 2749 599 2804 humilitate
643 2746 901 2818 passionis
943 2755 1026 2804 est
1061 2757 1140 2803 tot
1185 2749 1526 2803 adversitates
1557 2754 1610 2801 et
1644 2747 1835 2814 probra

296 2842 527 2896 diversis
569 2839 739 2894 modis
782 2839 1022 2894 iterando
1071 2839 1364 2909 pertulisse.
1404 2837 1501 2903 Qui
1540 2838 1687 2891 lsaac
1730 2836 1835 2889 Re-

298 2936 461 2983 becca
488 2929 733 2983 veniente
765 2928 818 2982 in
851 2935 994 2981 terra
1021 2927 1254 2982 Australi
1299 2927 1516 2989 habitat,
1564 2925 1839 2994 quiauni-

297 3018 514 3087 genitus
526 3008 790 3070 Dominus
813 3031 878 3070 ac
916 3006 1237 3084 Redemptor
1272 3022 1473 3077 noster,
1498 3014 1741 3077 veniente
1768 3012 1839 3065 ad

296 3122 363 3161 se
390 3106 644 3170 Ecclesia,
676 3106 728 3158 in
756 3105 963 3159 illorum
992 3104 1258 3158 mentibus
1284 3103 1475 3155 mansit
1504 3116 1636 3170 quos
1663 3114 1729 3153 ex
1747 3098 1839 3153 Ju-

284 3197 415 3256 ,εὶωει
443 3197 633 3259 editos,
659 3193 761 3250 neu
786 3195 1014 3263 torporis
1039 3194 1220 3263 frigus,
1248 3193 1339 3246 sed
1368 3192 1544 3246 fervor
1569 3190 1857 3244 cbaritatis~

300 3286 490 3340 tenuit.
528 3286 615 3339 Ex.
632 3285 721 3340 illo
749 3285 942 3355 quippe
973 3282 1164 3351 populo
1188 3282 1340 3334 Anna
1378 3280 1729 3348 prophetissa,
1774 3291 1840 3341 ex

300 3373 394 3427 illo
421 3357 634 3429 Simeon
660 3372 879 3434 exstitit,
921 3371 1010 3440 qui
1039 3371 1093 3423 in
1131 3361 1298 3441 ulnas.
1320 3368 1601 3421 Dominum
1641 3364 1855 3432 accepit,

299 3464 322 3533 (
346 3462 471 3517 Luc.
502 3464 596 3532 ιι).
633 3447 1094 3532 Εενθεδυεδιιιοω
1118 3456 1290 3511 fuerat
1317 3457 1382 3509 ad
1408 3454 1763 3508 meditandum
1790 3454 1846 3506 in

298 3562 453 3621 agro.
498 3551 622 3621 quia
649 3564 777 3619 ager
806 3548 1033 3603 mundus
1058 3546 1332 3614 accipitur.
1376 3544 1491 3613 ipse
1518 3557 1613 3610 per
1653 3556 1711 3596 se
1740 3542 1845 3595 Do-

248 3636 258 3641 ’
298 3643 481 3696 minus
501 3642 718 3710 exponit
737 3630 947 3694 dicens:
968 3641 1099 3710 Ager
1118 3645 1288 3690 autem
1300 3645 1371 3688 est
1396 3634 1614 3687 mundus
1638 3631 1846 3703 (Matth.

301 3730 447 3803 xm).
478 3707 609 3796 Quia
642 3731 694 3783 in
721 3730 825 3783 hoc
850 3707 1098 3798 egressus
1116 3725 1312 3794 ,“quod
1338 3722 1563 3778 visibilis
1598 3734 1853 3790 apparere
1882 3788 1886 3793 _

301 3821 555 3890 dignatus
582 3827 685 3882 est,
728 3819 868 3872 sicut
896 3817 1151 3883 scriptum
1189 3822 1271 3867 est
1312 3828 1325 3865 :
1356 3811 1525 3865 Emisti
1554 3811 1607 3863 in
1635 3808 1852 3863 salutem

300 3911 481 3981 populi
524 3912 623 3973 tui,
652 3916 711 3963 ut
736 3907 905 3962 salvos
948 3895 1113 3975 facias
1143 3903 1357 3957 christos
1384 3912 1517 3956 tuos.
1548 3899 1732 3954 Solent
1756 3912 1851 3951 au-

302 4013 417 4058 tem
450 3990 731 4057 exercitati
776 3999 998 4068 juvenes
1026 3985 1401 4072 dicat-morum
1443 4008 1543 4046 usu
1590 3986 1862 4047 meditari.

302 4094 453 4155 lsaac
481 4107 608 4161 ergo
644 4091 709 4144 ad
746 4088 1107 4144 meditandum
1150 4086 1202 4139 in
1249 4098 1373 4154 agro
1410 4082 1559 4157 exiit,
1599 4080 1720 4150 quia
1747 4078 1856 4133 Re-

200 4197 233 4205 "
302 4180 552 4250 dempto'r
599 4188 782 4243 noster
818 4193 877 4232 se
910 4175 1252 4245 sequentibus
1278 4172 1499 4246 formam
1545 4169 1883 4231 humilitatis,

277 4254 570 4338 Διη’ωικξηςμ,
598 4282 697 4345 per
720 4264 1031 4322 exercitium
1060 4260 1476 4333 longanimitatis
1511 4273 1619 4313 sua:
1649 4257 1856 4327 passio-

304 4359 578 4428 nisquein
610 4374 668 4414 se
705 4366 761 4413 et
794 4358 1066 4427 patientia:
1099 4353 1339 4424 exempla
1370 4350 1699 4408 monstravit.
1748 4348 1858 4402 Me-

304 4438 495 4504 ditatio
522 4450 715 4519 quippe
743 4450 1013 4503 armorum
1043 4454 1123 4502 est
1137 4443 1495 4513 frequentatio
1534 4440 1857 4512 passionum.

305 4539 411 4606 Qui
439 4541 578 4593 enim
609 4538 833 4594 verbera
878 4552 1133 4591 manuum
1152 4575 1167 4599 ,
1206 4534 1472 4594 lanceam,
1502 4545 1715 4586 crucem
1745 4543 1865 4610 per-

306 4630 453 4693 tulit,
488 4630 789 4698 passionem
841 4642 993 4682 suam
1024 4611 1318 4695 usquead
1357 4631 1580 4677 mortem
1616 4621 1866 4689 frequen-

308 4727 428 4771 tare
458 4717 719 4788 permisit.
767 4715 1053 4787 Passiones
1092 4728 1219 4768 vero
1257 4727 1404 4766 arma
1455 4708 1698 4775 dicimus,
1728 4709 1901 4778 'quia’

304 4824 410 4878 per
438 4809 580 4877 ipsas
606 4807 676 4861 ab
706 4805 1013 4861 adversario
1039 4804 1248 4860 occulto
1278 4790 1584 4866 liberamur,
1612 4800 1750 4855 sicut
1772 4813 1869 4869 per

307 4898 547 4966 seipsum
573 4897 827 4953 Dominus
852 4894 981 4949 dicit
1008 4911 1021 4947 :
1050 4893 1119 4947 In
1151 4890 1397 4962 patientia
1441 4900 1604 4944 vestra
1635 4888 1868 4959 posside-

308 4987 434 5042 bitis
460 4988 660 5041 animas
692 4998 887 5040 vestras
916 4984 1075 5056 (Luc.
1118 4982 1262 5053 xxi).
1288 4982 1386 5048 Qui
1412 4982 1479 5061 ad
1509 4979 1872 5035 meditandum

313 5076 371 5129 in
420 5090 548 5151 agro
583 5076 852 5131 .inclinata
901 5073 1014 5142 jam
1062 5073 1148 5127 die
1192 5071 1339 5135 exiit,
1390 5070 1513 5139 quia
1566 5068 1876 5138 passionum

312 5164 573 5221 exercitia
589 5162 741 5231 juxta
770 5165 928 5218 tinem
957 5162 1141 5217 mundi
1179 5160 1429 5229 suscepit,
1454 5152 1592 5214 sicut
1610 5156 1875 5228 pcr‘Psal-

313 5254 530 5309 mistam
581 5254 647 5307 de
694 5252 1057 5307 crucifixionis
1106 5265 1215 5306 sum
1253 5249 1593 5317 expressione
1642 5246 1878 5314 loquitur

313 5345 506 5401 dicens
534 5363 547 5398 :
574 5344 809 5401 Elevatio
860 5330 1110 5397 manuum
1166 5356 1395 5394 mearum
1434 5339 1747 5407 sacriﬁcium
1791 5354 1877 5390 ve—

312 5438 601 5506 spertinum
647 5433 830 5507 (Psal.
884 5432 1039 5505 CXL).
1074 5432 1208 5499 Quid
1245 5440 1325 5486 est
1363 5439 1540 5485 autem
1584 5429 1740 5498 quod
1776 5429 1880 5481 lle-

316 5526 481 5581 beeca
515 5527 581 5579 atl
618 5526 767 5579 lsaac
799 5524 957 5579 dorso
1000 5518 1189 5577 cameli
1238 5520 1546 5584 deducitur,
1599 5518 1702 5573 nisi
1743 5517 1883 5585 quod

309 5613 426 5683 jam
454 5628 549 5684 per
580 5614 895 5678 Relicccam,
948 5613 1084 5667 sicut
1126 5596 1332 5680 praefati
1364 5624 1569 5672 sumus,
1621 5598 1883 5671 Ecclesia,

1924 1862 2158 1933 Ecclesia
2192 1879 2255 1917 ex
2293 1865 2533 1933 gentibus
2569 1870 2800 1930 veniens,
2834 1867 2957 1920 dum
2997 1869 3165 1923 adhuc
3185 1870 3325 1931 vitiis
3348 1885 3437 1933 es.

1924 1959 2005 2005 set
2031 1951 2227 2015 innixa,
2252 1961 2319 2024 et
2341 1956 2560 2007 necdum
2588 1954 2972 2021 spiritualibns,
3016 1955 3106 2009 sed
3130 1956 3441 2011 animalibus

1924 2037 2148 2091 motibus
2195 2038 2503 2099 inhereret;
2544 2039 2850 2107 conspexit?
2892 2039 2995 2093 Nec
3042 2054 3247 2094 movere
3286 2040 3443 2097 debet

1925 2123 2063 2191 quod
2091 2139 2221 2191 puer
2252 2140 2457 2192 quoque
2501 2141 2618 2179 cum
2656 2126 2871 2178 camelis
2911 2133 3124 2179 venerat
3164 2127 3216 2179 in
3255 2128 3444 2195 quibus

1926 2217 2004 2269 sui
2030 2216 2227 2270 damini
2254 2219 2461 2271 divitias
2489 2208 2709 2282 ferebat,
2734 2220 2853 2287 quia
2892 2220 2985 2287 ipsi
3017 2234 3217 2286 quoque
3255 2219 3441 2287 pretii——

1926 2310 2132 2358 calores
2162 2305 2349 2366 sancti,
2402 2292 2637 2373 quamvis
2672 2305 2781 2372 jam
2833 2306 2899 2359 ad
2941 2302 3205 2391 superiora
3254 2304 3441 2358 intelli-

1926 2392 2093 2460 genda
2135 2398 2291 2459 atque
2331 2392 2660 2459 proferenda,
2702 2403 2755 2446 et
2788 2393 3045 2448 intellectu
3093 2401 3145 2447 et
3169 2393 3274 2446 vita
3315 2392 3443 2445 emi-

1927 2486 2065 2541 cent,
2119 2479 2291 2533 adhuc
2334 2488 2505 2532 tamen
2548 2480 2599 2531 in
2649 2481 2937 2547 semetipsis
2984 2479 3440 2533 contradictionem

1928 2565 2100 2619 carnis
2146 2566 2393 2619 sentiunt.
2426 2558 2583 2617 Nam~
2601 2567 2777 2618 vident
2814 2567 2964 2618 aliam
2995 2566 3160 2633 legem
3201 2566 3252 2617 in
3284 2579 3447 2616 mem-
3483 2553 3496 2561 ’

1929 2652 2039 2705 bris
2065 2652 2173 2705 suis
2213 2662 2587 2720 repugnantem
2626 2642 2725 2719 legi
2764 2654 2950 2705 mentis
2980 2666 3104 2712 suae,
3135 2662 3186 2703 et
3222 2643 3452 2717 captivos

1934 2741 2269 2794 seduceutem
2296 2741 2349 2793 in
2374 2741 2487 2809 lege
2530 2740 2727 2807 peccati
2768 2738 2947 2816 (Rom.
2978 2739 3103 2807 vn).
3151 2738 3216 2790 Et
3243 2736 3452 2790 divitias

1935 2827 1986 2879 in
2010 2827 2446 2895 camelis-portat,
2476 2827 2610 2897 quia
2637 2840 2702 2878 ne
2746 2825 3044 2893 magnitudo
3080 2822 3452 2877 revelationum

1936 2914 2156 2967 extollat
2190 2928 2301 2979 eos,
2329 2914 2483 2967 datur
2509 2914 2586 2966 eis
2619 2911 2858 2965 stimulus
2898 2911 3071 2965 carnis
3101 2924 3225 2962 suae.
3260 2907 3463 2961 Habent

1937 3002 2078 3055 enim
2108 3002 2410 3055 thesaurum
2442 3001 2595 3053 istum
2619 3000 2669 3053 in
2692 3000 2831 3052 vasis
2856 2998 3120 3061 fictilibus,
3151 3004 3206 3049 ut
3232 2994 3462 3049 sublimi-

1942 3100 2023 3145 tas
2052 3090 2121 3143 sit
2142 3090 2354 3142 virtutis
2382 3088 2492 3151 Dei,
2530 3098 2709 3141 etnon
2733 3101 2798 3140 ex
2825 3087 2921 3140 eis.
2961 3085 3057 3150 Qui
3084 3098 3209 3153 ergo
3233 3098 3325 3152 per
3351 3097 3467 3136 car—

1940 3193 2061 3239 nem
2092 3177 2325 3232 coelestia
2372 3166 2669 3244 loquuntur,
2716 3184 2768 3226 et
2812 3181 2981 3227 tamen
3025 3172 3195 3225 adhuc
3226 3172 3279 3224 in
3306 3184 3465 3223 carne

1939 3264 2404 3318 contradictionem
2438 3264 2502 3317 de
2536 3263 2662 3315 vitio
2689 3263 2941 3325 sentiunt,
2969 3259 3268 3328 quidaliud
3310 3271 3466 3326 quam

1942 3369 2101 3422 super
2130 3361 2364 3408 tortuosa
2386 3353 2703 3407 camelorum
2729 3352 2881 3405 dorsa
2905 3349 3113 3403 divitias
3140 3346 3346 3401 ferunt?
3370 3345 3470 3399 Re-

1940 3442 2103 3497 becca
2138 3457 2265 3496 vero
2292 3442 2438 3503 lsaac
2463 3441 2595 3503 viso,
2635 3439 2752 3507 quis
2790 3438 2873 3491 ille
2916 3438 3073 3489 homo
3097 3435 3183 3497 sit,
3216 3430 3473 3499 requisitb

1943 3543 2127 3598 puero,
2176 3527 2526 3598 recognoscit,
2569 3526 2693 3595 quia
2740 3524 2972 3593 quotidie
3014 3529 3195 3576 sancta
3243 3516 3502 3573 Ecclesia'

1948 3606 2120 3674 adhuc
2138 3633 2231 3688 per
2251 3603 2624 3686 prephetarum
2646 3624 2802 3682 atque
2827 3608 3179 3680 apostolorum
3204 3610 3342 3662 dicta
3354 3606 3481 3676 quid

1952 3696 2017 3763 de
2063 3709 2396 3774 redemptore
2441 3718 2537 3759 suo
2566 3704 2784 3758 credere
2827 3701 3014 3754 debeat
3057 3695 3315 3765 intelligit.
3359 3694 3486 3762 Qum

1952 3810 2069 3869 sese
2112 3783 2231 3849 max
2267 3793 2424 3862 pallio
2446 3792 2673 3861 operuit,
2718 3790 2842 3858 quia
2880 3794 3081 3856 quanto
3107 3784 3351 3840 subtilius
3375 3780 3496 3836 Sale
3542 3812 3551 3813 κ

1952 3873 2154 3940 vatoris
2196 3885 2277 3939 sui
2327 3882 2575 3953 mysteria
2622 3887 2886 3950 penetrat,
2936 3874 3273 3938 tanto_altius
3310 3874 3375 3927 de
3402 3885 3497 3927 an:

1955 3983 2127 4030 teacta
2178 3974 2285 4027 vita
2328 3971 2703 4033 confunditur;
2759 3977 2813 4021 et
2852 3967 2975 4036 quia
3016 3953 3261 4034 perverse
3305 3958 3498 4030 egerit,

1956 4056 2360 4124 verecundatur.
2392 4061 2555 4114 Pallio
2579 4074 2637 4113 se
2685 4057 2957 4126 cooperire
2976 4054 3209 4118 'curavit,
3236 4051 3359 4121 quia
3382 4051 3500 4104 viso

1958 4154 2181 4221 Domin
2203 4192 2218 4216 ,
2244 4151 2624 4207 .inlirmitatem
2671 4163 2780 4201 suae
2816 4144 3040 4199 actionis
3065 4142 3294 4205 erubuit,
3336 4148 3392 4194 et
3416 4136 3504 4193 illa

1959 4264 2076 4318 qua:
2106 4248 2253 4317 prius
2297 4246 2349 4301 in
2380 4243 2584 4315 camelo
2614 4243 2777 4297 libere
2812 4238 3139 4309 gestabatur,
3182 4231 3510 4318 descendens

1961 4317 2318 4407 postmodum,
2353 4331 2669 4387 verecundia
2698 4329 2909 4398 tegitur.
2943 4324 3091 4382 Unde
3117 4323 3287 4377 eidem
3329 4317 3512 4388 Eccleo

1967 4431 2058 4485 sia:
2081 4445 2111 4483 a
2133 4428 2311 4499 priore
2335 4426 2563 4480 elatione
2585 4428 2878 4484 conversae,
2922 4433 3017 4487 per
3047 4413 3389 4485 apostolicam
3415 4424 3512 4463 vo-

1969 4534 2107 4584 cem,
2133 4517 2284 4588 quasi
2305 4517 2558 4571 Rebeccae
2583 4512 2646 4567 de
2673 4508 2880 4566 camelo
2915 4503 3280 4567 descendenti,
3312 4499 3542 4583 sibique.

1968 4608 2186 4678 pallium
2230 4602 2623 4678 superducen‘ti,
2672 4588 2869 4656 dicitur
2893 4613 2906 4650 :
2931 4594 3092 4660 Quem
3122 4591 3258 4646 enim
3289 4588 3520 4678 fructum

1972 4674 2221 4753 bubuistis
2263 4674 2385 4749 tunc
2425 4695 2481 4747 in
2528 4692 2657 4756 illis,
2703 4691 2758 4743 in
2804 4686 2986 4759 quibus
3024 4693 3144 4737 tunc
3187 4674 3526 4734 erubescitis?

1975 4774 2154 4858 (Rom.
2198 4784 2314 4854 vr.)
2366 4783 2536 4850 Quam
2566 4772 2717 4835 lsaac
2752 4778 2805 4831 in
2834 4770 3229 4830 tabernaculum
3268 4782 3377 4823 suae
3405 4780 3519 4819 ma-

1974 4854 2070 4931 tris
2099 4875 2395 4931 introduxit
2421 4881 2581 4942 atqne
2613 4882 2829 4924 uxorem
2859 4862 3089 4930 accepit,
3136 4858 3260 4929 quia
3285 4857 3403 4912 loco
3428 4854 3527 4925 Sy-

1973 4984 2190 5039 nagoga:
2231 4967 2485 5023 Dominus
2526 4978 2591 5017 ex
2615 4974 2716 5029 qua
2742 4972 2838 5027 per
2876 4968 3090 5010 carnem
3117 4960 3277 5006 natus
3301 4957 3385 5006 est
3407 4963 3530 5003 san-

1976 5067 2119 5113 ctam
2174 5055 2485 5110 Ecclesiam
2510 5049 2720 5119 delegit,
2772 5059 2998 5113 eamque
3036 5042 3137 5098 sibi
3164 5042 3219 5096 in
3260 5053 3446 5094 amore
3479 5044 3533 5089 et

1977 5125 2425 5214 coniemplatione
2472 5136 2763 5209 conjungit,
2809 5145 2869 5189 ut
2901 5148 3019 5203 qum
3046 5132 3195 5203 prius
3236 5145 3304 5203 ex
3332 5143 3531 5196 cogna-
3598 5152 3599 5155 η

1980 5240 2122 5293 tione
2142 5235 2402 5307 proxima,
2433 5230 2485 5285 id
2515 5240 2615 5293 εει,
2646 5225 2860 5296 cognita
2888 5239 2984 5293 per
3011 5218 3533 5307 praedestinationem

1984 5301 2176 5391 fuerat,
2207 5320 2545 5395 postmOdum
2578 5316 2691 5387 jam
2728 5314 3011 5384 conjuncta
3044 5312 3098 5366 in
3142 5322 3322 5364 amore
3358 5301 3537 5395 conti-

1984 5432 2090 5474 nuo
2115 5393 2251 5471 uxor
2270 5412 2389 5473 ﬂat.
2421 5408 2591 5477 Quam
2622 5407 2675 5460 in
2706 5412 2913 5459 tantum
2955 5402 3162 5465 dilexit,
3211 5405 3269 5452 ut
3299 5393 3536 5450 dolorem

1986 5508 2075 5578 qui
2102 5520 2167 5559 ex
2214 5510 2387 5558 morte
2433 5498 2621 5553 matris
2668 5500 2989 5557 accesserat,
3028 5494 3365 5558 temperaret,
3417 5481 3542 5550 quia

1988 5616 2049 5657 cx
2097 5599 2248 5653 lucro
2284 5600 2503 5649 sancta:
2533 5587 2786 5644 Ecclesiae
2838 5585 3158 5655 Redemptor
3203 5582 3385 5633 noster
3427 5588 3547 5631 eam
