3968 6338
522 354 624 429 519

1184 358 1245 412 Β.
1291 359 1539 414 RABANI
1579 358 1792 414 MAURl
1831 358 2143 433 ARClllEP.
2188 359 2493 416 MOGUNT.
2534 358 2815 415 OPERUM
2856 358 3031 416 PARS
3070 360 3109 413 l.

3645 362 3748 415 586

521 486 678 542 quam
708 484 772 524 ex
803 470 1100 538 perditione
1143 470 1433 541 Synagogte
1476 470 1719 524 accidere
1762 470 1953 538 potuit,
1987 472 2078 523 tri-
2110 476 2153 533 Α
2254 472 2404 527 Dedit
2466 482 2638 526 autem
2699 482 2885 527 cuncta
2952 474 3214 527 Abraham
3270 492 3385 545 qua:
3449 473 3750 543 ppssi:.’ebat

521 561 723 635 stitiam
774 560 1017 615 detersit.
1056 561 1202 614 \Dum
1249 561 1390 614 enim
1433 559 1672 613 Rebecca
1722 558 2081 629 conjungitur,

520 651 671 706 dolor
690 649 755 704 de
785 652 973 705 matris
1000 660 1169 705 morte
1206 656 1532 723 amputatur,
1567 648 1689 716 quia
1730 650 1855 702 dum
1898 659 2082 704 sancta

521 739 762 800 Ecclesia
805 753 868 793 ex
912 739 1206 808 gentilitate
1250 738 1470 793 veniens
1509 752 1674 805 usque
1717 738 1783 791 ad
1832 738 2081 793 thronum

520 831 990 899 contemplationis
1025 830 1349 899 perducitur,
1382 828 1563 883 Iudaea
1594 845 1691 899 pro
1728 830 1893 884 nihilo
1925 831 2084 886 liabe-

520 926 627 973 tur.
659 920 755 986 Qui
783 922 825 973 si
856 920 1194 987 interpretari
1222 920 1333 989 ipsa
1360 934 1544 973 eorum
1575 921 1789 974 nomina
1814 936 2080 984 curamus,

522 1012 667 1064 Isaac
698 1012 851 1072 risus,
907 1009 1145 1064 Rebecca
1178 1011 1628 1079 autem-patientia
1662 1010 1873 1064 dicitur.
1926 1010 2085 1064 Risus

519 1116 646 1156 vero
670 1116 736 1154 ex
765 1100 944 1153 laetitia
971 1108 1075 1163 est,
1111 1100 1367 1169 patientia
1398 1108 1574 1175 autem
1607 1101 1673 1153 de
1716 1100 2079 1152 tribulatione.

519 1190 583 1242 Et
618 1190 863 1257 quamvis
889 1198 1073 1243 sancta
1102 1189 1336 1243 Ecclesia
1375 1188 1609 1241 cmlcstis
1638 1189 1709 1239 sit
1737 1188 1917 1255 gaudii
1956 1203 2083 1240 con-

516 1278 858 1346 templatione
889 1293 1143 1345 suspensa
1162 1318 1176 1341 ,
1215 1278 1376 1331 habet
1403 1287 1578 1330 tamen
1626 1278 1796 1330 adhuc
1821 1276 1959 1344 quod
1989 1277 2083 1329 tri-

518 1377 598 1420 ste
629 1368 693 1421 de
722 1369 964 1421 mortalis
992 1368 1167 1421 carnis
1192 1369 1425 1437 pondere
1452 1367 1658 1420 toleret.
1697 1366 1843 1431 Isaac
1876 1381 2001 1418 vero
2029 1374 2083 1419 et

518 1458 759 1513 Rebecca
791 1458 1158 1527 conjungitur,
1192 1458 1243 1513 id
1282 1465 1390 1520 est,
1432 1456 1570 1509 risus
1599 1463 1650 1507 et
1678 1455 1933 1523 patientia
1964 1470 2081 1521 per-

466 1558 472 1565 ‘
515 1549 790 1609 miscetur,
824 1548 948 1615 quia
981 1546 1039 1598 fit
1070 1546 1122 1598 in
1158 1553 1341 1600 sancta
1372 1545 1618 1598 Ecclesia
1640 1544 1741 1596 hoc
1768 1545 1907 1612 quod
1942 1544 2091 1597 scri—‘

513 1648 661 1707 ptum
682 1646 795 1693 est:
822 1636 924 1708 Spe
941 1647 1111 1689 autem
1132 1637 1430 1705 gaudentes,
1449 1636 1501 1687 in
1523 1634 1856 1687 tribulatione
1878 1635 2079 1702 patien-

514 1739 585 1781 tes
613 1726 793 1798 (Rom.
837 1726 970 1796 xit),
1008 1736 1066 1779 ut
1093 1727 1234 1779 hanc
1282 1734 1337 1779 et
1376 1739 1632 1794 prospera
1664 1724 1727 1777 de
1754 1724 2080 1791 contempla-

2188 561 2339 617 Isaac
2378 563 2487 630 ﬁlio
2530 579 2644 615 suo.
2690 560 2841 614 Filiis
2867 571 3038 615 autem
3070 565 3477 618 cuncubinarum
3525 562 3747 631 largitus

2186 660 2258 703 est
2289 668 2524 713 munera,
2569 660 2613 704 et
2640 651 2897 719 separavit
2927 667 3012 704 eos
3050 652 3113 704 ab
3148 652 3299 706 Isaac
3326 653 3439 721 ﬁlio
3480 670 3597 715 suo,
3640 661 3743 706 etc.

2185 739 2323 804 Quid
2382 741 2481 793 hoc
2527 739 2812 809 significat,
2868 740 2970 793 nisi
3003 741 3127 809 quia
3174 743 3369 796 dantur
3408 753 3461 797 et
3498 740 3747 796 nonnulla

2186 843 2406 883 munera
2432 830 2553 885 filiis
2581 831 3023 895 concubinarum,
3070 831 3123 884 id
3146 840 3249 895 est,
3278 833 3612 887 carnalium?
3642 831 3747 887 Sed

2184 934 2286 971 non
2316 920 2629 988 perveniunt
2652 921 2716 973 ad
2751 936 2968 989 regnum
2994 922 3332 990 promissum,
3362 940 3460 979 nec
3489 923 3746 988 bzeretici,

2187 1022 2283 1059 nec
2310 1005 2473 1061 Judaei
2501 1048 2513 1071 ,
2570 1008 2692 1075 quia
2734 1007 2966 1062 carnalia
3009 1008 3153 1062 lucra
3203 1021 3495 1065 sectantur.
3549 1011 3752 1065 Prmter

2182 1094 2331 1148 lsaac
2362 1096 2506 1149 enim
2548 1096 2723 1150 nullus
2750 1108 2832 1149 est
2880 1098 3049 1150 haeres
3072 1137 3086 1160 ,
3133 1098 3316 1165 utique
3350 1100 3472 1166 quia
3520 1116 3624 1152 non
3654 1099 3747 1155 ﬁlii

2183 1184 2379 1247 carnis,
2405 1184 2495 1237 sed
2521 1184 2609 1237 filii
2634 1187 3002 1253 promissionis
3026 1187 3347 1255 deputantur
3374 1189 3425 1241 in
3452 1187 3676 1243 semine.

2768 1296 2989 1352 CAPUT
3025 1297 3153 1350 Vill.

2379 1363 2456 1415 De
2483 1375 2645 1417 morte
2678 1365 2901 1419 Abraha’
2926 1377 2973 1420 et
3004 1366 3244 1420 Ismaelis
3271 1373 3535 1436 progenie.

2253 1450 2318 1503 Et
2362 1463 2595 1505 mortuus
2632 1464 2704 1505 est
2735 1454 2995 1507 Abraham
3032 1457 3086 1508 in
3112 1466 3367 1509 senectute
3398 1458 3553 1522 bona,
3586 1473 3741 1512 senex

2178 1548 2224 1591 et
2246 1539 2425 1608 plenus
2449 1541 2665 1605 dierum,
2699 1552 2744 1595 et
2768 1543 3009 1596 collectus
3033 1556 3104 1597 est
3137 1546 3203 1597 ad
3232 1547 3473 1614 populum
3490 1564 3666 1611 suum,
3693 1558 3746 1603 et

2179 1629 2400 1698 reliqua.
2450 1630 2583 1684 Male
2614 1631 2665 1683 in
2703 1631 3047 1700 Septuaginta
3081 1635 3461 1708 interpretibus
3503 1636 3742 1691 additum

2177 1726 2258 1771 est
2282 1733 2293 1769 :
2318 1718 2383 1770 Et
2410 1719 2649 1789 deﬁciens
2678 1730 2909 1773 mortuus
2933 1732 3006 1774 est
3032 1723 3315 1788 Abraham,
3337 1724 3458 1792 quia
3484 1741 3589 1779 non
3615 1742 3743 1781 con—

514 1817 659 1871 tione
707 1812 997 1882 lzetifieent,
1047 1824 1100 1870 et
1148 1816 1322 1869 adhuc
1364 1814 1584 1868 adversa
1628 1811 1696 1867 de
1740 1813 2082 1867 tribulatidne
2113 1812 2154 1868 B
2184 1806 2327 1860 venit
2378 1806 2606 1861 Abrahae
2660 1808 2887 1863 deﬁcere
2933 1819 2987 1863 cl
3037 1811 3294 1873 imminui.
3350 1812 3480 1865 Illud
3530 1830 3741 1882 quoque

514 1904 844 1974 perturbent.

1113 1991 1337 2047 CAPUT
1383 1992 1487 2045 VII.

918 2080 991 2133 De
1021 2078 1211 2132 Cetura
1243 2095 1403 2131 uxore
1434 2080 1655 2131 Abraha:

585 2173 745 2245 (CAP.
767 2172 929 2239 xxv.)
951 2170 1213 2223 Abraham
1240 2186 1356 2223 vero
1386 2170 1545 2223 aliam
1572 2168 1720 2222 duxit
1743 2186 1955 2223 uxorem
1985 2187 2078 2223 no-

515 2264 650 2319 mine
675 2262 936 2325 Ceturam,
966 2276 1081 2329 qua:
1111 2260 1305 2329 peperit
1330 2260 1377 2312 ei
1411 2258 1680 2324 Zamram,
1712 2271 1757 2313 et
1783 2259 1992 2322 Jecsan,
2030 2269 2077 2313 et

516 2352 733 2415 Madan,
760 2359 806 2403 et
837 2348 1073 2411 Madian,
1108 2358 1153 2401 et
1181 2347 1390 2413 Jesboc,
1426 2357 1472 2400 et
1506 2346 1628 2402 Sne.
1662 2348 1851 2401 Jecsan
1879 2364 2077 2417 quoque

512 2442 688 2512 genuit
738 2438 895 2503 Saba,
936 2448 981 2491 et
1024 2438 1233 2491 Dadan.
1282 2436 1411 2490 Filii
1448 2438 1632 2491 Dadan
1671 2438 1878 2506 fuerunt
1912 2439 2075 2491 Assu-

515 2535 636 2597 rim,
668 2543 713 2586 et
749 2532 999 2594 Latusim,
1030 2540 1077 2583 et
1109 2530 1359 2583 Loomim.
1386 2532 1449 2582 At
1482 2546 1595 2583 vero
1617 2570 1629 2593 ,
1658 2546 1721 2583 ex
1752 2530 1967 2583 Madian
1994 2547 2077 2583 or-

516 2632 598 2675 tus
628 2629 702 2674 est
728 2619 893 2688 Epha,
936 2628 984 2671 et
1019 2618 1210 2686 Opiter,
1256 2628 1301 2671 et
1336 2617 1568 2681 llenoch,
1603 2628 1649 2670 et
1686 2606 1872 2681 Abida,
1904 2628 1949 2671 et
1981 2618 2076 2679 ΕΙ-

420 2720 423 2727 ·
514 2712 638 2763 daa.
674 2710 863 2763 Omnes
888 2710 939 2763 hi
971 2709 1065 2777 filii
1092 2708 1313 2762 Ceturaa.
1358 2707 1559 2762 Cetura
1588 2708 1807 2761 liehrmo
1831 2722 2076 2761 sermone

515 2798 758 2868 copulata
789 2799 1172 2865 interpretatur
1198 2804 1289 2848 aut
1317 2794 1621 2861 conjuncta.
1660 2796 1828 2861 Quam
1855 2797 1921 2849 ob
1947 2812 2072 2849 cau-

515 2906 632 2944 sam
670 2870 1008 2957 suspicantur
1040 2887 1268 2951 Hebraei,
1306 2895 1509 2957 mutato
1553 2887 1796 2950 nomine,
1833 2886 2075 2940 eamdem

514 2994 635 3033 esse
671 2979 811 3048 Agar
834 2970 971 3045 quae,
1006 2976 1139 3030 Sara
1166 2982 1396 3038 mortua,
1427 2976 1491 3028 de
1516 2976 1810 3029 concubina
1849 2976 2076 3028 transie-

484 3130 492 3134 _
520 3068 591 3120 rit
627 3068 679 3120 in
711 3081 952 3119 uxorem.
995 3065 1061 3117 Et
1087 3064 1298 3117 videtur
1318 3064 1573 3134 decrepiti
1595 3065 1703 3132 jam
1733 3063 1958 3117 Abrahte
1985 3078 2078 3116 ex-

2183 1892 2322 1965 quod
2347 1912 2443 1951 nos
2464 1898 2757 1967 posuimus,
2781 1900 2833 1952 in
2854 1909 3107 1955 senectute
3127 1901 3280 1967 bona,
3304 1918 3447 1955 senes
3467 1912 3513 1955 et
3534 1903 3737 1972 plenus.

2184 1987 2234 2039 in
2265 1980 2475 2041 Graecis
2506 1988 2782 2043 codicibus
2819 1991 3054 2059 ponitur,
3102 1991 3281 2059 plenus
3320 1992 3539 2046 dierum.
3585 1993 3739 2060 Quod

2181 2091 2300 2129 cum
2335 2092 2548 2133 sensum
2580 2078 2825 2132 videatur
2866 2069 3173 2149 exponere,
3223 2097 3286 2135 eo
3312 2084 3451 2151 quod
3478 2083 3596 2137 luce
3630 2084 3739 2139 diei

2178 2170 2426 2237 operibus
2448 2168 2633 2238 plenus
2658 2170 2986 2233 occubuerit,
3018 2180 3195 2226 tamen
3239 2173 3409 2242 magis
3442 2174 3509 2227 ad
3532 2189 3734 2246 anagn-

2178 2276 2277 2330 gen
2306 2259 2451 2324 facit,
2490 2261 2532 2314 si
2563 2260 2873 2331 simpliciter
2901 2271 3130 2331 ponatur
3155 2263 3353 2331 plenus.

2249 2349 2316 2403 Et
2358 2350 2467 2405 hwc
2498 2352 2706 2403 nomina
2728 2350 2956 2419 ﬁliorum
3001 2351 3188 2406 Ismael
3213 2354 3267 2405 in
3305 2354 3597 2407 nominibus
3628 2356 3738 2407 suis

2178 2449 2223 2492 et
2245 2439 2657 2508 generationibus
2698 2441 2827 2494 suis.
2862 2438 3243 2509 Primogenitus
3268 2441 3504 2495 Ismaelis
3556 2428 3739 2495 Naba—

2168 2529 2287 2597 JOl/B
2316 2538 2361 2580 et
2392 2527 2581 2591 Cedar,
2625 2536 2678 2581 et
2717 2528 2906 2597 reliqui
2943 2544 3110 2597 usque
3155 2530 3222 2582 ad
3263 2545 3383 2583 eum
3422 2530 3595 2585 locum
3644 2531 3735 2584 ubi

2178 2618 2253 2669 ait
2283 2604 2299 2671 ἶ
2328 2603 2393 2669 Et
2436 2617 2795 2670 habitaverunt
2840 2618 2903 2671 ab
2945 2617 3095 2673 Evila
3137 2636 3295 2689 usque
3342 2620 3467 2697 Sttr,
3511 2638 3625 2689 qum
3661 2630 3737 2673 est

2178 2717 2358 2761 contra
2408 2708 2594 2776 facient
2642 2708 2856 2776 JEgypti
2896 2709 3206 2764 venientibus
3245 2711 3297 2762 in
3351 2710 3609 2779 Assyrios.
3666 2710 3735 2763 In

2179 2805 2451 2863 conspectu
2499 2796 2728 2849 omnium
2758 2796 2977 2863 fratrum
3020 2813 3229 2850 suorum
3259 2798 3402 2861 obiit,
3435 2808 3539 2853 etc.
3588 2801 3734 2853 Duo-

2179 2882 2480 2935 decimafilii
2506 2883 2615 2935 nati
2650 2892 2774 2936 sunt
2799 2876 3099 2948 Ismaelitze,
3137 2888 3378 2955 equilms
3405 2888 3733 2969 pn-imogeni-

2138 2984 2139 2987 ‘
2177 2976 2263 3021 tus
2290 2968 2389 3024 fuit
2434 2969 2713 3038 Nabajoth,
2759 2985 2787 3023 a
2829 2986 2933 3038 quo
2962 2972 3136 3025 omnis
3174 2973 3317 3043 regio
3355 2968 3429 3027 ab,
3469 2976 3737 3042 Euphrate

2178 3072 2347 3128 usque
2378 3059 2445 3113 ad
2471 3074 2615 3112 mare
2644 3059 2881 3114 Rubrum
2910 3061 3216 3115 Nabathena
3261 3068 3439 3131 lisque.
3459 3065 3615 3118 hodie
3650 3066 3732 3117 di-

516 3159 691 3213 cnsari
732 3149 905 3220 θείως(
924 3142 999 3209 ne
1033 3170 1193 3209 senex
1220 3146 1355 3224 post
1400 3163 1626 3209 mortem
1671 3154 1855 3208 uxoris
1888 3154 2077 3208 vetula:
2104 3141 2147 3201 C
2178 3150 2338 3212 citur,
2365 3162 2483 3218 qua:
2507 3164 2629 3217 pars
2649 3149 2859 3207 Arabiae
2880 3158 2981 3206 est.
3016 3151 3146 3205 Nam
3174 3160 3228 3207 et
3258 3152 3471 3208 familiae
3492 3156 3735 3225 ipsorum

517 3249 672 3302 novis
718 3256 972 3317 arguatur
1000 3246 1195 3313 nuptiis
1234 3245 1524 3299 lascivisse.
1572 3244 1677 3299 Nos
1722 3244 1860 3312 quod
1907 3246 2076 3298 incer—

518 3348 633 3393 tum
663 3343 745 3389 est
775 3335 1163 3403 relinquentes,
1198 3333 1297 3386 hoc
1328 3333 1577 3396 dicimus,
1607 3333 1745 3406 quod
1787 3333 1857 3385 de
1880 3332 2073 3385 Cetura

516 3428 633 3481 nati
666 3426 757 3479 lilii
786 3426 1054 3487 Abraham
1101 3422 1255 3491 juxta
1282 3423 1565 3476 historicos
1593 3420 1967 3485 Hebrazorum,
1987 3436 2097 3476 oc-A

515 3514 841 3583 cupat‘erunt
883 3510 1241 3586 Τρωγλοδύτην
1276 3518 1328 3563 et
1357 3510 1631 3577 Arabiam,
1668 3526 1785 3578 quae
1814 3526 1955 3563 nunc
1982 3525 2076 3564 vo-

510 3611 668 3657 catur
697 3600 979 3668 Εὐδαίμων,
1009 3614 1174 3667 usque
1199 3600 1263 3652 ad
1301 3600 1464 3652 maris
1486 3597 1652 3651 Rubri
1689 3599 1966 3653 terminos.
1989 3599 2077 3651 Di-

511 3694 653 3747 citur
679 3700 854 3744 autem
896 3705 1032 3742 unus
1057 3705 1121 3742 ex
1148 3688 1376 3758 posteris
1405 3687 1633 3742 Abrahae
1660 3688 1749 3756 qui
1782 3685 2077 3755 appellatur

484 3753 695 3852 [Apber
742 3780 955 3833 duxisse
999 3753 1255 3829 adversus
1292 3775 1514 3844 Libyam
1555 3753 1883 3840 exercitum,
1925 3784 1979 3828 et
2005 3775 2077 3829 ibi

513 3870 671 3924 victis
700 3866 942 3929 hostibus
982 3863 1321 3927 consedisse,
1363 3862 1583 3931 ejusque
1611 3871 1856 3932 posteros
1884 3878 1951 3917 ex
1984 3877 2080 3917 no-

516 3959 663 4014 mine
692 3954 853 4018 atavi,
896 3952 1155 4005 Africam
1188 3966 1543 4019 nuncupasse.
1584 3951 1733 4016 Quod
1759 3960 1934 4005 autem
1961 3951 2035 4004 ait
2061 3968 2073 4004 :

524 4050 589 4103 Et
617 4048 710 4117 filii
739 4045 929 4098 Dadan
951 4042 1182 4111 fuerunt,
1208 4043 1464 4113 Assurim,
1496 4053 1541 4094 et
1566 4041 1821 4105 Latusim,
1848 4052 1895 4095 et
1935 4042 2076 4095 Lao-

517 4142 661 4202 mim,
698 4135 939 4190 Assurim
966 4133 1019 4185 in
1044 4132 1385 4199 nmotiatores
1432 4129 1709 4183 transferri
1738 4138 1946 4199 putant,
1975 4130 2077 4183 La-

516 4228 674 4281 tusim
704 4226 822 4278 teris
864 4222 1089 4291 ferrique
1123 4218 1332 4272 metalla
1362 4218 1624 4283 cadentes,
1679 4218 1918 4272 Laomim
1946 4234 2075 4273 vero

515 4319 802 4386 φύλαρχος,
855 4313 909 4365 id
930 4314 1030 4374 est,
1062 4310 1292 4378 princeps
1339 4308 1623 4361 multarum
1665 4309 1889 4361 tribuum
1924 4318 2074 4378 atque

510 4408 839 4478 populorum.
872 4402 974 4455 Alii
1002 4402 1196 4455 ab‘hoc
1236 4399 1480 4453 Assurim
1507 4409 1721 4453 vocatos
1752 4398 1916 4468 Syros
1954 4413 2073 4453 esse

2176 3239 2474 3308 oppidaque
2500 3250 2551 3292 et
2584 3240 2704 3311 pagi
2733 3256 2791 3297 at.
2830 3242 3036 3296 munita
3071 3244 3286 3298 castella
3322 3252 3375 3299 et
3403 3246 3593 3311 tribus,
3639 3250 3738 3302 ho-
3808 3238 3809 3241 “

2177 3342 2295 3379 rum
2334 3326 2684 3396 appellatione
2720 3328 3076 3383 celebrantur.
3110 3331 3190 3384 Ab
3218 3347 3323 3385 uno
3348 3348 3414 3387 ex
3442 3332 3526 3387 his
3561 3333 3739 3388 Cedat

2146 3408 2230 3466 fin
2260 3414 2491 3477 deserto,
2542 3422 2597 3491 et
2628 3415 2801 3469 Duma
2852 3417 2954 3470 alia
2985 3418 3150 3487 regio,
3192 3426 3245 3473 et
3273 3418 3472 3473 Thema
3514 3410 3580 3474 ad
3621 3422 3733 3475 Au-

2176 3509 2371 3565 strum,
2420 3511 2475 3556 et
2524 3504 2721 3558 Cedma
2763 3508 2830 3560 ad
2880 3504 3203 3561 Orientalem
3256 3507 3463 3577 plagam
3516 3510 3731 3567 dicitur.

2177 3590 2329 3655 Quod
2356 3601 2535 3646 autem
2569 3595 2621 3647 in
2642 3603 2883 3648 extremo
2911 3596 3065 3665 hujus
3090 3597 3302 3667 capituli
3324 3599 3475 3667 juxta
3499 3598 3728 3669 Septua-

2180 3681 2323 3749 ginta
2367 3681 2607 3750 legimus,
2658 3693 2841 3737 eontra
2872 3683 3059 3738 faciem
3090 3686 3326 3739 omnium
3355 3687 3580 3747 fratrum
3606 3704 3729 3743 suo-

2180 3782 2297 3820 rum
2335 3769 2621 3835 babitavit,
2671 3772 2851 3826 verius
2877 3781 2955 3827 est
2986 3773 3113 3827 illud
3143 3775 3283 3843 qdod
3308 3790 3406 3831 nos
3434 3778 3732 3845 posuimus,

2179 3855 2393 3924 Coram,
2415 3853 2648 3912 omnib'us
2684 3859 2931 3927 fratribus
2971 3861 3079 3915 suis
3128 3862 3380 3927 occubuit,
3429 3864 3486 3918 id
3530 3874 3635 3927 est,
3676 3865 3729 3918 in

2178 3931 2422 3999 manibus
2458 3947 2696 4000 omnium
2725 3948 2951 4002 filiorum
2981 3965 3197 4004 suorum
3228 3960 3467 4009 mortuus
3506 3962 3610 4017 est,
3641 3969 3733 4008 su-

2176 4025 2483 4103 perstitibus
2512 4036 2709 4100 liberis,
2752 4046 2804 4091 et
2836 4038 2991 4107 nullo
3032 4041 3181 4109 prius
3229 4050 3397 4095 morte
3446 4053 3729 4112 praerepto.

2176 4125 2390 4179 Fratres
2417 4135 2598 4179 autem
2638 4142 2736 4195 pro
2766 4127 2888 4182 ﬁliis
2930 4130 3182 4199 appellari
3232 4129 3396 4186 Jacob
3422 4148 3636 4201 quoque
3661 4135 3726 4187 ad

2174 4217 2353 4271 Laban
2382 4217 2712 4273 demonstrat
2734 4222 2950 4275 dicens:
2979 4221 3128 4286 Quod
3146 4232 3223 4297 est
3245 4234 3510 4291 peccatum
3536 4239 3727 4289 meum,

2172 4310 2298 4378 quia.
2320 4320 2611 4377 persecutus
2635 4327 2685 4363 es
2713 4322 2825 4380 post
2852 4322 2949 4375 me,
2973 4321 3018 4364 et
3049 4313 3172 4382 quia
3200 4322 3459 4366 scrutatus
3480 4331 3532 4366 es
3557 4314 3729 4367 omnia

2174 4416 2292 4452 vasa
2330 4401 2482 4452 mea?
2516 4398 2652 4463 Quid
2692 4401 2928 4453 invenisti
2970 4401 3033 4454 de
3074 4402 3322 4455 universis
3372 4404 3506 4456 vasis
3550 4403 3732 4456 domus

509 4466 859 4558 contendunt,
890 4501 942 4546 et
979 4508 1008 4545 a
1042 4490 1308 4559 plerisque
1348 4488 1468 4551 filiis
1514 4490 1740 4542 Abrahae
1780 4466 1847 4542 ex
1876 4482 2071 4542 Cetura
2100 4466 2149 4525 Ῑ)
2175 4486 2319 4537 tum?
2345 4484 2583 4537 Ponatur
2614 4503 2789 4539 coram
2818 4486 3066 4556 fratribus
3098 4490 3222 4542 meis
3253 4498 3300 4542 et
3328 4490 3577 4557 fratribus
3605 4492 3732 4555 tuis,

512 4593 801 4650 occupatas
848 4581 1005 4635 ludia:
1039 4580 1305 4647 regiones.
1365 4577 1595 4649 (Isid.)”
1621 4577 1757 4643 Quid
1802 4588 1883 4631 est
1932 4578 2073 4646 quod

516 4674 786 4729 Abraham
831 4680 948 4739 post
988 4672 1191 4731 obitum
1234 4669 1411 4732 Sane,
1461 4668 1709 4723 Ceturam
1760 4670 1909 4723 duxit
1944 4685 2074 4723 uxo-

518 4765 667 4820 rem?
718 4762 965 4831 Nunquid
1001 4763 1069 4815 ob
1113 4761 1572 4823 incontinentiam,
1619 4764 1743 4816 dum
1781 4771 1921 4815 esset
1959 4760 2070 4828 jam

516 4866 673 4911 astate
718 4854 1061 4924 grandzevus?
1105 4852 1275 4905 Absit.
1318 4851 1397 4903 An
1442 4861 1654 4920 propter
1686 4851 1910 4905 filiorum
1943 4868 2071 4920 pro-

519 4948 864 5009 creationem,
916 4945 1039 4998 dum
1090 4942 1161 4995 illi
1212 4956 1393 4995 semen
1433 4941 1583 5008 quasi
1632 4942 1795 4995 stellae
1839 4943 1959 4995 caeli
2007 4956 2070 4993 ex
2120 4978 2129 4987 .

521 5035 668 5103 lsaac
694 5033 799 5088 [ilio
834 5029 1434 5101 promitteretur?'Nou.
1484 5030 1621 5099 Ergo
1666 5030 1792 5098 quid
1820 5031 1916 5083 sibi
1962 5024 2070 5083 vult

524 5125 624 5181 ista
647 5123 861 5185 Cetora,
896 5121 997 5174 nisi
1027 5121 1150 5189 quia
1176 5121 1314 5174 sicut
1345 5121 1487 5189 Agar
1505 5129 1557 5175 et
1580 5120 1767 5174 lsmael
1808 5121 2075 5191 signiﬁca-

521 5209 972 5264 veruntcarnales
997 5209 1201 5262 Veteris
1227 5210 1574 5274 Testamenti,
1595 5198 1697 5287 "sic
1721 5219 1773 5263 et
1799 5210 1989 5265 Cetura
2023 5220 2075 5265 et

523 5300 615 5352 ﬁlii
653 5298 769 5367 ejus
805 5297 1172 5367 significabant
1216 5298 1511 5363 hmreticos,
1565 5290 1654 5368 qui
1696 5316 1753 5353 se
1792 5300 1856 5353 ad
1884 5300 2070 5353 Testa-

523 5398 759 5441 mentum
790 5385 997 5440 Novum
1022 5386 1331 5439 existimant
1366 5390 1666 5455 pertinere?
1714 5391 1817 5443 Sed
1850 5399 2073 5458 utraque

523 5475 830 5529 concubinae
864 5474 1132 5537 diCuntur.
1176 5474 1284 5529 sola
1316 5474 1445 5527 Sara
1474 5492 1683 5545 semper
1714 5494 1846 5531 uxor
1874 5494 2074 5532 nuncu-

525 5572 695 5629 patur,
746 5564 881 5617 sicut
934 5564 1189 5631 seriptum
1229 5562 1489 5615 est:Una
1539 5575 1610 5616 est
1654 5568 1789 5617 enim
1836 5566 2073 5620 colttmba

530 5664 658 5711 meo,
685 5652 907 5717 perfecta
940 5668 1050 5703 mea
1079 5650 1270 5720 (Cant.
1303 5652 1395 5717 vr).

2174 4584 2221 4629 et
2238 4576 2521 4643 dijudicent
2556 4578 2688 4630 inter
2723 4596 2832 4632 nos.
2874 4570 2981 4633 Nec
3008 4580 3150 4633 enim
3178 4596 3457 4649 possumus
3487 4582 3730 4644 credere,

2174 4672 2233 4716 ut
2268 4664 2541 4733 Scriptura
2573 4678 2977 4733 commemorat,
3007 4670 3148 4737 Quod
3188 4668 3352 4723 Jac-ob
3399 4670 3639 4737 exceptis
3666 4669 3732 4723 li-

2174 4752 2337 4815 beris,
2360 4768 2537 4807 secum
2564 4754 2757 4810 fratres
2784 4755 2990 4825 aliquos
3016 4759 3281 4811 habuerit.

2777 4865 3001 4921 CAPUT
3038 4868 3127 4921 IX.

2173 4970 2248 5022 De
2286 4984 2528 5039 conceptu
2559 4973 2793 5026 Rebecca:
2833 4984 2876 5027 et
2920 4977 3186 5054 nativitate
3233 4976 3453 5027 duorum
3499 4976 3734 5043 ﬁliorum

2883 5062 3013 5097 eius.

2883 5061 3013 5112 ejus.

2244 5126 2651 5197 Deprecatusque
2689 5140 2761 5182 est
2794 5130 2946 5183 Isaac
2991 5132 3268 5185 Dominum
3308 5150 3399 5201 pro
3444 5150 3606 5187 uxore
3631 5135 3734 5197 sua

2174 5233 2231 5269 eo
2264 5217 2398 5285 quod
2434 5227 2562 5270 esset
2611 5219 2822 5271 sterilis.
2879 5218 2979 5283 Qui
3011 5222 3267 5274 exaudivit
3319 5238 3457 5285 eum,
3502 5232 3550 5275 et
3590 5224 3735 5275 dedit

2176 5316 2470 5373 conceptum
2506 5304 2763 5360 Ilebecctc.
2807 5306 2910 5362 Sed
2942 5308 3316 5363 collidebantur
3358 5310 3411 5363 in
3442 5321 3587 5363 utero
3616 5310 3735 5379 ejus

2174 5395 2391 5461 parvuli;
2438 5404 2492 5448 et
2519 5394 2745 5463 reliqua.
2772 5397 2873 5451 Pro
2911 5401 3284 5464 commotione,
3327 5401 3409 5454 vel
3434 5400 3732 5463 collisione,

2178 5481 2520 5551 Septuaginta
2553 5484 2868 5553 interpretes
2894 5498 3201 5553 posuerunt,
3247 5492 3507 5563 ἐσκίρτων,
3544 5489 3600 5541 id
3626 5495 3729 5547 est.

2175 5570 2438 5635 ludebant,
2467 5574 2578 5627 sive
2607 5574 2963 5639 calcitrabant,
3013 5580 3153 5645 quod
3181 5578 3371 5646 Aquila
3414 5575 3689 5633 transtulit
3716 5591 3731 5627 :

2176 5660 2642 5729 (lonfringebantur
2666 5664 2764 5729 ﬁlii
2788 5664 2839 5716 in
2866 5674 3008 5719 utero
3042 5667 3171 5732 ejus,
3214 5666 3576 5730 Symmachus
3604 5678 3735 5718 vero
