3968 6328
318 348 415 400 εςςι
1346 328 1687 392 COMMENT.
1729 326 1793 380 IN
1829 322 2147 380 GENESIM.
2188 356 2257 367 —-
2292 327 2419 382 LIB.
2456 327 2538 383 Ill.

3434 338 3538 391 58‘!

354 456 603 521 δίκαιον,
621 451 676 508 id
701 459 803 515 est,
828 450 883 503 in
896 448 1307 523 similitudinem
1334 449 1487 501 navis
1515 447 1567 499 in
1595 442 1875 514 superﬁcie
1905 443 1955 500 Α
1980 453 2164 493 norem
2193 456 2290 511 pro
2319 428 2520 512 majore
2547 442 2837 498 benedixit.
2870 442 2982 498 Hoc
3018 446 3161 499 enim
3198 448 3331 503 dixit
3365 452 3541 505 eidem

345 551 655 602 erebantur.
685 542 904 614 (Greg.)
929 542 1003 595 Ea
1040 558 1157 610 qua:
1187 541 1357 596 sancti
1401 540 1500 593 viri
1544 534 1745 592 orando
1770 533 1881 587 eili-

326 641 495 693 (iunt.
526 636 598 688 ita
647 634 1019 703 praedestinata
1060 640 1204 695 sunt,
1237 638 1297 683 ut
1321 628 1568 699 precibus
1595 626 1878 680 obtinean-

325 736 435 777 tur.
486 723 613 776 Nam
643 723 753 790 ipsa
780 735 988 789 quoque
1018 720 1264 789 perennis
1298 716 1443 786 regni
1487 714 1881 784 prmdestinatio

328 823 400 867 ita
436 824 516 868 est
562 814 627 866 ab
678 796 1040 879 omnipotente
1088 811 1195 863 Deo
1241 808 1517 876 disposita,
1567 812 1626 857 ut
1668 805 1733 858 ad
1782 804 1881 857 hcc

330 903 488 961 electi
531 918 596 956 ex
641 901 824 954 labore
870 899 1207 967 perveniant,
1253 905 1516 967 quatenus
1569 891 1881 961 postulando

330 1000 639 1047 mereantur
673 989 912 1059 accipere
942 990 1081 1058 quod
1110 988 1185 1041 eis
1216 985 1561 1053 omnipotens
1594 982 1731 1035 Deus
1760 988 1882 1036 ante

332 1080 526 1134 secula
573 1078 831 1148 disposuit
872 1079 1087 1131 donare.
1139 1076 1289 1141 Quod
1321 1085 1497 1126 utrum
1525 1072 1596 1123 ita
1637 1071 1722 1129 sit,
1756 1085 1884 1123 con-

330 1178 440 1223 ctte
466 1168 603 1222 valet
639 1167 872 1236 probari.
915 1166 1072 1220 Certe
1112 1166 1305 1218 etenim
1343 1162 1606 1224 novimus,
1649 1159 1786 1227 quod
1820 1158 1886 1211 ad

332 1259 606 1312 Abraham
661 1256 915 1311 Dominus
967 1253 1234 1309 dixit:ln
1288 1252 1440 1305 Isaac
1492 1251 1756 1311 vocabitur
1798 1250 1887 1302 tibi

332 1363 523 1401 semen.
555 1346 649 1401 Cui
671 1346 828 1400 etiam
852 1346 1057 1417 dixerat
1081 1358 1094 1395 :
1122 1334 1327 1395 Patrem
1353 1339 1635 1401 multarum
1662 1340 1887 1407 gentium

332 1438 578 1490 constitui
598 1447 663 1490 te.
696 1437 791 1489 Cui
820 1448 1027 1487 rursum
1053 1432 1299 1501 promisit
1326 1432 1507 1489 «licens
1540 1449 1551 1482 :
1579 1429 1885 1482 Benedicam

332 1524 448 1589 tibi,
474 1536 518 1577 et
545 1523 889 1593 multiplicabo
932 1538 1105 1575 semen
1152 1530 1294 1593 tuum
1324 1522 1454 1575 sicut
1480 1518 1653 1580 stellas
1682 1518 1811 1583 cwli,
1840 1526 1887 1571 et

332 1614 471 1667 velut
523 1631 735 1667 arenam
783 1628 897 1682 qua:
925 1621 997 1665 est
1039 1612 1094 1664 in
1140 1610 1307 1663 littore
1348 1611 1539 1663 maris.
1566 1610 1643 1663 Ex
1693 1624 1794 1678 qua
1822 1623 1890 1662 re

333 1710 517 1771 aperte
538 1708 744 1757 constat
780 1702 905 1770 quia
925 1701 1258 1769 omnipotens
1285 1702 1421 1754 Deus
1452 1714 1633 1767 semen
1661 1700 1889 1753 Abrahte

1980 529 2187 598 majori,
2214 548 2334 586 cum
2364 542 2417 589 et
2450 534 2621 603 ipsum
2650 543 2831 604 postea
2869 535 3228 591 benediceret.

2048 621 2168 673 Jam
2198 631 2393 691 tempus
2423 624 2659 692 pariendi
2700 623 2999 689 advenerat,
3030 619 3078 679 et
3123 642 3236 679 ecce
3272 631 3457 697 gemini
3487 632 3547 685 in

1980 721 2127 764 utero
2157 712 2269 779 ejus
2296 714 2483 780 reperti
2506 724 2643 767 sunt.
2670 714 2771 778 Qui
2798 715 2995 783 primus
3020 732 3251 784 egressus
3278 728 3372 783 est,
3394 720 3548 787 rufus

1978 811 2110 862 erat,
2137 810 2182 853 et
2213 811 2345 853 totus
2368 802 2420 853 in
2448 819 2637 855 morem
2666 803 2811 871 pellis
2837 805 3090 874 hispidus,
3114 819 3452 875 vocatumque
3470 818 3543 861 est

1981 906 2162 941 nomen
2183 890 2296 957 ejus
2329 889 2489 943 Esau.
2518 892 2616 945 Ubi
2640 908 2736 946 nos
2761 894 2985 961 pilosum
3013 898 3307 965 posuimus,
3346 898 3409 951 in'
3436 898 3542 952 He-
3580 948 3581 951 η

1980 976 2123 1029 ιη’ωο
2148 976 2307 1031 habet
2336 976 2468 1031 Sear
2495 989 2643 1045 -ηπῃ,
2673 982 2811 1035 unde
2850 990 2903 1035 et
2936 985 3095 1050 Esau,
3141 986 3275 1039 sicut
3309 996 3366 1040 et
3418 988 3551 1045 alibi
3642 1006 3643 1009 ‘

1981 1065 2228 1136 legimus,
2260 1065 2400 1130 Seir,
2434 1068 2485 1121 id
2512 1076 2615 1133 eSt;
2638 1069 2838 1137 pilosus
2868 1080 2949 1143 est
2974 1073 3163 1128 dictus.

2056 1154 2302 1209 Protinus
2330 1157 2463 1209 alter
2493 1160 2755 1226 egrediens
2780 1198 2795 1223 ,
2830 1159 3073 1228 plantam
3118 1163 3294 1232 fratris
3346 1154 3555 1218 tenebat

1986 1260 2163 1309 manu,
2192 1255 2238 1298 et
2270 1246 2464 1310 idcirco
2494 1247 2767 1316 appellavit
2789 1266 2904 1303 eum
2932 1249 3116 1305 Jacob.
3171 1250 3348 1322 (Isid.)
3397 1253 3550 1320 Quod
3586 1288 3589 1291 -

1985 1335 2283 1403 ﬁguraliter
2308 1336 2503 1390 factum
2527 1338 2687 1391 etiam
2716 1338 2844 1408 ipsis
2864 1337 3060 1395 Iudaeis
3082 1357 3185 1395 non
3210 1343 3551 1398 credentibus

1987 1430 2169 1474 notum
2197 1431 2300 1487 est,
2331 1414 2559 1492 qualiter
2578 1426 2804 1494 populus
2834 1427 3087 1483 Ecclesia:
3115 1428 3409 1501 Synagogre
3455 1448 3553 1501 po-

1986 1509 2167 1578 pulum
2192 1513 2481 1589 5uperavit,
2512 1520 2564 1567 et
2592 1517 2857 1583 quomodo
2880 1516 3028 1584 plebs
3068 1517 3370 1573 Iudaeorum
3416 1531 3550 1575 tem-

1986 1615 2114 1668 pore
2139 1599 2308 1668 major
2334 1603 2501 1657 servit
2524 1604 2713 1658 minori
2744 1606 2935 1675 populo
2968 1607 3413 1664 Christianorum.
3456 1610 3546 1666 Si-

1989 1692 2202 1758 quidem
2228 1700 2281 1745 et
2311 1694 2531 1761 singulis
2554 1696 2707 1749 nobis
2737 1696 2837 1750 hoc
2862 1698 2968 1751 dici
3009 1708 3217 1767 potest,
3258 1701 3401 1769 quod
3434 1703 3561 1757 dua:

333 1768 690 1859 multiplicare
734 1768 831 1857 per
868 1788 1018 1841 isaae
1061 1768 1553 1861 prmdestinaverat,
1607 1794 1662 1845 et
1708 1795 1893 1839 tamen
1915 1780 1960 1837 B
1988 1786 2173 1861 gentes
2205 1788 2259 1833 et
2286 1780 2391 1834 duo
2420 1782 2597 1849 populi
2632 1784 2736 1836 sint
2758 1784 2895 1851 inter
2932 1802 3047 1849 nos,
3073 1768 3324 1841 vitiorum
3348 1768 3578 1846 scilicet.

336 1883 591 1950 scriptum
636 1889 738 1943 est,
785 1879 1098 1947 Deprecatus
1146 1887 1217 1931 est
1267 1877 1543 1929 Dominum
1598 1876 1749 1929 Isaac
1798 1893 1889 1946 pro

334 1988 497 2026 uxore
518 1964 641 2035 sua,
674 1976 737 2024 'eo
761 1971 896 2040 quod
935 1979 1062 2023 esset
1088 1969 1295 2024 sterilis.
1339 1967 1442 2033 Qui
1468 1968 1727 2021 exaudivit
1752 1984 1887 2031 eum,

337 2071 387 2112 et
431 2060 570 2113 dedit
612 2068 906 2128 conceptum
956 2058 1214 2113 Rebeccae.
1265 2058 1322 2112 Si
1353 2074 1478 2129 ergo
1522 2056 1892 2126 multiplicatio

336 2151 553 2219 generis
600 2148 829 2203 Abraha:
872 2164 968 2218 per
1014 2150 1163 2203 Isaac
1202 2150 1577 2219 prtedestinata
1626 2148 1746 2213 fuit,
1796 2165 1892 2203 cur

338 2238 615 2307 conjugem
668 2238 905 2292 sterilem
948 2240 1195 2308 accepit?
1243 2239 1348 2294 Sed
1379 2241 1633 2313 nimirum
1682 2248 1891 2294 constat

338 2330 465 2400 quia
492 2332 889 2401 pmdestinatio
919 2331 1165 2401 precibus
1198 2330 1464 2401 impletur,
1514 2332 1724 2400 quando
1762 2332 1807 2385 is
1839 2332 1891 2386 in

338 2439 449 2493 quo
494 2425 633 2481 Deus
664 2426 1033 2494 multiplicare
1070 2439 1252 2479 semen
1291 2424 1516 2477 Abrahze
1552 2423 1893 2493 praedestina-

343 2522 519 2578 verat,
555 2516 797 2569 oratione
818 2515 1045 2569 obtinuit
1078 2522 1137 2567 ut
1157 2513 1292 2567 ﬁlios
1320 2512 1516 2567 habere
1544 2513 1819 2581 potuisset.

416 2644 747 2715 Perrexitgue
786 2644 1014 2698 Rebecca
1044 2653 1100 2697 ut
1131 2643 1413 2697 consuleret
1458 2642 1759 2708 Dominum,
1805 2643 1894 2711 qui

341 2732 655 2801 respondens
681 2733 755 2787 ait
774 2748 794 2785 :
820 2731 951 2784 Duas
979 2740 1150 2799 gentes
1173 2730 1225 2783 in
1255 2740 1399 2783 utero
1432 2740 1520 2782 tuo
1546 2739 1685 2795 sunt,
1720 2738 1766 2783 et
1792 2730 1894 2784 duo

340 2819 518 2888 populi
558 2836 621 2873 ea:
664 2830 809 2873 utero
839 2829 924 2881 tup
956 2819 1271 2895 diuidentur,
1301 2818 1617 2889 populusque
1652 2819 1897 2889 populum

344 2908 628 2977 superabit,
660 2919 707 2961 et
740 2907 913 2977 major
936 2908 1123 2962 serviet
1163 2908 1369 2961 minori.
1418 2906 1594 2980 (Aug)
1634 2907 1900 2974 Quteritur

346 3012 455 3068 quo
482 2999 628 3065 ierit,
657 3015 762 3054 non
784 2999 927 3054 enim
957 3009 1112 3071 erant
1145 3008 1271 3057 tunc
1294 3001 1569 3069 prophetae
1597 3009 1689 3059 aut
1721 3015 1899 3056 sacer-

316 3090 501 3163 ,doles
542 3090 833 3178 secundum
872 3090 1111 3145 ordinem
1161 3090 1482 3147 tabernaculi
1518 3089 1603 3145 vel
1645 3090 1897 3160 templum
1924 3112 1969 3174 ο
2000 3124 2104 3178 wh-
2134 3138 2152 3177 ε

346 3177 578 3231 Domini.
611 3177 724 3242 Ouo
757 3193 882 3248 ergo
912 3178 1034 3234 ierit
1062 3180 1252 3234 merito
1278 3188 1471 3242 movet,
1523 3179 1627 3237 nisi
1655 3179 1800 3234 forte.
1828 3178 1897 3233 ad

348 3267 527 3322 locum
564 3269 651 3322 ubi
698 3284 845 3322 aram
896 3269 1247 3324 constituerat
1294 3269 1593 3333 Abraham;
1649 3270 1741 3325 sed
1789 3269 1897 3325 illic

347 3358 617 3426 quomodo
655 3374 907 3428 responsa
944 3360 1153 3423 dentur,
1180 3358 1396 3415 omnino
1427 3367 1568 3413 tacet
1596 3358 1893 3430 Scriptura,

351 3456 531 3503 utrum
579 3464 672 3517 per
722 3449 949 3517 aliquem
991 3449 1347 3513 sacerdotem,
1400 3449 1543 3517 quod
1588 3449 1899 3505 incredibile

348 3542 455 3599 est,
497 3535 540 3589 si
592 3544 709 3589 erat
751 3551 857 3589 non
899 3534 1059 3589 fuisse
1094 3536 1444 3597 nominatum,
1489 3541 1545 3588 et
1584 3534 1780 3590 nullam
1825 3536 1895 3589 ibi

350 3624 571 3677 omnino
600 3624 934 3678 sacerdotum
972 3624 1267 3698 aliquorum
1296 3623 1492 3678 tactam
1526 3638 1645 3679 esse
1671 3625 1899 3680 mentio-

351 3728 493 3767 nem.
527 3715 607 3766 An
643 3713 777 3767 forte
806 3714 873 3766 ἰιή
912 3709 1030 3767 cum
1052 3713 1251 3767 orando
1292 3713 1594 3783 alligassem
1639 3709 1905 3770 desideria

352 3816 475 3865 sua,
520 3800 853 3857 dormiebant
878 3800 928 3853 in
968 3800 1103 3864 loco,
1137 3810 1195 3853 ut
1214 3816 1309 3869 per
1336 3802 1597 3862 somnium
1624 3804 1904 3856 meneren-

354 3891 492 3946 tur‘t
529 3906 594 3944 an
635 3890 807 3945 adhuc
840 3890 1049 3946 vivebat
1093 3889 1515 3945 Melchisedech?
1558 3891 1712 3960 cujus
1754 3900 1902 3949 tanta

337 3980 459 4035 fuit
512 3978 854 4045 excellentia,
906 3987 965 4032 ut
1007 3994 1038 4032 a
1082 3979 1348 4033 nonnullis
1402 3980 1677 4035 dubitetur‘
1724 3988 1903 4039 utrum

354 4072 515 4126 homo
545 4086 609 4125 an
636 4070 853 4140 angelus
880 4068 1058 4124 fuerit.
1096 4068 1179 4121 An
1211 4077 1365 4123 erant
1390 4069 1549 4138 aliqui
1581 4070 1710 4125 tales
1738 4071 1903 4128 etiam

356 4160 451 4215 illo
477 4160 530 4214 in
558 4170 798 4229 tempore
824 4158 1066 4213 homines
1093 4158 1211 4223 Dei,
1240 4159 1293 4212 in
1327 4159 1516 4227 quibus
1542 4168 1720 4229 posset
1766 4160 1905 4217 Deus

354 4248 708 4317 interrogari?
745 4246 1009 4315 Quidquid
1051 4247 1382 4312 horum‘est,
1410 4257 1463 4302 et
1504 4248 1547 4302 si
1588 4249 1713 4317 quid
1761 4249 1905 4305 aliud

353 4339 497 4406 quod
531 4354 613 4391 me
637 4337 774 4391 forte
798 4353 867 4391 ne
893 4351 1361 4391 commemorarem
1384 4340 1722 4416 prteterierit,
1752 4354 1905 4397 men-

359 4430 449 4483 tiri
496 4437 672 4531 tamen
689 4428 977 4534 Scriptura
1012 4436 1347 4534 nonpo'test,
1378 4445 1494 4498 quae
1532 4430 1662 4531 dicit
1703 4430 1904 4534 I'i‘ebee-
1927 4450 1985 4509 1)
2007 4428 2095 4534 {ui

356 4535 474 4575 eam
500 4520 606 4573 isse
641 4518 703 4571 ad
732 4514 1161 4587 interrogandum
1200 4518 1498 4581 Dominum,
1535 4521 1691 4589 eique
1721 4520 1903 4574 Domi-

359 4598 877 4674 num'respomlisse.
932 4607 988 4658 In
1040 4622 1106 4660 eo
1147 4608 1285 4675 quod
1331 4608 1582 4677 Dominus
1633 4610 1907 4677 respondit

359 4695 611 4749 Rebecca:
634 4708 649 4745 :

428 4826 557 4878 Dum
588 4837 758 4895 gentes
785 4826 835 4878 in
867 4836 1009 4879 utero
1042 4835 1130 4879 tuo
1151 4810 1289 4890 sunt,
1316 4838 1363 4881 et
1383 4828 1483 4881 duo
1510 4829 1684 4898 populi
1709 4830 1771 4882 de
1798 4847 1911 4883 ven-

355 4926 432 4969 tre
476 4916 867 4985 separabantur,
895 4925 941 4969 et
985 4914 1203 4985 populus
1243 4919 1487 4986 populum
1536 4920 1819 4987 superabit,
1857 4931 1904 4974 et

355 5020 529 5072 major
552 5006 731 5057 serviet
760 5006 977 5069 minori,
1007 5004 1255 5059 historica
1303 5006 1627 5074 proprietate
1678 5006 1778 5061 hoc
1825 5024 1908 5062 re—

357 5079 609 5163 sponsum
651 5095 927 5169 jnvenitur
973 5110 1089 5148 esse
1140 5096 1495 5163 completum,
1545 5098 1631 5148 ubi
1682 5098 1911 5165 populus

354 5184 539 5245 Israel,
588 5184 687 5235 hoc
733 5193 837 5246 est,
878 5184 1038 5237 Jacob
1083 5185 1258 5237 minor
1301 5184 1459 5247 ﬁlius,
1486 5187 1755 5253 superavit
1789 5187 1907 5239 Idu-

358 5260 539 5332 mnzos,
574 5272 670 5325 hoc
697 5280 799 5333 est,
830 5282 1037 5339 gentem
1070 5288 1227 5341 quam
1254 5275 1562 5341 propagavit
1593 5275 1753 5338 Esau,
1788 5290 1908 5329 eos-

358 5376 457 5429 (με
493 5358 731 5413 fecerunt
756 5359 1063 5413 tributarios
1081 5376 1177 5428 per
1205 5361 1388 5425 David,
1415 5364 1552 5429 quod
1582 5363 1667 5415 diu
1694 5362 1906 5417 fuerunt

355 5465 525 5520 usque
560 5451 625 5504 ad
658 5465 834 5518 regem
882 5450 979 5502 sub
1008 5467 1113 5518 quo
1143 5451 1355 5506 Idumaei
1414 5454 1829 5517 rebellaverunt,
1853 5464 1907 5507 et

355 5542 540 5609 iugum
567 5539 925 5595 lsraelitarum
955 5540 1165 5593 Idumaei
1194 5557 1222 5593 a
1254 5544 1459 5596 cervice
1502 5559 1595 5596 sua
1646 5545 1903 5611 deposue-

358 5642 499 5693 runt,
527 5632 811 5685 secundum
843 5630 1161 5698 prophetiam
1186 5632 1349 5697 ipsius
1374 5634 1545 5691 Isaae.
1574 5636 1783 5701 quando
1806 5637 1903 5687 mi-

1991 1860 2151 1936 atque
2176 1870 2451 1935 virtutum,
2482 1873 2572 1926 sed
2602 1874 2700 1927 iste
2728 1874 2903 1928 minor
2927 1884 3027 1938 est,
3054 1876 3141 1931 ille
3179 1877 3369 1946 major.
3404 1878 3557 1935 Sem-

1989 1974 2086 2028 per
2106 1960 2245 2013 enim
2274 1961 2454 2029 plures
2483 1971 2606 2017 sunt
2636 1964 2761 2019 mali
2784 1979 2945 2034 quam
2970 1966 3115 2032 boni,
3140 1975 3194 2021 et
3213 1970 3339 2022 vitia
3367 1986 3555 2027 nume-

1992 2051 2197 2105 rosiora
2226 2062 2353 2106 sunt
2378 2040 2693 2123 virtut-ibus;
2739 2056 2833 2110 sed
2860 2065 3035 2112 tamen
3064 2067 3117 2112 et
3149 2058 3201 2112 in
3235 2061 3390 2116 nobis
3430 2076 3553 2131 gra-

1992 2141 2063 2194 tia
2106 2142 2199 2195 Dei
2242 2142 2466 2211 populus
2502 2143 2753 2213 populum
2795 2154 3040 2214 supcrat,
3070 2156 3126 2201 et
3168 2148 3339 2218 major
3388 2151 3563 2205 servit.

1990 2230 2205 2283 minori.
2238 2228 2418 2285 Servit
2440 2232 2637 2297 etenim
2684 2248 2809 2287 caro
2841 2234 3081 2303 spiritui,
3107 2245 3161 2291 et
3185 2237 3313 2291 vitia
3345 2226 3561 2293 virtuii-
3596 2300 3597 2303 η

1989 2318 2089 2372 bus
2110 2318 2327 2374 cedunt.
2356 2319 2605 2374 Procedit
2650 2330 2828 2376 autem
2876 2323 3015 2378 Esau
3057 2325 3261 2395 primus
3307 2328 3478 2392 rufus,
3502 2337 3557 2395 et

1993 2412 2137 2461 totus
2166 2415 2419 2475 tanquam
2460 2407 2614 2476 pellis
2655 2409 2923 2476 hirsutus;
2972 2397 3166 2468 deinde
3214 2416 3343 2469 exiit
3389 2415 3558 2472 frater

1991 2496 2107 2563 ejus
2125 2494 2311 2560 Iacob,
2326 2505 2379 2550 et
2404 2512 2593 2552 manus
2611 2497 2725 2566 ejus
2749 2500 2976 2568 implexa
2996 2503 3373 2559 eratcalcaneo
3392 2506 3559 2561 Esau.

1992 2584 2097 2638 Sed
2124 2600 2220 2638 cur
2244 2585 2330 2639 ille
2358 2594 2499 2640 totus
2523 2586 2720 2642 rubens
2748 2596 2800 2641 et
2823 2588 3081 2658 hispidus,
3107 2591 3208 2646 nisi
3232 2594 3355 2662 quia
3385 2610 3554 2665 p0pu-

1992 2676 2073 2729 lus
2100 2677 2248 2745 prior
2266 2678 2645 2746 prophetarum
2670 2685 2723 2730 et
2743 2678 2939 2733 Christi
2964 2696 3153 2735 cruore
3178 2681 3277 2735 fuit
3300 2684 3555 2753 pollutus,

1994 2784 2058 2821 ac
2084 2769 2287 2821 neccati
2309 2776 2364 2821 et
2391 2769 2641 2837 nequitia:
2662 2769 2908 2837 squalore
2929 2772 3136 2825 exstitit
3164 2772 3564 2831 circumdatus?

1994 2856 2159 2926 Cujus
2189 2858 2306 2911 ideo
2330 2858 2505 2910 minor
2550 2858 2859 2912 caicaneum
2912 2862 3103 2924 tenuit,
3154 2863 3278 2932 quia
3333 2865 3559 2936 mystice

1996 2944 2252 3013 majorem
2271 2947 2526 3023 populum
2553 2948 2729 3002 minor
2748 2958 3096 3018 superaturus
3118 2962 3279 3010 esset.

2070 3034 2455 3105 Sexagenarius
2477 3046 2589 3091 erat
2615 3036 2770 3093 Isaac
2794 3038 3000 3109 quando
3026 3043 3135 3095 nati
3172 3052 3292 3097 sunt
3311 3035 3327 3109 ξ
3341 3045 3389 3097 ei
3437 3062 3561 3115 par-

2207 3126 2391 3195 quibus
2423 3126 2617 3180 adultis
2658 3127 2827 3196 factus
2852 3139 2924 3201 est
2957 3130 3100 3185 bsau
3139 3132 3215 3186 vir
3245 3149 3441 3203 gnarus
3477 3151 3563 3189 ve—

1996 3206 2156 3267 nandi
2185 3222 2233 3267 et
2260 3216 2412 3269 homo
2439 3216 2699 3286 agricola,
2726 3216 2891 3271 Iacob
2920 3232 3091 3274 autem
3120 3214 3198 3276 vir
3223 3222 3441 3284 simplex
3467 3224 3558 3277 ha-

2001 3303 2199 3375 bitabat
2230 3306 2284 3357 in
2304 3305 2671 3375 tabernaculis,
2697 3316 2800 3362 etc.
2827 3309 3005 3381 (Aug.)
3036 3311 3188 3377 Quod
3213 3310 3397 3367 Graece
3429 3314 3563 3368 dici-

1996 3402 2084 3448 tur
2112 3394 2389 3459 ἆπλαστος,
2413 3396 2517 3450 hoc
2535 3396 2711 3451 Latini
2746 3398 3029 3469 simplicem
3058 3400 3390 3471 interpretati
3412 3414 3559 3457 sunt.
3594 3458 3597 3459 ν

1995 3484 2217 3554 Proprie
2242 3492 2440 3551 autem,
2464 3482 2742 3551 ἄπλαστος,
2774 3502 2874 3540 non
2890 3486 3066 3555 ﬁctus.
3096 3487 3243 3544 Unde
3266 3490 3431 3559 aliqui
3458 3491 3559 3545 La-

1998 3577 2103 3631 tini
2122 3576 2464 3645 interpretes,
2487 3577 2596 3631 sine
2616 3577 2735 3631 dolo
2756 3578 3091 3648 interpretati
3119 3587 3262 3646 sunt,
3277 3581 3518 3637 dicentes
3541 3601 3559 3636 :

2001 3665 2133 3721 Erat
2162 3668 2322 3721 Jacob
2356 3670 2467 3721 sine
2512 3668 2655 3734 dolo,
2685 3670 2923 3723 habitans
2950 3671 3004 3724 in
3037 3671 3210 3736 domo,
3258 3686 3317 3727 ut
3366 3689 3563 3746 magna

2001 3757 2071 3812 sit
2094 3758 2352 3827 quaastio,
2380 3759 2645 3826 quomodo
2692 3774 2790 3828 per
2830 3759 3009 3815 dolum
3045 3763 3310 3833 acceperit
3341 3764 3566 3819 benedi-

2003 3848 2256 3919 clionem,
2282 3847 2373 3917 qui
2400 3855 2517 3902 erat
2549 3850 2663 3903 sine
2704 3848 2844 3904 dolo.
2892 3848 2997 3907 Sed
3043 3852 3107 3906 ad
3154 3852 3576 3923 signiﬁcandum

2004 3953 2255 4008 magnum
2304 3937 2541 4010 aliquid”
2572 3939 2713 4007 quod
2770 3938 3045 4008 Scriptura
3095 3942 3373 4010 prtemisit.
3427 3943 3571 3999 Hinc

2003 4027 2144 4080 enim
2170 4026 2400 4080 maxime
2429 4027 2669 4097 cogimur
2698 4028 2766 4079 ad
2806 4027 3146 4098 intelligenda
3181 4030 3273 4085 illo
3298 4031 3416 4086 loco
3451 4034 3568 4103 spi—

2004 4111 2233 4176 ritualia,
2259 4112 2382 4180 quia
2416 4112 2530 4165 sine
2557 4112 2678 4166 dolo
2710 4121 2827 4166 erat
2858 4114 2951 4182 qui
2985 4116 3163 4171 dolum
3190 4116 3335 4172 fecit.
3362 4118 3573 4192 (ϐπ-ες.)

2006 4200 2142 4266 Quid
2163 4216 2260 4269 per
2279 4200 2617 4255 venationem
2639 4201 2799 4266 Esau,
2815 4202 2917 4257 nisi
2938 4215 3125 4257 eorum
3150 4205 3259 4260 vita
3284 4206 3567 4277 ﬁguratur,

2006 4290 2097 4357 qui
2118 4288 2460 4343 interioribus
2479 4288 2838 4358 voluptatibus
2869 4288 2972 4355 ﬁsi,
2994 4305 3208 4347 carnem
3240 4298 3572 4363 sequuntur!

2009 4376 2109 4443 Qui
2136 4376 2299 4430 etiam
2337 4376 2567 4445 agricola
2602 4390 2722 4430 esse
2760 4376 3112 4444 describitur,
3143 4382 3266 4449 quia
3296 4392 3570 4439 amatores

2104 4479 2165 4520 us
2194 4466 2395 4531 saeculi,
2424 4474 2569 4530 tanto
2592 4466 2759 4537 magis
2781 4455 3047 4522 exteriora
3075 4469 3334 4536 incolunt,
3361 4481 3564 4540 quanto

2007 4558 2261 4611 interiora
2294 4574 2389 4613 sua
2420 4557 2471 4611 in
2505 4558 2658 4627 culpa
2698 4558 3087 4627 derelinquunt.
3112 4557 3278 4615 Jacob
3323 4576 3450 4615 vero
3480 4563 3569 4615 vir

2008 4647 2229 4715 simplex
2258 4646 2313 4699 in
2351 4645 2705 4700 tabernaculis
2740 4646 2823 4699 vel
2846 4647 2897 4700 in
2925 4649 3081 4701 domo
3111 4648 3356 4703 habitare
3384 4652 3571 4720 perhi-

2009 4736 2182 4801 betur,
2209 4736 2331 4803 quia
2358 4736 2608 4788 nimirum
2634 4737 2812 4789 omnis
2840 4737 2932 4805 qui
2957 4737 3010 4791 in
3039 4738 3188 4792 euris
3211 4738 3571 4794 exterioribus

2011 4827 2185 4896 spargi
2210 4825 2497 4893 refugiunt,
2526 4828 2793 4896 simplices
2823 4830 2875 4883 in
2908 4830 3263 4900 cogitatione,
3311 4838 3472 4899 atque
3505 4832 3563 4884 in

2009 4919 2350 4972 conscientiae
2395 4933 2503 4972 suae
2546 4919 2879 4973 habitatione
2929 4921 3244 4974 consistunt.
3277 4918 3566 4989 (Ambros.)

2009 5006 2064 5059 In
2102 5006 2457 5059 tabernaculis
2495 5007 2637 5060 enim
2683 5016 2773 5059 aut
2812 5008 2861 5060 in
2904 5008 3057 5060 domo
3086 5008 3347 5077 habitare,
3390 5021 3472 5065 est
3505 5022 3567 5061 se

2010 5096 2150 5148 intra
2188 5097 2379 5148 mentis
2406 5104 2608 5148 secreta
2636 5095 2954 5162 restringere
2974 5134 2987 5158 ,
3010 5103 3065 5147 et
3097 5108 3428 5167 nequaquam
3470 5108 3566 5147 ex-

2011 5187 2177 5239 terius
2198 5200 2292 5253 per
2314 5181 2576 5237 desideria
2598 5182 2877 5249 dissipare,
2903 5197 2970 5235 ne
2992 5182 3116 5235 dum
3140 5182 3205 5236 ad
3229 5181 3392 5235 multa
3421 5180 3567 5239 fora-5

2012 5283 2240 5343 inhiant,
2266 5295 2295 5331 a
2325 5277 2534 5345 seipsis,
2558 5276 2800 5328 alienatis
2830 5276 3261 5346 cogitationibus,
3291 5282 3559 5333 recedant.

2014 5460 2089 5512 De
2127 5476 2183 5511 eo
2224 5457 2359 5527 quod
2401 5455 2543 5507 Esau
2582 5384 3019 5507 lggifutgndidit
3060 5454 3396 5523 primogenita
3438 5467 3553 5505 sua.

2083 5547 2231 5600 Coxit
2257 5554 2427 5597 autem
2447 5542 2609 5594 Jacob
2630 5542 2965 5609 pulmentum.
2986 5542 3063 5594 Ad
3087 5559 3233 5610 quem
3262 5556 3373 5592 cum
3396 5556 3561 5593 venu—

2014 5648 2083 5689 δεῖ
2120 5637 2253 5688 Esau
2276 5636 2341 5685 de
2362 5650 2485 5701 agro
2513 5634 2703 5693 lassus,
2733 5632 2804 5682 ait
2834 5646 2851 5683 :
2880 5631 2958 5684 Da
2986 5631 3109 5683 mihi
3130 5631 3192 5682 de
3217 5638 3442 5683 εοειιοιε
3464 5632 3561 5684 hac
