3948 6348
538 366 641 428 583

1192 359 1253 414 Β.
1297 357 1542 412 RABANI
1575 317 1795 429 suum
1835 351 2150 407 ARCllIEP.
2193 310 2820 440 uacusrgorsuuu
2860 349 3035 405 rans
3074 349 3111 403 t.
3203 306 3210 321 ’

3654 352 3765 412 ,585

498 537 502 541 ,
537 468 680 556 ἀίω,
703 487 828 555 quia
853 480 1038 554 oppido
1066 459 1234 531 lassus
1259 491 1393 528 sum.
1430 472 1598 538 Quam
1621 471 1683 524 ob
1709 484 1924 569 causan:
1947 484 2099 569 uoca-
2127 471 2321 569 A‘stis,
2353 470 2608 569 quianon
2639 457 2847 569 cibum,
2881 469 3104 569 sed-cibi
3132 469 3619 569 concupiscentiam
3652 483 3767 569 esse

442 635 446 640 ,
535 553 648 628 tum
695 553 770 638 est
814 553 997 624 nomen
1035 563 1393 642 ejus'Edom.
1427 559 1688 628 .Rubcum
1741 558 1853 611 sive
1899 553 2102 610 fulvui'n

537 662 719 733 lingua
754 659 977 714 Hebraea
1007 655 1202 710 dicitur
1224 651 1407 704 Edoni.
1440 647 1520 701 Ab
1547 642 1611 700 eo
1649 646 1810 714 igitur
1837 645 1977 714 quod
2009 660 2102 697 ru-

535 753 640 807 beo
660 751 782 807 cibo
807 745 1104 822 vendiderit
1130 734 1545 822 primitivaOSua,
1570 736 1722 802 fulvi,
1745 736 1796 790 id
1817 743 1915 799 est,
1934 735 2103 788 Edom

540 843 762 898 sortitus
793 846 1105 893 estnomen.
1389 840 1400 844 '
1480 853 1482 855 ν
2067 903 2070 906 ῃ

608 930 707 986 Cui
727 930 859 982 dixit
880 922 1042 980 Iacob
1070 910 1087 973 ὲ
1122 919 1301 974 Vende.
1324 918 1449 971 mihi
1483 917 1829 988 primogenita
1858 924 1969 968 tua.
2006 912 2104 967 Ille

543 1018 799 1089 respondit
840 1029 858 1067 :
903 1009 985 1067 En
1013 995 1230 1091 morior,
1257 1009 1381 1078 quid
1421 1007 1548 1061 mihi
1576 1006 1859 1076 proderunt
1905 1003 2101 1091 primo-

465 1171 468 1174 ,
501 1108 505 1112 ’
540 1088 753 1178 genita?
783 1105 868 1159 Ait
893 1088 1100 1156 Jacobi:
1125 1094 1260 1153 Jura
1289 1114 1409 1168 ergo
1439 1097 1585 1149 mihi.
1616 1095 1820 1151 Iuravit
1859 1088 2027 1155 Esau,
2049 1098 2104 1144 et

537 1195 762 1257 vendidit
782 1193 1142 1264 primogenita,
1166 1198 1215 1242 et
1236 1190 1310 1242 sic
1340 1197 1546 1258 accepto
1567 1201 1699 1258 parte
1727 1193 1776 1238 et
1805 1183 1964 1270 lentis
1975 1181 2104 1235 edu-

538 1283 627 1353 lio,
651 1286 869 1340 comedit
900 1294 947 1339 et
980 1283 1100 1337 bibit
1120 1322 1134 1346 ,
1157 1290 1206 1334 et
1236 1279 1398 1344 abiit,
1432 1275 1804 1352 parvipendens
1829 1272 1969 1349 quod
1996 1273 2104 1341 pci-

541 1378 799 1456 mogenita
827 1374 1150 1459 perdidisset.
1186 1367 1368 1442 (1nd.)
1386 1366 1550 1459 Quod
1578 1365 1678 1459 iste
1711 1363 1863 1459 ‘Esau
1905 1360 2106 1459 primo:

544 1447 722 1539 genita
749 1479 842 1520 sua
872 1452 1098 1533 propter
1125 1473 1303 1513 escam
1350 1455 1535 1515 eidem,
1572 1451 1724 1513 fratri
1774 1447 2102 1539 suojuniori

543 1538 901 1615 venundavit,
950 1563 1014 1604 ac
1063 1547 1401 1616 postmodum
1451 1551 1676 1612 paterna
1717 1538 2105 1615 benedictione
2143 1545 2146 1548 ’

539 1639 636 1702 sibi
665 1643 925 1714 promissa
946 1614 1188 1710 privatus
1209 1643 1312 1702 est,
1337 1633 1605 1711 significat
1625 1631 1872 1687 eumdem
1893 1614 2105 1685 l’sraeli—

518 1718 702 1792 acum
740 1731 989 1803 populum
1021 1729 1119 1799 qui
1169 1745 1199 1783 a
1231 1727 1360 1792 Deo,
1405 1735 1466 1780 ut
1496 1720 1666 1779 Exodi
1708 1722 1845 1777 liber
1878 1720 2102 1785 indicat,
2126 1720 2148 1801 j

542 1820 924 1895 primogenitus
946 1818 1086 1874 illius
1113 1823 1452 1885 nuncupatus
1476 1821 1580 1878 est,
1604 1812 1694 1882 qui
1717 1817 1934 1894 prepter
1961 1823 2100 1879 pra:-
2127 1807 2172 1867 B

542 1913 711 1968 sentis
729 1901 904 1966 saeculi
930 1909 1098 1973 lucra,
1122 1911 1226 1960 non
1257 1902 1429 1964 solum
1451 1903 1712 1975 primatus
1731 1901 1819 1964 sui
1845 1899 2102 1954 honorem

542 2001 742 2066 amisit,
778 2010 963 2054 verum
989 1998 1152 2051 etiam
1185 1994 1335 2065 reggi
1365 1992 1598 2048 cmiestis
1644 1989 1923 2060 praemium
1968 2003 2105 2057 pra:-

542 2085 1042 2167 paratum.adipisci
1077 2082 1181 2139 non
1212 2081 1430 2144 meruit,
1457 2079 1698 2167 Domino
1714 2076 2137 2167 quodammodo-

466 2185 468 2187 ’
543 2180 599 2233 id
636 2177 806 2232 eidem
845 2165 1230 2251 exprobrante,
1263 2185 1387 2225 cum
1428 2169 1558 2224 dicit
1603 2184 1616 2220 :
1660 2165 2026 2234 Transferatur
2071 2183 2104 2219 a

541 2269 678 2323 vobis
712 2283 923 2338 regnum
961 2265 1087 2330 Dei,
1115 2256 1161 2317 et
1199 2261 1407 2315 dabitur
1443 2259 1580 2330 genti
1619 2256 1832 2327 facienti
1877 2255 2103 2325 fructum

540 2359 650 2429 ejus
702 2354 913 2428 (Matth.
955 2353 1112 2422 xxii).
1162 2348 1524 2420 PrimOgenita
1569 2354 1747 2401 autem
1791 2343 1906 2436 ipsa
1938 2341 2106 2436 vestis

541 2459 657 2505 erat
679 2445 1044 2509 sacerdotalis,
1077 2457 1238 2512 quam
1269 2438 1500 2508 majores
1545 2447 1671 2492 natu
1715 2451 1844 2491 cum
1886 2433 2107 2488 benedi-

541 2542 718 2596 ctione
755 2538 925 2608 patris
965 2525 1156 2599 induti,
1201 2533 1447 2608 victimas
1495 2531 1604 2586 Deo
1645 2528 1793 2584 velut
1828 2527 2125 2597 pontilices'

542 2626 992 2697 otl‘erebant.‘lloc
1017 2625 1159 2680 dono
1179 2624 1378 2680 terreni
1401 2622 1603 2679 amoris
1626 2620 1895 2675 desiderio
1919 2633 2108 2674 carue-

507 2773 514 2778 .
547 2727 668 2775 runt
691 2718 854 2772 Judaei
877 2733 1032 2783 ,cum
1063 2706 1230 2786 glbria
1270 2703 1419 2783 regni
1459 2711 1658 2764 futura.
1683 2709 1984 2763 Sciendum
2025 2716 2111 2764 est

547 2810 672 2878 quia
716 2802 1174 2877 quinque‘modis'
1213 2802 1310 2868 nos
1364 2801 1497 2872 gulae
1541 2800 1729 2854 vitium
1773 2807 1957 2866 tentat.
1999 2797 2111 2852 Ali-

551 2897 760 2969 quando
786 2896 1021 2964 namque
1046 2891 1304 2963 praevenit
1341 2901 1579 2959 tempora
1626 2889 1988 2962 indulgentia,
2015 2887 2112 2941 ali-

470 2976 493 2993 ,
547 2989 759 3060 quando
784 3001 912 3041 vero
944 2995 1152 3054 tempus
1194 2999 1300 3037 non
1344 2981 1627 3052 praevenit,
1655 2978 1746 3042 sed
1799 2979 1948 3041 cibos
1997 2979 2112 3032 lau-

553 3085 717 3147 tiores
747 3077 939 3149 quaerit
967 3095 979 3130 :
1013 3070 1296 3143 aliquando
1336 3088 1453 3142 qua:
1482 3071 1734 3139 sumenda
1761 3069 1870 3124 sint
1892 3083 2107 3122 accura-

2202 573 2418 613 cansam
2445 558 2805 634 damnationis
2834 559 3104 626 intelligit,
3127 569 3182 614 et
3213 559 3442 629 primum
3467 556 3568 612 sibi
3599 557 3767 612 homi-

2202 661 2325 700 nem
2349 661 2454 723 non
2483 661 2645 719 carne
2671 647 2764 702 sed
2792 663 2950 716 pomo
2978 649 3229 712 subdidit,
3255 659 3308 703 et
3343 649 3636 704 secundum
3662 664 3761 704 non

2201 749 2383 800 carne,
2410 735 2503 793 sed
2525 751 2664 806 pane
2690 737 2932 804 tentavit.
2980 735 3114 792 Hinc
3153 746 3237 792 est
3276 740 3416 807 quod
3454 737 3771 808 plerumque
3840 796 3850 808 κ

2123 829 2126 832 ’
2201 822 2371 896 Adam
2397 826 2552 915 culpa
2572 828 2943 892 committitur,
2973 827 3135 882 etiam
3170 834 3302 883 cum
3323 831 3527 900 abiecta
3558 840 3614 885 et
3642 830 3765 887 vilia

2202 912 2513 975 sumuntur.
2555 912 2738 983 Neque
2766 914 2938 970 Adam
2972 914 3146 980 solus,
3179 926 3237 970 ut
3268 932 3296 970 a
3332 921 3498 974 vetito
3526 934 3584 974 se
3611 913 3769 987 pomo

2201 1000 2573 1070 suspenderet,
2606 1013 2929 1074 praeceptum
2960 1005 3331 1072 prohibitionis
3372 1011 3598 1080 accepit.
3633 1009 3767 1082 Nam
3848 994 3850 996 V

2201 1103 2324 1143 cum
2345 1089 2600 1146 alimenta
2629 1093 2866 1160 quaedam
2893 1092 3048 1146 saluti
3073 1104 3270 1151 nostra:
3314 1099 3453 1153 Deus
3495 1109 3768 1154 eontrana

2197 1169 2421 1244 indicat,
2459 1180 2526 1244 ab
2552 1180 2637 1235 his
2665 1195 2762 1236 nos
2787 1181 2939 1250 quasi
2968 1196 3064 1251 per
3101 1187 3437 1251 presentiam
3487 1197 3664 1252 vetat;
3718 1198 3768 1242 et

2201 1258 2323 1320 cum
2347 1263 2786 1336 concupiscentes
2813 1270 2969 1323 noxia
3000 1271 3328 1343 attingimus,
3359 1273 3602 1342 profecto
3641 1278 3768 1344 quid

2201 1356 2344 1411 aliud
2371 1373 2531 1426 quam
2558 1361 2721 1414 vetita
2753 1361 3131 1429 degustamus?
3175 1361 3248 1414 Ea
3279 1361 3457 1439 itaque
3509 1369 3767 1419 sumenda

2200 1458 2325 1506 sunt
2375 1464 2495 1518 quae
2550 1458 2756 1504 natura:
2801 1453 3091 1506 necessitas
3145 1453 3353 1520 quaarit,
3404 1462 3457 1506 et
3501 1469 3605 1508 non
3654 1471 3772 1524 qua:

2199 1536 2388 1590 edendi
2421 1537 2870 1619 libidosuggerit,
2917 1556 2982 1596 ne
3036 1543 3198 1596 etiam
3241 1542 3284 1596 si
3339 1543 3451 1597 [nec
3495 1546 3768 1617 moderata

2200 1616 2453 1704 discretio
2477 1616 2654 1684 minus
2685 1640 2840 1685 caute
2874 1634 3230 1702 prospexerit,
3273 1633 3470 1689 illicita:
3512 1616 3764 1706 concupi-

2201 1717 2417 1772 scentize
2452 1718 2574 1786 quis
2605 1718 3000 1790 invoragiuem
3037 1733 3246 1794 vergat.

2813 1827 3037 1890 CAPUT
3075 1833 3165 1886 XI.

2204 1914 2283 1971 De
2303 1918 2525 1993 tranjitu
2548 1917 2702 1972 Isaac
2731 1921 2799 1972 ad
2827 1920 3114 1975 Abimelech
3139 1941 3305 1993 regem
3339 1924 3768 1992 Palmstinorum,

2249 1985 2673 2066 \ubi‘Rebeccam
2706 2006 2918 2066 uxorem
2956 1985 3378 2066 sororem'suam
3435 2013 3544 2051 esse
3585 1985 3772 2066 ﬁrmit,‘

2273 2063 2322 2107 et
2348 2055 2411 2107 de
2435 2057 2604 2125 puteis
2637 2073 2766 2126 quos
2791 2058 2925 2126 fodit
2953 2059 3129 2114 Isaac.
3173 2117 3181 2123 ,

2275 2161 2422 2234 (CAP.
2460 2164 2633 2235 xxvx.)
2667 2163 2796 2218 Orta
2826 2177 2998 2219 autem
3039 2168 3176 2236 fame
3215 2187 3369 2240 super
3407 2182 3599 2227 terram
3620 2215 3634 2240 ,
3657 2187 3772 2246 post

2203 2244 2318 2306 eam
2342 2255 2670 2320 sterilitatem
2705 2273 2821 2328 qua
2861 2258 3123 2312 acciderat
3164 2261 3219 2314 in
3261 2262 3441 2316 diebus
3477 2244 3769 2332 Abraham,

2204 2341 2331 2395 abiit
2379 2341 2536 2398 Isaac
2594 2343 2662 2396 ad
2709 2345 3000 2409 Abirneleclt
3046 2366 3211 2419 regem
3260 2349 3666 2408 Pala’stinorani
3720 2359 3774 2410 in

2206 2429 2439 2496 Geram;
2469 2437 2808 2504 apparuitque
2827 2436 2873 2488 ei
2894 2436 3146 2492 Dominus
3170 2449 3217 2492 et
3238 2442 3310 2498 ait
3336 2455 3367 2492 :.
3382 2442 3465 2496 Ne
3487 2444 3774 2500 descendas

2205 2522 2260 2575 in
2289 2521 2595 2592 Egyptum,
2623 2525 2713 2578 sed
2750 2511 2953 2596 quiesce
2997 2530 3051 2582 in
3099 2540 3237 2584 terra
3261 2549 3420 2604 quam
3450 2536 3631 2590 dixero
3657 2539 3774 2605 tibi,

2206 2621 2253 2665 et
2282 2607 2611 2682 peregrinare
2633 2616 2688 2668 in
2716 2632 2813 2679 ea;
2856 2634 3042 2687 eraque
3070 2629 3234 2673 tecum
3265 2634 3312 2674 et
3337 2623 3636 2679 benedicam
3660 2627 3774 2683 tibi.

2211 2698 2322 2772 Tibi
2349 2701 2482 2754 enim
2509 2710 2555 2754 et
2583 2703 2765 2756 semini
2789 2713 2878 2756 tuo
2902 2706 3036 2759 dabo
3075 2697 3337 2764 universas
3371 2713 3604 2781 regiones
3654 2716 3775 2782 has,

2152 2801 2155 2806 ‘
2209 2793 2466 2864 complens
2477 2798 2836 2864 juramentum
2869 2799 3006 2868 quod
3046 2803 3293 2871 spopondi
3333 2804 3597 2858 Abraham
3638 2809 3775 2876 patri

2212 2893 2321 2950 tuo,
2348 2896 2394 2940 et
2424 2887 2781 2958 multiplicabo
2810 2908 2982 2944 semen
3013 2902 3157 2947 tuum
3195 2897 3325 2949 sicut
3361 2899 3538 2953 stellas
3563 2902 3697 2965 caeli,
3723 2913 3778 2958 et

2210 2975 2435 3043 reliqua.
2471 2977 2733 3050 (Aug.)-ln
2764 2995 2827 3034 eo
2868 2983 3010 3050 quod
3048 2985 3307 3052 scriptum
3348 2996 3465 3041 est:
3494 2986 3660 3042 Facta
3701 3002 3776 3044 est

2212 3073 2384 3118 autem
2407 3064 2580 3134 fames
2599 3081 2752 3137 super
2773 3078 3111 3141 terram,post
3141 3075 3328 3141 famem
3356 3093 3472 3146 quia
3501 3089 3620 3132 ante
3637 3080 3778 3147 facta

548 3143 654 3230 ιίξις,
683 3143 884 3240 expetit
907 3167 1197 3241 praeparari
1216 3205 1231 3231 ,
1262 3164 1548 3233 aliquando
1576 3169 1753 3216 autem
1775 3169 1829 3214 et
1857 3160 2110 3232 qualitate
2136 3143 2180 3204 C
2211 3162 2285 3206 est
2323 3156 2376 3207 in
2410 3165 2635 3225 tempore
2660 3159 2943 3214 Abraham.
2973 3163 3109 3218 Abiit
3140 3178 3310 3220 autem
3351 3143 3508 3223 lsaac
3548 3172 3620 3223 ad
3637 3143 3780 3225 'Abi-

547 3263 784 3318 ciborum
809 3267 865 3314 et
892 3267 1129 3326 tempore
1157 3255 1423 3325 congruit,
1453 3253 1547 3307 sed
1567 3252 1629 3325 in
1662 3251 1775 3319 ipsa
1809 3250 2112 3321 quantitate

547 3345 785 3407 sumendi
813 3363 1119 3428 mensuram
1140 3340 1450 3422 reiectionis
1463 3343 1696 3424 excedit.
1721 3339 2109 3407 Nonnunquam

545 3457 671 3495 vero
694 3431 747 3494 et
771 3438 1009 3509 abjectus
1033 3446 1114 3490 est
1144 3435 1284 3504 quod
1312 3434 1600 3497 desiderat,
1618 3441 1672 3487 et
1701 3440 1878 3485 tamen
1910 3431 2110 3508 inoipso

544 3541 675 3586 aestu
701 3523 945 3585 inimensi
973 3527 1225 3582 desiderii
1258 3525 1494 3580 deterius
1526 3530 1732 3594 peccat.
1780 3521 1909 3588 Quae
1955 3522 2134 3588 vitio:

548 3637 662 3676 rum
701 3628 940 3691 tempora
987 3619 1178 3691 melius
1216 3617 1566 3679 ostendimus,
1597 3615 1641 3668 si
1686 3613 1804 3668 haec
1856 3612 2114 3680 exemplis

546 3709 961 3769 evidentioribus
991 3710 1365 3778 approbamus.
1422 3707 1606 3780 Mortis
1655 3697 1847 3774 quippe
1894 3696 2114 3759 sentcn-

551 3798 686 3855 tiam.
706 3800 873 3869 patris
893 3813 986 3852 ore
1014 3796 1283 3858 Jonathan
1321 3797 1537 3859 meruit,
1568 3795 1692 3863 quia
1720 3795 1772 3848 in
1799 3802 1955 3863 gustu
1985 3793 2114 3848 mel-

551 3875 976 3956 lis_constitutum
997 3887 1185 3942 edendi
1208 3894 1419 3967 tempus
1442 3884 1754 3940 antecessit.
1779 3884 1846 3937 Et
1866 3899 1932 3938 ex
1953 3883 2114 3958 [Egy-

549 3990 639 4050 pto
661 3979 881 4049 pupulas
909 3973 1120 4041 ductus,
1150 3977 1204 4030 in
1227 3981 1422 4030 eremo‘
1435 3976 1703 4038 occubuit,
1729 3975 1842 4043 qui,
1867 3974 2115 4043 despecto

553 4065 769 4132 manna,
799 4067 947 4120 cibos
972 4057 1212 4119 carnium
1239 4064 1408 4134 petiit,
1438 4079 1573 4133 quos
1607 4061 2110 4140 lautiores’putavit.

554 4159 620 4210 Et
649 4158 820 4226 prima
861 4155 1090 4209 ﬁliorum
1115 4153 1231 4208 Heli
1260 4154 1416 4234 culpa
1453 4149 1670 4208 subortu
1700 4160 1803 4225 est,
1828 4153 1998 4234 Iquod
2047 4161 2112 4208 'ex

553 4260 734 4299 eorum
760 4253 880 4298 voto
899 4243 1192 4299 sacerdotis
1218 4258 1350 4312 puer
1377 4232 1484 4296 non
1513 4242 1732 4311 antiquo
1761 4232 1910 4296 more
1936 4250 2116 4298 coctas

553 4335 710 4389 vellet
735 4336 799 4389 de
824 4334 1087 4389 sacriﬁcio
1117 4348 1307 4389 carnes
1335 4333 1601 4402 accipere,
1627 4332 1721 4387 sed
1743 4332 1940 4386 crudas
1971 4347 2116 4401 qutu-

555 4432 712 4487 reret,
739 4440 872 4492 quas
896 4424 1196 4480 accuratius
1217 4423 1513 4478 exhiberet.
1541 4422 1610 4476 Et
1637 4437 1759 4476 cum
1788 4423 1856 4476 ad
1897 4420 2116 4479 Jerusa-

2213 3241 2402 3296 melech
2427 3261 2591 3330 regem
2614 3245 3018 3306 Palwstinorum
3045 3254 3098 3308 in
3129 3253 3346 3311 Gerara.
3390 3259 3657 3326 Quaeritur
3679 3265 3782 3318 hoc

2210 3332 2421 3398 quando
2449 3335 2518 3387 sit
2547 3335 2775 3409 factum,
2801 3351 2979 3396 utrum
3021 3355 3202 3413 postea
3233 3351 3444 3418 quando
3476 3353 3616 3406 Esau
3647 3369 3780 3407 ven-

2211 3419 2345 3474 didit
2394 3424 2750 3498 primogenita
2812 3446 2910 3484 sua
2958 3433 3076 3488 cibo
3120 3435 3387 3493 lenticulae
3435 3439 3591 3510 (post
3631 3441 3782 3495 illam

2212 3511 2781 3582 quippenarrationem
2818 3514 2920 3575 hoc
2955 3527 3164 3578 narrari
3190 3516 3423 3599 incipit);
3453 3546 3539 3592 an,
3574 3541 3635 3584 ut
3663 3533 3783 3586 ﬁeri

2214 3601 2370 3664 solet,
2396 3617 2494 3670 per
2509 3607 3000 3676 recapitulationem
3025 3625 3271 3670 narrator
3295 3619 3362 3671 ad
3382 3634 3502 3672 eam
3533 3637 3784 3676 reversus

2215 3693 2304 3756 sit,
2332 3711 2451 3748 cum
2480 3712 2795 3766 progressus
2821 3702 2887 3755 de
2915 3701 3038 3758 ﬁliis
3062 3700 3176 3773 ejus
3204 3709 3268 3761 ad
3297 3724 3418 3762 eum
3453 3711 3628 3764 locum
3659 3727 3787 3780 per-

2215 3785 2449 3840 venisset
2474 3789 2564 3855 qui
2594 3789 2659 3842 de
2687 3790 2938 3846 lenticula
2968 3806 3425 3863 commemoratus
3467 3810 3568 3854 est.
3609 3802 3788 3857 Movet

2217 3883 2391 3957 autem
2416 3877 2458 3929 si
2487 3877 2597 3947 ipse
2627 3880 2896 3935 invenitur
2920 3883 3248 3957 Abimelecb,
3276 3890 3364 3957 qui
3392 3874 3558 3953 etiam
3585 3891 3784 3947 Saram

2191 3953 2612 4035 concupiverat,
2644 3969 2811 4038 ipsius
2843 3973 2984 4025 enim
3029 3953 3426 4048 paranymphus
3446 3991 3502 4036 et
3527 3983 3785 4052 princeps

2215 4053 2417 4109 militiae
2447 4058 2538 4124 qui
2570 4058 2642 4112 ibi
2675 4064 3080 4117 commemorati
3125 4073 3265 4130 sunt,
3305 4066 3468 4120 etiam
3510 4071 3598 4123 hic
3637 4086 3820 4124 comm

2215 4154 2618 4214 memorantur,
2672 4152 2942 4205 utrumvel
3006 4153 3184 4208 vivere
3239 4158 3492 4224 potuerit.
3557 4159 3786 4225 Quando

2216 4233 2358 4288 enim
2390 4235 2562 4291 lactus
2591 4247 2671 4292 est
2698 4240 2900 4294 amicus
2928 4236 3157 4297 Abrahae
3175 4284 3188 4307 ,
3213 4226 3446 4299 nondum
3480 4258 3638 4302 natus
3666 4261 3786 4302 erat

2214 4322 2387 4405 Isaac,
2437 4328 2530 4380 sed
2566 4326 2676 4393 jam
2725 4331 3041 4397 promissus.
3091 4332 3356 4388 Ponamus
3405 4345 3529 4389 ante
3584 4353 3784 4391 annum

2217 4427 2378 4481 quam
2409 4424 2719 4470 nasceretur
2752 4418 2901 4473 Isaac
2942 4418 3068 4473 illud
3113 4421 3276 4476 fuisse
3315 4421 3515 4477 factum
3547 4443 3558 4478 :
3590 4426 3787 4493 deinde

557 4513 656 4567 lem
687 4513 918 4568 dicitur:
953 4511 1079 4566 Ηιεο
1111 4512 1210 4581 fuit
1233 4499 1479 4582 iniquitati
1503 4510 1745 4566 Sodoma:
1768 4511 1964 4564 sororis
1985 4519 2108 4574 tua,
2140 4494 2365 4560 Dlsaac
2392 4509 2628 4576 suscepit
2667 4509 2822 4575 ﬁlios,
2845 4506 3152 4569 cum'esset
3181 4529 3439 4570 annorum
3478 4519 3783 4587 sexaginta.

489 4634 492 4637 -
553 4600 788 4670 superbia
803 4609 848 4655 et
865 4601 1110 4655 saturitas
1131 4603 1303 4670 panis,
1323 4609 1370 4654 et
1391 4599 1713 4666 abundantia
1736 4597 1951 4669 (Ezech.
1976 4597 2110 4668 xvi),

453 4718 456 4722 ί
557 4700 738 4760 aperte
763 4691 1057 4744 ostenditur
1079 4690 1219 4758 quod
1246 4690 1445 4744 idcirco
1467 4689 1695 4743 salutem
1719 4687 1973 4767 perdidit,
1988 4687 2114 4755 quia

557 4794 675 4833 cum
707 4779 966 4846 superbiat
989 4779 1122 4832 vitio
1151 4793 1455 4832 mensuram
1482 4777 1771 4832 moderatae
1805 4776 2116 4831 refectionis

558 4868 802 4921 excessit.
829 4866 964 4921 Hinc
993 4867 1466 4943 primogenitorum
1497 4866 1718 4935 gloriam
1748 4865 1887 4945 Esau
1915 4866 2112 4930 amisit,
2159 4881 2161 4884 ‘

559 4956 680 5022 quia
707 4971 895 5026 magno
931 4964 1061 5010 testu
1110 4955 1518 5016 desiderabilem
1553 4956 1755 5021 cibum,
1784 4956 1838 5015 id
1868 4964 1968 5023 est,
1997 4955 2114 5010 leu-

565 5042 773 5094 ticulam
819 5042 1138 5111 concupivit,
1179 5034 1339 5111 quam
1382 5029 1614 5098 venditis
1661 5043 1824 5096 etiam
1851 5029 2130 5112 primogef

552 5127 689 5180 'uitis
708 5129 960 5196 praetulit,
977 5131 1156 5198 quoin
1181 5132 1267 5185 illa
1292 5133 1526 5200 appetitu
1551 5131 2113 5204 anhelaretjudicavit.

565 5214 745 5291 Neque
777 5217 919 5269 enim
946 5218 1114 5283 cibus,
1145 5223 1237 5274 sed
1269 5222 1534 5290 appetitus
1561 5223 1613 5275 in
1643 5223 1912 5276 vitio‘est.
1964 5221 2116 5276 Unde

561 5314 618 5357 et
645 5304 898 5382 lautiores
923 5299 1070 5376 cibos
1098 5309 1407 5378 plerumque
1434 5313 1548 5377 sine
1575 5311 1732 5380 culpa
1753 5312 2034 5376 sumimus,
2060 5318 2115 5365 et

559 5392 876 5463 abiectiores
901 5409 1007 5448 non
1041 5397 1157 5450 sine
1174 5407 1333 5452 reatu
1374 5402 1714 5456 conscientiae
1753 5402 2116 5470 degustamus.

563 5482 661 5535 llic
688 5482 881 5552 quippe
904 5499 1062 5551 quem
1092 5485 1321 5540 diximus
1357 5489 1495 5543 Esau
1516 5530 1530 5555 ,
1557 5492 1845 5559 primatum
1872 5505 1969 5559 per
2008 5489 2123 5543 len—

567 5571 776 5624 ticulam
809 5573 1060 5643 perdidit,
1095 5583 1150 5629 et
1192 5577 1334 5631 Elias
1379 5579 1433 5632 in
1482 5595 1661 5634 eremo
1707 5581 1961 5634 virtutem
2006 5576 2123 5634 coir-

561 5663 706 5728 poris
732 5676 920 5745 carnes
944 5667 1148 5723 edendo
1172 5670 1432 5724 servavit.
1477 5670 1628 5726 Unde
1657 5680 1711 5727 et
1741 5673 1992 5742 antiquus
2025 5673 2122 5727 lio-

2220 4594 2295 4648 illi
2323 4588 2748 4661 autem'juvenes
2779 4607 2954 4666 erant,
2985 4603 3195 4670 quando
3227 4604 3364 4658 Esau
3397 4601 3639 4660 ve'ndidit
3673 4606 3787 4676 pri-

2219 4687 2487 4756 mogenita
2533 4703 2648 4742 sua.
2688 4688 2955 4745 Ponamus
3003 4693 3164 4746 etiam
3223 4696 3365 4765 ipsos
3409 4697 3554 4750 circa
3592 4697 3783 4766 viginti

2221 4789 2388 4829 annos
2424 4775 2605 4841 fuisse,
2639 4777 2772 4832 fiunt
2796 4782 2922 4834 anui
2957 4783 3131 4836 aztatis
3159 4783 3306 4838 Isaac
3329 4801 3499 4854 usque
3535 4787 3600 4839 ad
3653 4787 3784 4841 illud

2221 4863 2420 4934 factum
2447 4865 2675 4920 ﬁliorum
2697 4869 2812 4937 ejus
2854 4871 3070 4930 circiter
3117 4874 3402 4944 octoginta.
3451 4875 3780 4930 Adolescen-

2223 4961 2329 5007 tem
2359 4955 2683 5031 accipiamus
2727 4956 2890 5012 fuisse
2920 4957 3248 5024 Abimelech,
3291 4963 3502 5028 quando
3550 4972 3780 5017 matrem

2221 5043 2386 5112 ipsius
2411 5046 2733 5114 concupivit,
2754 5055 2808 5100 et
2845 5046 3076 5101 Abrahae
3101 5049 3306 5103 amicus
3347 5034 3521 5104 iactus
3545 5059 3657 5104 est.
3681 5050 3784 5105 Po-

2221 5134 2321 5196 tuit
2343 5149 2471 5203 ergo
2492 5133 2602 5201 jam
2633 5151 2756 5189 esse
2799 5136 2951 5203 quasi
2999 5139 3354 5201 centenarias,
3400 5139 3444 5192 si
3485 5147 3606 5208 post
3651 5139 3781 5193 illud

2220 5223 2420 5297 factum
2443 5219 2671 5279 ﬁliorum
2693 5239 2908 5277 suorum
2931 5227 3165 5293 perrexit
3187 5225 3235 5278 in
3257 5240 3372 5279 eam
3390 5236 3593 5297 terram
3623 5222 3782 5280 famis

2219 5315 2536 5370 necessitate
2563 5312 2733 5369 lsaac.
2773 5313 2888 5368 Non
2915 5303 3044 5385 ergo
3058 5329 3134 5385 fex
3162 5316 3267 5373 hoc
3293 5317 3436 5386 cogit
3463 5317 3568 5371 ulla
3597 5331 3783 5372 neces-

2219 5404 2370 5468 sitas,
2392 5418 2489 5473 per
2528 5394 3025 5473 recapitulationem'
3068 5412 3256 5473 putare
3290 5413 3566 5459 narratam
3607 5401 3786 5473 perle-

2219 5495 2448 5549 ctionem
2486 5494 2637 5564 Isaac
2670 5493 2725 5547 in
2753 5491 2972 5547 Gerara.
2999 5492 3104 5549 Sed
3127 5493 3250 5564 quia
3274 5493 3344 5548 ibi
3373 5494 3625 5547 diuturno
3650 5500 3784 5545 tem-

2219 5597 2348 5650 pore
2378 5599 2496 5639 esse
2532 5585 2680 5638 Isaac
2703 5583 2954 5638 scribitur
2979 5591 3032 5637 et
3061 5592 3248 5652 puteos
3277 5583 3494 5645 fodisse,
3523 5590 3577 5636 et
3602 5581 3674 5635 dc
3703 5582 3785 5635 his

2221 5676 2576 5739 contendisse,
2606 5683 2660 5730 et
2695 5675 2918 5729 ditatqu
2946 5672 3109 5728 fuisse
3150 5674 3396 5744 pecunia,
3443 5672 3640 5726 mirum
3684 5670 3782 5727 nisi
