  <div class='ocr_page' id='page_1' title='image "/cluster/home/n/w/nwhite01/storage/ocr_20150623/107/uva.x000827064/298.png"; bbox 0 0 3948 6318; ppageno 0'>
   <div class='ocr_carea' id='block_1_1' title="bbox 210 256 317 312">
    <p class='ocr_par' dir='ltr' id='par_1_1' title="bbox 210 256 317 312">
     <span class='ocr_line' id='line_1_1' title="bbox 210 256 317 312; baseline 0.037 -4"><span class='ocrx_word' id='word_1_1' title='bbox 210 256 317 312; x_wconf 77' lang='grc'><strong>585</strong></span> 
     </span>
    </p>
   </div>
   <div class='ocr_carea' id='block_1_2' title="bbox 1221 249 2427 308">
    <p class='ocr_par' dir='ltr' id='par_1_2' title="bbox 1221 249 2427 308">
     <span class='ocr_line' id='line_1_2' title="bbox 1221 249 2427 308; baseline 0 -4"><span class='ocrx_word' id='word_1_2' title='bbox 1221 249 1566 306; x_wconf 74' lang='lat' dir='ltr'><strong>COMMENT.</strong></span> <span class='ocrx_word' id='word_1_3' title='bbox 1607 254 1672 306; x_wconf 70' lang='lat' dir='ltr'><strong>IN</strong></span> <span class='ocrx_word' id='word_1_4' title='bbox 1710 251 2032 308; x_wconf 75' lang='lat' dir='ltr'><strong>GENESIM.</strong></span> <span class='ocrx_word' id='word_1_5' title='bbox 2072 282 2137 291; x_wconf 98' lang='lat'>—</span> <span class='ocrx_word' id='word_1_6' title='bbox 2179 253 2304 306; x_wconf 75' lang='grc' dir='ltr'><strong>ΜΒ.</strong></span> <span class='ocrx_word' id='word_1_7' title='bbox 2343 253 2427 307; x_wconf 94' lang='lat' dir='ltr'><strong>Ill.</strong></span> 
     </span>
    </p>
   </div>
   <div class='ocr_carea' id='block_1_3' title="bbox 3333 254 3440 312">
    <p class='ocr_par' dir='ltr' id='par_1_3' title="bbox 3333 254 3440 312">
     <span class='ocr_line' id='line_1_3' title="bbox 3333 254 3440 312; baseline -0.028 0"><span class='ocrx_word' id='word_1_8' title='bbox 3333 254 3440 312; x_wconf 74' lang='lat'><strong>536</strong></span> 
     </span>
    </p>
   </div>
   <div class='ocr_carea' id='block_1_4' title="bbox 211 344 3435 439">
    <p class='ocr_par' dir='ltr' id='par_1_4' title="bbox 211 344 3435 439">
     <span class='ocr_line' id='line_1_4' title="bbox 211 344 3435 439; baseline -0.001 -15"><span class='ocrx_word' id='word_1_9' title='bbox 211 344 610 439; x_wconf 86' lang='lat' dir='ltr'><strong>recapituiando</strong></span> <span class='ocrx_word' id='word_1_10' title='bbox 636 367 738 426; x_wconf 85' lang='lat' dir='ltr'><strong>ista</strong></span> <span class='ocrx_word' id='word_1_11' title='bbox 764 377 1249 437; x_wconf 73' lang='lat' dir='ltr'><strong>commemorantur</strong></span> <span class='ocrx_word' id='word_1_12' title='bbox 1279 378 1292 416; x_wconf 89' lang='lat'><strong>:</strong></span> <span class='ocrx_word' id='word_1_13' title='bbox 1337 377 1454 432; x_wconf 68' lang='lat' dir='ltr'><strong>qum</strong></span> <span class='ocrx_word' id='word_1_14' title='bbox 1499 361 1618 416; x_wconf 92' lang='lat' dir='ltr'><strong>ideo</strong></span> <span class='ocrx_word' id='word_1_15' title='bbox 1659 361 1771 429; x_wconf 83' lang='lat' dir='ltr'><strong>fuc—</strong></span> <span class='ocrx_word' id='word_1_16' title='bbox 1797 369 1847 427; x_wconf 77' lang='grc' dir='ltr'><strong>Α</strong></span> <span class='ocrx_word' id='word_1_17' title='bbox 1873 360 2007 414; x_wconf 83' lang='lat' dir='ltr'><strong>Ecce</strong></span> <span class='ocrx_word' id='word_1_18' title='bbox 2032 364 2346 434; x_wconf 76' lang='lat' dir='ltr'><strong>relinquetur</strong></span> <span class='ocrx_word' id='word_1_19' title='bbox 2365 360 2506 416; x_wconf 82' lang='lat' dir='ltr'><strong>vobis</strong></span> <span class='ocrx_word' id='word_1_20' title='bbox 2533 362 2716 414; x_wconf 84' lang='lat' dir='ltr'><strong>domus</strong></span> <span class='ocrx_word' id='word_1_21' title='bbox 2764 370 2928 430; x_wconf 83' lang='lat' dir='ltr'><strong>vestra</strong></span> <span class='ocrx_word' id='word_1_22' title='bbox 2973 365 3171 419; x_wconf 82' lang='lat' dir='ltr'><strong>deserta</strong></span> <span class='ocrx_word' id='word_1_23' title='bbox 3223 366 3435 437; x_wconf 80' lang='lat' dir='ltr'><strong>(Matth.</strong></span> 
     </span>
    </p>
   </div>
   <div class='ocr_carea' id='block_1_5' title="bbox 210 451 1770 530">
    <p class='ocr_par' dir='ltr' id='par_1_5' title="bbox 210 451 1770 530">
     <span class='ocr_line' id='line_1_5' title="bbox 210 451 1770 530; baseline -0.006 -15"><span class='ocrx_word' id='word_1_24' title='bbox 210 471 334 522; x_wconf 85' lang='lat' dir='ltr'><strong>rant</strong></span> <span class='ocrx_word' id='word_1_25' title='bbox 361 460 742 530; x_wconf 73' lang='lat' dir='ltr'><strong>prmtermissa,</strong></span> <span class='ocrx_word' id='word_1_26' title='bbox 764 466 821 510; x_wconf 91' lang='lat' dir='ltr'><strong>ut</strong></span> <span class='ocrx_word' id='word_1_27' title='bbox 855 456 1084 525; x_wconf 89' lang='lat' dir='ltr'><strong>primum</strong></span> <span class='ocrx_word' id='word_1_28' title='bbox 1120 454 1185 509; x_wconf 91' lang='lat' dir='ltr'><strong>de</strong></span> <span class='ocrx_word' id='word_1_29' title='bbox 1213 454 1334 509; x_wconf 97' lang='lat' dir='ltr'><strong>ﬁliis</strong></span> <span class='ocrx_word' id='word_1_30' title='bbox 1368 452 1481 521; x_wconf 87' lang='lat' dir='ltr'><strong>ejus</strong></span> <span class='ocrx_word' id='word_1_31' title='bbox 1509 451 1770 522; x_wconf 78' lang='lat' dir='ltr'><strong>usquead</strong></span> 
     </span>
    </p>
   </div>
   <div class='ocr_carea' id='block_1_6' title="bbox 210 544 1772 614">
    <p class='ocr_par' dir='ltr' id='par_1_6' title="bbox 210 544 1772 614">
     <span class='ocr_line' id='line_1_6' title="bbox 210 544 1772 614; baseline -0.005 -8"><span class='ocrx_word' id='word_1_32' title='bbox 210 553 360 606; x_wconf 91' lang='lat' dir='ltr'><strong>illum</strong></span> <span class='ocrx_word' id='word_1_33' title='bbox 393 552 564 606; x_wconf 85' lang='lat' dir='ltr'><strong>locum</strong></span> <span class='ocrx_word' id='word_1_34' title='bbox 593 551 657 604; x_wconf 91' lang='lat' dir='ltr'><strong>de</strong></span> <span class='ocrx_word' id='word_1_35' title='bbox 703 548 951 602; x_wconf 78' lang='lat' dir='ltr'><strong>lenticula</strong></span> <span class='ocrx_word' id='word_1_36' title='bbox 997 547 1234 608; x_wconf 80' lang='lat' dir='ltr'><strong>narratio</strong></span> <span class='ocrx_word' id='word_1_37' title='bbox 1277 545 1600 614; x_wconf 86' lang='lat' dir='ltr'><strong>perveniret.</strong></span> <span class='ocrx_word' id='word_1_38' title='bbox 1649 544 1772 599; x_wconf 85' lang='lat' dir='ltr'><strong>Ideo</strong></span> 
     </span>
    </p>
   </div>
   <div class='ocr_carea' id='block_1_7' title="bbox 207 631 1770 711">
    <p class='ocr_par' dir='ltr' id='par_1_7' title="bbox 207 631 1770 711">
     <span class='ocr_line' id='line_1_7' title="bbox 207 631 1770 711; baseline -0.004 -15"><span class='ocrx_word' id='word_1_39' title='bbox 207 642 353 710; x_wconf 88' lang='lat' dir='ltr'><strong>quod</strong></span> <span class='ocrx_word' id='word_1_40' title='bbox 380 631 638 710; x_wconf 81' lang='lat' dir='ltr'><strong>scriptum</strong></span> <span class='ocrx_word' id='word_1_41' title='bbox 662 649 745 694; x_wconf 92' lang='lat' dir='ltr'><strong>est</strong></span> <span class='ocrx_word' id='word_1_42' title='bbox 770 639 833 693; x_wconf 88' lang='lat' dir='ltr'><strong>de</strong></span> <span class='ocrx_word' id='word_1_43' title='bbox 853 638 998 693; x_wconf 83' lang='lat' dir='ltr'><strong>Isaac</strong></span> <span class='ocrx_word' id='word_1_44' title='bbox 1024 636 1320 711; x_wconf 73' lang='lat' dir='ltr'><strong>:Benedixit</strong></span> <span class='ocrx_word' id='word_1_45' title='bbox 1337 646 1516 699; x_wconf 83' lang='lat' dir='ltr'><strong>autem</strong></span> <span class='ocrx_word' id='word_1_46' title='bbox 1533 653 1648 690; x_wconf 87' lang='lat' dir='ltr'><strong>eum</strong></span> <span class='ocrx_word' id='word_1_47' title='bbox 1667 636 1770 689; x_wconf 86' lang='lat' dir='ltr'><strong>Do-</strong></span> 
     </span>
    </p>
   </div>
   <div class='ocr_carea' id='block_1_8' title="bbox 175 727 1765 797">
    <p class='ocr_par' dir='ltr' id='par_1_8' title="bbox 175 727 1765 797">
     <span class='ocr_line' id='line_1_8' title="bbox 175 727 1765 797; baseline -0.001 -17"><span class='ocrx_word' id='word_1_48' title='bbox 175 778 177 780; x_wconf 78' lang='lat'><strong>.</strong></span> <span class='ocrx_word' id='word_1_49' title='bbox 205 732 405 794; x_wconf 83' lang='lat' dir='ltr'><strong>minus,</strong></span> <span class='ocrx_word' id='word_1_50' title='bbox 420 739 467 783; x_wconf 87' lang='lat' dir='ltr'><strong>et</strong></span> <span class='ocrx_word' id='word_1_51' title='bbox 487 729 742 787; x_wconf 73' lang='lat' dir='ltr'><strong>exaltalus</strong></span> <span class='ocrx_word' id='word_1_52' title='bbox 764 741 838 784; x_wconf 81' lang='lat' dir='ltr'><strong>est</strong></span> <span class='ocrx_word' id='word_1_53' title='bbox 861 728 1013 782; x_wconf 80' lang='lat' dir='ltr'><strong>homo</strong></span> <span class='ocrx_word' id='word_1_54' title='bbox 1035 737 1082 781; x_wconf 89' lang='lat' dir='ltr'><strong>et</strong></span> <span class='ocrx_word' id='word_1_55' title='bbox 1106 729 1382 797; x_wconf 84' lang='lat' dir='ltr'><strong>procedens</strong></span> <span class='ocrx_word' id='word_1_56' title='bbox 1405 727 1578 797; x_wconf 89' lang='lat' dir='ltr'><strong>major</strong></span> <span class='ocrx_word' id='word_1_57' title='bbox 1589 727 1765 796; x_wconf 81' lang='lat' dir='ltr'><strong>ﬁebat,</strong></span> 
     </span>
    </p>
   </div>
   <div class='ocr_carea' id='block_1_9' title="bbox 204 816 1769 898">
    <p class='ocr_par' dir='ltr' id='par_1_9' title="bbox 204 816 1769 898">
     <span class='ocr_line' id='line_1_9' title="bbox 204 816 1769 898; baseline -0.002 -25"><span class='ocrx_word' id='word_1_58' title='bbox 204 821 544 898; x_wconf 75' lang='lat' dir='ltr'><strong>quoadusque</strong></span> <span class='ocrx_word' id='word_1_59' title='bbox 571 837 786 890; x_wconf 77' lang='lat' dir='ltr'><strong>magnus</strong></span> <span class='ocrx_word' id='word_1_60' title='bbox 809 818 975 882; x_wconf 77' lang='lat' dir='ltr'><strong>[aetas</strong></span> <span class='ocrx_word' id='word_1_61' title='bbox 1003 826 1076 870; x_wconf 86' lang='lat' dir='ltr'><strong>est</strong></span> <span class='ocrx_word' id='word_1_62' title='bbox 1099 816 1263 876; x_wconf 83' lang='lat' dir='ltr'><strong>valde.</strong></span> <span class='ocrx_word' id='word_1_63' title='bbox 1288 819 1576 871; x_wconf 89' lang='lat' dir='ltr'><strong>secundum</strong></span> <span class='ocrx_word' id='word_1_64' title='bbox 1604 825 1769 870; x_wconf 89' lang='lat' dir='ltr'><strong>terre-</strong></span> 
     </span>
    </p>
   </div>
   <div class='ocr_carea' id='block_1_10' title="bbox 126 908 1770 978">
    <p class='ocr_par' dir='ltr' id='par_1_10' title="bbox 126 908 1770 978">
     <span class='ocr_line' id='line_1_10' title="bbox 126 908 1770 978; baseline -0.002 -14"><span class='ocrx_word' id='word_1_65' title='bbox 126 956 135 964; x_wconf 93' lang='lat'><strong>.</strong></span> <span class='ocrx_word' id='word_1_66' title='bbox 206 929 334 969; x_wconf 81' lang='lat' dir='ltr'><strong>nam</strong></span> <span class='ocrx_word' id='word_1_67' title='bbox 364 912 669 968; x_wconf 76' lang='lat' dir='ltr'><strong>felicitatem</strong></span> <span class='ocrx_word' id='word_1_68' title='bbox 696 911 895 964; x_wconf 87' lang='lat' dir='ltr'><strong>dictum</strong></span> <span class='ocrx_word' id='word_1_69' title='bbox 917 910 1189 978; x_wconf 79' lang='lat' dir='ltr'><strong>sequentia</strong></span> <span class='ocrx_word' id='word_1_70' title='bbox 1211 910 1419 974; x_wconf 84' lang='lat' dir='ltr'><strong>docent,</strong></span> <span class='ocrx_word' id='word_1_71' title='bbox 1446 908 1770 977; x_wconf 77' lang='lat' dir='ltr'><strong>Exsequitur</strong></span> 
     </span>
    </p>
   </div>
   <div class='ocr_carea' id='block_1_11' title="bbox 199 982 1768 1073">
    <p class='ocr_par' dir='ltr' id='par_1_11' title="bbox 199 982 1768 1073">
     <span class='ocr_line' id='line_1_11' title="bbox 199 982 1768 1073; baseline -0.006 -14"><span class='ocrx_word' id='word_1_72' title='bbox 199 1020 440 1073; x_wconf 79' lang='lat' dir='ltr'><strong>namque</strong></span> <span class='ocrx_word' id='word_1_73' title='bbox 457 982 705 1057; x_wconf 78' lang='lat' dir='ltr'><strong>narrator</strong></span> <span class='ocrx_word' id='word_1_74' title='bbox 723 1002 936 1057; x_wconf 86' lang='lat' dir='ltr'><strong>easdem</strong></span> <span class='ocrx_word' id='word_1_75' title='bbox 957 1000 1072 1068; x_wconf 87' lang='lat' dir='ltr'><strong>ejus</strong></span> <span class='ocrx_word' id='word_1_76' title='bbox 1092 1001 1320 1063; x_wconf 80' lang='lat' dir='ltr'><strong>divitias,</strong></span> <span class='ocrx_word' id='word_1_77' title='bbox 1337 1001 1527 1069; x_wconf 88' lang='lat' dir='ltr'><strong>quibus</strong></span> <span class='ocrx_word' id='word_1_78' title='bbox 1545 1014 1768 1067; x_wconf 75' lang='lat' dir='ltr'><strong>magnus</strong></span> 
     </span>
    </p>
   </div>
   <div class='ocr_carea' id='block_1_12' title="bbox 203 1089 1765 1158">
    <p class='ocr_par' dir='ltr' id='par_1_12' title="bbox 203 1089 1765 1158">
     <span class='ocr_line' id='line_1_12' title="bbox 203 1089 1765 1158; baseline -0.006 -5"><span class='ocrx_word' id='word_1_79' title='bbox 203 1095 380 1153; x_wconf 82' lang='lat' dir='ltr'><strong>factus</strong></span> <span class='ocrx_word' id='word_1_80' title='bbox 408 1104 508 1158; x_wconf 88' lang='lat' dir='ltr'><strong>est,</strong></span> <span class='ocrx_word' id='word_1_81' title='bbox 541 1103 596 1148; x_wconf 90' lang='lat' dir='ltr'><strong>et</strong></span> <span class='ocrx_word' id='word_1_82' title='bbox 638 1095 764 1149; x_wconf 86' lang='lat' dir='ltr'><strong>hinc</strong></span> <span class='ocrx_word' id='word_1_83' title='bbox 809 1103 986 1147; x_wconf 89' lang='lat' dir='ltr'><strong>motus</strong></span> <span class='ocrx_word' id='word_1_84' title='bbox 1029 1091 1356 1154; x_wconf 87' lang='lat' dir='ltr'><strong>Abimelecb,</strong></span> <span class='ocrx_word' id='word_1_85' title='bbox 1403 1092 1579 1144; x_wconf 80' lang='lat' dir='ltr'><strong>timuit</strong></span> <span class='ocrx_word' id='word_1_86' title='bbox 1621 1089 1765 1143; x_wconf 89' lang='lat' dir='ltr'><strong>illum</strong></span> 
     </span>
    </p>
   </div>
   <div class='ocr_carea' id='block_1_13' title="bbox 201 1178 1768 1254">
    <p class='ocr_par' dir='ltr' id='par_1_13' title="bbox 201 1178 1768 1254">
     <span class='ocr_line' id='line_1_13' title="bbox 201 1178 1768 1254; baseline -0.004 -13"><span class='ocrx_word' id='word_1_87' title='bbox 201 1187 280 1241; x_wconf 89' lang='lat' dir='ltr'><strong>ibi</strong></span> <span class='ocrx_word' id='word_1_88' title='bbox 314 1199 456 1249; x_wconf 83' lang='lat' dir='ltr'><strong>esse,</strong></span> <span class='ocrx_word' id='word_1_89' title='bbox 484 1200 550 1238; x_wconf 90' lang='lat' dir='ltr'><strong>ne</strong></span> <span class='ocrx_word' id='word_1_90' title='bbox 585 1184 865 1254; x_wconf 76' lang='lat' dir='ltr'><strong>pncsentia</strong></span> <span class='ocrx_word' id='word_1_91' title='bbox 892 1181 1005 1250; x_wconf 84' lang='lat' dir='ltr'><strong>ejus</strong></span> <span class='ocrx_word' id='word_1_92' title='bbox 1032 1178 1132 1242; x_wconf 82' lang='lat' dir='ltr'><strong>sibi</strong></span> <span class='ocrx_word' id='word_1_93' title='bbox 1156 1193 1295 1238; x_wconf 85' lang='lat' dir='ltr'><strong>esset</strong></span> <span class='ocrx_word' id='word_1_94' title='bbox 1337 1181 1548 1253; x_wconf 85' lang='lat' dir='ltr'><strong>infesta.</strong></span> <span class='ocrx_word' id='word_1_95' title='bbox 1593 1182 1768 1246; x_wconf 68' lang='lat' dir='ltr'><strong>Quan-~</strong></span> 
     </span>
    </p>
   </div>
   <div class='ocr_carea' id='block_1_14' title="bbox 193 1262 1763 1345">
    <p class='ocr_par' dir='ltr' id='par_1_14' title="bbox 193 1262 1763 1345">
     <span class='ocr_line' id='line_1_14' title="bbox 193 1262 1763 1345; baseline -0.002 -18"><span class='ocrx_word' id='word_1_96' title='bbox 193 1291 365 1344; x_wconf 76' lang='lat' dir='ltr'><strong>quam</strong></span> <span class='ocrx_word' id='word_1_97' title='bbox 394 1280 534 1345; x_wconf 86' lang='lat' dir='ltr'><strong>ergo</strong></span> <span class='ocrx_word' id='word_1_98' title='bbox 567 1274 761 1342; x_wconf 89' lang='lat' dir='ltr'><strong>aliquid</strong></span> <span class='ocrx_word' id='word_1_99' title='bbox 793 1273 1067 1342; x_wconf 86' lang='lat' dir='ltr'><strong>spirituale</strong></span> <span class='ocrx_word' id='word_1_100' title='bbox 1098 1274 1200 1328; x_wconf 90' lang='lat' dir='ltr'><strong>ista</strong></span> <span class='ocrx_word' id='word_1_101' title='bbox 1232 1262 1552 1341; x_wconf 87' lang='lat' dir='ltr'><strong>signiﬁcent,</strong></span> <span class='ocrx_word' id='word_1_102' title='bbox 1584 1268 1763 1325; x_wconf 86' lang='lat' dir='ltr'><strong>tamen</strong></span> 
     </span>
    </p>
   </div>
   <div class='ocr_carea' id='block_1_15' title="bbox 198 1351 1764 1438">
    <p class='ocr_par' dir='ltr' id='par_1_15' title="bbox 198 1351 1764 1438">
     <span class='ocr_line' id='line_1_15' title="bbox 198 1351 1764 1438; baseline -0.004 -18"><span class='ocrx_word' id='word_1_103' title='bbox 198 1365 497 1420; x_wconf 80' lang='lat' dir='ltr'><strong>secundum</strong></span> <span class='ocrx_word' id='word_1_104' title='bbox 524 1363 603 1416; x_wconf 73' lang='lat' dir='ltr'><strong>~id</strong></span> <span class='ocrx_word' id='word_1_105' title='bbox 652 1362 794 1432; x_wconf 89' lang='lat' dir='ltr'><strong>quod</strong></span> <span class='ocrx_word' id='word_1_106' title='bbox 845 1362 1205 1432; x_wconf 87' lang='lat' dir='ltr'><strong>contigerunt,</strong></span> <span class='ocrx_word' id='word_1_107' title='bbox 1259 1363 1378 1418; x_wconf 89' lang='lat' dir='ltr'><strong>ideo</strong></span> <span class='ocrx_word' id='word_1_108' title='bbox 1420 1351 1764 1438; x_wconf 82' lang='lat' dir='ltr'><strong>praemissum</strong></span> 
     </span>
    </p>
   </div>
   <div class='ocr_carea' id='block_1_16' title="bbox 196 1452 1766 1532">
    <p class='ocr_par' dir='ltr' id='par_1_16' title="bbox 196 1452 1766 1532">
     <span class='ocr_line' id='line_1_16' title="bbox 196 1452 1766 1532; baseline -0.003 -23"><span class='ocrx_word' id='word_1_109' title='bbox 196 1464 285 1509; x_wconf 85' lang='lat' dir='ltr'><strong>est</strong></span> <span class='ocrx_word' id='word_1_110' title='bbox 309 1471 322 1508; x_wconf 87' lang='lat'><strong>:</strong></span> <span class='ocrx_word' id='word_1_111' title='bbox 351 1453 626 1508; x_wconf 74' lang='lat' dir='ltr'><strong>Benedixit</strong></span> <span class='ocrx_word' id='word_1_112' title='bbox 654 1468 773 1507; x_wconf 80' lang='lat' dir='ltr'><strong>eum</strong></span> <span class='ocrx_word' id='word_1_113' title='bbox 796 1452 1047 1506; x_wconf 88' lang='lat' dir='ltr'><strong>Dominus</strong></span> <span class='ocrx_word' id='word_1_114' title='bbox 1065 1492 1079 1517; x_wconf 94' lang='lat'><strong>,</strong></span> <span class='ocrx_word' id='word_1_115' title='bbox 1124 1462 1186 1532; x_wconf 68' lang='lat' dir='ltr'><strong>ut</strong></span> <span class='ocrx_word' id='word_1_116' title='bbox 1229 1468 1369 1510; x_wconf 15' lang='lat' dir='ltr'><strong>sanat</strong></span> <span class='ocrx_word' id='word_1_117' title='bbox 1397 1452 1500 1507; x_wconf 69' lang='lat' dir='ltr'><strong>ﬁde</strong></span> <span class='ocrx_word' id='word_1_118' title='bbox 1555 1452 1766 1515; x_wconf 86' lang='lat' dir='ltr'><strong>intelli-_</strong></span> 
     </span>
    </p>
   </div>
   <div class='ocr_carea' id='block_1_17' title="bbox 196 1542 1754 1616">
    <p class='ocr_par' dir='ltr' id='par_1_17' title="bbox 196 1542 1754 1616">
     <span class='ocr_line' id='line_1_17' title="bbox 196 1542 1754 1616; baseline 0.001 -21"><span class='ocrx_word' id='word_1_119' title='bbox 196 1558 391 1611; x_wconf 85' lang='lat' dir='ltr'><strong>gamus</strong></span> <span class='ocrx_word' id='word_1_120' title='bbox 411 1543 576 1596; x_wconf 89' lang='lat' dir='ltr'><strong>etiam</strong></span> <span class='ocrx_word' id='word_1_121' title='bbox 612 1543 712 1597; x_wconf 89' lang='lat' dir='ltr'><strong>ista</strong></span> <span class='ocrx_word' id='word_1_122' title='bbox 759 1542 1068 1612; x_wconf 79' lang='lat' dir='ltr'><strong>temporalia</strong></span> <span class='ocrx_word' id='word_1_123' title='bbox 1082 1543 1251 1600; x_wconf 75' lang='lat' dir='ltr'><strong>.dona</strong></span> <span class='ocrx_word' id='word_1_124' title='bbox 1293 1557 1394 1616; x_wconf 85' lang='lat' dir='ltr'><strong>nec</strong></span> <span class='ocrx_word' id='word_1_125' title='bbox 1425 1543 1540 1596; x_wconf 88' lang='lat' dir='ltr'><strong>dari</strong></span> <span class='ocrx_word' id='word_1_126' title='bbox 1554 1558 1562 1588; x_wconf 88' lang='grc'><strong>.·</strong></span> <span class='ocrx_word' id='word_1_127' title='bbox 1577 1556 1754 1613; x_wconf 89' lang='lat' dir='ltr'><strong>posse,</strong></span> 
     </span>
    </p>
   </div>
   <div class='ocr_carea' id='block_1_18' title="bbox 196 1630 1760 1702">
    <p class='ocr_par' dir='ltr' id='par_1_18' title="bbox 196 1630 1760 1702">
     <span class='ocr_line' id='line_1_18' title="bbox 196 1630 1760 1702; baseline 0.001 -16"><span class='ocrx_word' id='word_1_128' title='bbox 196 1646 302 1686; x_wconf 86' lang='lat' dir='ltr'><strong>nec</strong></span> <span class='ocrx_word' id='word_1_129' title='bbox 328 1647 548 1701; x_wconf 89' lang='lat' dir='ltr'><strong>sperare</strong></span> <span class='ocrx_word' id='word_1_130' title='bbox 575 1632 800 1698; x_wconf 77' lang='lat' dir='ltr'><strong>debere,</strong></span> <span class='ocrx_word' id='word_1_131' title='bbox 823 1630 984 1688; x_wconf 86' lang='lat' dir='ltr'><strong>etiam</strong></span> <span class='ocrx_word' id='word_1_132' title='bbox 1012 1647 1131 1687; x_wconf 89' lang='lat' dir='ltr'><strong>cum</strong></span> <span class='ocrx_word' id='word_1_133' title='bbox 1162 1633 1229 1686; x_wconf 90' lang='lat' dir='ltr'><strong>ab</strong></span> <span class='ocrx_word' id='word_1_134' title='bbox 1256 1632 1638 1693; x_wconf 82' lang='lat' dir='ltr'><strong>inﬁrmioribus</strong></span> <span class='ocrx_word' id='word_1_135' title='bbox 1657 1647 1760 1702; x_wconf 80' lang='lat' dir='ltr'><strong>ap-</strong></span> 
     </span>
    </p>
   </div>
   <div class='ocr_carea' id='block_1_19' title="bbox 1874 452 3439 524">
    <p class='ocr_par' dir='ltr' id='par_1_19' title="bbox 1874 452 3439 524">
     <span class='ocr_line' id='line_1_19' title="bbox 1874 452 3439 524; baseline 0 -14"><span class='ocrx_word' id='word_1_136' title='bbox 1874 455 2052 524; x_wconf 79' lang='lat' dir='ltr'><strong>xxnt).</strong></span> <span class='ocrx_word' id='word_1_137' title='bbox 2086 454 2241 508; x_wconf 80' lang='lat' dir='ltr'><strong>Fudit</strong></span> <span class='ocrx_word' id='word_1_138' title='bbox 2264 467 2394 522; x_wconf 86' lang='lat' dir='ltr'><strong>ergo</strong></span> <span class='ocrx_word' id='word_1_139' title='bbox 2421 452 2568 506; x_wconf 88' lang='lat' dir='ltr'><strong>Isaac</strong></span> <span class='ocrx_word' id='word_1_140' title='bbox 2619 465 2812 514; x_wconf 84' lang='lat' dir='ltr'><strong>novum</strong></span> <span class='ocrx_word' id='word_1_141' title='bbox 2863 460 3104 519; x_wconf 85' lang='lat' dir='ltr'><strong>puteum,</strong></span> <span class='ocrx_word' id='word_1_142' title='bbox 3143 455 3249 509; x_wconf 92' lang='lat' dir='ltr'><strong>imo</strong></span> <span class='ocrx_word' id='word_1_143' title='bbox 3290 458 3439 524; x_wconf 79' lang='lat' dir='ltr'><strong>pueri</strong></span> 
     </span>
    </p>
   </div>
   <div class='ocr_carea' id='block_1_20' title="bbox 1871 540 3439 606">
    <p class='ocr_par' dir='ltr' id='par_1_20' title="bbox 1871 540 3439 606">
     <span class='ocr_line' id='line_1_20' title="bbox 1871 540 3439 606; baseline 0 -10"><span class='ocrx_word' id='word_1_144' title='bbox 1871 544 2020 598; x_wconf 85' lang='lat' dir='ltr'><strong>Isaac</strong></span> <span class='ocrx_word' id='word_1_145' title='bbox 2050 545 2275 601; x_wconf 89' lang='lat' dir='ltr'><strong>fodiunt.</strong></span> <span class='ocrx_word' id='word_1_146' title='bbox 2304 542 2459 596; x_wconf 89' lang='lat' dir='ltr'><strong>Pueri</strong></span> <span class='ocrx_word' id='word_1_147' title='bbox 2501 549 2626 596; x_wconf 86' lang='lat' dir='ltr'><strong>sunt</strong></span> <span class='ocrx_word' id='word_1_148' title='bbox 2665 540 2834 605; x_wconf 87' lang='lat' dir='ltr'><strong>lsaac,</strong></span> <span class='ocrx_word' id='word_1_149' title='bbox 2861 540 3157 604; x_wconf 69' lang='lat' dir='ltr'><strong>Matthaaus,‘</strong></span> <span class='ocrx_word' id='word_1_150' title='bbox 3208 542 3439 606; x_wconf 81' lang='lat' dir='ltr'><strong>Marcus,</strong></span> 
     </span>
    </p>
   </div>
   <div class='ocr_carea' id='block_1_21' title="bbox 1874 629 3442 701">
    <p class='ocr_par' dir='ltr' id='par_1_21' title="bbox 1874 629 3442 701">
     <span class='ocr_line' id='line_1_21' title="bbox 1874 629 3442 701; baseline -0.001 -16"><span class='ocrx_word' id='word_1_151' title='bbox 1874 632 2045 691; x_wconf 76' lang='lat' dir='ltr'><strong>Lucas</strong></span> <span class='ocrx_word' id='word_1_152' title='bbox 2073 644 2133 688; x_wconf 87' lang='lat' dir='ltr'><strong>et.</strong></span> <span class='ocrx_word' id='word_1_153' title='bbox 2152 633 2404 698; x_wconf 76' lang='lat' dir='ltr'><strong>Joannes,</strong></span> <span class='ocrx_word' id='word_1_154' title='bbox 2441 630 2635 685; x_wconf 83' lang='lat' dir='ltr'><strong>Petrus</strong></span> <span class='ocrx_word' id='word_1_155' title='bbox 2668 639 2720 684; x_wconf 88' lang='lat' dir='ltr'><strong>et</strong></span> <span class='ocrx_word' id='word_1_156' title='bbox 2753 630 3004 694; x_wconf 77' lang='lat' dir='ltr'><strong>Jacohus,</strong></span> <span class='ocrx_word' id='word_1_157' title='bbox 3028 629 3194 685; x_wconf 72' lang='lat' dir='ltr'><strong>Iudas</strong></span> <span class='ocrx_word' id='word_1_158' title='bbox 3232 641 3286 685; x_wconf 90' lang='lat' dir='ltr'><strong>et</strong></span> <span class='ocrx_word' id='word_1_159' title='bbox 3313 648 3442 701; x_wconf 56' lang='lat' dir='ltr'><strong>apt»</strong></span> 
     </span>
    </p>
   </div>
   <div class='ocr_carea' id='block_1_22' title="bbox 1872 722 3441 793">
    <p class='ocr_par' dir='ltr' id='par_1_22' title="bbox 1872 722 3441 793">
     <span class='ocr_line' id='line_1_22' title="bbox 1872 722 3441 793; baseline 0 -17"><span class='ocrx_word' id='word_1_160' title='bbox 1872 723 2040 778; x_wconf 90' lang='lat' dir='ltr'><strong>stolus</strong></span> <span class='ocrx_word' id='word_1_161' title='bbox 2092 723 2308 787; x_wconf 79' lang='lat' dir='ltr'><strong>Pa’ulus,</strong></span> <span class='ocrx_word' id='word_1_162' title='bbox 2347 724 2437 793; x_wconf 87' lang='lat' dir='ltr'><strong>qui</strong></span> <span class='ocrx_word' id='word_1_163' title='bbox 2463 737 2652 777; x_wconf 89' lang='lat' dir='ltr'><strong>omnes</strong></span> <span class='ocrx_word' id='word_1_164' title='bbox 2685 722 2817 776; x_wconf 81' lang='lat' dir='ltr'><strong>Novi</strong></span> <span class='ocrx_word' id='word_1_165' title='bbox 2861 722 3206 778; x_wconf 75' lang='lat' dir='ltr'><strong>Testamcnti</strong></span> <span class='ocrx_word' id='word_1_166' title='bbox 3222 731 3441 790; x_wconf 89' lang='lat' dir='ltr'><strong>puteum</strong></span> 
     </span>
    </p>
   </div>
   <div class='ocr_carea' id='block_1_23' title="bbox 1867 802 3442 884">
    <p class='ocr_par' dir='ltr' id='par_1_23' title="bbox 1867 802 3442 884">
     <span class='ocr_line' id='line_1_23' title="bbox 1867 802 3442 884; baseline 0 -18"><span class='ocrx_word' id='word_1_167' title='bbox 1867 813 2138 880; x_wconf 76' lang='lat' dir='ltr'><strong>foderunt,</strong></span> <span class='ocrx_word' id='word_1_168' title='bbox 2162 824 2218 869; x_wconf 90' lang='lat' dir='ltr'><strong>et</strong></span> <span class='ocrx_word' id='word_1_169' title='bbox 2239 817 2559 870; x_wconf 86' lang='lat' dir='ltr'><strong>invenerunt</strong></span> <span class='ocrx_word' id='word_1_170' title='bbox 2598 828 2793 882; x_wconf 88' lang='lat' dir='ltr'><strong>aquam</strong></span> <span class='ocrx_word' id='word_1_171' title='bbox 2824 813 3021 878; x_wconf 82' lang='lat' dir='ltr'><strong>vivam,</strong></span> <span class='ocrx_word' id='word_1_172' title='bbox 3060 802 3178 884; x_wconf 69' lang='lat' dir='ltr'><strong>quae</strong></span> <span class='ocrx_word' id='word_1_173' title='bbox 3219 812 3278 866; x_wconf 89' lang='lat' dir='ltr'><strong>ﬁt</strong></span> <span class='ocrx_word' id='word_1_174' title='bbox 3324 812 3442 866; x_wconf 87' lang='lat' dir='ltr'><strong>fons</strong></span> 
     </span>
    </p>
   </div>
   <div class='ocr_carea' id='block_1_24' title="bbox 1869 902 3442 975">
    <p class='ocr_par' dir='ltr' id='par_1_24' title="bbox 1869 902 3442 975">
     <span class='ocr_line' id='line_1_24' title="bbox 1869 902 3442 975; baseline -0.003 -16"><span class='ocrx_word' id='word_1_175' title='bbox 1869 922 2020 975; x_wconf 73' lang='lat' dir='ltr'><strong>aqua:</strong></span> <span class='ocrx_word' id='word_1_176' title='bbox 2046 905 2276 960; x_wconf 84' lang='lat' dir='ltr'><strong>salientis</strong></span> <span class='ocrx_word' id='word_1_177' title='bbox 2306 905 2361 958; x_wconf 87' lang='lat' dir='ltr'><strong>in</strong></span> <span class='ocrx_word' id='word_1_178' title='bbox 2394 906 2549 959; x_wconf 89' lang='lat' dir='ltr'><strong>vitam</strong></span> <span class='ocrx_word' id='word_1_179' title='bbox 2591 914 2857 958; x_wconf 74' lang='lat' dir='ltr'><strong>a&#39;ternam.</strong></span> <span class='ocrx_word' id='word_1_180' title='bbox 2892 902 2997 957; x_wconf 89' lang='lat' dir='ltr'><strong>Sed</strong></span> <span class='ocrx_word' id='word_1_181' title='bbox 3022 918 3128 973; x_wconf 82' lang='lat' dir='ltr'><strong>pro</strong></span> <span class='ocrx_word' id='word_1_182' title='bbox 3147 903 3232 958; x_wconf 87' lang='lat' dir='ltr'><strong>his</strong></span> <span class='ocrx_word' id='word_1_183' title='bbox 3267 903 3442 956; x_wconf 83' lang='lat' dir='ltr'><strong>adhuc</strong></span> 
     </span>
    </p>
   </div>
   <div class='ocr_carea' id='block_1_25' title="bbox 1869 983 3440 1064">
    <p class='ocr_par' dir='ltr' id='par_1_25' title="bbox 1869 983 3440 1064">
     <span class='ocr_line' id='line_1_25' title="bbox 1869 983 3440 1064; baseline -0.001 -15"><span class='ocrx_word' id='word_1_184' title='bbox 1869 996 2205 1051; x_wconf 85' lang='lat' dir='ltr'><strong>altercamur</strong></span> <span class='ocrx_word' id='word_1_185' title='bbox 2233 994 2308 1047; x_wconf 90' lang='lat' dir='ltr'><strong>illi</strong></span> <span class='ocrx_word' id='word_1_186' title='bbox 2336 983 2441 1062; x_wconf 81' lang='lat' dir='ltr'><strong>qui</strong></span> <span class='ocrx_word' id='word_1_187' title='bbox 2481 990 2693 1050; x_wconf 73' lang='lat' dir='ltr'><strong>ter‘rena</strong></span> <span class='ocrx_word' id='word_1_188' title='bbox 2727 995 2963 1064; x_wconf 85' lang='lat' dir='ltr'><strong>sapiunt,</strong></span> <span class='ocrx_word' id='word_1_189' title='bbox 2995 1009 3095 1048; x_wconf 88' lang='lat' dir='ltr'><strong>nec</strong></span> <span class='ocrx_word' id='word_1_190' title='bbox 3120 1009 3255 1048; x_wconf 89' lang='lat' dir='ltr'><strong>nova</strong></span> <span class='ocrx_word' id='word_1_191' title='bbox 3282 992 3440 1048; x_wconf 82' lang='lat' dir='ltr'><strong>condi</strong></span> 
     </span>
    </p>
   </div>
   <div class='ocr_carea' id='block_1_26' title="bbox 1867 1071 3441 1162">
    <p class='ocr_par' dir='ltr' id='par_1_26' title="bbox 1867 1071 3441 1162">
     <span class='ocr_line' id='line_1_26' title="bbox 1867 1071 3441 1162; baseline 0.001 -24"><span class='ocrx_word' id='word_1_192' title='bbox 1867 1085 2174 1154; x_wconf 86' lang='lat' dir='ltr'><strong>patiuntur,</strong></span> <span class='ocrx_word' id='word_1_193' title='bbox 2217 1071 2315 1162; x_wconf 78' lang='lat' dir='ltr'><strong>nec</strong></span> <span class='ocrx_word' id='word_1_194' title='bbox 2365 1095 2542 1138; x_wconf 83' lang='lat' dir='ltr'><strong>vetera</strong></span> <span class='ocrx_word' id='word_1_195' title='bbox 2595 1085 2841 1155; x_wconf 83' lang='lat' dir='ltr'><strong>purgari,</strong></span> <span class='ocrx_word' id='word_1_196' title='bbox 2892 1085 3217 1154; x_wconf 86' lang='lat' dir='ltr'><strong>evangelicis</strong></span> <span class='ocrx_word' id='word_1_197' title='bbox 3264 1085 3441 1156; x_wconf 86' lang='lat' dir='ltr'><strong>puteis</strong></span> 
     </span>
    </p>
   </div>
   <div class='ocr_carea' id='block_1_27' title="bbox 1867 1173 3497 1244">
    <p class='ocr_par' dir='ltr' id='par_1_27' title="bbox 1867 1173 3497 1244">
     <span class='ocr_line' id='line_1_27' title="bbox 1867 1173 3497 1244; baseline -0.001 -15"><span class='ocrx_word' id='word_1_198' title='bbox 1867 1173 2262 1239; x_wconf 80' lang='lat' dir='ltr'><strong>contradicunt,</strong></span> <span class='ocrx_word' id='word_1_199' title='bbox 2311 1175 2565 1243; x_wconf 79' lang='lat' dir='ltr'><strong>apostolis</strong></span> <span class='ocrx_word' id='word_1_200' title='bbox 2585 1178 2968 1240; x_wconf 87' lang='lat' dir='ltr'><strong>adversantur;</strong></span> <span class='ocrx_word' id='word_1_201' title='bbox 3013 1186 3069 1228; x_wconf 87' lang='lat' dir='ltr'><strong>et</strong></span> <span class='ocrx_word' id='word_1_202' title='bbox 3105 1175 3358 1244; x_wconf 85' lang='lat' dir='ltr'><strong>quoniam</strong></span> <span class='ocrx_word' id='word_1_203' title='bbox 3384 1175 3440 1228; x_wconf 83' lang='lat' dir='ltr'><strong>i.t</strong></span> <span class='ocrx_word' id='word_1_204' title='bbox 3485 1184 3497 1192; x_wconf 88' lang='lat'><em>&#39;</em></span> 
     </span>
    </p>
   </div>
   <div class='ocr_carea' id='block_1_28' title="bbox 1867 1265 3435 1335">
    <p class='ocr_par' dir='ltr' id='par_1_28' title="bbox 1867 1265 3435 1335">
     <span class='ocr_line' id='line_1_28' title="bbox 1867 1265 3435 1335; baseline -0.001 -17"><span class='ocrx_word' id='word_1_205' title='bbox 1867 1265 2118 1321; x_wconf 85' lang='lat' dir='ltr'><strong>omnibus</strong></span> <span class='ocrx_word' id='word_1_206' title='bbox 2168 1265 2546 1318; x_wconf 86' lang='lat' dir='ltr'><strong>contradicunt</strong></span> <span class='ocrx_word' id='word_1_207' title='bbox 2597 1265 2891 1335; x_wconf 76' lang='lat' dir='ltr'><strong>litigantes,</strong></span> <span class='ocrx_word' id='word_1_208' title='bbox 2935 1266 3132 1320; x_wconf 87' lang='lat' dir='ltr'><strong>dicitur</strong></span> <span class='ocrx_word' id='word_1_209' title='bbox 3172 1266 3242 1319; x_wconf 89' lang='lat' dir='ltr'><strong>ad</strong></span> <span class='ocrx_word' id='word_1_210' title='bbox 3286 1280 3380 1320; x_wconf 88' lang='lat' dir='ltr'><strong>eos</strong></span> <span class='ocrx_word' id='word_1_211' title='bbox 3421 1281 3435 1316; x_wconf 89' lang='lat'><strong>:</strong></span> 
     </span>
    </p>
   </div>
   <div class='ocr_carea' id='block_1_29' title="bbox 1867 1350 3438 1425">
    <p class='ocr_par' dir='ltr' id='par_1_29' title="bbox 1867 1350 3438 1425">
     <span class='ocr_line' id='line_1_29' title="bbox 1867 1350 3438 1425; baseline -0.001 -17"><span class='ocrx_word' id='word_1_212' title='bbox 1867 1353 2125 1418; x_wconf 77' lang='lat' dir='ltr'><strong>Quoniam</strong></span> <span class='ocrx_word' id='word_1_213' title='bbox 2152 1350 2389 1424; x_wconf 80' lang='lat' dir='ltr'><strong>indignos</strong></span> <span class='ocrx_word' id='word_1_214' title='bbox 2415 1363 2504 1407; x_wconf 80' lang='lat' dir='ltr'><strong>vos</strong></span> <span class='ocrx_word' id='word_1_215' title='bbox 2537 1355 2727 1422; x_wconf 79' lang='lat' dir='ltr'><strong>fecistis</strong></span> <span class='ocrx_word' id='word_1_216' title='bbox 2752 1357 2934 1425; x_wconf 75' lang='lat' dir='ltr'><strong>gratia:</strong></span> <span class='ocrx_word' id='word_1_217' title='bbox 2960 1356 3076 1422; x_wconf 88' lang='lat' dir='ltr'><strong>Dei,</strong></span> <span class='ocrx_word' id='word_1_218' title='bbox 3106 1359 3170 1409; x_wconf 70' lang='lat' dir='ltr'><strong>esi:</strong></span> <span class='ocrx_word' id='word_1_219' title='bbox 3206 1355 3301 1408; x_wconf 83' lang='lat' dir='ltr'><strong>hoc</strong></span> <span class='ocrx_word' id='word_1_220' title='bbox 3321 1355 3438 1423; x_wconf 79' lang='lat' dir='ltr'><strong>jam</strong></span> 
     </span>
    </p>
   </div>
   <div class='ocr_carea' id='block_1_30' title="bbox 1863 1431 2716 1514">
    <p class='ocr_par' dir='ltr' id='par_1_30' title="bbox 1863 1431 2716 1514">
     <span class='ocr_line' id='line_1_30' title="bbox 1863 1431 2716 1514; baseline -0.002 -18"><span class='ocrx_word' id='word_1_221' title='bbox 1863 1445 1932 1496; x_wconf 87' lang='lat' dir='ltr'><strong>ad</strong></span> <span class='ocrx_word' id='word_1_222' title='bbox 1951 1453 2122 1513; x_wconf 81' lang='lat' dir='ltr'><strong>gentes</strong></span> <span class='ocrx_word' id='word_1_223' title='bbox 2144 1431 2334 1500; x_wconf 76' lang='lat' dir='ltr'><strong>ibimus</strong></span> <span class='ocrx_word' id='word_1_224' title='bbox 2371 1442 2509 1514; x_wconf 85' lang='lat' dir='ltr'><strong>(Act.</strong></span> <span class='ocrx_word' id='word_1_225' title='bbox 2542 1444 2716 1513; x_wconf 83' lang='lat' dir='ltr'><strong>xvut).</strong></span> 
     </span>
    </p>
   </div>
   <div class='ocr_carea' id='block_1_31' title="bbox 1935 1531 3434 1604">
    <p class='ocr_par' dir='ltr' id='par_1_31' title="bbox 1935 1531 3434 1604">
     <span class='ocr_line' id='line_1_31' title="bbox 1935 1531 3434 1604; baseline -0.001 -17"><span class='ocrx_word' id='word_1_226' title='bbox 1935 1531 2060 1587; x_wconf 73' lang='lat' dir='ltr'><strong>Post</strong></span> <span class='ocrx_word' id='word_1_227' title='bbox 2087 1535 2196 1587; x_wconf 71' lang='lat' dir='ltr'><strong>hare</strong></span> <span class='ocrx_word' id='word_1_228' title='bbox 2221 1535 2342 1603; x_wconf 87' lang='lat' dir='ltr'><strong>jam</strong></span> <span class='ocrx_word' id='word_1_229' title='bbox 2362 1534 2492 1603; x_wconf 81' lang='lat' dir='ltr'><strong>fodit</strong></span> <span class='ocrx_word' id='word_1_230' title='bbox 2517 1536 2726 1587; x_wconf 73' lang='lat' dir='ltr'><strong>tertium</strong></span> <span class='ocrx_word' id='word_1_231' title='bbox 2748 1544 2957 1604; x_wconf 79' lang='lat' dir='ltr'><strong>puteum</strong></span> <span class='ocrx_word' id='word_1_232' title='bbox 2986 1534 3162 1600; x_wconf 85' lang='lat' dir='ltr'><strong>Isaac,</strong></span> <span class='ocrx_word' id='word_1_233' title='bbox 3185 1545 3232 1587; x_wconf 90' lang='lat' dir='ltr'><strong>et</strong></span> <span class='ocrx_word' id='word_1_234' title='bbox 3255 1532 3434 1604; x_wconf 85' lang='lat' dir='ltr'><strong>appel-</strong></span> 
     </span>
    </p>
   </div>
   <div class='ocr_carea' id='block_1_32' title="bbox 1862 1621 3436 1695">
    <p class='ocr_par' dir='ltr' id='par_1_32' title="bbox 1862 1621 3436 1695">
     <span class='ocr_line' id='line_1_32' title="bbox 1862 1621 3436 1695; baseline 0.001 -21"><span class='ocrx_word' id='word_1_235' title='bbox 1862 1621 1983 1687; x_wconf 73' lang='lat' dir='ltr'><strong>lauit</strong></span> <span class='ocrx_word' id='word_1_236' title='bbox 2017 1638 2204 1678; x_wconf 77' lang='lat' dir='ltr'><strong>nomen</strong></span> <span class='ocrx_word' id='word_1_237' title='bbox 2240 1622 2342 1679; x_wconf 83' lang='lat' dir='ltr'><strong>loci</strong></span> <span class='ocrx_word' id='word_1_238' title='bbox 2369 1622 2511 1678; x_wconf 86' lang='lat' dir='ltr'><strong>illius</strong></span> <span class='ocrx_word' id='word_1_239' title='bbox 2542 1624 2809 1695; x_wconf 76' lang='lat' dir='ltr'><strong>Latitudo,</strong></span> <span class='ocrx_word' id='word_1_240' title='bbox 2843 1625 3016 1678; x_wconf 76' lang='lat' dir='ltr'><strong>dicens</strong></span> <span class='ocrx_word' id='word_1_241' title='bbox 3047 1639 3064 1675; x_wconf 91' lang='lat'><em>:</em></span> <span class='ocrx_word' id='word_1_242' title='bbox 3107 1625 3263 1678; x_wconf 86' lang='lat' dir='ltr'><strong>Nunc</strong></span> <span class='ocrx_word' id='word_1_243' title='bbox 3301 1623 3436 1677; x_wconf 85' lang='lat' dir='ltr'><strong>dila-</strong></span> 
     </span>
    </p>
   </div>
   <div class='ocr_carea' id='block_1_33' title="bbox 187 1712 1763 1793">
    <p class='ocr_par' dir='ltr' id='par_1_33' title="bbox 187 1722 1762 1793">
     <span class='ocr_line' id='line_1_33' title="bbox 187 1722 1762 1793; baseline 0.002 -19"><span class='ocrx_word' id='word_1_244' title='bbox 187 1731 473 1790; x_wconf 80' lang='lat' dir='ltr'><strong>petuntur,</strong></span> <span class='ocrx_word' id='word_1_245' title='bbox 508 1722 608 1776; x_wconf 89' lang='lat' dir='ltr'><strong>nisi</strong></span> <span class='ocrx_word' id='word_1_246' title='bbox 635 1722 702 1776; x_wconf 90' lang='lat' dir='ltr'><strong>ab</strong></span> <span class='ocrx_word' id='word_1_247' title='bbox 735 1737 841 1777; x_wconf 84' lang='lat' dir='ltr'><strong>uno</strong></span> <span class='ocrx_word' id='word_1_248' title='bbox 861 1722 1190 1793; x_wconf 63' lang='lat' dir='ltr'><strong>Deo,.u_tqui</strong></span> <span class='ocrx_word' id='word_1_249' title='bbox 1217 1723 1268 1777; x_wconf 90' lang='lat' dir='ltr'><strong>in</strong></span> <span class='ocrx_word' id='word_1_250' title='bbox 1312 1724 1545 1783; x_wconf 79' lang='lat' dir='ltr'><strong>minimis</strong></span> <span class='ocrx_word' id='word_1_251' title='bbox 1587 1723 1762 1778; x_wconf 78' lang='lat' dir='ltr'><strong>ﬁdelis</strong></span> 
     </span>
    </p>
   </div>
   <div class='ocr_carea' id='block_1_34' title="bbox 1867 1712 3438 1793">
    <p class='ocr_par' dir='ltr' id='par_1_34' title="bbox 1867 1712 3438 1782">
     <span class='ocr_line' id='line_1_34' title="bbox 1867 1712 3438 1782; baseline 0.001 -18"><span class='ocrx_word' id='word_1_252' title='bbox 1867 1713 1987 1765; x_wconf 79' lang='lat' dir='ltr'><strong>tavit</strong></span> <span class='ocrx_word' id='word_1_253' title='bbox 2013 1729 2104 1765; x_wconf 78' lang='lat' dir='ltr'><strong>nos</strong></span> <span class='ocrx_word' id='word_1_254' title='bbox 2130 1712 2402 1776; x_wconf 77' lang='lat' dir='ltr'><strong>Dominus,</strong></span> <span class='ocrx_word' id='word_1_255' title='bbox 2426 1722 2474 1766; x_wconf 84' lang='lat' dir='ltr'><strong>et</strong></span> <span class='ocrx_word' id='word_1_256' title='bbox 2502 1713 2621 1781; x_wconf 70' lang='lat' dir='ltr'><strong>fecit</strong></span> <span class='ocrx_word' id='word_1_257' title='bbox 2638 1730 2873 1767; x_wconf 87' lang='lat' dir='ltr'><strong>.crescere</strong></span> <span class='ocrx_word' id='word_1_258' title='bbox 2893 1730 3046 1782; x_wconf 81' lang='lat' dir='ltr'><strong>super</strong></span> <span class='ocrx_word' id='word_1_259' title='bbox 3070 1724 3282 1766; x_wconf 87' lang='lat' dir='ltr'><strong>terram.</strong></span> <span class='ocrx_word' id='word_1_260' title='bbox 3299 1714 3438 1768; x_wconf 81' lang='lat' dir='ltr'><strong>Vere</strong></span> 
     </span>
    </p>
   </div>
   <div class='ocr_carea' id='block_1_35' title="bbox 193 1811 1764 1883">
    <p class='ocr_par' dir='ltr' id='par_1_35' title="bbox 193 1811 1764 1883">
     <span class='ocr_line' id='line_1_35' title="bbox 193 1811 1764 1883; baseline 0 -17"><span class='ocrx_word' id='word_1_261' title='bbox 193 1822 299 1876; x_wconf 85' lang='lat' dir='ltr'><strong>est,</strong></span> <span class='ocrx_word' id='word_1_262' title='bbox 324 1820 380 1866; x_wconf 86' lang='lat' dir='ltr'><strong>et</strong></span> <span class='ocrx_word' id='word_1_263' title='bbox 411 1815 463 1868; x_wconf 91' lang='lat' dir='ltr'><strong>in</strong></span> <span class='ocrx_word' id='word_1_264' title='bbox 488 1813 700 1883; x_wconf 83' lang='lat' dir='ltr'><strong>magnis</strong></span> <span class='ocrx_word' id='word_1_265' title='bbox 727 1811 898 1870; x_wconf 73' lang='lat' dir='ltr'><strong>ﬁdelis</strong></span> <span class='ocrx_word' id='word_1_266' title='bbox 925 1811 1028 1876; x_wconf 85' lang='lat' dir='ltr'><strong>sit;</strong></span> <span class='ocrx_word' id='word_1_267' title='bbox 1055 1821 1112 1869; x_wconf 85' lang='lat' dir='ltr'><strong>et</strong></span> <span class='ocrx_word' id='word_1_268' title='bbox 1125 1813 1223 1882; x_wconf 85' lang='lat' dir='ltr'><strong>qui</strong></span> <span class='ocrx_word' id='word_1_269' title='bbox 1249 1813 1301 1867; x_wconf 92' lang='lat' dir='ltr'><strong>in</strong></span> <span class='ocrx_word' id='word_1_270' title='bbox 1328 1828 1629 1870; x_wconf 81' lang='lat' dir='ltr'><strong>mammona</strong></span> <span class='ocrx_word' id='word_1_271' title='bbox 1658 1813 1764 1867; x_wconf 90' lang='lat' dir='ltr'><strong>ini-</strong></span> 
     </span>
    </p>
   </div>
   <div class='ocr_carea' id='block_1_36' title="bbox 192 1901 1766 1974">
    <p class='ocr_par' dir='ltr' id='par_1_36' title="bbox 192 1901 1766 1974">
     <span class='ocr_line' id='line_1_36' title="bbox 192 1901 1766 1974; baseline 0.001 -19"><span class='ocrx_word' id='word_1_272' title='bbox 192 1917 306 1971; x_wconf 86' lang='lat' dir='ltr'><strong>qun</strong></span> <span class='ocrx_word' id='word_1_273' title='bbox 328 1901 503 1956; x_wconf 84' lang='lat' dir='ltr'><strong>ﬁdelis</strong></span> <span class='ocrx_word' id='word_1_274' title='bbox 525 1901 770 1958; x_wconf 86' lang='lat' dir='ltr'><strong>inventus</strong></span> <span class='ocrx_word' id='word_1_275' title='bbox 791 1910 897 1966; x_wconf 89' lang='lat' dir='ltr'><strong>est,</strong></span> <span class='ocrx_word' id='word_1_276' title='bbox 921 1902 1082 1958; x_wconf 89' lang='lat' dir='ltr'><strong>etiam</strong></span> <span class='ocrx_word' id='word_1_277' title='bbox 1126 1917 1313 1958; x_wconf 84' lang='lat' dir='ltr'><strong>verum</strong></span> <span class='ocrx_word' id='word_1_278' title='bbox 1339 1904 1606 1974; x_wconf 83' lang='lat' dir='ltr'><strong>accipere</strong></span> <span class='ocrx_word' id='word_1_279' title='bbox 1653 1919 1766 1957; x_wconf 87' lang='lat' dir='ltr'><strong>me-</strong></span> 
     </span>
    </p>
   </div>
   <div class='ocr_carea' id='block_1_37' title="bbox 194 1990 1761 2064">
    <p class='ocr_par' dir='ltr' id='par_1_37' title="bbox 194 1990 1761 2064">
     <span class='ocr_line' id='line_1_37' title="bbox 194 1990 1761 2064; baseline 0.001 -19"><span class='ocrx_word' id='word_1_280' title='bbox 194 1999 401 2058; x_wconf 79' lang='lat' dir='ltr'><strong>reatur,</strong></span> <span class='ocrx_word' id='word_1_281' title='bbox 416 1990 556 2046; x_wconf 89' lang='lat' dir='ltr'><strong>sicut</strong></span> <span class='ocrx_word' id='word_1_282' title='bbox 573 1990 893 2051; x_wconf 80' lang='lat' dir='ltr'><strong>Dominusin</strong></span> <span class='ocrx_word' id='word_1_283' title='bbox 909 1991 1439 2061; x_wconf 81' lang='lat' dir='ltr'><strong>Evangelioloquitur</strong></span> <span class='ocrx_word' id='word_1_284' title='bbox 1456 1992 1609 2063; x_wconf 86' lang='lat' dir='ltr'><strong>(Luc.</strong></span> <span class='ocrx_word' id='word_1_285' title='bbox 1627 1993 1761 2064; x_wconf 77' lang='lat' dir='ltr'><strong>xvr).</strong></span> 
     </span>
    </p>
   </div>
   <div class='ocr_carea' id='block_1_38' title="bbox 194 2079 1762 2150">
    <p class='ocr_par' dir='ltr' id='par_1_38' title="bbox 194 2079 1762 2150">
     <span class='ocr_line' id='line_1_38' title="bbox 194 2079 1762 2150; baseline 0.001 -16"><span class='ocrx_word' id='word_1_286' title='bbox 194 2079 514 2136; x_wconf 79' lang='lat' dir='ltr'><strong>Talia-enim</strong></span> <span class='ocrx_word' id='word_1_287' title='bbox 536 2079 600 2138; x_wconf 82' lang='lat' dir='ltr'><strong>de</strong></span> <span class='ocrx_word' id='word_1_288' title='bbox 619 2079 891 2133; x_wconf 75' lang='lat' dir='ltr'><strong>Abraham</strong></span> <span class='ocrx_word' id='word_1_289' title='bbox 916 2080 1057 2135; x_wconf 88' lang='lat' dir='ltr'><strong>dicta</strong></span> <span class='ocrx_word' id='word_1_290' title='bbox 1084 2089 1233 2146; x_wconf 88' lang='lat' dir='ltr'><strong>sunt,</strong></span> <span class='ocrx_word' id='word_1_291' title='bbox 1261 2082 1414 2150; x_wconf 77' lang='lat' dir='ltr'><strong>quod</strong></span> <span class='ocrx_word' id='word_1_292' title='bbox 1441 2083 1496 2135; x_wconf 87' lang='lat' dir='ltr'><strong>ei</strong></span> <span class='ocrx_word' id='word_1_293' title='bbox 1540 2097 1762 2138; x_wconf 86' lang='lat' dir='ltr'><strong>munera</strong></span> 
     </span>
    </p>
   </div>
   <div class='ocr_carea' id='block_1_39' title="bbox 195 2161 1763 2241">
    <p class='ocr_par' dir='ltr' id='par_1_39' title="bbox 195 2161 1763 2241">
     <span class='ocr_line' id='line_1_39' title="bbox 195 2161 1763 2241; baseline 0.003 -17"><span class='ocrx_word' id='word_1_294' title='bbox 195 2169 292 2225; x_wconf 86' lang='lat' dir='ltr'><strong>Dei</strong></span> <span class='ocrx_word' id='word_1_295' title='bbox 326 2161 880 2238; x_wconf 42' lang='lat' dir='ltr'><strong>provenerint.&#39;Unde</strong></span> <span class='ocrx_word' id='word_1_296' title='bbox 922 2185 1027 2226; x_wconf 88' lang='lat' dir='ltr'><strong>non</strong></span> <span class='ocrx_word' id='word_1_297' title='bbox 1072 2186 1259 2241; x_wconf 82' lang='lat' dir='ltr'><strong>parum</strong></span> <span class='ocrx_word' id='word_1_298' title='bbox 1302 2171 1531 2228; x_wconf 76' lang='lat' dir='ltr'><strong>tediﬁcat</strong></span> <span class='ocrx_word' id='word_1_299' title='bbox 1575 2188 1763 2228; x_wconf 89' lang='lat' dir='ltr'><strong>sanam</strong></span> 
     </span>
    </p>
   </div>
   <div class='ocr_carea' id='block_1_40' title="bbox 192 2255 1768 2330">
    <p class='ocr_par' dir='ltr' id='par_1_40' title="bbox 192 2255 1768 2330">
     <span class='ocr_line' id='line_1_40' title="bbox 192 2255 1768 2330; baseline 0.002 -16"><span class='ocrx_word' id='word_1_300' title='bbox 192 2258 385 2324; x_wconf 82' lang='lat' dir='ltr'><strong>ﬁdem,</strong></span> <span class='ocrx_word' id='word_1_301' title='bbox 411 2259 513 2330; x_wconf 90' lang='lat' dir='ltr'><strong>pie-</strong></span> <span class='ocrx_word' id='word_1_302' title='bbox 549 2258 964 2328; x_wconf 73' lang='lat' dir='ltr'><strong>inwliigentibtts</strong></span> <span class='ocrx_word' id='word_1_303' title='bbox 1004 2260 1106 2316; x_wconf 87' lang='lat' dir='ltr'><strong>ista</strong></span> <span class='ocrx_word' id='word_1_304' title='bbox 1160 2255 1419 2326; x_wconf 85' lang='lat' dir='ltr'><strong>narratio,</strong></span> <span class='ocrx_word' id='word_1_305' title='bbox 1447 2263 1657 2317; x_wconf 84' lang='lat' dir='ltr'><strong>etiamsi</strong></span> <span class='ocrx_word' id='word_1_306' title='bbox 1700 2263 1768 2327; x_wconf 84' lang='lat' dir='ltr'><strong>de</strong></span> 
     </span>
    </p>
   </div>
   <div class='ocr_carea' id='block_1_41' title="bbox 193 2349 1759 2422">
    <p class='ocr_par' dir='ltr' id='par_1_41' title="bbox 193 2349 1759 2422">
     <span class='ocr_line' id='line_1_41' title="bbox 193 2349 1759 2422; baseline -0.002 -15"><span class='ocrx_word' id='word_1_307' title='bbox 193 2352 283 2408; x_wconf 83' lang='lat' dir='ltr'><strong>bis</strong></span> <span class='ocrx_word' id='word_1_308' title='bbox 307 2352 468 2407; x_wconf 82' lang='lat' dir='ltr'><strong>rebus</strong></span> <span class='ocrx_word' id='word_1_309' title='bbox 495 2350 778 2420; x_wconf 68' lang='lat' dir='ltr'><strong>allegorica</strong></span> <span class='ocrx_word' id='word_1_310' title='bbox 803 2349 1123 2420; x_wconf 85' lang='lat' dir='ltr'><strong>signiﬁcatio</strong></span> <span class='ocrx_word' id='word_1_311' title='bbox 1144 2352 1287 2406; x_wconf 89' lang='lat' dir='ltr'><strong>nulla</strong></span> <span class='ocrx_word' id='word_1_312' title='bbox 1303 2360 1480 2421; x_wconf 90' lang='lat' dir='ltr'><strong>posset</strong></span> <span class='ocrx_word' id='word_1_313' title='bbox 1502 2352 1759 2422; x_wconf 77' lang='lat' dir='ltr'><strong>exsculpi.</strong></span> 
     </span>
    </p>
   </div>
   <div class='ocr_carea' id='block_1_42' title="bbox 189 2434 1760 2510">
    <p class='ocr_par' dir='ltr' id='par_1_42' title="bbox 189 2434 1760 2510">
     <span class='ocr_line' id='line_1_42' title="bbox 189 2434 1760 2510; baseline 0.001 -15"><span class='ocrx_word' id='word_1_314' title='bbox 189 2439 336 2506; x_wconf 83' lang='lat' dir='ltr'><strong>Quid</strong></span> <span class='ocrx_word' id='word_1_315' title='bbox 363 2449 542 2498; x_wconf 85' lang='lat' dir='ltr'><strong>autem</strong></span> <span class='ocrx_word' id='word_1_316' title='bbox 568 2439 672 2493; x_wconf 92' lang='lat' dir='ltr'><strong>sibi</strong></span> <span class='ocrx_word' id='word_1_317' title='bbox 699 2438 823 2492; x_wconf 87' lang='lat' dir='ltr'><strong>velit</strong></span> <span class='ocrx_word' id='word_1_318' title='bbox 841 2434 1018 2506; x_wconf 71' lang='lat' dir='ltr'><strong>quod,</strong></span> <span class='ocrx_word' id='word_1_319' title='bbox 1039 2446 1158 2493; x_wconf 90' lang='lat' dir='ltr'><strong>orta</strong></span> <span class='ocrx_word' id='word_1_320' title='bbox 1191 2437 1333 2494; x_wconf 89' lang='lat' dir='ltr'><strong>fame</strong></span> <span class='ocrx_word' id='word_1_321' title='bbox 1357 2455 1517 2510; x_wconf 89' lang='lat' dir='ltr'><strong>super</strong></span> <span class='ocrx_word' id='word_1_322' title='bbox 1531 2450 1760 2510; x_wconf 77' lang='lat' dir='ltr'><strong>terram,</strong></span> 
     </span>
    </p>
   </div>
   <div class='ocr_carea' id='block_1_43' title="bbox 189 2528 1765 2598">
    <p class='ocr_par' dir='ltr' id='par_1_43' title="bbox 189 2528 1765 2598">
     <span class='ocr_line' id='line_1_43' title="bbox 189 2528 1765 2598; baseline -0.004 -12"><span class='ocrx_word' id='word_1_323' title='bbox 189 2531 346 2586; x_wconf 81' lang='lat' dir='ltr'><strong>Isaae</strong></span> <span class='ocrx_word' id='word_1_324' title='bbox 402 2530 468 2585; x_wconf 86' lang='lat' dir='ltr'><strong>ad</strong></span> <span class='ocrx_word' id='word_1_325' title='bbox 528 2529 837 2590; x_wconf 73' lang='lat' dir='ltr'><strong>Abimelecb</strong></span> <span class='ocrx_word' id='word_1_326' title='bbox 871 2544 1053 2598; x_wconf 81' lang='lat' dir='ltr'><strong>regem</strong></span> <span class='ocrx_word' id='word_1_327' title='bbox 1094 2528 1498 2588; x_wconf 68' lang='lat' dir='ltr'><strong>Palwstinorum</strong></span> <span class='ocrx_word' id='word_1_328' title='bbox 1548 2532 1604 2586; x_wconf 84' lang='lat' dir='ltr'><strong>in</strong></span> <span class='ocrx_word' id='word_1_329' title='bbox 1660 2532 1765 2587; x_wconf 76' lang='lat' dir='ltr'><strong>Ge—</strong></span> 
     </span>
    </p>
   </div>
   <div class='ocr_carea' id='block_1_44' title="bbox 191 2617 1766 2690">
    <p class='ocr_par' dir='ltr' id='par_1_44' title="bbox 191 2617 1766 2690">
     <span class='ocr_line' id='line_1_44' title="bbox 191 2617 1766 2690; baseline 0 -16"><span class='ocrx_word' id='word_1_330' title='bbox 191 2633 319 2674; x_wconf 86' lang='lat' dir='ltr'><strong>rara</strong></span> <span class='ocrx_word' id='word_1_331' title='bbox 345 2634 410 2674; x_wconf 74' lang='lat' dir='ltr'><strong>es</strong></span> <span class='ocrx_word' id='word_1_332' title='bbox 437 2626 703 2690; x_wconf 59' lang='lat' dir='ltr'><strong>princepto</strong></span> <span class='ocrx_word' id='word_1_333' title='bbox 730 2625 788 2672; x_wconf 85' lang='lat' dir='ltr'><strong>et</strong></span> <span class='ocrx_word' id='word_1_334' title='bbox 830 2618 1199 2677; x_wconf 81' lang='lat' dir='ltr'><strong>benedictione</strong></span> <span class='ocrx_word' id='word_1_335' title='bbox 1238 2617 1448 2685; x_wconf 82' lang='lat' dir='ltr'><strong>Domini</strong></span> <span class='ocrx_word' id='word_1_336' title='bbox 1499 2621 1766 2690; x_wconf 78' lang='lat' dir='ltr'><strong>perrexit,</strong></span> 
     </span>
    </p>
   </div>
   <div class='ocr_carea' id='block_1_45' title="bbox 189 2701 1764 2778">
    <p class='ocr_par' dir='ltr' id='par_1_45' title="bbox 189 2701 1764 2778">
     <span class='ocr_line' id='line_1_45' title="bbox 189 2701 1764 2778; baseline 0 -16"><span class='ocrx_word' id='word_1_337' title='bbox 189 2709 374 2778; x_wconf 84' lang='lat' dir='ltr'><strong>ibique</strong></span> <span class='ocrx_word' id='word_1_338' title='bbox 402 2706 700 2766; x_wconf 71' lang='lat' dir='ltr'><strong>ﬁebeccam</strong></span> <span class='ocrx_word' id='word_1_339' title='bbox 729 2721 950 2761; x_wconf 78' lang='lat' dir='ltr'><strong>uxorem</strong></span> <span class='ocrx_word' id='word_1_340' title='bbox 980 2701 1134 2762; x_wconf 75' lang='lat' dir='ltr'><strong>suam</strong></span> <span class='ocrx_word' id='word_1_341' title='bbox 1166 2705 1373 2763; x_wconf 79' lang='lat' dir='ltr'><strong>timoris</strong></span> <span class='ocrx_word' id='word_1_342' title='bbox 1412 2722 1584 2764; x_wconf 83' lang='lat' dir='ltr'><strong>causa</strong></span> <span class='ocrx_word' id='word_1_343' title='bbox 1607 2707 1764 2762; x_wconf 79' lang='lat' dir='ltr'><strong>ﬁnxit</strong></span> 
     </span>
    </p>
   </div>
   <div class='ocr_carea' id='block_1_46' title="bbox 189 2794 1767 2868">
    <p class='ocr_par' dir='ltr' id='par_1_46' title="bbox 189 2794 1767 2868">
     <span class='ocr_line' id='line_1_46' title="bbox 189 2794 1767 2868; baseline 0.003 -18"><span class='ocrx_word' id='word_1_344' title='bbox 189 2810 460 2864; x_wconf 73' lang='lat' dir='ltr'><strong>sororem.</strong></span> <span class='ocrx_word' id='word_1_345' title='bbox 479 2809 644 2864; x_wconf 79' lang='lat' dir='ltr'><strong>quam</strong></span> <span class='ocrx_word' id='word_1_346' title='bbox 680 2810 775 2851; x_wconf 81' lang='lat' dir='ltr'><strong>rex</strong></span> <span class='ocrx_word' id='word_1_347' title='bbox 804 2794 1120 2865; x_wconf 66' lang='lat' dir='ltr'><strong>alienigena-</strong></span> <span class='ocrx_word' id='word_1_348' title='bbox 1148 2795 1296 2852; x_wconf 85' lang='lat' dir='ltr'><strong>Isaac</strong></span> <span class='ocrx_word' id='word_1_349' title='bbox 1322 2796 1602 2868; x_wconf 81' lang='lat' dir='ltr'><strong>eonjugem</strong></span> <span class='ocrx_word' id='word_1_350' title='bbox 1636 2807 1767 2854; x_wconf 90' lang='lat' dir='ltr'><strong>tunc</strong></span> 
     </span>
    </p>
   </div>
   <div class='ocr_carea' id='block_1_47' title="bbox 188 2886 1757 2957">
    <p class='ocr_par' dir='ltr' id='par_1_47' title="bbox 188 2886 1757 2957">
     <span class='ocr_line' id='line_1_47' title="bbox 188 2886 1757 2957; baseline -0.001 -13"><span class='ocrx_word' id='word_1_351' title='bbox 188 2901 314 2944; x_wconf 72' lang='lat' dir='ltr'><strong>esse</strong></span> <span class='ocrx_word' id='word_1_352' title='bbox 358 2886 868 2957; x_wconf 42' lang='lat' dir='ltr'><strong>cognovit,.quaudo</strong></span> <span class='ocrx_word' id='word_1_353' title='bbox 899 2900 1020 2942; x_wconf 87' lang='lat' dir='ltr'><strong>eum</strong></span> <span class='ocrx_word' id='word_1_354' title='bbox 1052 2901 1174 2940; x_wconf 82' lang='lat' dir='ltr'><strong>cum</strong></span> <span class='ocrx_word' id='word_1_355' title='bbox 1203 2902 1265 2942; x_wconf 87' lang='lat' dir='ltr'><strong>ea</strong></span> <span class='ocrx_word' id='word_1_356' title='bbox 1299 2887 1570 2943; x_wconf 88' lang='lat' dir='ltr'><strong>ludentem</strong></span> <span class='ocrx_word' id='word_1_357' title='bbox 1593 2889 1757 2957; x_wconf 81' lang='lat' dir='ltr'><strong>vidit;</strong></span> 
     </span>
    </p>
   </div>
   <div class='ocr_carea' id='block_1_48' title="bbox 188 2974 1760 3047">
    <p class='ocr_par' dir='ltr' id='par_1_48' title="bbox 188 2974 1760 3047">
     <span class='ocr_line' id='line_1_48' title="bbox 188 2974 1760 3047; baseline 0.004 -18"><span class='ocrx_word' id='word_1_358' title='bbox 188 2977 322 3046; x_wconf 90' lang='lat' dir='ltr'><strong>quid</strong></span> <span class='ocrx_word' id='word_1_359' title='bbox 346 2977 399 3030; x_wconf 90' lang='lat' dir='ltr'><strong>in</strong></span> <span class='ocrx_word' id='word_1_360' title='bbox 429 2984 767 3045; x_wconf 87' lang='lat' dir='ltr'><strong>sacramento</strong></span> <span class='ocrx_word' id='word_1_361' title='bbox 793 2974 992 3033; x_wconf 79' lang='lat' dir='ltr'><strong>Christi</strong></span> <span class='ocrx_word' id='word_1_362' title='bbox 1020 2983 1076 3030; x_wconf 87' lang='lat' dir='ltr'><strong>et</strong></span> <span class='ocrx_word' id='word_1_363' title='bbox 1097 2976 1370 3043; x_wconf 66' lang='lat' dir='ltr'><strong>Ecclesiae,</strong></span> <span class='ocrx_word' id='word_1_364' title='bbox 1396 2979 1540 3047; x_wconf 83' lang='lat' dir='ltr'><strong>quod</strong></span> <span class='ocrx_word' id='word_1_365' title='bbox 1559 2979 1760 3040; x_wconf 82' lang='lat' dir='ltr'><strong>tantus</strong></span> 
     </span>
    </p>
   </div>
   <div class='ocr_carea' id='block_1_49' title="bbox 1846 1802 3434 1872">
    <p class='ocr_par' dir='ltr' id='par_1_49' title="bbox 1846 1802 3434 1872">
     <span class='ocr_line' id='line_1_49' title="bbox 1846 1802 3434 1872; baseline -0.004 -14"><span class='ocrx_word' id='word_1_366' title='bbox 1846 1832 1849 1834; x_wconf 89' lang='lat'><strong>-</strong></span> <span class='ocrx_word' id='word_1_367' title='bbox 1866 1802 2121 1858; x_wconf 78' lang='lat' dir='ltr'><strong>dilatatus</strong></span> <span class='ocrx_word' id='word_1_368' title='bbox 2135 1813 2222 1857; x_wconf 81' lang='lat' dir='ltr'><strong>est</strong></span> <span class='ocrx_word' id='word_1_369' title='bbox 2239 1803 2410 1867; x_wconf 87' lang='lat' dir='ltr'><strong>Isaae,</strong></span> <span class='ocrx_word' id='word_1_370' title='bbox 2425 1811 2485 1857; x_wconf 81' lang='lat' dir='ltr'><strong>et</strong></span> <span class='ocrx_word' id='word_1_371' title='bbox 2500 1802 2744 1872; x_wconf 85' lang='lat' dir='ltr'><strong>implevit</strong></span> <span class='ocrx_word' id='word_1_372' title='bbox 2757 1817 2969 1856; x_wconf 87' lang='lat' dir='ltr'><strong>omnem</strong></span> <span class='ocrx_word' id='word_1_373' title='bbox 2998 1812 3195 1854; x_wconf 87' lang='lat' dir='ltr'><strong>terram</strong></span> <span class='ocrx_word' id='word_1_374' title='bbox 3214 1802 3434 1855; x_wconf 85' lang='lat' dir='ltr'><strong>scientia</strong></span> 
     </span>
    </p>
   </div>
   <div class='ocr_carea' id='block_1_50' title="bbox 1866 1889 3436 1970">
    <p class='ocr_par' dir='ltr' id='par_1_50' title="bbox 1866 1889 3436 1970">
     <span class='ocr_line' id='line_1_50' title="bbox 1866 1889 3436 1970; baseline -0.004 -23"><span class='ocrx_word' id='word_1_375' title='bbox 1866 1891 2170 1958; x_wconf 81' lang='lat' dir='ltr'><strong>Trinitatis,</strong></span> <span class='ocrx_word' id='word_1_376' title='bbox 2200 1901 2257 1946; x_wconf 88' lang='lat' dir='ltr'><strong>et</strong></span> <span class='ocrx_word' id='word_1_377' title='bbox 2285 1892 2343 1946; x_wconf 70' lang='lat' dir='ltr'><strong>in~</strong></span> <span class='ocrx_word' id='word_1_378' title='bbox 2371 1899 2485 1946; x_wconf 90' lang='lat' dir='ltr'><strong>toto</strong></span> <span class='ocrx_word' id='word_1_379' title='bbox 2517 1892 2650 1946; x_wconf 87' lang='lat' dir='ltr'><strong>orbe</strong></span> <span class='ocrx_word' id='word_1_380' title='bbox 2681 1890 3027 1962; x_wconf 77' lang='lat' dir='ltr'><strong>latitudinem</strong></span> <span class='ocrx_word' id='word_1_381' title='bbox 3051 1889 3303 1970; x_wconf 65' lang='lat' dir='ltr'><strong>Ecclesia:</strong></span> <span class='ocrx_word' id='word_1_382' title='bbox 3329 1889 3436 1942; x_wconf 86' lang='lat' dir='ltr'><strong>col-</strong></span> 
     </span>
    </p>
   </div>
   <div class='ocr_carea' id='block_1_51' title="bbox 1865 1977 3433 2056">
    <p class='ocr_par' dir='ltr' id='par_1_51' title="bbox 1865 1977 3433 2056">
     <span class='ocr_line' id='line_1_51' title="bbox 1865 1977 3433 2056; baseline -0.001 -25"><span class='ocrx_word' id='word_1_383' title='bbox 1865 1979 2076 2047; x_wconf 79' lang='lat' dir='ltr'><strong>locavit.</strong></span> <span class='ocrx_word' id='word_1_384' title='bbox 2102 1979 2267 2041; x_wconf 83' lang='lat' dir='ltr'><strong>Prius</strong></span> <span class='ocrx_word' id='word_1_385' title='bbox 2283 1989 2500 2037; x_wconf 80' lang='lat' dir='ltr'><strong>tantum</strong></span> <span class='ocrx_word' id='word_1_386' title='bbox 2519 1981 2574 2035; x_wconf 86' lang='lat' dir='ltr'><strong>in</strong></span> <span class='ocrx_word' id='word_1_387' title='bbox 2599 1979 2790 2056; x_wconf 72' lang='lat' dir='ltr'><strong>Judtea</strong></span> <span class='ocrx_word' id='word_1_388' title='bbox 2817 1987 2968 2031; x_wconf 82' lang='lat' dir='ltr'><strong>notus</strong></span> <span class='ocrx_word' id='word_1_389' title='bbox 2991 1987 3100 2030; x_wconf 86' lang='lat' dir='ltr'><strong>erat</strong></span> <span class='ocrx_word' id='word_1_390' title='bbox 3124 1977 3283 2042; x_wconf 88' lang='lat' dir='ltr'><strong>Deus,</strong></span> <span class='ocrx_word' id='word_1_391' title='bbox 3309 1986 3353 2030; x_wconf 90' lang='lat' dir='ltr'><strong>et</strong></span> <span class='ocrx_word' id='word_1_392' title='bbox 3380 1978 3433 2029; x_wconf 87' lang='lat' dir='ltr'><strong>in</strong></span> 
     </span>
    </p>
   </div>
   <div class='ocr_carea' id='block_1_52' title="bbox 1864 2067 3537 2142">
    <p class='ocr_par' dir='ltr' id='par_1_52' title="bbox 1864 2067 3537 2142">
     <span class='ocr_line' id='line_1_52' title="bbox 1864 2067 3537 2142; baseline -0.002 -18"><span class='ocrx_word' id='word_1_393' title='bbox 1864 2069 2032 2135; x_wconf 80' lang='lat' dir='ltr'><strong>Israel</strong></span> <span class='ocrx_word' id='word_1_394' title='bbox 2064 2071 2457 2139; x_wconf 73' lang='lat' dir='ltr'><strong>nominabatur</strong></span> <span class='ocrx_word' id='word_1_395' title='bbox 2501 2067 2674 2142; x_wconf 83' lang='lat' dir='ltr'><strong>(Psal.</strong></span> <span class='ocrx_word' id='word_1_396' title='bbox 2715 2068 2906 2140; x_wconf 75' lang='lat' dir='ltr'><strong>Luv);</strong></span> <span class='ocrx_word' id='word_1_397' title='bbox 2971 2083 3113 2121; x_wconf 89' lang='lat' dir='ltr'><strong>nunc</strong></span> <span class='ocrx_word' id='word_1_398' title='bbox 3157 2077 3334 2121; x_wconf 87' lang='lat' dir='ltr'><strong>autem</strong></span> <span class='ocrx_word' id='word_1_399' title='bbox 3381 2069 3435 2120; x_wconf 90' lang='lat' dir='ltr'><strong>in</strong></span> <span class='ocrx_word' id='word_1_400' title='bbox 3532 2110 3537 2114; x_wconf 94' lang='lat'><strong>.</strong></span> 
     </span>
    </p>
   </div>
   <div class='ocr_carea' id='block_1_53' title="bbox 1865 2152 3530 2229">
    <p class='ocr_par' dir='ltr' id='par_1_53' title="bbox 1865 2152 3530 2229">
     <span class='ocr_line' id='line_1_53' title="bbox 1865 2152 3530 2229; baseline -0.004 -12"><span class='ocrx_word' id='word_1_401' title='bbox 1865 2177 2063 2218; x_wconf 72' lang='lat' dir='ltr'><strong>omnem</strong></span> <span class='ocrx_word' id='word_1_402' title='bbox 2086 2172 2279 2218; x_wconf 75' lang='lat' dir='ltr'><strong>terram</strong></span> <span class='ocrx_word' id='word_1_403' title='bbox 2307 2164 2433 2225; x_wconf 70' lang='lat' dir='ltr'><strong>exiit</strong></span> <span class='ocrx_word' id='word_1_404' title='bbox 2459 2179 2617 2229; x_wconf 79' lang='lat' dir='ltr'><strong>sonus</strong></span> <span class='ocrx_word' id='word_1_405' title='bbox 2659 2178 2868 2224; x_wconf 84' lang='lat' dir='ltr'><strong>eorum,</strong></span> <span class='ocrx_word' id='word_1_406' title='bbox 2920 2171 2969 2213; x_wconf 88' lang='lat' dir='ltr'><strong>et</strong></span> <span class='ocrx_word' id='word_1_407' title='bbox 3023 2160 3076 2213; x_wconf 87' lang='lat' dir='ltr'><strong>in</strong></span> <span class='ocrx_word' id='word_1_408' title='bbox 3119 2160 3249 2228; x_wconf 83' lang='lat' dir='ltr'><strong>ﬁnes</strong></span> <span class='ocrx_word' id='word_1_409' title='bbox 3297 2159 3435 2213; x_wconf 82' lang='lat' dir='ltr'><strong>orbis</strong></span> <span class='ocrx_word' id='word_1_410' title='bbox 3524 2152 3530 2161; x_wconf 80' lang='grc'>’</span> 
     </span>
    </p>
   </div>
   <div class='ocr_carea' id='block_1_54' title="bbox 1863 2250 3430 2323">
    <p class='ocr_par' dir='ltr' id='par_1_54' title="bbox 1863 2250 3430 2323">
     <span class='ocr_line' id='line_1_54' title="bbox 1863 2250 3430 2323; baseline -0.001 -19"><span class='ocrx_word' id='word_1_411' title='bbox 1863 2261 2016 2311; x_wconf 76' lang='lat' dir='ltr'><strong>terra:</strong></span> <span class='ocrx_word' id='word_1_412' title='bbox 2036 2251 2189 2307; x_wconf 78' lang='lat' dir='ltr'><strong>verba</strong></span> <span class='ocrx_word' id='word_1_413' title='bbox 2211 2267 2391 2306; x_wconf 81' lang='lat' dir='ltr'><strong>eorum</strong></span> <span class='ocrx_word' id='word_1_414' title='bbox 2420 2250 2593 2323; x_wconf 79' lang='lat' dir='ltr'><strong>(Psal.</strong></span> <span class='ocrx_word' id='word_1_415' title='bbox 2624 2251 2800 2317; x_wconf 71' lang='lat' dir='ltr'><strong>XVIII).</strong></span> <span class='ocrx_word' id='word_1_416' title='bbox 2823 2250 3092 2315; x_wconf 74' lang='lat' dir='ltr'><strong>Exeuntes</strong></span> <span class='ocrx_word' id='word_1_417' title='bbox 3116 2251 3257 2303; x_wconf 90' lang='lat' dir='ltr'><strong>enim</strong></span> <span class='ocrx_word' id='word_1_418' title='bbox 3282 2252 3430 2319; x_wconf 88' lang='lat' dir='ltr'><strong>pueri</strong></span> 
     </span>
    </p>
   </div>
   <div class='ocr_carea' id='block_1_55' title="bbox 1862 2340 3430 2412">
    <p class='ocr_par' dir='ltr' id='par_1_55' title="bbox 1862 2340 3430 2412">
     <span class='ocr_line' id='line_1_55' title="bbox 1862 2340 3430 2412; baseline -0.001 -16"><span class='ocrx_word' id='word_1_419' title='bbox 1862 2340 2014 2396; x_wconf 81' lang='lat' dir='ltr'><strong>Isaac</strong></span> <span class='ocrx_word' id='word_1_420' title='bbox 2038 2343 2490 2412; x_wconf 79' lang='lat' dir='ltr'><strong>peruniversum</strong></span> <span class='ocrx_word' id='word_1_421' title='bbox 2532 2344 2718 2399; x_wconf 86' lang='lat' dir='ltr'><strong>orbem</strong></span> <span class='ocrx_word' id='word_1_422' title='bbox 2747 2351 2924 2407; x_wconf 63' lang='lat' dir='ltr'><strong>terrae,</strong></span> <span class='ocrx_word' id='word_1_423' title='bbox 2951 2342 3199 2396; x_wconf 87' lang='lat' dir='ltr'><strong>foderunt</strong></span> <span class='ocrx_word' id='word_1_424' title='bbox 3224 2350 3430 2410; x_wconf 83' lang='lat' dir='ltr'><strong>puteos,</strong></span> 
     </span>
    </p>
   </div>
   <div class='ocr_carea' id='block_1_56' title="bbox 1863 2433 3433 2503">
    <p class='ocr_par' dir='ltr' id='par_1_56' title="bbox 1863 2433 3433 2503">
     <span class='ocr_line' id='line_1_56' title="bbox 1863 2433 3433 2503; baseline -0.001 -15"><span class='ocrx_word' id='word_1_425' title='bbox 1863 2440 1918 2488; x_wconf 88' lang='lat' dir='ltr'><strong>et</strong></span> <span class='ocrx_word' id='word_1_426' title='bbox 1942 2448 2139 2503; x_wconf 85' lang='lat' dir='ltr'><strong>aquam</strong></span> <span class='ocrx_word' id='word_1_427' title='bbox 2163 2433 2411 2490; x_wconf 76' lang='lat' dir='ltr'><strong>omnibus</strong></span> <span class='ocrx_word' id='word_1_428' title='bbox 2439 2433 2791 2492; x_wconf 79' lang='lat' dir='ltr'><strong>Ostenderunt</strong></span> <span class='ocrx_word' id='word_1_429' title='bbox 2819 2475 2833 2496; x_wconf 92' lang='lat'><strong>,</strong></span> <span class='ocrx_word' id='word_1_430' title='bbox 2893 2434 3212 2503; x_wconf 77' lang='lat' dir='ltr'><strong>baptizautes</strong></span> <span class='ocrx_word' id='word_1_431' title='bbox 3259 2451 3433 2487; x_wconf 80' lang='lat' dir='ltr'><strong>omnes</strong></span> 
     </span>
    </p>
   </div>
   <div class='ocr_carea' id='block_1_57' title="bbox 1861 2523 3432 2598">
    <p class='ocr_par' dir='ltr' id='par_1_57' title="bbox 1861 2523 3432 2598">
     <span class='ocr_line' id='line_1_57' title="bbox 1861 2523 3432 2598; baseline -0.001 -21"><span class='ocrx_word' id='word_1_432' title='bbox 1861 2533 2055 2598; x_wconf 75' lang='lat' dir='ltr'><strong>gentes,</strong></span> <span class='ocrx_word' id='word_1_433' title='bbox 2079 2525 2135 2577; x_wconf 77' lang='lat' dir='ltr'><strong>in</strong></span> <span class='ocrx_word' id='word_1_434' title='bbox 2166 2526 2372 2581; x_wconf 86' lang='lat' dir='ltr'><strong>nomine</strong></span> <span class='ocrx_word' id='word_1_435' title='bbox 2394 2523 2602 2588; x_wconf 70' lang='lat' dir='ltr'><strong>Patris,</strong></span> <span class='ocrx_word' id='word_1_436' title='bbox 2625 2534 2673 2578; x_wconf 86' lang='lat' dir='ltr'><strong>et</strong></span> <span class='ocrx_word' id='word_1_437' title='bbox 2705 2523 2853 2588; x_wconf 83' lang='lat' dir='ltr'><strong>Filii,</strong></span> <span class='ocrx_word' id='word_1_438' title='bbox 2878 2535 2924 2577; x_wconf 89' lang='lat' dir='ltr'><strong>et</strong></span> <span class='ocrx_word' id='word_1_439' title='bbox 2971 2524 3198 2593; x_wconf 80' lang='lat' dir='ltr'><strong>Spiritus</strong></span> <span class='ocrx_word' id='word_1_440' title='bbox 3244 2527 3432 2578; x_wconf 79' lang='lat' dir='ltr'><strong>sancti.</strong></span> 
     </span>
    </p>
   </div>
   <div class='ocr_carea' id='block_1_58' title="bbox 1865 2614 3436 2686">
    <p class='ocr_par' dir='ltr' id='par_1_58' title="bbox 1865 2614 3436 2686">
     <span class='ocr_line' id='line_1_58' title="bbox 1865 2614 3436 2686; baseline 0 -17"><span class='ocrx_word' id='word_1_441' title='bbox 1865 2614 1972 2669; x_wconf 91' lang='lat' dir='ltr'><strong>Sed</strong></span> <span class='ocrx_word' id='word_1_442' title='bbox 2002 2616 2128 2684; x_wconf 89' lang='lat' dir='ltr'><strong>quid</strong></span> <span class='ocrx_word' id='word_1_443' title='bbox 2175 2626 2258 2670; x_wconf 90' lang='lat' dir='ltr'><strong>est</strong></span> <span class='ocrx_word' id='word_1_444' title='bbox 2304 2617 2447 2686; x_wconf 92' lang='lat' dir='ltr'><strong>quod</strong></span> <span class='ocrx_word' id='word_1_445' title='bbox 2493 2625 2684 2684; x_wconf 82' lang='lat' dir='ltr'><strong>puteos</strong></span> <span class='ocrx_word' id='word_1_446' title='bbox 2729 2616 2998 2669; x_wconf 81' lang='lat' dir='ltr'><strong>Abraham</strong></span> <span class='ocrx_word' id='word_1_447' title='bbox 3045 2631 3182 2684; x_wconf 88' lang='lat' dir='ltr'><strong>quos</strong></span> <span class='ocrx_word' id='word_1_448' title='bbox 3226 2616 3436 2686; x_wconf 85' lang='lat' dir='ltr'><strong>aperuit</strong></span> 
     </span>
    </p>
   </div>
   <div class='ocr_carea' id='block_1_59' title="bbox 1862 2705 3435 2775">
    <p class='ocr_par' dir='ltr' id='par_1_59' title="bbox 1862 2705 3435 2775">
     <span class='ocr_line' id='line_1_59' title="bbox 1862 2705 3435 2775; baseline 0.001 -16"><span class='ocrx_word' id='word_1_449' title='bbox 1862 2705 2043 2770; x_wconf 85' lang='lat' dir='ltr'><strong>Isaac,</strong></span> <span class='ocrx_word' id='word_1_450' title='bbox 2068 2707 2153 2761; x_wconf 86' lang='lat' dir='ltr'><strong>sic</strong></span> <span class='ocrx_word' id='word_1_451' title='bbox 2180 2707 2394 2761; x_wconf 86' lang='lat' dir='ltr'><strong>vocavit</strong></span> <span class='ocrx_word' id='word_1_452' title='bbox 2417 2707 2510 2760; x_wconf 86' lang='lat' dir='ltr'><strong>eos</strong></span> <span class='ocrx_word' id='word_1_453' title='bbox 2540 2707 2680 2772; x_wconf 86' lang='lat' dir='ltr'><strong>sicut</strong></span> <span class='ocrx_word' id='word_1_454' title='bbox 2715 2715 2768 2760; x_wconf 91' lang='lat' dir='ltr'><strong>et</strong></span> <span class='ocrx_word' id='word_1_455' title='bbox 2804 2715 2956 2774; x_wconf 84' lang='lat' dir='ltr'><strong>pater</strong></span> <span class='ocrx_word' id='word_1_456' title='bbox 2995 2707 3131 2775; x_wconf 74' lang='lat' dir='ltr'><strong>ejus,</strong></span> <span class='ocrx_word' id='word_1_457' title='bbox 3164 2706 3265 2760; x_wconf 90' lang='lat' dir='ltr'><strong>nisi</strong></span> <span class='ocrx_word' id='word_1_458' title='bbox 3308 2707 3435 2775; x_wconf 82' lang='lat' dir='ltr'><strong>quia</strong></span> 
     </span>
    </p>
   </div>
   <div class='ocr_carea' id='block_1_60' title="bbox 1863 2792 3439 2865">
    <p class='ocr_par' dir='ltr' id='par_1_60' title="bbox 1863 2792 3439 2865">
     <span class='ocr_line' id='line_1_60' title="bbox 1863 2792 3439 2865; baseline 0.001 -17"><span class='ocrx_word' id='word_1_459' title='bbox 1863 2792 2072 2865; x_wconf 75' lang='lat' dir='ltr'><strong>Moyses</strong></span> <span class='ocrx_word' id='word_1_460' title='bbox 2109 2794 2249 2863; x_wconf 89' lang='lat' dir='ltr'><strong>apud</strong></span> <span class='ocrx_word' id='word_1_461' title='bbox 2290 2810 2389 2850; x_wconf 90' lang='lat' dir='ltr'><strong>nos</strong></span> <span class='ocrx_word' id='word_1_462' title='bbox 2427 2796 2588 2849; x_wconf 88' lang='lat' dir='ltr'><strong>etiam</strong></span> <span class='ocrx_word' id='word_1_463' title='bbox 2633 2794 2842 2864; x_wconf 83' lang='lat' dir='ltr'><strong>Moyses</strong></span> <span class='ocrx_word' id='word_1_464' title='bbox 2881 2795 3196 2863; x_wconf 77' lang='lat' dir='ltr'><strong>appellatur,</strong></span> <span class='ocrx_word' id='word_1_465' title='bbox 3225 2806 3278 2850; x_wconf 91' lang='lat' dir='ltr'><strong>et</strong></span> <span class='ocrx_word' id='word_1_466' title='bbox 3317 2811 3439 2864; x_wconf 86' lang='lat' dir='ltr'><strong>pro-</strong></span> 
     </span>
    </p>
   </div>
   <div class='ocr_carea' id='block_1_61' title="bbox 1860 2882 3438 2966">
    <p class='ocr_par' dir='ltr' id='par_1_61' title="bbox 1860 2882 3438 2966">
     <span class='ocr_line' id='line_1_61' title="bbox 1860 2882 3438 2966; baseline 0.001 -28"><span class='ocrx_word' id='word_1_467' title='bbox 1860 2883 2036 2966; x_wconf 67' lang='lat' dir='ltr'><strong>pheta:</strong></span> <span class='ocrx_word' id='word_1_468' title='bbox 2089 2885 2459 2955; x_wconf 85' lang='lat' dir='ltr'><strong>unusquisque</strong></span> <span class='ocrx_word' id='word_1_469' title='bbox 2506 2900 2603 2939; x_wconf 91' lang='lat' dir='ltr'><strong>suo</strong></span> <span class='ocrx_word' id='word_1_470' title='bbox 2659 2882 2875 2938; x_wconf 78' lang='lat' dir='ltr'><strong>nemine</strong></span> <span class='ocrx_word' id='word_1_471' title='bbox 2920 2885 3289 2953; x_wconf 80' lang='lat' dir='ltr'><strong>appellantur?</strong></span> <span class='ocrx_word' id='word_1_472' title='bbox 3337 2900 3438 2939; x_wconf 91' lang='lat' dir='ltr'><strong>nec</strong></span> 
     </span>
    </p>
   </div>
   <div class='ocr_carea' id='block_1_62' title="bbox 1862 2974 3437 3044">
    <p class='ocr_par' dir='ltr' id='par_1_62' title="bbox 1862 2974 3437 3044">
     <span class='ocr_line' id='line_1_62' title="bbox 1862 2974 3437 3044; baseline 0 -13"><span class='ocrx_word' id='word_1_473' title='bbox 1862 2982 2141 3031; x_wconf 83' lang='lat' dir='ltr'><strong>mutantur</strong></span> <span class='ocrx_word' id='word_1_474' title='bbox 2167 2976 2318 3043; x_wconf 89' lang='lat' dir='ltr'><strong>quasi</strong></span> <span class='ocrx_word' id='word_1_475' title='bbox 2342 2975 2651 3029; x_wconf 88' lang='lat' dir='ltr'><strong>eorumdem</strong></span> <span class='ocrx_word' id='word_1_476' title='bbox 2680 2974 2935 3028; x_wconf 87' lang='lat' dir='ltr'><strong>vocabula</strong></span> <span class='ocrx_word' id='word_1_477' title='bbox 2960 2985 3262 3044; x_wconf 85' lang='lat' dir='ltr'><strong>puteorum.</strong></span> <span class='ocrx_word' id='word_1_478' title='bbox 3312 2976 3437 3031; x_wconf 66' lang='lat' dir='ltr'><strong>Hmc</strong></span> 
     </span>
    </p>
   </div>
   <div class='ocr_carea' id='block_1_63' title="bbox 189 3053 3434 3139">
    <p class='ocr_par' dir='ltr' id='par_1_63' title="bbox 189 3053 3434 3139">
     <span class='ocr_line' id='line_1_63' title="bbox 189 3053 3434 3139; baseline 0.001 -22"><span class='ocrx_word' id='word_1_479' title='bbox 189 3065 498 3135; x_wconf 81' lang='lat' dir='ltr'><strong>patriarcha</strong></span> <span class='ocrx_word' id='word_1_480' title='bbox 528 3079 649 3138; x_wconf 87' lang='lat' dir='ltr'><strong>cum</strong></span> <span class='ocrx_word' id='word_1_481' title='bbox 683 3053 911 3134; x_wconf 84' lang='lat' dir='ltr'><strong>conjuge</strong></span> <span class='ocrx_word' id='word_1_482' title='bbox 938 3065 1163 3138; x_wconf 76' lang='lat' dir='ltr'><strong>luserit,</strong></span> <span class='ocrx_word' id='word_1_483' title='bbox 1185 3067 1595 3139; x_wconf 80' lang='lat' dir='ltr'><strong>conjugiumque</strong></span> <span class='ocrx_word' id='word_1_484' title='bbox 1627 3071 1757 3128; x_wconf 87' lang='lat' dir='ltr'><strong>illud</strong></span> <span class='ocrx_word' id='word_1_485' title='bbox 1784 3065 1829 3126; x_wconf 87' lang='lat' dir='ltr'>C</span> <span class='ocrx_word' id='word_1_486' title='bbox 1861 3065 2102 3136; x_wconf 79' lang='lat' dir='ltr'><strong>mystice.</strong></span> <span class='ocrx_word' id='word_1_487' title='bbox 2128 3065 2402 3132; x_wconf 79' lang='lat' dir='ltr'><strong>Moraliter</strong></span> <span class='ocrx_word' id='word_1_488' title='bbox 2425 3073 2608 3119; x_wconf 91' lang='lat' dir='ltr'><strong>autem</strong></span> <span class='ocrx_word' id='word_1_489' title='bbox 2631 3065 2780 3119; x_wconf 87' lang='lat' dir='ltr'><strong>Isaac</strong></span> <span class='ocrx_word' id='word_1_490' title='bbox 2809 3066 2949 3134; x_wconf 90' lang='lat' dir='ltr'><strong>apud</strong></span> <span class='ocrx_word' id='word_1_491' title='bbox 2972 3066 3200 3120; x_wconf 86' lang='lat' dir='ltr'><strong>alienam</strong></span> <span class='ocrx_word' id='word_1_492' title='bbox 3223 3076 3434 3137; x_wconf 81' lang='lat' dir='ltr'><strong>gentem</strong></span> 
     </span>
    </p>
   </div>
   <div class='ocr_carea' id='block_1_64' title="bbox 190 3153 1762 3227">
    <p class='ocr_par' dir='ltr' id='par_1_64' title="bbox 190 3153 1762 3227">
     <span class='ocr_line' id='line_1_64' title="bbox 190 3153 1762 3227; baseline 0.004 -19"><span class='ocrx_word' id='word_1_493' title='bbox 190 3154 318 3208; x_wconf 89' lang='lat' dir='ltr'><strong>inde</strong></span> <span class='ocrx_word' id='word_1_494' title='bbox 361 3155 432 3208; x_wconf 88' lang='lat' dir='ltr'><strong>sit</strong></span> <span class='ocrx_word' id='word_1_495' title='bbox 459 3154 752 3224; x_wconf 85' lang='lat' dir='ltr'><strong>cognitum;</strong></span> <span class='ocrx_word' id='word_1_496' title='bbox 777 3155 921 3208; x_wconf 85' lang='lat' dir='ltr'><strong>videt</strong></span> <span class='ocrx_word' id='word_1_497' title='bbox 958 3153 1213 3222; x_wconf 83' lang='lat' dir='ltr'><strong>proiecto,</strong></span> <span class='ocrx_word' id='word_1_498' title='bbox 1247 3157 1511 3225; x_wconf 89' lang='lat' dir='ltr'><strong>quisquis,</strong></span> <span class='ocrx_word' id='word_1_499' title='bbox 1552 3175 1620 3227; x_wconf 84' lang='lat' dir='ltr'><strong>ne</strong></span> <span class='ocrx_word' id='word_1_500' title='bbox 1665 3160 1762 3214; x_wconf 91' lang='lat' dir='ltr'><strong>ali-</strong></span> 
     </span>
    </p>
   </div>
   <div class='ocr_carea' id='block_1_65' title="bbox 189 3241 1763 3317">
    <p class='ocr_par' dir='ltr' id='par_1_65' title="bbox 189 3241 1763 3317">
     <span class='ocr_line' id='line_1_65' title="bbox 189 3241 1763 3317; baseline 0.007 -23"><span class='ocrx_word' id='word_1_501' title='bbox 189 3243 319 3314; x_wconf 87' lang='lat' dir='ltr'><strong>quid</strong></span> <span class='ocrx_word' id='word_1_502' title='bbox 336 3244 600 3301; x_wconf 87' lang='lat' dir='ltr'><strong>narraudo</strong></span> <span class='ocrx_word' id='word_1_503' title='bbox 620 3244 672 3297; x_wconf 89' lang='lat' dir='ltr'><strong>in</strong></span> <span class='ocrx_word' id='word_1_504' title='bbox 693 3241 994 3297; x_wconf 83' lang='lat' dir='ltr'><strong>Ecclesiam</strong></span> <span class='ocrx_word' id='word_1_505' title='bbox 1013 3254 1218 3311; x_wconf 82' lang='lat' dir='ltr'><strong>peccet,</strong></span> <span class='ocrx_word' id='word_1_506' title='bbox 1245 3255 1508 3304; x_wconf 87' lang='lat' dir='ltr'><strong>secretum</strong></span> <span class='ocrx_word' id='word_1_507' title='bbox 1534 3248 1630 3303; x_wconf 89' lang='lat' dir='ltr'><strong>viri</strong></span> <span class='ocrx_word' id='word_1_508' title='bbox 1647 3248 1763 3317; x_wconf 82' lang='lat' dir='ltr'><strong>ejus</strong></span> 
     </span>
    </p>
   </div>
   <div class='ocr_carea' id='block_1_66' title="bbox 190 3331 1764 3422">
    <p class='ocr_par' dir='ltr' id='par_1_66' title="bbox 190 3331 1764 3422">
     <span class='ocr_line' id='line_1_66' title="bbox 190 3331 1764 3422; baseline 0.006 -37"><span class='ocrx_word' id='word_1_509' title='bbox 190 3331 587 3401; x_wconf 83' lang='lat' dir='ltr'><strong>inScripturis</strong></span> <span class='ocrx_word' id='word_1_510' title='bbox 611 3333 812 3386; x_wconf 89' lang='lat' dir='ltr'><strong>sanctis</strong></span> <span class='ocrx_word' id='word_1_511' title='bbox 855 3332 1436 3422; x_wconf 58' lang='lat' dir='ltr'><strong>diligenter&#39;intnetur;</strong></span> <span class='ocrx_word' id='word_1_512' title='bbox 1463 3346 1516 3390; x_wconf 91' lang='lat' dir='ltr'><strong>et</strong></span> <span class='ocrx_word' id='word_1_513' title='bbox 1561 3339 1764 3396; x_wconf 81' lang='lat' dir='ltr'><strong>invenit</strong></span> 
     </span>
    </p>
   </div>
   <div class='ocr_carea' id='block_1_67' title="bbox 187 3419 1778 3495">
    <p class='ocr_par' dir='ltr' id='par_1_67' title="bbox 187 3419 1778 3495">
     <span class='ocr_line' id='line_1_67' title="bbox 187 3419 1778 3495; baseline 0.007 -21"><span class='ocrx_word' id='word_1_514' title='bbox 187 3433 314 3474; x_wconf 87' lang='lat' dir='ltr'><strong>eum</strong></span> <span class='ocrx_word' id='word_1_515' title='bbox 345 3419 679 3488; x_wconf 83' lang='lat' dir='ltr'><strong>majestatem</strong></span> <span class='ocrx_word' id='word_1_516' title='bbox 710 3436 860 3475; x_wconf 88' lang='lat' dir='ltr'><strong>suam</strong></span> <span class='ocrx_word' id='word_1_517' title='bbox 891 3437 996 3490; x_wconf 87' lang='lat' dir='ltr'><strong>qua</strong></span> <span class='ocrx_word' id='word_1_518' title='bbox 1023 3419 1085 3476; x_wconf 84' lang='lat' dir='ltr'><strong>in</strong></span> <span class='ocrx_word' id='word_1_519' title='bbox 1117 3423 1283 3479; x_wconf 83' lang='lat' dir='ltr'><strong>forma</strong></span> <span class='ocrx_word' id='word_1_520' title='bbox 1313 3425 1405 3480; x_wconf 87' lang='lat' dir='ltr'><strong>Dei</strong></span> <span class='ocrx_word' id='word_1_521' title='bbox 1435 3429 1654 3495; x_wconf 59' lang='lat' dir='ltr'><strong>aqualis</strong></span> <span class='ocrx_word' id='word_1_522' title='bbox 1681 3423 1778 3485; x_wconf 12' lang='lat' dir='ltr'><strong>esti</strong></span> 
     </span>
    </p>
   </div>
   <div class='ocr_carea' id='block_1_68' title="bbox 189 3509 1764 3589">
    <p class='ocr_par' dir='ltr' id='par_1_68' title="bbox 189 3509 1764 3589">
     <span class='ocr_line' id='line_1_68' title="bbox 189 3509 1764 3589; baseline 0.008 -27"><span class='ocrx_word' id='word_1_523' title='bbox 189 3509 364 3574; x_wconf 84' lang='lat' dir='ltr'><strong>Patri,</strong></span> <span class='ocrx_word' id='word_1_524' title='bbox 391 3511 656 3580; x_wconf 86' lang='lat' dir='ltr'><strong>paulisper</strong></span> <span class='ocrx_word' id='word_1_525' title='bbox 685 3513 1028 3568; x_wconf 86' lang='lat' dir='ltr'><strong>abscondisse</strong></span> <span class='ocrx_word' id='word_1_526' title='bbox 1057 3513 1110 3567; x_wconf 89' lang='lat' dir='ltr'><strong>in</strong></span> <span class='ocrx_word' id='word_1_527' title='bbox 1142 3514 1312 3569; x_wconf 90' lang='lat' dir='ltr'><strong>forma</strong></span> <span class='ocrx_word' id='word_1_528' title='bbox 1335 3518 1503 3582; x_wconf 87' lang='lat' dir='ltr'><strong>’servi,</strong></span> <span class='ocrx_word' id='word_1_529' title='bbox 1547 3529 1605 3573; x_wconf 90' lang='lat' dir='ltr'><strong>ut</strong></span> <span class='ocrx_word' id='word_1_530' title='bbox 1647 3519 1764 3589; x_wconf 84' lang='lat' dir='ltr'><strong>ejus</strong></span> 
     </span>
    </p>
   </div>
   <div class='ocr_carea' id='block_1_69' title="bbox 191 3601 1765 3677">
    <p class='ocr_par' dir='ltr' id='par_1_69' title="bbox 191 3601 1765 3677">
     <span class='ocr_line' id='line_1_69' title="bbox 191 3601 1765 3677; baseline 0.004 -20"><span class='ocrx_word' id='word_1_531' title='bbox 191 3617 368 3674; x_wconf 78' lang='lat' dir='ltr'><strong>caan</strong></span> <span class='ocrx_word' id='word_1_532' title='bbox 399 3618 518 3658; x_wconf 89' lang='lat' dir='ltr'><strong>esse</strong></span> <span class='ocrx_word' id='word_1_533' title='bbox 556 3604 796 3658; x_wconf 81' lang='lat' dir='ltr'><strong>humana</strong></span> <span class='ocrx_word' id='word_1_534' title='bbox 845 3601 1126 3658; x_wconf 87' lang='lat' dir='ltr'><strong>inﬁrmitas</strong></span> <span class='ocrx_word' id='word_1_535' title='bbox 1165 3615 1362 3673; x_wconf 90' lang='lat' dir='ltr'><strong>posset,</strong></span> <span class='ocrx_word' id='word_1_536' title='bbox 1381 3622 1561 3677; x_wconf 87' lang='lat' dir='ltr'><strong>.eoque</strong></span> <span class='ocrx_word' id='word_1_537' title='bbox 1608 3612 1765 3664; x_wconf 86' lang='lat' dir='ltr'><strong>modo</strong></span> 
     </span>
    </p>
   </div>
   <div class='ocr_carea' id='block_1_70' title="bbox 189 3689 1767 3767">
    <p class='ocr_par' dir='ltr' id='par_1_70' title="bbox 189 3689 1767 3767">
     <span class='ocr_line' id='line_1_70' title="bbox 189 3689 1767 3767; baseline 0.001 -17"><span class='ocrx_word' id='word_1_538' title='bbox 189 3707 253 3750; x_wconf 80' lang='lat' dir='ltr'><strong>se</strong></span> <span class='ocrx_word' id='word_1_539' title='bbox 281 3689 512 3767; x_wconf 75' lang='lat' dir='ltr'><strong>conjugii</strong></span> <span class='ocrx_word' id='word_1_540' title='bbox 542 3707 836 3763; x_wconf 84' lang='lat' dir='ltr'><strong>congruum</strong></span> <span class='ocrx_word' id='word_1_541' title='bbox 863 3694 966 3746; x_wconf 83' lang='lat' dir='ltr'><strong>iter</strong></span> <span class='ocrx_word' id='word_1_542' title='bbox 991 3700 1221 3762; x_wconf 89' lang='lat' dir='ltr'><strong>aptaret.</strong></span> <span class='ocrx_word' id='word_1_543' title='bbox 1249 3693 1386 3761; x_wconf 85' lang='lat' dir='ltr'><strong>Quid</strong></span> <span class='ocrx_word' id='word_1_544' title='bbox 1405 3698 1550 3751; x_wconf 83' lang='lat' dir='ltr'><strong>enim</strong></span> <span class='ocrx_word' id='word_1_545' title='bbox 1582 3699 1767 3753; x_wconf 90' lang='lat' dir='ltr'><strong>absur-</strong></span> 
     </span>
    </p>
   </div>
   <div class='ocr_carea' id='block_1_71' title="bbox 191 3783 1767 3856">
    <p class='ocr_par' dir='ltr' id='par_1_71' title="bbox 191 3783 1767 3856">
     <span class='ocr_line' id='line_1_71' title="bbox 191 3783 1767 3856; baseline 0.003 -19"><span class='ocrx_word' id='word_1_546' title='bbox 191 3785 326 3843; x_wconf 81' lang='lat' dir='ltr'><strong>dum</strong></span> <span class='ocrx_word' id='word_1_547' title='bbox 347 3794 451 3850; x_wconf 85' lang='lat' dir='ltr'><strong>est,</strong></span> <span class='ocrx_word' id='word_1_548' title='bbox 474 3785 584 3838; x_wconf 87' lang='lat' dir='ltr'><strong>imo</strong></span> <span class='ocrx_word' id='word_1_549' title='bbox 603 3783 729 3852; x_wconf 90' lang='lat' dir='ltr'><strong>quid</strong></span> <span class='ocrx_word' id='word_1_550' title='bbox 751 3783 1186 3839; x_wconf 85' lang='lat' dir='ltr'><strong>inconvenienter</strong></span> <span class='ocrx_word' id='word_1_551' title='bbox 1206 3784 1508 3840; x_wconf 87' lang='lat' dir='ltr'><strong>futurorum</strong></span> <span class='ocrx_word' id='word_1_552' title='bbox 1533 3803 1767 3856; x_wconf 82' lang='lat' dir='ltr'><strong>pronun-</strong></span> 
     </span>
    </p>
   </div>
   <div class='ocr_carea' id='block_1_72' title="bbox 190 3871 1766 3942">
    <p class='ocr_par' dir='ltr' id='par_1_72' title="bbox 190 3871 1766 3942">
     <span class='ocr_line' id='line_1_72' title="bbox 190 3871 1766 3942; baseline 0.003 -17"><span class='ocrx_word' id='word_1_553' title='bbox 190 3871 419 3925; x_wconf 89' lang='lat' dir='ltr'><strong>tiatione</strong></span> <span class='ocrx_word' id='word_1_554' title='bbox 480 3871 965 3936; x_wconf 83' lang='lat' dir='ltr'><strong>accommodatum,</strong></span> <span class='ocrx_word' id='word_1_555' title='bbox 1014 3873 1058 3925; x_wconf 91' lang='lat' dir='ltr'><strong>si</strong></span> <span class='ocrx_word' id='word_1_556' title='bbox 1107 3874 1364 3942; x_wconf 84' lang='lat' dir='ltr'><strong>propheta</strong></span> <span class='ocrx_word' id='word_1_557' title='bbox 1407 3875 1500 3929; x_wconf 89' lang='lat' dir='ltr'><strong>Dei</strong></span> <span class='ocrx_word' id='word_1_558' title='bbox 1549 3878 1766 3930; x_wconf 85' lang='lat' dir='ltr'><strong>carnale</strong></span> 
     </span>
    </p>
   </div>
   <div class='ocr_carea' id='block_1_73' title="bbox 188 3961 1764 4030">
    <p class='ocr_par' dir='ltr' id='par_1_73' title="bbox 188 3961 1764 4030">
     <span class='ocr_line' id='line_1_73' title="bbox 188 3961 1764 4030; baseline 0.003 -14"><span class='ocrx_word' id='word_1_559' title='bbox 188 3962 398 4030; x_wconf 88' lang='lat' dir='ltr'><strong>aliquid</strong></span> <span class='ocrx_word' id='word_1_560' title='bbox 448 3961 596 4025; x_wconf 83' lang='lat' dir='ltr'><strong>lusit,</strong></span> <span class='ocrx_word' id='word_1_561' title='bbox 631 3969 690 4014; x_wconf 92' lang='lat' dir='ltr'><strong>ut</strong></span> <span class='ocrx_word' id='word_1_562' title='bbox 725 3975 847 4014; x_wconf 88' lang='lat' dir='ltr'><strong>eum</strong></span> <span class='ocrx_word' id='word_1_563' title='bbox 897 3970 1112 4030; x_wconf 89' lang='lat' dir='ltr'><strong>caperet</strong></span> <span class='ocrx_word' id='word_1_564' title='bbox 1151 3962 1384 4018; x_wconf 53' lang='lat' dir='ltr'><strong>aliectus.</strong></span> <span class='ocrx_word' id='word_1_565' title='bbox 1409 3966 1612 4029; x_wconf 83' lang='lat' dir='ltr'><strong>uxoris,</strong></span> <span class='ocrx_word' id='word_1_566' title='bbox 1643 3983 1764 4021; x_wconf 92' lang='lat' dir='ltr'><strong>cum</strong></span> 
     </span>
    </p>
   </div>
   <div class='ocr_carea' id='block_1_74' title="bbox 188 4047 1765 4124">
    <p class='ocr_par' dir='ltr' id='par_1_74' title="bbox 188 4047 1765 4124">
     <span class='ocr_line' id='line_1_74' title="bbox 188 4047 1765 4124; baseline 0.001 -16"><span class='ocrx_word' id='word_1_567' title='bbox 188 4052 370 4119; x_wconf 84' lang='lat' dir='ltr'><strong>ipsum</strong></span> <span class='ocrx_word' id='word_1_568' title='bbox 404 4050 633 4104; x_wconf 84' lang='lat' dir='ltr'><strong>Verbum</strong></span> <span class='ocrx_word' id='word_1_569' title='bbox 649 4049 750 4123; x_wconf 27' lang='lat' dir='ltr'><strong>Dei,</strong></span> <span class='ocrx_word' id='word_1_570' title='bbox 771 4063 896 4124; x_wconf 84' lang='lat' dir='ltr'><strong>caro</strong></span> <span class='ocrx_word' id='word_1_571' title='bbox 913 4047 1107 4103; x_wconf 78' lang='lat' dir='ltr'><strong>factum</strong></span> <span class='ocrx_word' id='word_1_572' title='bbox 1129 4051 1199 4104; x_wconf 86' lang='lat' dir='ltr'><strong>sit</strong></span> <span class='ocrx_word' id='word_1_573' title='bbox 1218 4051 1571 4106; x_wconf 86' lang='lat' dir='ltr'><strong>ut-habitaret</strong></span> <span class='ocrx_word' id='word_1_574' title='bbox 1593 4054 1643 4108; x_wconf 89' lang='lat' dir='ltr'><strong>in</strong></span> <span class='ocrx_word' id='word_1_575' title='bbox 1667 4071 1765 4109; x_wconf 90' lang='lat' dir='ltr'><strong>no-</strong></span> 
     </span>
    </p>
   </div>
   <div class='ocr_carea' id='block_1_75' title="bbox 188 4126 1584 4210">
    <p class='ocr_par' dir='ltr' id='par_1_75' title="bbox 188 4126 1584 4210">
     <span class='ocr_line' id='line_1_75' title="bbox 188 4126 1584 4210; baseline 0 -14"><span class='ocrx_word' id='word_1_576' title='bbox 188 4126 313 4196; x_wconf 85' lang='lat' dir='ltr'><strong>bis?</strong></span> <span class='ocrx_word' id='word_1_577' title='bbox 338 4139 516 4210; x_wconf 84' lang='lat' dir='ltr'><strong>(Joan.</strong></span> <span class='ocrx_word' id='word_1_578' title='bbox 553 4139 614 4209; x_wconf 88' lang='grc' dir='ltr'><strong>ι.)</strong></span> <span class='ocrx_word' id='word_1_579' title='bbox 652 4139 779 4193; x_wconf 82' lang='lat' dir='ltr'><strong>Post</strong></span> <span class='ocrx_word' id='word_1_580' title='bbox 803 4140 918 4193; x_wconf 72' lang='lat' dir='ltr'><strong>hcce</strong></span> <span class='ocrx_word' id='word_1_581' title='bbox 945 4138 1111 4194; x_wconf 80' lang='lat' dir='ltr'><strong>refert</strong></span> <span class='ocrx_word' id='word_1_582' title='bbox 1137 4139 1413 4208; x_wconf 86' lang='lat' dir='ltr'><strong>Scriptura</strong></span> <span class='ocrx_word' id='word_1_583' title='bbox 1443 4143 1584 4210; x_wconf 88' lang='lat' dir='ltr'><strong>quod</strong></span> 
     </span>
    </p>
   </div>
   <div class='ocr_carea' id='block_1_76' title="bbox 267 4221 1768 4302">
    <p class='ocr_par' dir='ltr' id='par_1_76' title="bbox 267 4221 1768 4302">
     <span class='ocr_line' id='line_1_76' title="bbox 267 4221 1768 4302; baseline 0.001 -20"><span class='ocrx_word' id='word_1_584' title='bbox 267 4227 424 4282; x_wconf 86' lang='lat' dir='ltr'><strong>Isaac</strong></span> <span class='ocrx_word' id='word_1_585' title='bbox 447 4221 714 4298; x_wconf 78' lang='lat' dir='ltr'><strong>postquam</strong></span> <span class='ocrx_word' id='word_1_586' title='bbox 743 4227 996 4282; x_wconf 75' lang='lat' dir='ltr'><strong>benedixit</strong></span> <span class='ocrx_word' id='word_1_587' title='bbox 1020 4229 1164 4283; x_wconf 86' lang='lat' dir='ltr'><strong>illum</strong></span> <span class='ocrx_word' id='word_1_588' title='bbox 1180 4230 1433 4286; x_wconf 76' lang='lat' dir='ltr'><strong>Dominus</strong></span> <span class='ocrx_word' id='word_1_589' title='bbox 1457 4242 1504 4286; x_wconf 85' lang='lat' dir='ltr'><strong>et</strong></span> <span class='ocrx_word' id='word_1_590' title='bbox 1529 4234 1768 4302; x_wconf 76' lang='lat' dir='ltr'><strong>magniﬁ-</strong></span> 
     </span>
    </p>
   </div>
   <div class='ocr_carea' id='block_1_77' title="bbox 191 4315 1765 4390">
    <p class='ocr_par' dir='ltr' id='par_1_77' title="bbox 191 4315 1765 4390">
     <span class='ocr_line' id='line_1_77' title="bbox 191 4315 1765 4390; baseline 0.001 -18"><span class='ocrx_word' id='word_1_591' title='bbox 191 4328 346 4372; x_wconf 81' lang='lat' dir='ltr'><strong>catus</strong></span> <span class='ocrx_word' id='word_1_592' title='bbox 361 4326 432 4370; x_wconf 73' lang='grc' dir='ltr'><strong>εει</strong></span> <span class='ocrx_word' id='word_1_593' title='bbox 449 4315 619 4380; x_wconf 79' lang='lat' dir='ltr'><strong>valde,</strong></span> <span class='ocrx_word' id='word_1_594' title='bbox 652 4325 923 4385; x_wconf 78' lang='lat' dir='ltr'><strong>aggressus</strong></span> <span class='ocrx_word' id='word_1_595' title='bbox 945 4327 1016 4370; x_wconf 91' lang='lat' dir='ltr'><strong>est</strong></span> <span class='ocrx_word' id='word_1_596' title='bbox 1034 4334 1161 4385; x_wconf 81' lang='lat' dir='ltr'><strong>opus</strong></span> <span class='ocrx_word' id='word_1_597' title='bbox 1177 4328 1221 4372; x_wconf 89' lang='lat' dir='ltr'><strong>et</strong></span> <span class='ocrx_word' id='word_1_598' title='bbox 1237 4321 1379 4388; x_wconf 60' lang='lat' dir='ltr'><strong>coepit</strong></span> <span class='ocrx_word' id='word_1_599' title='bbox 1399 4320 1573 4387; x_wconf 82' lang='lat' dir='ltr'><strong>fodere</strong></span> <span class='ocrx_word' id='word_1_600' title='bbox 1587 4332 1765 4390; x_wconf 86' lang='lat' dir='ltr'><strong>puteos</strong></span> 
     </span>
    </p>
   </div>
   <div class='ocr_carea' id='block_1_78' title="bbox 1863 3154 3438 3225">
    <p class='ocr_par' dir='ltr' id='par_1_78' title="bbox 1863 3154 3438 3225">
     <span class='ocr_line' id='line_1_78' title="bbox 1863 3154 3438 3225; baseline 0.001 -17"><span class='ocrx_word' id='word_1_601' title='bbox 1863 3163 2052 3225; x_wconf 88' lang='lat' dir='ltr'><strong>puteos</strong></span> <span class='ocrx_word' id='word_1_602' title='bbox 2099 3154 2299 3213; x_wconf 74' lang='lat' dir='ltr'><strong>fodisse</strong></span> <span class='ocrx_word' id='word_1_603' title='bbox 2354 3156 2696 3219; x_wconf 88' lang='lat' dir='ltr'><strong>describitur,</strong></span> <span class='ocrx_word' id='word_1_604' title='bbox 2746 3171 2853 3224; x_wconf 91' lang='lat' dir='ltr'><strong>quo</strong></span> <span class='ocrx_word' id='word_1_605' title='bbox 2899 3156 3148 3210; x_wconf 72' lang='lat' dir='ltr'><strong>videlicet</strong></span> <span class='ocrx_word' id='word_1_606' title='bbox 3193 3157 3438 3225; x_wconf 83' lang='lat' dir='ltr'><strong>exemplo</strong></span> 
     </span>
    </p>
   </div>
   <div class='ocr_carea' id='block_1_79' title="bbox 1864 3243 3435 3314">
    <p class='ocr_par' dir='ltr' id='par_1_79' title="bbox 1864 3243 3435 3314">
     <span class='ocr_line' id='line_1_79' title="bbox 1864 3243 3435 3314; baseline -0.002 -15"><span class='ocrx_word' id='word_1_607' title='bbox 1864 3245 2140 3309; x_wconf 81' lang='lat' dir='ltr'><strong>discimus,</strong></span> <span class='ocrx_word' id='word_1_608' title='bbox 2165 3254 2222 3314; x_wconf 87' lang='lat' dir='ltr'><strong>ut</strong></span> <span class='ocrx_word' id='word_1_609' title='bbox 2251 3245 2304 3298; x_wconf 91' lang='lat' dir='ltr'><strong>iu</strong></span> <span class='ocrx_word' id='word_1_610' title='bbox 2337 3245 2438 3300; x_wconf 86' lang='lat' dir='ltr'><strong>bac</strong></span> <span class='ocrx_word' id='word_1_611' title='bbox 2477 3243 2928 3314; x_wconf 74' lang='lat' dir='ltr'><strong>peregrinationis</strong></span> <span class='ocrx_word' id='word_1_612' title='bbox 2973 3259 3209 3300; x_wconf 69' lang='lat' dir='ltr'><strong>mrumna</strong></span> <span class='ocrx_word' id='word_1_613' title='bbox 3254 3246 3435 3314; x_wconf 85' lang='lat' dir='ltr'><strong>positi,</strong></span> 
     </span>
    </p>
   </div>
   <div class='ocr_carea' id='block_1_80' title="bbox 1865 3334 3441 3406">
    <p class='ocr_par' dir='ltr' id='par_1_80' title="bbox 1865 3334 3441 3406">
     <span class='ocr_line' id='line_1_80' title="bbox 1865 3334 3441 3406; baseline -0.002 -15"><span class='ocrx_word' id='word_1_614' title='bbox 1865 3337 2247 3406; x_wconf 80' lang='lat' dir='ltr'><strong>cogitationum</strong></span> <span class='ocrx_word' id='word_1_615' title='bbox 2302 3343 2609 3389; x_wconf 88' lang='lat' dir='ltr'><strong>nostrarum</strong></span> <span class='ocrx_word' id='word_1_616' title='bbox 2659 3334 2926 3403; x_wconf 79' lang='lat' dir='ltr'><strong>profunda</strong></span> <span class='ocrx_word' id='word_1_617' title='bbox 2969 3345 3340 3405; x_wconf 88' lang='lat' dir='ltr'><strong>penetremus;</strong></span> <span class='ocrx_word' id='word_1_618' title='bbox 3384 3344 3441 3388; x_wconf 90' lang='lat' dir='ltr'><strong>et</strong></span> 
     </span>
    </p>
   </div>
   <div class='ocr_carea' id='block_1_81' title="bbox 1865 3424 3436 3494">
    <p class='ocr_par' dir='ltr' id='par_1_81' title="bbox 1865 3424 3436 3494">
     <span class='ocr_line' id='line_1_81' title="bbox 1865 3424 3436 3494; baseline 0 -18"><span class='ocrx_word' id='word_1_619' title='bbox 1865 3441 2140 3494; x_wconf 88' lang='lat' dir='ltr'><strong>quousque</strong></span> <span class='ocrx_word' id='word_1_620' title='bbox 2168 3424 2533 3494; x_wconf 68' lang='lat' dir='ltr'><strong>intelligentia:</strong></span> <span class='ocrx_word' id='word_1_621' title='bbox 2559 3438 2684 3477; x_wconf 90' lang='lat' dir='ltr'><strong>vere</strong></span> <span class='ocrx_word' id='word_1_622' title='bbox 2717 3424 2873 3478; x_wconf 89' lang='lat' dir='ltr'><strong>nobis</strong></span> <span class='ocrx_word' id='word_1_623' title='bbox 2916 3440 3051 3491; x_wconf 88' lang='lat' dir='ltr'><strong>aqua</strong></span> <span class='ocrx_word' id='word_1_624' title='bbox 3093 3424 3436 3492; x_wconf 86' lang='lat' dir='ltr'><strong>respondeat,</strong></span> 
     </span>
    </p>
   </div>
   <div class='ocr_carea' id='block_1_82' title="bbox 1866 3512 3440 3583">
    <p class='ocr_par' dir='ltr' id='par_1_82' title="bbox 1866 3512 3440 3583">
     <span class='ocr_line' id='line_1_82' title="bbox 1866 3512 3440 3583; baseline -0.002 -16"><span class='ocrx_word' id='word_1_625' title='bbox 1866 3529 2205 3583; x_wconf 83' lang='lat' dir='ltr'><strong>nequaquam</strong></span> <span class='ocrx_word' id='word_1_626' title='bbox 2247 3521 2442 3566; x_wconf 76' lang='lat' dir='ltr'><strong>nostra:</strong></span> <span class='ocrx_word' id='word_1_627' title='bbox 2494 3512 2852 3581; x_wconf 88' lang='lat' dir='ltr'><strong>inquisitionis</strong></span> <span class='ocrx_word' id='word_1_628' title='bbox 2893 3527 3083 3566; x_wconf 88' lang='lat' dir='ltr'><strong>manus</strong></span> <span class='ocrx_word' id='word_1_629' title='bbox 3132 3513 3198 3565; x_wconf 90' lang='lat' dir='ltr'><strong>ad</strong></span> <span class='ocrx_word' id='word_1_630' title='bbox 3239 3512 3440 3565; x_wconf 78' lang='lat' dir='ltr'><strong>exhau-</strong></span> 
     </span>
    </p>
   </div>
   <div class='ocr_carea' id='block_1_83' title="bbox 1866 3603 3440 3673">
    <p class='ocr_par' dir='ltr' id='par_1_83' title="bbox 1866 3603 3440 3673">
     <span class='ocr_line' id='line_1_83' title="bbox 1866 3603 3440 3673; baseline -0.001 -13"><span class='ocrx_word' id='word_1_631' title='bbox 1866 3606 2106 3660; x_wconf 87' lang='lat' dir='ltr'><strong>riendam</strong></span> <span class='ocrx_word' id='word_1_632' title='bbox 2136 3605 2315 3659; x_wconf 89' lang='lat' dir='ltr'><strong>cordis</strong></span> <span class='ocrx_word' id='word_1_633' title='bbox 2339 3612 2533 3658; x_wconf 86' lang='lat' dir='ltr'><strong>terram</strong></span> <span class='ocrx_word' id='word_1_634' title='bbox 2561 3611 2848 3673; x_wconf 87' lang='lat' dir='ltr'><strong>torpescat.</strong></span> <span class='ocrx_word' id='word_1_635' title='bbox 2873 3603 3018 3670; x_wconf 86' lang='lat' dir='ltr'><strong>Quos</strong></span> <span class='ocrx_word' id='word_1_636' title='bbox 3046 3612 3224 3658; x_wconf 88' lang='lat' dir='ltr'><strong>tamen</strong></span> <span class='ocrx_word' id='word_1_637' title='bbox 3251 3613 3440 3673; x_wconf 89' lang='lat' dir='ltr'><strong>puteos</strong></span> 
     </span>
    </p>
   </div>
   <div class='ocr_carea' id='block_1_84' title="bbox 1865 3692 3439 3766">
    <p class='ocr_par' dir='ltr' id='par_1_84' title="bbox 1865 3692 3439 3766">
     <span class='ocr_line' id='line_1_84' title="bbox 1865 3692 3439 3766; baseline 0 -19"><span class='ocrx_word' id='word_1_638' title='bbox 1865 3694 2133 3766; x_wconf 80' lang='lat' dir='ltr'><strong>Al10piiyli</strong></span> <span class='ocrx_word' id='word_1_639' title='bbox 2158 3694 2475 3748; x_wconf 88' lang='lat' dir='ltr'><strong>insidiantes</strong></span> <span class='ocrx_word' id='word_1_640' title='bbox 2502 3692 2728 3762; x_wconf 89' lang='lat' dir='ltr'><strong>replent,</strong></span> <span class='ocrx_word' id='word_1_641' title='bbox 2753 3694 2878 3761; x_wconf 91' lang='lat' dir='ltr'><strong>quia</strong></span> <span class='ocrx_word' id='word_1_642' title='bbox 2901 3693 3152 3747; x_wconf 90' lang='lat' dir='ltr'><strong>nimirum</strong></span> <span class='ocrx_word' id='word_1_643' title='bbox 3178 3693 3439 3749; x_wconf 77' lang='lat' dir='ltr'><strong>immundi</strong></span> 
     </span>
    </p>
   </div>
   <div class='ocr_carea' id='block_1_85' title="bbox 1867 3781 3441 3855">
    <p class='ocr_par' dir='ltr' id='par_1_85' title="bbox 1867 3781 3441 3855">
     <span class='ocr_line' id='line_1_85' title="bbox 1867 3781 3441 3855; baseline -0.003 -17"><span class='ocrx_word' id='word_1_644' title='bbox 1867 3785 2108 3855; x_wconf 84' lang='lat' dir='ltr'><strong>spiritus,</strong></span> <span class='ocrx_word' id='word_1_645' title='bbox 2141 3798 2261 3836; x_wconf 84' lang='lat' dir='ltr'><strong>cum</strong></span> <span class='ocrx_word' id='word_1_646' title='bbox 2292 3797 2389 3836; x_wconf 90' lang='lat' dir='ltr'><strong>nos</strong></span> <span class='ocrx_word' id='word_1_647' title='bbox 2423 3783 2662 3836; x_wconf 86' lang='lat' dir='ltr'><strong>studiose</strong></span> <span class='ocrx_word' id='word_1_648' title='bbox 2700 3782 2883 3854; x_wconf 79' lang='lat' dir='ltr'><strong>fodere</strong></span> <span class='ocrx_word' id='word_1_649' title='bbox 2921 3781 3273 3852; x_wconf 84' lang='lat' dir='ltr'><strong>conspiciunt,</strong></span> <span class='ocrx_word' id='word_1_650' title='bbox 3309 3796 3441 3836; x_wconf 83' lang='lat' dir='ltr'><strong>con-</strong></span> 
     </span>
    </p>
   </div>
   <div class='ocr_carea' id='block_1_86' title="bbox 1860 3871 3439 3948">
    <p class='ocr_par' dir='ltr' id='par_1_86' title="bbox 1860 3871 3439 3948">
     <span class='ocr_line' id='line_1_86' title="bbox 1860 3871 3439 3948; baseline -0.004 -15"><span class='ocrx_word' id='word_1_651' title='bbox 1860 3877 2035 3946; x_wconf 88' lang='lat' dir='ltr'><strong>jectas</strong></span> <span class='ocrx_word' id='word_1_652' title='bbox 2060 3879 2214 3931; x_wconf 91' lang='lat' dir='ltr'><strong>nobis</strong></span> <span class='ocrx_word' id='word_1_653' title='bbox 2237 3876 2592 3948; x_wconf 80' lang='lat' dir='ltr'><strong>cogitationes</strong></span> <span class='ocrx_word' id='word_1_654' title='bbox 2634 3877 2994 3930; x_wconf 86' lang='lat' dir='ltr'><strong>tcntationum</strong></span> <span class='ocrx_word' id='word_1_655' title='bbox 3019 3874 3252 3943; x_wconf 84' lang='lat' dir='ltr'><strong>erigunt.</strong></span> <span class='ocrx_word' id='word_1_656' title='bbox 3287 3871 3439 3942; x_wconf 72' lang='lat' dir='ltr'><strong>Saepe</strong></span> 
     </span>
    </p>
   </div>
   <div class='ocr_carea' id='block_1_87' title="bbox 1868 3961 3442 4035">
    <p class='ocr_par' dir='ltr' id='par_1_87' title="bbox 1868 3961 3442 4035">
     <span class='ocr_line' id='line_1_87' title="bbox 1868 3961 3442 4035; baseline -0.004 -12"><span class='ocrx_word' id='word_1_657' title='bbox 1868 3975 1988 4024; x_wconf 82' lang='lat' dir='ltr'><strong>cum</strong></span> <span class='ocrx_word' id='word_1_658' title='bbox 2017 3967 2244 4035; x_wconf 88' lang='lat' dir='ltr'><strong>eloquiis</strong></span> <span class='ocrx_word' id='word_1_659' title='bbox 2270 3961 2438 4020; x_wconf 76' lang='lat' dir='ltr'><strong>sacris</strong></span> <span class='ocrx_word' id='word_1_660' title='bbox 2483 3966 2831 4028; x_wconf 86' lang='lat' dir='ltr'><strong>intendimus,</strong></span> <span class='ocrx_word' id='word_1_661' title='bbox 2877 3964 3235 4035; x_wconf 85' lang='lat' dir='ltr'><strong>malignorum</strong></span> <span class='ocrx_word' id='word_1_662' title='bbox 3282 3963 3442 4032; x_wconf 88' lang='lat' dir='ltr'><strong>spiri-</strong></span> 
     </span>
    </p>
   </div>
   <div class='ocr_carea' id='block_1_88' title="bbox 1869 4055 3442 4129">
    <p class='ocr_par' dir='ltr' id='par_1_88' title="bbox 1869 4055 3442 4129">
     <span class='ocr_line' id='line_1_88' title="bbox 1869 4055 3442 4129; baseline -0.003 -16"><span class='ocrx_word' id='word_1_663' title='bbox 1869 4067 2017 4113; x_wconf 88' lang='lat' dir='ltr'><strong>tuum</strong></span> <span class='ocrx_word' id='word_1_664' title='bbox 2041 4058 2261 4112; x_wconf 84' lang='lat' dir='ltr'><strong>insidias</strong></span> <span class='ocrx_word' id='word_1_665' title='bbox 2281 4059 2498 4129; x_wconf 79' lang='lat' dir='ltr'><strong>gravius</strong></span> <span class='ocrx_word' id='word_1_666' title='bbox 2530 4057 2840 4118; x_wconf 89' lang='lat' dir='ltr'><strong>toleramus,</strong></span> <span class='ocrx_word' id='word_1_667' title='bbox 2867 4056 2990 4124; x_wconf 87' lang='lat' dir='ltr'><strong>quia</strong></span> <span class='ocrx_word' id='word_1_668' title='bbox 3036 4055 3205 4110; x_wconf 86' lang='lat' dir='ltr'><strong>menti</strong></span> <span class='ocrx_word' id='word_1_669' title='bbox 3243 4063 3442 4109; x_wconf 80' lang='lat' dir='ltr'><strong>nostra:</strong></span> 
     </span>
    </p>
   </div>
   <div class='ocr_carea' id='block_1_89' title="bbox 1868 4145 3440 4218">
    <p class='ocr_par' dir='ltr' id='par_1_89' title="bbox 1868 4145 3440 4218">
     <span class='ocr_line' id='line_1_89' title="bbox 1868 4145 3440 4218; baseline -0.003 -15"><span class='ocrx_word' id='word_1_670' title='bbox 1868 4159 2202 4203; x_wconf 87' lang='lat' dir='ltr'><strong>terrenarum</strong></span> <span class='ocrx_word' id='word_1_671' title='bbox 2226 4148 2610 4217; x_wconf 83' lang='lat' dir='ltr'><strong>cogitationum</strong></span> <span class='ocrx_word' id='word_1_672' title='bbox 2635 4145 2904 4218; x_wconf 81' lang='lat' dir='ltr'><strong>pulverem</strong></span> <span class='ocrx_word' id='word_1_673' title='bbox 2933 4154 3245 4217; x_wconf 88' lang='lat' dir='ltr'><strong>aspergunt,</strong></span> <span class='ocrx_word' id='word_1_674' title='bbox 3275 4154 3334 4200; x_wconf 92' lang='lat' dir='ltr'><strong>ut</strong></span> <span class='ocrx_word' id='word_1_675' title='bbox 3362 4146 3440 4199; x_wconf 90' lang='lat' dir='ltr'><strong>iu-</strong></span> 
     </span>
    </p>
   </div>
   <div class='ocr_carea' id='block_1_90' title="bbox 1869 4239 3442 4305">
    <p class='ocr_par' dir='ltr' id='par_1_90' title="bbox 1869 4239 3442 4305">
     <span class='ocr_line' id='line_1_90' title="bbox 1869 4239 3442 4305; baseline -0.001 -11"><span class='ocrx_word' id='word_1_676' title='bbox 1869 4240 2122 4305; x_wconf 73' lang='lat' dir='ltr'><strong>teutionis</strong></span> <span class='ocrx_word' id='word_1_677' title='bbox 2148 4251 2344 4294; x_wconf 66' lang='lat' dir='ltr'><strong>nostra:</strong></span> <span class='ocrx_word' id='word_1_678' title='bbox 2377 4241 2560 4295; x_wconf 84' lang='lat' dir='ltr'><strong>oculos</strong></span> <span class='ocrx_word' id='word_1_679' title='bbox 2597 4255 2625 4293; x_wconf 91' lang='lat' dir='ltr'><strong>a</strong></span> <span class='ocrx_word' id='word_1_680' title='bbox 2666 4241 2785 4294; x_wconf 83' lang='lat' dir='ltr'><strong>luce</strong></span> <span class='ocrx_word' id='word_1_681' title='bbox 2837 4241 3039 4293; x_wconf 66' lang='lat' dir='ltr'><strong>latinia:</strong></span> <span class='ocrx_word' id='word_1_682' title='bbox 3088 4240 3308 4294; x_wconf 84' lang='lat' dir='ltr'><strong>visionis</strong></span> <span class='ocrx_word' id='word_1_683' title='bbox 3345 4239 3442 4292; x_wconf 87' lang='lat' dir='ltr'><strong>ob-</strong></span> 
     </span>
    </p>
   </div>
   <div class='ocr_carea' id='block_1_91' title="bbox 1870 4322 3438 4400">
    <p class='ocr_par' dir='ltr' id='par_1_91' title="bbox 1870 4322 3438 4400">
     <span class='ocr_line' id='line_1_91' title="bbox 1870 4322 3438 4400; baseline -0.004 -14"><span class='ocrx_word' id='word_1_684' title='bbox 1870 4331 2290 4396; x_wconf 43' lang='lat' dir='ltr'><strong>scureutaQuod</strong></span> <span class='ocrx_word' id='word_1_685' title='bbox 2331 4331 2492 4385; x_wconf 87' lang='lat' dir='ltr'><strong>etiam</strong></span> <span class='ocrx_word' id='word_1_686' title='bbox 2537 4330 2683 4383; x_wconf 79' lang='lat' dir='ltr'><strong>lsaac</strong></span> <span class='ocrx_word' id='word_1_687' title='bbox 2730 4344 2891 4397; x_wconf 87' lang='lat' dir='ltr'><strong>opere</strong></span> <span class='ocrx_word' id='word_1_688' title='bbox 2933 4337 2987 4382; x_wconf 89' lang='lat' dir='ltr'><strong>et</strong></span> <span class='ocrx_word' id='word_1_689' title='bbox 3031 4322 3438 4400; x_wconf 64' lang='lat' dir='ltr'><strong>Allophylorum</strong></span> 
     </span>
    </p>
   </div>
   <div class='ocr_carea' id='block_1_92' title="bbox 189 4394 3441 4488">
    <p class='ocr_par' dir='ltr' id='par_1_92' title="bbox 189 4394 3441 4488">
     <span class='ocr_line' id='line_1_92' title="bbox 189 4394 3441 4488; baseline 0.003 -30"><span class='ocrx_word' id='word_1_690' title='bbox 189 4422 321 4481; x_wconf 82' lang='lat' dir='ltr'><strong>quos</strong></span> <span class='ocrx_word' id='word_1_691' title='bbox 355 4394 591 4472; x_wconf 79' lang='lat' dir='ltr'><strong>[oderant</strong></span> <span class='ocrx_word' id='word_1_692' title='bbox 613 4405 760 4472; x_wconf 83' lang='lat' dir='ltr'><strong>pueri</strong></span> <span class='ocrx_word' id='word_1_693' title='bbox 784 4406 946 4474; x_wconf 80' lang='lat' dir='ltr'><strong>patn‘s</strong></span> <span class='ocrx_word' id='word_1_694' title='bbox 967 4406 1046 4458; x_wconf 87' lang='lat' dir='ltr'><strong>sui</strong></span> <span class='ocrx_word' id='word_1_695' title='bbox 1071 4399 1355 4471; x_wconf 51' lang='lat' dir='ltr'><strong>&quot;Abraham,</strong></span> <span class='ocrx_word' id='word_1_696' title='bbox 1371 4411 1458 4477; x_wconf 80' lang='lat' dir='ltr'><strong>sed</strong></span> <span class='ocrx_word' id='word_1_697' title='bbox 1481 4408 1760 4464; x_wconf 76' lang='lat' dir='ltr'><strong>inridentes</strong></span> <span class='ocrx_word' id='word_1_698' title='bbox 1788 4407 1838 4466; x_wconf 90' lang='lat' dir='ltr'><strong>D</strong></span> <span class='ocrx_word' id='word_1_699' title='bbox 1863 4419 2129 4488; x_wconf 77' lang='lat' dir='ltr'><strong>pravitate.</strong></span> <span class='ocrx_word' id='word_1_700' title='bbox 2157 4394 2503 4487; x_wconf 67' lang='lat' dir='ltr'><strong>cognovimus</strong></span> <span class='ocrx_word' id='word_1_701' title='bbox 2520 4394 2914 4488; x_wconf 79' lang='lat' dir='ltr'><strong>designari,qui</strong></span> <span class='ocrx_word' id='word_1_702' title='bbox 2938 4394 3272 4485; x_wconf 75' lang='lat' dir='ltr'><strong>puteosquos</strong></span> <span class='ocrx_word' id='word_1_703' title='bbox 3293 4417 3441 4471; x_wconf 84' lang='lat' dir='ltr'><strong>Isaae</strong></span> 
     </span>
    </p>
   </div>
   <div class='ocr_carea' id='block_1_93' title="bbox 189 4491 1763 4562">
    <p class='ocr_par' dir='ltr' id='par_1_93' title="bbox 189 4491 1763 4562">
     <span class='ocr_line' id='line_1_93' title="bbox 189 4491 1763 4562; baseline 0.003 -16"><span class='ocrx_word' id='word_1_704' title='bbox 189 4495 238 4547; x_wconf 81' lang='lat' dir='ltr'><strong>ei</strong></span> <span class='ocrx_word' id='word_1_705' title='bbox 270 4491 564 4556; x_wconf 75' lang='lat' dir='ltr'><strong>Pnltestini,</strong></span> <span class='ocrx_word' id='word_1_706' title='bbox 584 4493 946 4544; x_wconf 74' lang='lat' dir='ltr'><strong>obstruxerunt</strong></span> <span class='ocrx_word' id='word_1_707' title='bbox 977 4509 1080 4556; x_wconf 88' lang='lat' dir='ltr'><strong>eos,</strong></span> <span class='ocrx_word' id='word_1_708' title='bbox 1107 4493 1371 4562; x_wconf 83' lang='lat' dir='ltr'><strong>implentes</strong></span> <span class='ocrx_word' id='word_1_709' title='bbox 1393 4495 1568 4560; x_wconf 81' lang='lat' dir='ltr'><strong>Immo,</strong></span> <span class='ocrx_word' id='word_1_710' title='bbox 1589 4504 1642 4550; x_wconf 92' lang='lat' dir='ltr'><strong>ct</strong></span> <span class='ocrx_word' id='word_1_711' title='bbox 1678 4512 1763 4550; x_wconf 91' lang='lat' dir='ltr'><strong>re—</strong></span> 
     </span>
    </p>
   </div>
   <div class='ocr_carea' id='block_1_94' title="bbox 191 4579 1760 4655">
    <p class='ocr_par' dir='ltr' id='par_1_94' title="bbox 191 4579 1760 4655">
     <span class='ocr_line' id='line_1_94' title="bbox 191 4579 1760 4655; baseline 0.004 -21"><span class='ocrx_word' id='word_1_712' title='bbox 191 4581 358 4650; x_wconf 80' lang='lat' dir='ltr'><strong>liqua.</strong></span> <span class='ocrx_word' id='word_1_713' title='bbox 391 4579 761 4647; x_wconf 79' lang='lat' dir='ltr'><strong>Quisestiste</strong></span> <span class='ocrx_word' id='word_1_714' title='bbox 784 4581 950 4644; x_wconf 87' lang='lat' dir='ltr'><strong>Isaac,</strong></span> <span class='ocrx_word' id='word_1_715' title='bbox 983 4583 1085 4636; x_wconf 85' lang='lat' dir='ltr'><strong>nisi</strong></span> <span class='ocrx_word' id='word_1_716' title='bbox 1142 4584 1393 4638; x_wconf 82' lang='lat' dir='ltr'><strong>Salvator</strong></span> <span class='ocrx_word' id='word_1_717' title='bbox 1436 4593 1639 4650; x_wconf 89' lang='lat' dir='ltr'><strong>uoster,</strong></span> <span class='ocrx_word' id='word_1_718' title='bbox 1668 4588 1760 4655; x_wconf 87' lang='lat' dir='ltr'><strong>qui</strong></span> 
     </span>
    </p>
   </div>
   <div class='ocr_carea' id='block_1_95' title="bbox 191 4656 1760 4744">
    <p class='ocr_par' dir='ltr' id='par_1_95' title="bbox 191 4656 1760 4744">
     <span class='ocr_line' id='line_1_95' title="bbox 191 4656 1760 4744; baseline 0.002 -16"><span class='ocrx_word' id='word_1_719' title='bbox 191 4674 322 4728; x_wconf 87' lang='lat' dir='ltr'><strong>dum</strong></span> <span class='ocrx_word' id='word_1_720' title='bbox 344 4671 706 4728; x_wconf 85' lang='lat' dir='ltr'><strong>descendisset</strong></span> <span class='ocrx_word' id='word_1_721' title='bbox 735 4672 786 4724; x_wconf 91' lang='lat' dir='ltr'><strong>in</strong></span> <span class='ocrx_word' id='word_1_722' title='bbox 824 4656 981 4725; x_wconf 78' lang='lat' dir='ltr'><strong>istam</strong></span> <span class='ocrx_word' id='word_1_723' title='bbox 1016 4677 1305 4728; x_wconf 86' lang='lat' dir='ltr'><strong>torrentem</strong></span> <span class='ocrx_word' id='word_1_724' title='bbox 1337 4674 1559 4741; x_wconf 89' lang='lat' dir='ltr'><strong>Gerara,</strong></span> <span class='ocrx_word' id='word_1_725' title='bbox 1586 4677 1760 4744; x_wconf 89' lang='lat' dir='ltr'><strong>primo</strong></span> 
     </span>
    </p>
   </div>
   <div class='ocr_carea' id='block_1_96' title="bbox 193 4761 1760 4840">
    <p class='ocr_par' dir='ltr' id='par_1_96' title="bbox 193 4761 1760 4840">
     <span class='ocr_line' id='line_1_96' title="bbox 193 4761 1760 4840; baseline 0.003 -22"><span class='ocrx_word' id='word_1_726' title='bbox 193 4763 440 4840; x_wconf 77' lang='lat' dir='ltr'><strong>omnium</strong></span> <span class='ocrx_word' id='word_1_727' title='bbox 461 4761 585 4816; x_wconf 88' lang='lat' dir='ltr'><strong>illos</strong></span> <span class='ocrx_word' id='word_1_728' title='bbox 616 4770 803 4831; x_wconf 85' lang='lat' dir='ltr'><strong>puteos</strong></span> <span class='ocrx_word' id='word_1_729' title='bbox 826 4762 1003 4817; x_wconf 74' lang='lat' dir='ltr'><strong>ledere</strong></span> <span class='ocrx_word' id='word_1_730' title='bbox 1029 4763 1155 4829; x_wconf 85' lang='lat' dir='ltr'><strong>vult,</strong></span> <span class='ocrx_word' id='word_1_731' title='bbox 1184 4780 1319 4833; x_wconf 84' lang='lat' dir='ltr'><strong>quos</strong></span> <span class='ocrx_word' id='word_1_732' title='bbox 1341 4765 1584 4821; x_wconf 81' lang='lat' dir='ltr'><strong>foderant</strong></span> <span class='ocrx_word' id='word_1_733' title='bbox 1609 4771 1760 4839; x_wconf 90' lang='lat' dir='ltr'><strong>pueri</strong></span> 
     </span>
    </p>
   </div>
   <div class='ocr_carea' id='block_1_97' title="bbox 188 4852 1756 4928">
    <p class='ocr_par' dir='ltr' id='par_1_97' title="bbox 188 4852 1756 4928">
     <span class='ocr_line' id='line_1_97' title="bbox 188 4852 1756 4928; baseline 0.005 -21"><span class='ocrx_word' id='word_1_734' title='bbox 188 4853 365 4924; x_wconf 87' lang='lat' dir='ltr'><strong>patris</strong></span> <span class='ocrx_word' id='word_1_735' title='bbox 383 4852 498 4906; x_wconf 90' lang='lat' dir='ltr'><strong>sui?</strong></span> <span class='ocrx_word' id='word_1_736' title='bbox 532 4852 672 4911; x_wconf 82' lang='lat' dir='ltr'><strong>Idem</strong></span> <span class='ocrx_word' id='word_1_737' title='bbox 698 4852 906 4922; x_wconf 80' lang='lat' dir='ltr'><strong>Moyses</strong></span> <span class='ocrx_word' id='word_1_738' title='bbox 924 4861 1140 4922; x_wconf 89' lang='lat' dir='ltr'><strong>puteum</strong></span> <span class='ocrx_word' id='word_1_739' title='bbox 1165 4855 1295 4925; x_wconf 83' lang='lat' dir='ltr'><strong>legis</strong></span> <span class='ocrx_word' id='word_1_740' title='bbox 1316 4857 1521 4913; x_wconf 84' lang='lat' dir='ltr'><strong>foderat</strong></span> <span class='ocrx_word' id='word_1_741' title='bbox 1568 4859 1756 4928; x_wconf 88' lang='lat' dir='ltr'><strong>David,</strong></span> 
     </span>
    </p>
   </div>
   <div class='ocr_carea' id='block_1_98' title="bbox 196 4942 1759 5015">
    <p class='ocr_par' dir='ltr' id='par_1_98' title="bbox 196 4942 1759 5015">
     <span class='ocr_line' id='line_1_98' title="bbox 196 4942 1759 5015; baseline 0.008 -22"><span class='ocrx_word' id='word_1_742' title='bbox 196 4942 472 5009; x_wconf 77' lang='lat' dir='ltr'><strong>Salomon,</strong></span> <span class='ocrx_word' id='word_1_743' title='bbox 510 4949 566 4996; x_wconf 91' lang='lat' dir='ltr'><strong>et</strong></span> <span class='ocrx_word' id='word_1_744' title='bbox 611 4944 912 5012; x_wconf 62' lang='lat' dir='ltr'><strong>prophetat;</strong></span> <span class='ocrx_word' id='word_1_745' title='bbox 969 4943 1134 4998; x_wconf 87' lang='lat' dir='ltr'><strong>libros</strong></span> <span class='ocrx_word' id='word_1_746' title='bbox 1180 4947 1511 5015; x_wconf 80' lang='lat' dir='ltr'><strong>scripserunt</strong></span> <span class='ocrx_word' id='word_1_747' title='bbox 1549 4949 1759 5007; x_wconf 80' lang='lat' dir='ltr'><strong>Veteris</strong></span> 
     </span>
    </p>
   </div>
   <div class='ocr_carea' id='block_1_99' title="bbox 196 5031 1758 5108">
    <p class='ocr_par' dir='ltr' id='par_1_99' title="bbox 196 5031 1758 5108">
     <span class='ocr_line' id='line_1_99' title="bbox 196 5031 1758 5108; baseline 0.006 -22"><span class='ocrx_word' id='word_1_748' title='bbox 196 5031 526 5087; x_wconf 80' lang='lat' dir='ltr'><strong>Testamenti</strong></span> <span class='ocrx_word' id='word_1_749' title='bbox 545 5073 558 5096; x_wconf 91' lang='lat'><strong>,</strong></span> <span class='ocrx_word' id='word_1_750' title='bbox 584 5047 720 5102; x_wconf 85' lang='lat' dir='ltr'><strong>quos</strong></span> <span class='ocrx_word' id='word_1_751' title='bbox 749 5041 926 5088; x_wconf 85' lang='lat' dir='ltr'><strong>tamen</strong></span> <span class='ocrx_word' id='word_1_752' title='bbox 959 5044 1168 5090; x_wconf 88' lang='lat' dir='ltr'><strong>terrena</strong></span> <span class='ocrx_word' id='word_1_753' title='bbox 1196 5039 1492 5092; x_wconf 62' lang='lat' dir='ltr'><strong>.et&#39;sordida</strong></span> <span class='ocrx_word' id='word_1_754' title='bbox 1523 5041 1758 5108; x_wconf 84' lang='lat' dir='ltr'><strong>repleve-</strong></span> 
     </span>
    </p>
   </div>
   <div class='ocr_carea' id='block_1_100' title="bbox 195 5119 1757 5192">
    <p class='ocr_par' dir='ltr' id='par_1_100' title="bbox 195 5119 1757 5192">
     <span class='ocr_line' id='line_1_100' title="bbox 195 5119 1757 5192; baseline 0.006 -17"><span class='ocrx_word' id='word_1_755' title='bbox 195 5129 284 5175; x_wconf 85' lang='lat' dir='ltr'><strong>rat</strong></span> <span class='ocrx_word' id='word_1_756' title='bbox 323 5122 670 5192; x_wconf 81' lang='lat' dir='ltr'><strong>intelligentia</strong></span> <span class='ocrx_word' id='word_1_757' title='bbox 687 5119 991 5189; x_wconf 63' lang='lat' dir='ltr'><strong>Iudaeorum</strong></span> <span class='ocrx_word' id='word_1_758' title='bbox 1014 5140 1028 5189; x_wconf 92' lang='lat'><strong>;</strong></span> <span class='ocrx_word' id='word_1_759' title='bbox 1077 5133 1130 5177; x_wconf 93' lang='lat' dir='ltr'><strong>et</strong></span> <span class='ocrx_word' id='word_1_760' title='bbox 1159 5140 1341 5180; x_wconf 88' lang='lat' dir='ltr'><strong>eorum</strong></span> <span class='ocrx_word' id='word_1_761' title='bbox 1369 5143 1429 5181; x_wconf 91' lang='lat' dir='ltr'><strong>os</strong></span> <span class='ocrx_word' id='word_1_762' title='bbox 1455 5145 1575 5183; x_wconf 89' lang='lat' dir='ltr'><strong>cum</strong></span> <span class='ocrx_word' id='word_1_763' title='bbox 1602 5131 1757 5185; x_wconf 84' lang='lat' dir='ltr'><strong>vellet</strong></span> 
     </span>
    </p>
   </div>
   <div class='ocr_carea' id='block_1_101' title="bbox 195 5211 1761 5288">
    <p class='ocr_par' dir='ltr' id='par_1_101' title="bbox 195 5211 1761 5288">
     <span class='ocr_line' id='line_1_101' title="bbox 195 5211 1761 5288; baseline 0.009 -26"><span class='ocrx_word' id='word_1_764' title='bbox 195 5224 430 5280; x_wconf 82' lang='lat' dir='ltr'><strong>purgare</strong></span> <span class='ocrx_word' id='word_1_765' title='bbox 456 5211 622 5276; x_wconf 87' lang='lat' dir='ltr'><strong>Isaac,</strong></span> <span class='ocrx_word' id='word_1_766' title='bbox 646 5218 705 5265; x_wconf 91' lang='lat' dir='ltr'><strong>ut</strong></span> <span class='ocrx_word' id='word_1_767' title='bbox 727 5212 1031 5267; x_wconf 86' lang='lat' dir='ltr'><strong>ostenderet</strong></span> <span class='ocrx_word' id='word_1_768' title='bbox 1057 5215 1180 5282; x_wconf 88' lang='lat' dir='ltr'><strong>quia</strong></span> <span class='ocrx_word' id='word_1_769' title='bbox 1220 5232 1548 5288; x_wconf 70' lang='lat' dir='ltr'><strong>quazcunque</strong></span> <span class='ocrx_word' id='word_1_770' title='bbox 1585 5221 1666 5274; x_wconf 79' lang='lat' dir='ltr'><strong>lex</strong></span> <span class='ocrx_word' id='word_1_771' title='bbox 1706 5231 1761 5276; x_wconf 90' lang='lat' dir='ltr'><strong>et</strong></span> 
     </span>
    </p>
   </div>
   <div class='ocr_carea' id='block_1_102' title="bbox 196 5301 1756 5371">
    <p class='ocr_par' dir='ltr' id='par_1_102' title="bbox 196 5301 1756 5371">
     <span class='ocr_line' id='line_1_102' title="bbox 196 5301 1756 5371; baseline 0.008 -18"><span class='ocrx_word' id='word_1_772' title='bbox 196 5303 473 5371; x_wconf 62' lang='lat' dir='ltr'><strong>prophetae</strong></span> <span class='ocrx_word' id='word_1_773' title='bbox 492 5301 757 5367; x_wconf 77' lang='lat' dir='ltr'><strong>dixerunt,</strong></span> <span class='ocrx_word' id='word_1_774' title='bbox 782 5301 848 5356; x_wconf 89' lang='lat' dir='ltr'><strong>de</strong></span> <span class='ocrx_word' id='word_1_775' title='bbox 874 5306 988 5371; x_wconf 85' lang='lat' dir='ltr'><strong>ipso</strong></span> <span class='ocrx_word' id='word_1_776' title='bbox 1007 5305 1275 5369; x_wconf 75' lang='lat' dir='ltr'><strong>dixerunt,</strong></span> <span class='ocrx_word' id='word_1_777' title='bbox 1304 5307 1459 5360; x_wconf 84' lang='lat' dir='ltr'><strong>rixati</strong></span> <span class='ocrx_word' id='word_1_778' title='bbox 1485 5303 1609 5363; x_wconf 87' lang='lat' dir='ltr'><strong>sunt</strong></span> <span class='ocrx_word' id='word_1_779' title='bbox 1634 5327 1756 5365; x_wconf 91' lang='lat' dir='ltr'><strong>cum</strong></span> 
     </span>
    </p>
   </div>
   <div class='ocr_carea' id='block_1_103' title="bbox 196 5391 1756 5465">
    <p class='ocr_par' dir='ltr' id='par_1_103' title="bbox 196 5391 1756 5465">
     <span class='ocr_line' id='line_1_103' title="bbox 196 5391 1756 5465; baseline 0.006 -17"><span class='ocrx_word' id='word_1_780' title='bbox 196 5409 266 5448; x_wconf 85' lang='lat' dir='ltr'><strong>eo</strong></span> <span class='ocrx_word' id='word_1_781' title='bbox 292 5391 579 5457; x_wconf 64' lang='lat' dir='ltr'><strong>Palazstini,</strong></span> <span class='ocrx_word' id='word_1_782' title='bbox 611 5395 663 5448; x_wconf 90' lang='lat' dir='ltr'><strong>id</strong></span> <span class='ocrx_word' id='word_1_783' title='bbox 702 5403 786 5450; x_wconf 86' lang='lat' dir='ltr'><strong>est</strong></span> <span class='ocrx_word' id='word_1_784' title='bbox 819 5393 984 5449; x_wconf 65' lang='lat' dir='ltr'><strong>Judmi</strong></span> <span class='ocrx_word' id='word_1_785' title='bbox 1011 5411 1040 5448; x_wconf 90' lang='lat' dir='ltr'><strong>a</strong></span> <span class='ocrx_word' id='word_1_786' title='bbox 1069 5411 1251 5465; x_wconf 87' lang='lat' dir='ltr'><strong>regno,</strong></span> <span class='ocrx_word' id='word_1_787' title='bbox 1285 5399 1377 5452; x_wconf 90' lang='lat' dir='ltr'><strong>Dei</strong></span> <span class='ocrx_word' id='word_1_788' title='bbox 1427 5398 1605 5454; x_wconf 82' lang='lat' dir='ltr'><strong>alieni.</strong></span> <span class='ocrx_word' id='word_1_789' title='bbox 1650 5401 1756 5457; x_wconf 89' lang='lat' dir='ltr'><strong>Sed</strong></span> 
     </span>
    </p>
   </div>
   <div class='ocr_carea' id='block_1_104' title="bbox 197 5481 1753 5558">
    <p class='ocr_par' dir='ltr' id='par_1_104' title="bbox 197 5481 1753 5558">
     <span class='ocr_line' id='line_1_104' title="bbox 197 5481 1753 5558; baseline 0.004 -22"><span class='ocrx_word' id='word_1_790' title='bbox 197 5481 475 5536; x_wconf 81' lang='lat' dir='ltr'><strong>descendit</strong></span> <span class='ocrx_word' id='word_1_791' title='bbox 500 5481 566 5534; x_wconf 87' lang='lat' dir='ltr'><strong>ab</strong></span> <span class='ocrx_word' id='word_1_792' title='bbox 588 5482 666 5535; x_wconf 90' lang='lat' dir='ltr'><strong>eis</strong></span> <span class='ocrx_word' id='word_1_793' title='bbox 699 5496 712 5533; x_wconf 92' lang='lat'>:</span> <span class='ocrx_word' id='word_1_794' title='bbox 745 5497 849 5537; x_wconf 91' lang='lat' dir='ltr'><strong>non</strong></span> <span class='ocrx_word' id='word_1_795' title='bbox 878 5493 1054 5551; x_wconf 88' lang='lat' dir='ltr'><strong>potest</strong></span> <span class='ocrx_word' id='word_1_796' title='bbox 1095 5500 1214 5551; x_wconf 87' lang='lat' dir='ltr'><strong>esse</strong></span> <span class='ocrx_word' id='word_1_797' title='bbox 1255 5501 1375 5540; x_wconf 90' lang='lat' dir='ltr'><strong>cum</strong></span> <span class='ocrx_word' id='word_1_798' title='bbox 1427 5487 1512 5541; x_wconf 91' lang='lat' dir='ltr'><strong>his</strong></span> <span class='ocrx_word' id='word_1_799' title='bbox 1559 5490 1649 5558; x_wconf 90' lang='lat' dir='ltr'><strong>qui</strong></span> <span class='ocrx_word' id='word_1_800' title='bbox 1701 5491 1753 5543; x_wconf 92' lang='lat' dir='ltr'><strong>in</strong></span> 
     </span>
    </p>
   </div>
   <div class='ocr_carea' id='block_1_105' title="bbox 198 5571 1749 5643">
    <p class='ocr_par' dir='ltr' id='par_1_105' title="bbox 198 5571 1749 5643">
     <span class='ocr_line' id='line_1_105' title="bbox 198 5571 1749 5643; baseline 0.005 -18"><span class='ocrx_word' id='word_1_801' title='bbox 198 5575 374 5643; x_wconf 79' lang='lat' dir='ltr'><strong>puteis</strong></span> <span class='ocrx_word' id='word_1_802' title='bbox 402 5587 590 5642; x_wconf 80' lang='lat' dir='ltr'><strong>aqua-in</strong></span> <span class='ocrx_word' id='word_1_803' title='bbox 614 5571 798 5625; x_wconf 90' lang='lat' dir='ltr'><strong>nolunt</strong></span> <span class='ocrx_word' id='word_1_804' title='bbox 820 5573 1142 5638; x_wconf 86' lang='lat' dir='ltr'><strong>habere,sed</strong></span> <span class='ocrx_word' id='word_1_805' title='bbox 1171 5583 1388 5642; x_wconf 89' lang='lat' dir='ltr'><strong>terram,</strong></span> <span class='ocrx_word' id='word_1_806' title='bbox 1407 5586 1458 5630; x_wconf 93' lang='lat' dir='ltr'><strong>et</strong></span> <span class='ocrx_word' id='word_1_807' title='bbox 1485 5578 1610 5632; x_wconf 91' lang='lat' dir='ltr'><strong>dicit</strong></span> <span class='ocrx_word' id='word_1_808' title='bbox 1633 5579 1710 5635; x_wconf 85' lang='lat' dir='ltr'><strong>eis</strong></span> <span class='ocrx_word' id='word_1_809' title='bbox 1738 5598 1749 5633; x_wconf 91' lang='lat'><em>:</em></span> 
     </span>
    </p>
   </div>
   <div class='ocr_carea' id='block_1_106' title="bbox 517 5661 1008 5725">
    <p class='ocr_par' dir='ltr' id='par_1_106' title="bbox 517 5661 1008 5725">
     <span class='ocr_line' id='line_1_106' title="bbox 517 5661 1008 5725; baseline 0.004 -3"><span class='ocrx_word' id='word_1_810' title='bbox 517 5663 781 5722; x_wconf 76' lang='grc' dir='ltr'><strong>ΡΑτιιοι.</strong></span> <span class='ocrx_word' id='word_1_811' title='bbox 827 5661 1008 5725; x_wconf 88' lang='lat' dir='ltr'><strong>CVll.</strong></span> 
     </span>
    </p>
   </div>
   <div class='ocr_carea' id='block_1_107' title="bbox 1863 4509 2850 4578">
    <p class='ocr_par' dir='ltr' id='par_1_107' title="bbox 1863 4509 2850 4578">
     <span class='ocr_line' id='line_1_107' title="bbox 1863 4509 2850 4578; baseline -0.004 -14"><span class='ocrx_word' id='word_1_812' title='bbox 1863 4511 2072 4565; x_wconf 84' lang='lat' dir='ltr'><strong>foderat</strong></span> <span class='ocrx_word' id='word_1_813' title='bbox 2103 4519 2260 4564; x_wconf 67' lang='lat' dir='ltr'><strong>terra}</strong></span> <span class='ocrx_word' id='word_1_814' title='bbox 2282 4510 2537 4577; x_wconf 84' lang='lat' dir='ltr'><strong>congerie</strong></span> <span class='ocrx_word' id='word_1_815' title='bbox 2553 4509 2850 4578; x_wconf 78' lang='lat' dir='ltr'><strong>replebant.</strong></span> 
     </span>
    </p>
   </div>
   <div class='ocr_carea' id='block_1_108' title="bbox 1935 4588 3442 4669">
    <p class='ocr_par' dir='ltr' id='par_1_108' title="bbox 1935 4588 3442 4669">
     <span class='ocr_line' id='line_1_108' title="bbox 1935 4588 3442 4669; baseline 0.002 -17"><span class='ocrx_word' id='word_1_816' title='bbox 1935 4601 2040 4654; x_wconf 74' lang='lat' dir='ltr'><strong>Nos</strong></span> <span class='ocrx_word' id='word_1_817' title='bbox 2065 4602 2227 4664; x_wconf 88' lang='lat' dir='ltr'><strong>enim,</strong></span> <span class='ocrx_word' id='word_1_818' title='bbox 2259 4616 2356 4654; x_wconf 86' lang='lat' dir='ltr'><strong>nos</strong></span> <span class='ocrx_word' id='word_1_819' title='bbox 2381 4601 2629 4653; x_wconf 87' lang='lat' dir='ltr'><strong>nimirum</strong></span> <span class='ocrx_word' id='word_1_820' title='bbox 2655 4610 2843 4669; x_wconf 82' lang='lat' dir='ltr'><strong>puteos</strong></span> <span class='ocrx_word' id='word_1_821' title='bbox 2875 4600 3128 4666; x_wconf 77' lang='lat' dir='ltr'><strong>fodimus,</strong></span> <span class='ocrx_word' id='word_1_822' title='bbox 3148 4588 3269 4657; x_wconf 80' lang='lat' dir='ltr'><strong>cum</strong></span> <span class='ocrx_word' id='word_1_823' title='bbox 3296 4598 3442 4655; x_wconf 88' lang='lat' dir='ltr'><strong>Scri-</strong></span> 
     </span>
    </p>
   </div>
   <div class='ocr_carea' id='block_1_109' title="bbox 1862 4690 3433 4758">
    <p class='ocr_par' dir='ltr' id='par_1_109' title="bbox 1862 4690 3433 4758">
     <span class='ocr_line' id='line_1_109' title="bbox 1862 4690 3433 4758; baseline -0.001 -13"><span class='ocrx_word' id='word_1_824' title='bbox 1862 4699 2033 4758; x_wconf 80' lang='lat' dir='ltr'><strong>ptura:</strong></span> <span class='ocrx_word' id='word_1_825' title='bbox 2059 4691 2254 4746; x_wconf 85' lang='lat' dir='ltr'><strong>abditis</strong></span> <span class='ocrx_word' id='word_1_826' title='bbox 2277 4691 2525 4744; x_wconf 89' lang='lat' dir='ltr'><strong>sensibus</strong></span> <span class='ocrx_word' id='word_1_827' title='bbox 2552 4690 2660 4742; x_wconf 89' lang='lat' dir='ltr'><strong>alta</strong></span> <span class='ocrx_word' id='word_1_828' title='bbox 2689 4699 3035 4758; x_wconf 89' lang='lat' dir='ltr'><strong>penetramus</strong></span> <span class='ocrx_word' id='word_1_829' title='bbox 3060 4708 3072 4741; x_wconf 89' lang='lat'>:</span> <span class='ocrx_word' id='word_1_830' title='bbox 3097 4703 3234 4757; x_wconf 87' lang='lat' dir='ltr'><strong>quos</strong></span> <span class='ocrx_word' id='word_1_831' title='bbox 3257 4697 3433 4744; x_wconf 82' lang='lat' dir='ltr'><strong>tamen</strong></span> 
     </span>
    </p>
   </div>
   <div class='ocr_carea' id='block_1_110' title="bbox 1861 4780 3437 4851">
    <p class='ocr_par' dir='ltr' id='par_1_110' title="bbox 1861 4780 3437 4851">
     <span class='ocr_line' id='line_1_110' title="bbox 1861 4780 3437 4851; baseline -0.002 -14"><span class='ocrx_word' id='word_1_832' title='bbox 1861 4783 2070 4837; x_wconf 80' lang='lat' dir='ltr'><strong>occulte</strong></span> <span class='ocrx_word' id='word_1_833' title='bbox 2099 4783 2304 4851; x_wconf 88' lang='lat' dir='ltr'><strong>replent</strong></span> <span class='ocrx_word' id='word_1_834' title='bbox 2329 4783 2618 4851; x_wconf 77' lang='lat' dir='ltr'><strong>Allaphyli,</strong></span> <span class='ocrx_word' id='word_1_835' title='bbox 2648 4783 2860 4850; x_wconf 88' lang='lat' dir='ltr'><strong>quando</strong></span> <span class='ocrx_word' id='word_1_836' title='bbox 2889 4783 3042 4834; x_wconf 89' lang='lat' dir='ltr'><strong>nobis</strong></span> <span class='ocrx_word' id='word_1_837' title='bbox 3071 4780 3136 4833; x_wconf 82' lang='lat' dir='ltr'><strong>ad</strong></span> <span class='ocrx_word' id='word_1_838' title='bbox 3168 4780 3275 4836; x_wconf 87' lang='lat' dir='ltr'><strong>alta</strong></span> <span class='ocrx_word' id='word_1_839' title='bbox 3321 4789 3437 4836; x_wconf 85' lang='lat' dir='ltr'><strong>tcu-</strong></span> 
     </span>
    </p>
   </div>
   <div class='ocr_carea' id='block_1_111' title="bbox 1865 4870 3435 4940">
    <p class='ocr_par' dir='ltr' id='par_1_111' title="bbox 1865 4870 3435 4940">
     <span class='ocr_line' id='line_1_111' title="bbox 1865 4870 3435 4940; baseline -0.001 -15"><span class='ocrx_word' id='word_1_840' title='bbox 1865 4872 2120 4926; x_wconf 90' lang='lat' dir='ltr'><strong>dentibus</strong></span> <span class='ocrx_word' id='word_1_841' title='bbox 2147 4872 2406 4925; x_wconf 83' lang='lat' dir='ltr'><strong>inuuimdi</strong></span> <span class='ocrx_word' id='word_1_842' title='bbox 2439 4873 2660 4940; x_wconf 82' lang='lat' dir='ltr'><strong>spiritus</strong></span> <span class='ocrx_word' id='word_1_843' title='bbox 2691 4880 2931 4924; x_wconf 82' lang='lat' dir='ltr'><strong>terrenas</strong></span> <span class='ocrx_word' id='word_1_844' title='bbox 2970 4870 3320 4938; x_wconf 81' lang='lat' dir='ltr'><strong>cogitationes</strong></span> <span class='ocrx_word' id='word_1_845' title='bbox 3356 4871 3435 4924; x_wconf 87' lang='lat' dir='ltr'><strong>in.-</strong></span> 
     </span>
    </p>
   </div>
   <div class='ocr_carea' id='block_1_112' title="bbox 1860 4947 3434 5034">
    <p class='ocr_par' dir='ltr' id='par_1_112' title="bbox 1860 4947 3434 5034">
     <span class='ocr_line' id='line_1_112' title="bbox 1860 4947 3434 5034; baseline -0.001 -17"><span class='ocrx_word' id='word_1_846' title='bbox 1860 4962 2147 5034; x_wconf 48' lang='lat' dir='ltr'><strong>‘gernntet</strong></span> <span class='ocrx_word' id='word_1_847' title='bbox 2184 4964 2338 5031; x_wconf 88' lang='lat' dir='ltr'><strong>quasi</strong></span> <span class='ocrx_word' id='word_1_848' title='bbox 2389 4947 2660 5020; x_wconf 85' lang='lat' dir='ltr'><strong>inventam</strong></span> <span class='ocrx_word' id='word_1_849' title='bbox 2712 4961 2903 5015; x_wconf 82' lang='lat' dir='ltr'><strong>divin:e</strong></span> <span class='ocrx_word' id='word_1_850' title='bbox 2947 4962 3188 5015; x_wconf 69' lang='lat' dir='ltr'><strong>scientiai</strong></span> <span class='ocrx_word' id='word_1_851' title='bbox 3241 4977 3434 5030; x_wconf 84' lang='lat' dir='ltr'><strong>aquam</strong></span> 
     </span>
    </p>
   </div>
   <div class='ocr_carea' id='block_1_113' title="bbox 1867 5047 3431 5118">
    <p class='ocr_par' dir='ltr' id='par_1_113' title="bbox 1867 5047 3431 5118">
     <span class='ocr_line' id='line_1_113' title="bbox 1867 5047 3431 5118; baseline -0.002 -12"><span class='ocrx_word' id='word_1_852' title='bbox 1867 5047 2074 5106; x_wconf 77' lang='lat' dir='ltr'><strong>tollunt.</strong></span> <span class='ocrx_word' id='word_1_853' title='bbox 2129 5051 2278 5117; x_wconf 82' lang='lat' dir='ltr'><strong>Quod</strong></span> <span class='ocrx_word' id='word_1_854' title='bbox 2323 5053 2574 5110; x_wconf 80' lang='lat' dir='ltr'><strong>nimirqu</strong></span> <span class='ocrx_word' id='word_1_855' title='bbox 2634 5050 2918 5106; x_wconf 83' lang='lat' dir='ltr'><strong>Psalmista</strong></span> <span class='ocrx_word' id='word_1_856' title='bbox 2968 5050 3265 5118; x_wconf 87' lang='lat' dir='ltr'><strong>protulerat</strong></span> <span class='ocrx_word' id='word_1_857' title='bbox 3309 5066 3431 5104; x_wconf 89' lang='lat' dir='ltr'><strong>cum</strong></span> 
     </span>
    </p>
   </div>
   <div class='ocr_carea' id='block_1_114' title="bbox 1860 5139 3434 5207">
    <p class='ocr_par' dir='ltr' id='par_1_114' title="bbox 1860 5139 3434 5207">
     <span class='ocr_line' id='line_1_114' title="bbox 1860 5139 3434 5207; baseline -0.003 -12"><span class='ocrx_word' id='word_1_858' title='bbox 1860 5141 2075 5195; x_wconf 60' lang='lat' dir='ltr'><strong>&#39;dicebat</strong></span> <span class='ocrx_word' id='word_1_859' title='bbox 2110 5159 2121 5193; x_wconf 88' lang='lat'>:</span> <span class='ocrx_word' id='word_1_860' title='bbox 2168 5141 2430 5195; x_wconf 83' lang='lat' dir='ltr'><strong>Declinate</strong></span> <span class='ocrx_word' id='word_1_861' title='bbox 2453 5157 2484 5191; x_wconf 82' lang='grc' dir='ltr'><em>α</em></span> <span class='ocrx_word' id='word_1_862' title='bbox 2522 5153 2624 5202; x_wconf 77' lang='lat' dir='ltr'><strong>me,</strong></span> <span class='ocrx_word' id='word_1_863' title='bbox 2649 5139 2882 5207; x_wconf 81' lang='lat' dir='ltr'><strong>maligni,</strong></span> <span class='ocrx_word' id='word_1_864' title='bbox 2905 5149 2951 5191; x_wconf 88' lang='lat' dir='ltr'><strong>et</strong></span> <span class='ocrx_word' id='word_1_865' title='bbox 2992 5140 3262 5192; x_wconf 72' lang='lat' dir='ltr'><strong>scrutabor</strong></span> <span class='ocrx_word' id='word_1_866' title='bbox 3284 5155 3434 5191; x_wconf 82' lang='lat' dir='ltr'><strong>man-</strong></span> 
     </span>
    </p>
   </div>
   <div class='ocr_carea' id='block_1_115' title="bbox 1840 5213 3432 5300">
    <p class='ocr_par' dir='ltr' id='par_1_115' title="bbox 1840 5213 3432 5300">
     <span class='ocr_line' id='line_1_115' title="bbox 1840 5213 3432 5300; baseline -0.001 -18"><span class='ocrx_word' id='word_1_867' title='bbox 1840 5231 1986 5282; x_wconf 66' lang='lat' dir='ltr'><strong>&#39;data</strong></span> <span class='ocrx_word' id='word_1_868' title='bbox 2006 5230 2102 5299; x_wconf 85' lang='lat' dir='ltr'><strong>Dei</strong></span> <span class='ocrx_word' id='word_1_869' title='bbox 2127 5232 2226 5282; x_wconf 85' lang='lat' dir='ltr'><strong>mei</strong></span> <span class='ocrx_word' id='word_1_870' title='bbox 2261 5228 2430 5300; x_wconf 85' lang='lat' dir='ltr'><strong>(Psal.</strong></span> <span class='ocrx_word' id='word_1_871' title='bbox 2461 5232 2672 5300; x_wconf 69' lang='lat' dir='ltr'><strong>cum).</strong></span> <span class='ocrx_word' id='word_1_872' title='bbox 2718 5213 2975 5293; x_wconf 71' lang='lat' dir='ltr'><strong>Videlicet</strong></span> <span class='ocrx_word' id='word_1_873' title='bbox 3012 5235 3258 5294; x_wconf 78' lang='lat' dir='ltr'><strong>patenter</strong></span> <span class='ocrx_word' id='word_1_874' title='bbox 3300 5228 3432 5280; x_wconf 85' lang='lat' dir='ltr'><strong>insi-</strong></span> 
     </span>
    </p>
   </div>
   <div class='ocr_carea' id='block_1_116' title="bbox 1863 5307 3422 5396">
    <p class='ocr_par' dir='ltr' id='par_1_116' title="bbox 1863 5307 3422 5396">
     <span class='ocr_line' id='line_1_116' title="bbox 1863 5307 3422 5396; baseline -0.002 -24"><span class='ocrx_word' id='word_1_875' title='bbox 1863 5334 2034 5396; x_wconf 86' lang='lat' dir='ltr'><strong>nuans</strong></span> <span class='ocrx_word' id='word_1_876' title='bbox 2078 5320 2205 5388; x_wconf 88' lang='lat' dir='ltr'><strong>quia</strong></span> <span class='ocrx_word' id='word_1_877' title='bbox 2249 5307 2500 5374; x_wconf 84' lang='lat' dir='ltr'><strong>mandata</strong></span> <span class='ocrx_word' id='word_1_878' title='bbox 2540 5317 2634 5374; x_wconf 84' lang='lat' dir='ltr'><strong>Dei</strong></span> <span class='ocrx_word' id='word_1_879' title='bbox 2680 5318 3005 5386; x_wconf 85' lang='lat' dir='ltr'><strong>perscrutari</strong></span> <span class='ocrx_word' id='word_1_880' title='bbox 3055 5332 3158 5369; x_wconf 78' lang='lat' dir='ltr'><strong>non</strong></span> <span class='ocrx_word' id='word_1_881' title='bbox 3191 5325 3422 5386; x_wconf 88' lang='lat' dir='ltr'><strong>poterat,</strong></span> 
     </span>
    </p>
   </div>
   <div class='ocr_carea' id='block_1_117' title="bbox 1861 5404 3429 5490">
    <p class='ocr_par' dir='ltr' id='par_1_117' title="bbox 1861 5404 3429 5490">
     <span class='ocr_line' id='line_1_117' title="bbox 1861 5404 3429 5490; baseline -0.008 -27"><span class='ocrx_word' id='word_1_882' title='bbox 1861 5424 1983 5463; x_wconf 90' lang='lat' dir='ltr'><strong>cum</strong></span> <span class='ocrx_word' id='word_1_883' title='bbox 2023 5409 2379 5480; x_wconf 84' lang='lat' dir='ltr'><strong>malignorum</strong></span> <span class='ocrx_word' id='word_1_884' title='bbox 2415 5407 2695 5476; x_wconf 84' lang='lat' dir='ltr'><strong>spirituum</strong></span> <span class='ocrx_word' id='word_1_885' title='bbox 2725 5405 2954 5490; x_wconf 72' lang='lat' dir='ltr'><strong>insidias</strong></span> <span class='ocrx_word' id='word_1_886' title='bbox 2983 5404 3034 5458; x_wconf 91' lang='lat' dir='ltr'><strong>in</strong></span> <span class='ocrx_word' id='word_1_887' title='bbox 3075 5414 3256 5463; x_wconf 85' lang='lat' dir='ltr'><strong>mente</strong></span> <span class='ocrx_word' id='word_1_888' title='bbox 3292 5407 3429 5462; x_wconf 51' lang='lat' dir='ltr'><strong>tote.</strong></span> 
     </span>
    </p>
   </div>
   <div class='ocr_carea' id='block_1_118' title="bbox 1860 5499 2029 5553">
    <p class='ocr_par' dir='ltr' id='par_1_118' title="bbox 1860 5499 2029 5553">
     <span class='ocr_line' id='line_1_118' title="bbox 1860 5499 2029 5553; baseline 0.006 -1"><span class='ocrx_word' id='word_1_889' title='bbox 1860 5499 2029 5553; x_wconf 76' lang='lat' dir='ltr'><strong>tabat.</strong></span> 
     </span>
    </p>
   </div>
   <div class='ocr_carea' id='block_1_119' title="bbox 3005 5665 3074 5729">
    <p class='ocr_par' dir='ltr' id='par_1_119' title="bbox 3005 5665 3074 5729">
     <span class='ocr_line' id='line_1_119' title="bbox 3005 5665 3074 5729; baseline 0 0"><span class='ocrx_word' id='word_1_890' title='bbox 3005 5665 3074 5729; x_wconf 81' lang='lat'><strong>19</strong></span> 
     </span>
    </p>
   </div>
  </div>
