3948 6378
498 237 602 292 iis?

534 414 543 422 _
1098 348 1324 402 mror
1356 348 1462 401 xu.

500 443 570 496 De
625 440 912 495 ostensione
967 439 1061 492 Dei
1114 440 1182 492 ad
1235 439 1410 504 Isaac,
1461 440 1543 492 cui
1584 440 1690 507 ipse
1736 452 1882 491 aram
1930 437 2060 490 a'di-

921 580 927 585 .
1181 509 1374 576 ﬁcarit.

564 620 808 674 Ascendit
830 630 998 673 auten.
1030 636 1093 672 ex
1116 617 1206 671 illo
1232 617 1343 670 loco
1372 618 1424 670 in
1466 617 1739 680 Bersabee,
1766 617 1851 670 ubi
1895 634 2060 687 appa-

496 713 597 762 ruit
628 713 675 763 ei
721 710 968 762 Dominus
996 710 1051 761 in
1079 709 1189 776 ipsa
1216 716 1361 759 nocte
1392 706 1566 760 dicens
1591 720 1608 757 :
1641 705 1748 776 Ego
1776 724 1889 760 sum
1921 706 2062 760 Deus

500 799 758 852 Abraham
790 798 959 867 patris
994 796 1100 859 tui;
1144 793 1248 847 noli
1281 804 1524 860 metuere,
1548 795 1667 863 quia
1712 805 1877 847 tecum
1922 812 2056 848 sum.

500 887 804 939 Dcnetlicam
856 885 948 937 tibi
994 894 1041 937 et
1089 883 1439 953 multiplicabo
1477 901 1646 937 semen
1684 895 1827 937 tuum
1854 895 2060 955 propter

495 994 693 1029 seruum
720 990 885 1028 meum
916 974 1196 1027 Abraham.
1242 974 1429 1039 Itaque
1460 976 1734 1042 (edi/icavit
1764 975 1831 1028 ibi
1857 975 2021 1028 altare
2047 1016 2061 1039 ,

497 1078 541 1120 et
594 1070 826 1119 inrocato
855 1066 1059 1118 nomine
1095 1064 1336 1128 Domini,
1383 1067 1608 1119 extendit
1639 1066 2061 1130 tabernaculum;

495 1156 825 1227 pnecipitque
854 1151 1150 1208 servis-suis
1190 1166 1245 1206 ut
1286 1155 1519 1224 [oderent
1544 1166 1773 1223 puteum.
1808 1157 1886 1208 Ad
1912 1173 2061 1227 quem

497 1247 662 1300 locum
698 1262 812 1297 cum
837 1245 1087 1298 renissent
1121 1244 1184 1297 de
1207 1242 1415 1297 Gcraris
1438 1244 1727 1297 Abimeleclr
1747 1284 1761 1308 ,
1797 1242 2062 1298 Ocltozatlt

495 1338 691 1389 anticus
722 1336 882 1398 illius,
931 1345 977 1387 et
1010 1334 1193 1388 P/ticol
1228 1336 1335 1388 dum
1361 1334 1602 1398 militum,
1635 1344 1738 1392 etc.
1763 1336 1868 1390 Pro
1894 1336 2064 1391 Ocho-

497 1428 615 1480 zuth
648 1427 909 1495 pronubo,
938 1427 989 1479 in
1019 1425 1239 1478 llclmco
1268 1424 1450 1489 habet,
1478 1424 1751 1494 collegium
1773 1428 2061 1479 amicorum

493 1520 629 1588 ejus,
658 1529 715 1572 ut
742 1534 850 1571 non
893 1527 999 1571 tam
1038 1516 1305 1570 hominem
1334 1514 1623 1584 signiﬁcet;
1651 1530 1812 1583 quam
1858 1516 2059 1569 amico-

498 1625 614 1662 rum
637 1608 868 1673 turbam,
899 1623 1017 1676 qua:
1055 1621 1174 1659 cum
1207 1619 1333 1674 rege
1360 1611 1582 1658 venerat
1632 1603 1686 1657 in
1732 1604 1925 1672 quibus
1964 1603 2063 1657 fuit

498 1710 549 1754 ct
578 1699 758 1752 l’inicol
794 1698 1040 1766 princeps
1070 1694 1337 1748 exercitus
1364 1691 1497 1760 ejus.

1137 235 1191 288 ις.
1237 210 1487 290 mm
1528 235 1738 288 nmo
1780 232 2090 286 Aluntur.
2134 231 2433 286 uouru'r.
2478 232 2751 289 orenuu
2797 236 2969 291 rans
3009 237 3047 291 ι.

3623 234 3727 291 5:23

2089 352 2136 405 Λ
2157 344 2245 411 jor
2266 355 2507 412 vocatur,
2532 349 2771 416 acceptio
2793 349 2923 418 legis
2949 359 3031 404 est
3058 348 3379 404 Judteorum.
3408 348 3560 417 Quod
3579 363 3732 406 escas

2165 447 2325 507 atque
2351 440 2833 510 capturam‘diligit
2878 447 3050 510 pater,
3100 440 3343 496 homines
3383 451 3512 498 sum
3548 443 3615 496 ab
3644 455 3730 496 er-

2166 543 2289 583 rore
2318 529 2528 593 salvati,
2553 545 2687 599 quos
2718 545 2811 598 per
2836 530 3134 585 doctrinam
3172 529 3351 597 justus
3389 532 3617 601 quisque
3642 546 3735 588 ve-

2163 629 2340 673 natur.
2383 618 2574 674 Sermo
2605 619 2719 683 Dei,
2762 619 3192 689 repromissionis
3229 629 3310 674 est
3352 620 3658 676 benedictio
3684 630 3740 676 et

2163 725 2284 779 spes
2312 710 2463 779 regni
2496 709 2677 775 futuri,
2718 710 2769 762 in
2801 724 2905 778 quo
2933 724 3053 762 cum
3080 708 3298 763 Christo
3338 710 3507 763 sancti
3540 725 3732 781 regna-

2166 805 2269 858 turi
2302 803 2428 869 sint,
2472 813 2526 858 et
2553 819 2734 857 verum
2785 803 3061 857 sabbatum
3110 803 3448 858 celebraturi.
3490 804 3735 858 Rebecca

2164 894 2321 962 plena
2371 893 2570 962 Spiritu
2605 902 2810 955 sancto,
2841 901 2896 946 ct
2927 894 3101 946 sciens
3127 893 3267 962 quod
3316 894 3557 947 audisset
3581 903 3737 947 ante—

2164 999 2324 1052 quam
2366 991 2599 1051 pareret,
2644 981 2766 1050 quia
2808 982 2977 1051 major
3017 983 3212 1035 serviet
3260 983 3473 1044 minori,
3508 982 3739 1036 formam

2163 1074 2301 1143 gerit
2346 1074 2396 1126 in
2444 1073 2544 1126 hoc
2592 1060 2708 1125 loco
2758 1072 2989 1140 Spiritus
3020 1073 3234 1135 sancti;
3267 1088 3388 1141 quae
3433 1072 3609 1125 futura
3636 1082 3741 1125 no-‘

2164 1170 2315 1216 verat
2338 1164 2389 1215 in
2418 1160 2651 1225 Christo,
2683 1163 2733 1213 in
2761 1159 2929 1214 Jacob
2957 1168 3080 1213 ante
3124 1160 3431 1215 meditatur.
3477 1159 3744 1229 Loquitur

2150 1254 2230 1307 ad
2270 1253 2435 1307 ﬁlium
2460 1271 2471 1306 :

2247 1341 2385 1397 Vade
2421 1343 2489 1395 ad
2516 1358 2738 1413 gregem,
2766 1353 2811 1395 et
2852 1341 3025 1411 accipe
3063 1341 3190 1394 mihi
3234 1341 3355 1395 inde
3386 1341 3519 1394 duos
3554 1338 3741 1394 hados

2164 1432 2407 1502 Optimos.
2439 1430 2793 1501 Prteﬁgurans
2819 1444 3075 1485 carncum
3105 1428 3404 1485 Salvatoris
3424 1429 3740 1491 adventum,

2165 1525 2218 1578 in
2242 1538 2348 1594 quo
2374 1538 2467 1578 eos
2509 1523 2593 1576 vel
2634 1523 2865 1577 maxime
2904 1522 3179 1586 liberaret,
3211 1522 3301 1591 qui
3329 1522 3570 1591 peccatis
3594 1528 3747 1574 tene-

2163 1612 2361 1668 bantur
2410 1613 2648 1668 obnoxii.
2709 1611 2984 1681 Siquidem
3031 1611 3083 1665 in
3132 1610 3381 1664 omnibus
3442 1607 3748 1678 Scripturis

2090 1696 2135 1753 Β
2164 1703 2301 1757 haedi
2324 1718 2424 1773 pro
2451 1702 2825 1772 peccatoribus
2845 1701 3196 1770 accipiuntur.
3229 1700 3382 1766 Quod
3402 1707 3585 1753 autem
3610 1699 3749 1774 duos

574 1788 617 1840 Ε
621 1804 704 1840 cce
728 1797 895 1839 autem
927 1794 1168 1837 renerunt
1196 1783 1248 1835 in
1275 1782 1387 1850 ipso
1409 1782 1493 1835 die
1518 1782 1650 1835 servi
1672 1780 1701 1834 Ι
1704 1798 1826 1835 saac
1856 1796 2064 1834 annun-

2185 1791 2375 1846 ubetur
2400 1790 2612 1855 offerre,
2663 1791 2889 1846 duorum
2932 1790 3245 1860 populorum
3289 1789 3626 1858 signiﬁcatur
3653 1801 3746 1841 as-

497 1878 682 1929 tiantes
703 1876 750 1927 ei
771 1876 833 1927 de
845 1888 995 1943 puteo
1016 1891 1162 1942 quem
1190 1874 1429 1941 {oderunt
1453 1884 1605 1944 atque
1624 1873 1847 1927 dicentes
1872 1886 1889 1924 :
1918 1871 2068 1927 Inue-

498 1967 725 2020 reuimus
754 1980 963 2033 aquam.
1000 1961 1147 2017 Unde
1200 1962 1472 2032 appellavit
1508 1978 1624 2016 eum
1659 1960 2063 2023 Abundantium,

496 2069 541 2113 et
570 2074 752 2111 nomen
778 2056 888 2115 urb:
915 2058 1211 2129 impositum
1239 2068 1309 2116 est
1341 2054 1584 2115 Bersabee
1607 2055 2070 2132 usqucinpttesen-

502 2161 600 2206 tem
638 2155 804 2217 diem,
834 2162 934 2207 etc.
978 2154 1166 2209 Nescio
1203 2154 1470 2222 quomodo
1510 2155 1563 2208 in
1606 2152 1957 2223 Septuaginta.
1991 2151 2069 2205 in-

502 2243 842 2311 terpretibus,
862 2244 951 2297 ubi
977 2245 1053 2298 sic
1075 2244 1305 2299 habetur
1327 2259 1341 2295 :
1366 2243 1432 2296 Et
1454 2252 1700 2297 venerunt
1717 2243 1864 2312 pueri
1892 2240 2067 2307 Isaac,

496 2345 543 2387 et
574 2336 937 2388 nuntiaverunt
962 2336 1007 2388 ei
1030 2336 1093 2387 de
1121 2344 1272 2403 puteo
1294 2351 1443 2404 quem
1467 2333 1731 2403 foderunt,
1757 2344 1803 2387 et
1829 2334 2070 2387 dixerunt

499 2426 544 2477 ei
588 2438 604 2474 :
650 2424 772 2476 Non
813 2424 1095 2477 invenimus
1139 2440 1362 2493 aquam;
1410 2432 1457 2477 et
1500 2424 1695 2477 vocavit
1736 2439 1921 2476 nomen
1958 2422 2070 2492 ejus

502 2513 891 2575 lui-amentum,
918 2520 1199 2579 propterea
1228 2512 1409 2565 vocari
1433 2510 1805 2566 Juramentum
1838 2510 2067 2575 dicatur,

501 2603 640 2669 quod
664 2616 859 2669 aquam
886 2616 991 2654 non
1014 2603 1359 2666 invenerunt;
1399 2616 1429 2656 e
1448 2602 1723 2657 contrario
1744 2602 1797 2655 in
1825 2600 2068 2665 Hebraeo,

502 2693 585 2745 cui
622 2691 1051 2759 interpretationi
1081 2692 1272 2760 Aquila
1302 2707 1513 2761 quoque
1541 2694 1808 2747 consentit
1834 2703 1888 2747 et
1916 2692 2070 2762 Sym-

503 2782 747 2846 machus,
787 2781 889 2835 boc
943 2781 1206 2851 signiﬁcet
1243 2781 1384 2849 quod
1414 2782 1735 2836 invenerunt
1763 2797 1986 2850 aquam,
2017 2790 2071 2836 et

500 2881 785 2941 propterea
836 2871 1130 2941 appellatus
1179 2873 1250 2925 sit
1295 2882 1490 2941 puteus
1539 2874 1651 2943 ipse
1700 2872 1985 2935 Saturitas,
2017 2881 2072 2927 et

502 2971 691 3015 vocata
715 2961 907 3014 civitas
936 2959 1230 3026 Bersabee,
1262 2961 1365 3015 hoc
1387 2970 1488 3027 est,
1530 2954 1712 3031 puteus
1758 2962 2064 3015 saturitatis.

504 3054 653 3107 Licet
681 3054 822 3107 enim
846 3068 1006 3122 supra
1027 3067 1091 3107 ex
1119 3053 1283 3107 verbo
1307 3052 1623 3122 juramenti,
1656 3054 1768 3108 sive
1808 3068 1875 3107 ex
1900 3060 2071 3122 septe-
2097 3029 2142 3090 (ἶ

501 3144 656 3198 nario
695 3158 916 3197 numero
938 3142 1142 3207 ovium,
1169 3141 1311 3211 quod
1350 3144 1477 3197 sabe
1517 3143 1735 3207 dicitur,
1779 3141 2073 3197 asserueri-

505 3250 624 3290 mus
656 3234 919 3290 Bersabee
942 3233 1283 3303 appellatum,
1311 3240 1486 3287 tamen
1528 3248 1671 3287 nunc
1712 3247 1778 3287 ex
1822 3247 1886 3287 eo
1933 3232 2074 3301 quod

505 3339 641 3394 aqua
674 3323 890 3378 inventa
929 3332 1031 3387 est,
1056 3322 1202 3377 Isaac
1231 3320 1294 3374 ad
1330 3335 1521 3375 nomen
1563 3320 1798 3375 civitatis
1840 3335 1958 3389 qua:
2000 3320 2074 3373 ita

505 3415 800 3467 vocabatur
823 3412 1086 3478 alludens,
1117 3410 1405 3465 declinavit
1436 3411 1707 3480 paululum
1732 3411 1965 3465 litteram
1987 3450 2001 3473 ,
2025 3419 2078 3465 et

516 3519 615 3574 pro
646 3502 872 3558 stridulo
892 3502 1236 3557 llebrarorum
1264 3501 1342 3555 sin
1372 3511 1442 3564 ε’.
1467 3516 1497 3553 a
1525 3516 1630 3569 quo
1657 3502 1784 3554 sahe
1804 3501 2073 3568 incipitur,

509 3594 751 3647 Graecum
781 3614 834 3655 σ,
854 3592 905 3646 id
930 3600 1033 3657 est,
1050 3592 1394 3646 Hebraeorum
1416 3592 1618 3644 sameclt
1640 3602 1698 3654 D,
1724 3589 2080 3659 posuit.Alio-

511 3684 637 3751 quin
664 3692 717 3736 et
740 3683 894 3752 juxta
921 3681 1190 3752 allegoria:
1217 3681 1385 3751 legem
1406 3721 1420 3745 ,
1454 3688 1575 3749 post
1616 3689 1790 3735 tantos
1816 3690 2003 3750 puteos
2026 3681 2078 3733 in

516 3775 618 3825 line
647 3772 924 3834 virtutum,
951 3785 1289 3840 nequaquam
1324 3770 1575 3841 congruit
1603 3778 1660 3823 ut
1686 3769 1835 3824 lsaac
1864 3770 2081 3823 minime

516 3874 707 3926 aquam
742 3859 1021 3928 reperiret.
1679 3856 1685 3860 ’

1098 3947 1338 4004 CAPUT
1375 3947 1506 4003 XIII.

727 4037 800 4090 De
825 4048 1079 4091 senectute
1109 4037 1263 4091 Isaac
1290 4046 1339 4092 et
1362 4037 1714 4092 benedictione
1735 4036 1919 4091 Iacob.

590 4130 738 4201 (Ου’.
766 4129 956 4201 xxvn.)
1007 4128 1189 4184 Senuit
1233 4140 1404 4183 autent
1449 4128 1624 4193 Isaac,
1657 4138 1712 4183 et
1735 4129 2086 4199 caligaverunt

521 4219 657 4272 ocm’i
699 4219 833 4287 ejus,
878 4228 925 4270 et
972 4217 1142 4270 videre
1184 4234 1286 4270 non
1333 4227 1553 4285 poterat.
1595 4214 1901 4287 Vocavitque
1943 4216 2085 4271 Esau

520 4311 683 4378 [ilium
727 4327 877 4363 suum
913 4310 1163 4378 majorem
1183 4349 1197 4373 ,
1227 4318 1274 4362 et
1302 4309 1433 4361 dixit
1463 4309 1508 4361 ei
1541 4322 1559 4359 :
1600 4308 1709 4362 Fili
1752 4311 1843 4362 mi.
1875 4307 1978 4373 Qui
2008 4326 2086 4363 τερ

521 4401 763 4467 spondit:
788 4400 1005 4452 Adsunt.
1039 4398 1134 4451 Cui
1179 4407 1362 4467 pater:
1399 4396 1574 4463 Vides,
1614 4399 1798 4468 inquit,
1838 4398 1973 4468 quod
2004 4414 2087 4452 se—

526 4491 744 4554 nnerim,
777 4499 823 4542 et
845 4489 1072 4557 ignorem
1100 4487 1233 4540 diem
1259 4488 1439 4541 mortis
1462 4504 1609 4541 mete.
1634 4486 1791 4542 Sume
1814 4504 1960 4541 arma
1977 4498 2090 4551 tua,

524 4580 817 4645 pharetram
848 4588 895 4631 et
925 4594 1125 4641 arcum,
1167 4588 1214 4630 et
1261 4580 1501 4647 egredere
1548 4579 1713 4647 foras.
1760 4577 1988 4647 Cumque
2014 4594 2096 4631 re-

531 4679 653 4719 uatu
678 4667 874 4737 aliquid
905 4666 1326 4735 apprelteudetis,
1367 4668 1450 4734 {ac
1480 4670 1606 4721 mihi
1626 4669 1745 4722 inde
1776 4668 2094 4737 pulmentum

530 4756 660 4811 sicut
685 4757 809 4809 uelle
830 4774 908 4809 me
943 4756 1098 4820 nosti,
1123 4765 1169 4807 et
1200 4757 1331 4824 affer
1365 4768 1418 4810 ut
1449 4758 1734 4822 comedam,
1761 4768 1804 4810 et
1834 4744 2096 4811 benedicat

532 4848 623 4901 tibi
643 4847 816 4898 anima
848 4863 981 4911 mea,
1017 4857 1290 4916 antequam
1322 4848 1537 4911 moriar,
1582 4856 1686 4901 etc.
1732 4847 1909 4917 (Isid.)
1960 4847 2090 4916 Hip-

532 4934 694 5006 polyti
721 4936 970 5003 martyris
990 4936 1171 5001 verba,
1199 4937 1335 4991 sicut
1360 4953 1422 4991 ea
1443 4937 1903 4991 excellentissima:
1923 4939 2096 4991 scien-

538 5028 622 5079 tia:
651 5039 713 5078 ac
738 5024 992 5079 doctrina:
1032 5023 1382 5094 Hieronymus
1422 5026 1718 5094 replicavit,
1764 5027 1818 5080 in
1852 5028 1953 5080 hoc
1981 5026 2096 5079 loco

537 5115 780 5183 ponenda
825 5122 966 5168 sunt.
1016 5113 1187 5178 ls:tac,
1229 5117 1416 5184 inquit,
1452 5127 1629 5186 portat
1677 5118 1960 5188 imaginem
2006 5118 2096 5171 Dei

539 5206 730 5268 Patris,
764 5203 1006 5258 Rebecca
1038 5203 1266 5272 Spiritus
1294 5208 1483 5272 sancti,
1526 5208 1664 5262 Esau
1694 5208 1869 5277 populi
1907 5208 2102 5276 prioris

542 5313 603 5350 ac
632 5295 849 5359 diaboli,
876 5293 1041 5348 Jacob
1066 5294 1316 5348 Ecclesia:
1338 5306 1392 5349 et
1420 5297 1638 5352 Christi.
1670 5300 1923 5353 Senuisse
1959 5299 2105 5353 Isaac

542 5385 1053 5439 constunnmtionem
1099 5383 1246 5437 orbis
1290 5385 1559 5450 ostendit;
1607 5387 1789 5441 oculos
1819 5388 1935 5457 ejus
1973 5388 2103 5441 cali-

546 5490 714 5544 gmzse.
760 5475 915 5527 ﬁdem
949 5489 1169 5543 periisse
1194 5474 1258 5529 de
1289 5476 1507 5539 mundo,
1536 5485 1589 5528 et
1630 5477 1902 5546 religionis
1928 5478 2107 5533 lumen

549 5573 669 5616 arte
700 5578 818 5614 eum
846 5562 1141 5634 neglectum
1172 5577 1290 5617 esse
1326 5562 1608 5633 signiﬁcat.
1642 5564 1792 5629 Quod
1830 5566 1969 5620 filius
1999 5583 2111 5621 ma-

2166 1881 2436 1951 sumptio;
2467 1882 2609 1952 quod
2652 1888 2867 1957 teneros
2905 1889 2961 1935 et
2987 1880 3176 1943 bonos,
3204 1878 3459 1934 docibiles
3496 1885 3552 1932 et
3585 1878 3746 1931 inno-

2166 1981 2347 2027 centes
2373 1972 2743 2043 signiﬁcantur
2764 1972 2973 2025 animm.
3004 1969 3150 2024 Stola
3176 1969 3318 2023 Esau
3353 1967 3487 2022 ﬁdes
3514 1974 3569 2022 et
3593 1964 3747 2021 Scri-

2165 2069 2337 2135 ptum
2365 2070 2492 2120 sunt
2523 2061 2889 2128 Hebmorum,
2930 2075 3049 2130 qua:
3090 2058 3193 2113 illis
3230 2058 3405 2128 primo
3431 2058 3572 2112 data:
3597 2065 3746 2119 sunt,

2168 2165 2223 2208 et
2248 2156 2588 2224 postmodum
2617 2151 2892 2223 gentilium
2925 2150 3139 2204 indutus
3173 2154 3258 2201 est
3296 2146 3544 2217 populus.
3572 2144 3750 2199 Pelles

2168 2255 2368 2310 autem,
2401 2260 2519 2314 quas
2547 2244 2662 2313 ejus
2692 2242 2927 2298 brachiis
2954 2238 3300 2295 circumdate
3329 2245 3480 2301 sunt,
3524 2244 3751 2303 peccata

2168 2335 2446 2401 utriusque
2469 2333 2657 2402 plebis,
2682 2347 2799 2401 quae
2819 2330 3063 2385 Christus
3083 2329 3135 2382 in
3157 2327 3471 2382 extensione
3492 2340 3753 2379 manuum

2169 2423 2315 2478 cruci
2370 2437 2553 2476 secum
2601 2421 2804 2490 pariter
2851 2416 3038 2472 aﬁixit.
3088 2416 3205 2486 Ipse
3255 2415 3399 2469 enim
3440 2415 3754 2484 incorpore

2170 2528 2286 2571 suo.
2335 2528 2441 2566 non
2466 2518 2608 2575 ‘sua.
2652 2510 2745 2564 sed
2788 2508 2961 2563 aliena
3014 2515 3234 2577 peccata
3267 2504 3541 2559 toleravit.
3594 2504 3753 2571 Quod

2170 2606 2319 2660 Isaac
2355 2603 2546 2672 quarit
2572 2616 2602 2655 a
2643 2599 2806 2655 Iacob
2832 2614 2931 2654 cur
2960 2607 3066 2653 tam
3106 2598 3212 2652 cito
3240 2598 3470 2661 venerit,
3521 2597 3755 2650 admira-

2173 2703 2261 2748 tur
2288 2691 2525 2746 velocem
2552 2690 2605 2743 in
2636 2688 2890 2743 Ecclesiis
2910 2687 3066 2742 ﬁdem
3088 2686 3440 2767 credentium.
3471 2685 3628 2751 Quod
3647 2684 3757 2738 cibi

2172 2781 2516 2839 delectabiles
2543 2778 2858 2844 offeruntur,
2891 2778 3064 2834 hostia
3094 2777 3311 2847 placens
3351 2776 3465 2831 Deo
3495 2775 3645 2831 salus
3673 2782 3759 2831 est

2170 2884 2533 2945 peccatorum.
2574 2872 2725 2939 Quod
2762 2880 3033 2943 postremo
3059 2871 3403 2940 consequitur
3425 2868 3756 2931 benedictio,

2173 2975 2229 3019 et
2258 2948 2393 3036 ejus
2438 2964 2599 3020 odore
2648 2962 2964 3033 perfruitur,
3016 2962 3190 3017 virtus
3242 2959 3667 3016 resurrectionis
3700 2968 3759 3013 et

2175 3054 2325 3131 regni
2366 3062 2551 3124 aperta
2585 3068 2712 3109 voce
2740 3052 3134 3122 pronuntiatur.
3181 3050 3381 3106 Taliter
3402 3051 3547 3105 enim
3590 3051 3762 3103 bene-

2176 3144 2373 3199 dicitur
2396 3162 2409 3197 :

2246 3234 2380 3287 Ecce
2407 3234 2535 3287 odor
2564 3233 2664 3301 ﬁlii
2707 3233 2806 3287 mei
2855 3233 2986 3286 sicut
3035 3232 3165 3287 odor
3210 3232 3324 3302 agri
3364 3231 3524 3301 pleni.
3576 3228 3763 3285 Odore

2176 3326 2408 3381 nominis
2434 3324 2655 3388 Christi,
2687 3325 2827 3379 sicut
2845 3339 2973 3394 ager
2994 3324 3223 3378 mundus
3262 3323 3514 3393 impletur
3540 3338 3555 3385 ;
3602 3320 3763 3389 cujus

2175 3426 2257 3472 est
2284 3417 2587 3472 benedictio
2613 3416 2678 3470 de
2726 3431 2847 3471 rore
2893 3415 3036 3479 cudi,
3090 3415 3192 3472 hoc
3234 3422 3319 3470 est
3366 3413 3434 3469 de
3467 3412 3764 3467 verborum

2176 3506 2354 3576 pluvia
2384 3504 2682 3558 divinorum
2703 3544 2717 3568 ,
2760 3511 2815 3557 et
2844 3503 2909 3557 de
2941 3502 3263 3573 pinguedine
3305 3510 3482 3564 terrm,
3512 3500 3617 3553 hoc
3650 3508 3760 3562 est,

2177 3592 2589 3663 congregatione
2610 3590 2945 3661 populorum.
2975 3590 3254 3644 Multitudo
3275 3588 3527 3644 frumenti
3547 3595 3603 3643 et
3621 3587 3762 3651 vini,

2180 3685 2281 3738 hoc
2310 3693 2411 3747 est,
2438 3681 2723 3736 multitudo
2758 3684 2919 3750 quam
2950 3679 3152 3749 colligit
3180 3679 3245 3733 de
3270 3686 3610 3734 sacramento
3638 3690 3765 3731 cor-

2179 3775 2328 3844 poris
2355 3781 2410 3828 et
2439 3771 2716 3843 sanguinis
2765 3771 2865 3826 sui.
2898 3770 2977 3825 Illi
3025 3771 3265 3825 serviunt
3310 3770 3492 3839 populi
3525 3783 3592 3823 ex
3630 3782 3765 3838 gen-

2184 3864 2324 3918 tibus
2350 3863 2415 3917 ad
2446 3876 2567 3917 eum
2590 3860 2852 3924 conversi,
2896 3861 3068 3929 ipsum
3096 3860 3324 3914 adorant
3349 3858 3541 3922 tribus,
3572 3858 3625 3911 id
3653 3866 3762 3922 est,

2182 3952 2360 4024 populi
2396 3966 2463 4007 ex
2492 3952 2927 4007 circumcisione.
2962 3950 3079 4019 ipse
3121 3957 3205 4004 est
3236 3948 3493 4003 Dominus
3528 3945 3763 4000 fratrum

2183 4059 2424 4107 suorum,
2467 4044 2591 4112 quia
2617 4042 2755 4112 plebi
2787 4042 3096 4096 dominatur
3119 4038 3442 4095 indecorum.
3470 4037 3650 4108 ipsum
3675 4036 3769 4091 ad-

2184 4143 2341 4188 orant
2369 4132 2460 4187 ﬁlii
2505 4133 2695 4187 matris
2728 4132 2866 4203 ejus,
2909 4131 3032 4200 quia
3062 4138 3117 4185 et
3162 4131 3276 4199 ipse
3319 4128 3617 4186 secundum
3644 4141 3763 4182 car-

2184 4238 2307 4279 nem
2330 4237 2396 4277 ex
2424 4236 2487 4276 ea
2515 4232 2671 4277 natus
2699 4232 2801 4295 est.
2822 4222 2997 4291 ipsum
3031 4222 3120 4292 qui
3162 4221 3512 4284 maledixerit,
3539 4217 3764 4271 maledi-

2188 4324 2299 4367 ctus
2328 4322 2443 4376 est;
2484 4322 2530 4364 et
2558 4313 2646 4381 qui
2690 4311 3020 4375 benedixerit,
3070 4309 3503 4363 benedictionibus
3546 4306 3767 4376 replebi-

2193 4412 2316 4467 tur;
2361 4401 2624 4464 Christus,
2657 4400 2892 4468 inquam,
2936 4406 3139 4459 noster,
3179 4413 3245 4451 ex
3272 4412 3367 4451 ore
3408 4396 3581 4465 patris
3607 4395 3765 4466 ignoo

2197 4493 2366 4547 rantis
2403 4490 2755 4553 benedicitur,
2804 4489 2858 4543 id
2914 4498 3016 4554 est,
3071 4487 3333 4542 veraciter
3377 4486 3613 4551 dicitur;
3669 4484 3765 4540 sed

2197 4587 2333 4640 alius
2358 4600 2388 4637 a
2414 4583 2610 4638 Judaeis
2659 4582 2900 4637 benedici
2947 4588 3183 4650 putatur,
3214 4579 3304 4647 qui
3355 4578 3425 4633 ab
3468 4579 3549 4632 eis
3576 4590 3767 4631 erran-

2202 4676 2342 4728 tibus
2389 4679 2747 4741 exspectatur.
2787 4670 2922 4724 Ecce
2971 4669 3391 4723 benedictionem
3444 4666 3767 4737 promissam

2201 4773 2419 4834 repente
2452 4761 2640 4830 majori
2686 4761 2898 4829 expavit
2947 4760 3115 4821 Isaac,
3147 4766 3200 4813 et
3227 4759 3389 4812 alium
3434 4772 3492 4812 se
3531 4771 3638 4825 pro
3662 4755 3769 4809 alio

2197 4852 2533 4907 benedixisse
2562 4852 2872 4921 cognoscit;
2907 4864 3005 4903 nec
3054 4857 3227 4903 tamen
3274 4849 3770 4918 indignaturreve-

2201 4943 2309 4997 lato
2348 4942 2449 4995 sibi
2480 4948 2835 5004 sacramento,
2884 4939 2977 4994 sed
3005 4938 3284 4993 confirmat
3313 4938 3367 4991 in
3410 4937 3519 4990 ﬁlio
3546 4937 3766 4991 benedi-

2203 5033 2436 5086 ctionem
2482 5030 2699 5083 dicens:
2735 5028 2801 5079 Et
2857 5028 3093 5080 benedixi
3138 5026 3204 5089 ei,
3254 5035 3299 5078 et
3332 5023 3627 5077 benedictus
3671 5034 3766 5077 est.

2207 5122 2329 5176 Haec
2355 5128 2438 5175 est
2461 5120 2759 5174 benedictio
2784 5118 2957 5187 prima
2984 5117 3151 5179 Isaac,
3175 5132 3293 5185 qua:
3314 5117 3438 5170 data
3465 5124 3547 5169 est
3576 5114 3768 5167 minori

2205 5210 2399 5281 populo
2425 5210 2868 5264 Christianorum.
2900 5207 3003 5263 Sed
3028 5222 3199 5276 neque
3236 5216 3410 5261 tamen
3433 5205 3609 5273 m'ajor
3635 5205 3772 5258 ﬁlius

2207 5302 2418 5368 penitus
2439 5299 2535 5353 fuit
2556 5300 2834 5367 despectus
2856 5339 2869 5359 ,
2898 5299 3023 5367 quia
3042 5296 3165 5352 eum
3194 5296 3474 5350 intraverit
3496 5294 3769 5365 plenitudo

2209 5387 2468 5456 gentium,
2502 5396 2625 5439 tunc
2652 5386 2823 5439 omnis
2850 5385 3010 5439 Israel
3042 5385 3220 5438 salvus
3247 5385 3350 5437 erit
3373 5403 3386 5436 :
3413 5385 3564 5454 cujus
3594 5393 3772 5437 tamen

2210 5477 2455 5530 secundae
2487 5475 2867 5529 benedictionis
2895 5475 3227 5544 prephetatio
3268 5474 3379 5527 lltBC
3400 5486 3518 5527 est:
3552 5472 3618 5525 In
3657 5475 3769 5539 pia.

2213 5566 2428 5636 gucdiuc
2458 5576 2627 5623 terim.
2654 5583 2694 5617 et
2728 5567 2779 5618 in
2810 5582 2924 5618 rore
2968 5563 3079 5617 cwli
3124 5564 3341 5629 desuper
3370 5566 3467 5618 erit
3492 5564 3771 5617 benedictio
