3948 6342
223 268 320 323 589

1219 259 1563 317 COMMENT.
1605 258 1668 312 IN
1707 255 2027 348 GENESIM.
2067 287 2133 295 —-
2171 256 2294 308 LIB.
2338 257 2425 308 111.

3321 248 3431 302 590

221 390 328 432 tua.
365 377 420 430 In
454 372 771 443 pinguedine
797 371 979 438 utique
1027 380 1200 433 terrae,
1237 371 1287 422 in
1337 369 1659 422 fecunditate
1686 383 1772 420 re-
1803 373 1848 428 Α
1877 383 1978 435 gna
2008 376 2089 419 est
2115 368 2280 420 virtus
2314 366 2616 427 humilium,
2659 367 2746 431 qui
2787 381 2848 417 ex
2874 365 3134 419 desiderio
3167 363 3275 415 loca
3313 361 3433 412 ulti-

222 471 337 517 ru’m
370 470 423 515 et
454 459 686 528 potentia
727 457 896 527 regni,
918 471 1036 524 qua:
1069 456 1120 529 in
1151 456 1238 508 illo
1275 457 1467 522 populo
1497 453 1614 516 fuit,
1639 463 1692 506 et
1720 454 1772 508 in

223 567 342 607 rore
369 551 488 605 (δίειί
528 551 631 602 erit
661 543 958 602 benedictio
981 553 1089 609 tua,
1114 546 1166 600 id
1195 555 1295 609 est,
1330 546 1382 597 in
1410 543 1632 611 eloquiis
1662 543 1773 596 Dei.

221 643 352 712 Ipsis
381 643 523 694 enim
552 638 753 692 credita
796 644 920 690 sunt
963 635 1170 702 eloquia
1200 635 1311 696 Dei,
1342 641 1394 685 et
1441 632 1572 701 legis
1614 639 1777 683 testa—-

222 740 420 785 menta.
466 728 608 781 Vives
644 726 840 796 gladio,
887 724 936 777 id
961 723 1226 789 est,'quia
1269 720 1510 788 sanguini
1557 717 1779 786 p0pulus

222 820 308 872 illc
343 819 548 872 deditus
575 829 760 870 necem
792 815 843 866 in
863 813 1076 866 Christo
1107 809 1187 862 vel
1215 808 1488 876 pr0phctis
1517 805 1774 859 exercuit.

223 909 288 961 Et
317 909 470 975 fratri
517 916 604 958 tuo
648 904 834 957 servies
882 901 1086 964 minori,
1137 899 1337 953 scilicet
1387 897 1580 965 populo
1628 894 1780 948 Chri-

221 999 415 1050 stiano.
477 995 793 1060 Tempusque
845 990 1005 1043 veniet
1073 1005 1187 1041 cum
1242 988 1469 1040 excutias
1517 994 1564 1037 et
1614 981 1780 1035 solvas

213 1086 402 1154 jugum
446 1083 508 1134 de
557 1079 831 1132 cervicibus
860 1079 981 1130 tuis.
1015 1077 1148 1129 Dum
1179 1091 1275 1143 per
1305 1075 1625 1143 agnitionem
1660 1071 1781 1124 ﬁdei

221 1176 289 1228 ad
328 1174 550 1244 gratiam
581 1171 776 1224 Christi
806 1183 1111 1228 conversus,
1144 1165 1450 1233 deposueris
1472 1161 1779 1230 onuslegis,

220 1263 554 1334 quandojam
581 1277 680 1314 non
711 1260 910 1313 servies
932 1256 1122 1325 populo
1157 1255 1369 1316 minori,
1394 1252 1482 1307 sed
1511 1269 1604 1321 per
1626 1252 1780 1305 ﬁdem

221 1354 389 1406 frater
416 1351 710 1405 vocaberis.
761 1344 889 1400 Item
936 1345 1040 1399 alio
1079 1345 1255 1398 modo.
1315 1342 1451 1409 Quid
1498 1349 1601 1405 est,
1638 1339 1781 1410 quod

217 1443 369 1497 Isaac
403 1443 467 1496 dc
494 1441 710 1509 majoris
737 1438 827 1491 ﬁlii
851 1437 932 1491 sui
956 1436 1233 1490 venatione
1261 1434 1402 1488 vesci
1432 1431 1780 1500 concupiscit,

218 1533 322 1586 nisi
350 1529 491 1600 quod
513 1530 852 1598 omnipotens
881 1527 1026 1580 Deus
1056 1525 1260 1578 Iudaici
1297 1523 1472 1592 populi
1499 1524 1634 1576 bona
1658 1537 1784 1590 ope-

220 1625 430 1678 ratione
467 1607 610 1690 pasci
649 1618 1009 1674 desideravit?
1039 1613 1160 1679 Sed,
1200 1615 1290 1668 illo
1319 1615 1578 1677 tardante,
1613 1613 1785 1666 mino-

1878 469 1962 506 ma
1987 462 2223 507 tenentes
2244 468 2302 506 se
2325 467 2419 521 per
2446 451 2798 504 humilitatem
2829 465 2857 502 a
2897 462 3033 504 terra
3061 454 3109 503 in
3139 451 3301 502 altum
3329 463 3432 501 non

1877 541 2172 603 sublevant,
2204 549 2258 594 et
2285 541 2518 594 cmlestis
2554 539 2700 608 regni
2731 554 3015 606 purpuram
3043 540 3092 590 in
3123 548 3297 593 mente
3324 553 3434 592 ser-

1879 637 2022 680 vant.
2060 628 2228 682 Aliter
2261 631 2461 684 redolet
2486 630 2649 699 spica,
2684 643 2802 681 cum
2837 628 2901 680 ad
2934 627 3290 680 maturitatem
3317 642 3434 696 pcr-

1879 717 2106 778 ducitur,
2138 719 2260 786 quia
2294 720 2550 772 bonorum
2592 735 2810 789 operum
2841 718 3094 787 perfectio
3138 719 3202 769 ad
3246 719 3433 770 saturi-

1881 814 2041 859 tatem
2064 820 2248 859 eorum
2277 807 2363 873 qui
2388 808 2644 874 justitiam
2668 811 2911 862 esuriunt
2935 817 3280 876 prceparatur.
3305 806 3435 871 Quia

1879 909 2006 964 ergo
2026 895 2242 964 gentilis
2279 897 2504 963 populus
2532 897 2584 948 in
2607 898 2788 951 electis
2811 899 2922 951 suis
2945 897 3139 965 ubique
3167 912 3259 964 per
3288 911 3438 947 mun-

1881 985 2005 1038 dum
2035 1001 2256 1053 sparsus
2280 994 2380 1047 est,
2406 994 2460 1038 et
2481 1001 2547 1038 ex
2587 986 2665 1038 eis
2695 987 2974 1040 virtutibus
3008 1001 3138 1054 quas
3176 986 3284 1052 agit
3323 1001 3463 1055 om;

1883 1091 1978 1130 nes
2004 1077 2094 1144 qui
2135 1076 2441 1145 intelligunt
2467 1078 2632 1130 odore
2671 1078 2820 1130 bonae
2862 1078 3124 1143 opinionis
3149 1077 3334 1144 replet,
3366 1076 3442 1128 (ll-

1882 1175 2034 1223 eatur
2071 1175 2249 1220 recte:
2283 1165 2428 1220 Odor
2446 1168 2544 1234 ﬁlii
2584 1169 2682 1221 mei
2703 1169 2833 1221 sicut
2861 1168 2988 1220 odor
3017 1170 3124 1236 agri
3151 1168 3304 1237 pleni.
3339 1165 3442 1220 Sed

1882 1259 2005 1327 quia
2035 1257 2248 1311 easdem
2271 1259 2496 1311 virtutes
2519 1274 2582 1312 ex
2614 1258 2900 1325 semetipso
2927 1273 3029 1309 non
3055 1257 3234 1320 habet,
3261 1256 3445 1324 adjun-

1883 1347 1994 1415 git:
2020 1339 2120 1399 Cui
2161 1346 2416 1400 benedixit
2440 1346 2692 1401 Dominus
2734 1347 2888 1400 Deus.
2938 1347 3002 1399 Et
3027 1347 3277 1414 queniam
3305 1346 3442 1398 idem

1882 1435 2171 1490 electorum
2199 1436 2424 1504 populus
2451 1450 2549 1504 per
2568 1436 2827 1503 quosdam
2857 1436 3016 1490 etiam
3046 1435 3096 1487 in
3124 1433 3447 1500 contempla-

1890 1526 2092 1581 tionem
2136 1526 2327 1594 surgit,
2357 1541 2451 1595 per
2475 1526 2729 1594 quosdam
2756 1541 2882 1578 vero
2923 1525 2971 1578 in
2998 1526 3182 1579 activae
3213 1525 3333 1577 vitae
3362 1537 3447 1577 so-

1887 1615 2154 1670 lummodo
2175 1616 2686 1686 opera_pinguesrit,
2719 1624 2861 1669 recte
2907 1617 3011 1669 illic
3052 1616 3294 1670 additur:
3349 1615 3446 1668 Dct

222 1725 336 1765 rem
376 1711 612 1763 Rebecca
641 1707 936 1777 supposuit,
974 1705 1095 1773 quia
1131 1703 1255 1756 dum
1282 1701 1534 1756 Judaieus
1563 1701 1785 1771 populus
1818 1695 1861 1751 Β
1888 1705 1979 1757 tibi
2015 1704 2273 1760 Dominus
2315 1705 2377 1757 de
2427 1722 2540 1758 rore
2581 1706 2714 1770 caeli,
2762 1716 2807 1757 et
2852 1706 2914 1758 de
2962 1705 3266 1774 pinguedine
3297 1715 3447 1757 terrm

215 1781 358 1856 bona
388 1814 548 1868 opera
596 1797 724 1851 foris
772 1796 981 1866 quaerit,
1022 1794 1269 1864 gentilem
1316 1792 1565 1861 populum
1619 1800 1790 1844 mater

216 1890 392 1959 gratia
425 1887 737 1951 introduxit,
779 1894 838 1938 ut
875 1879 1222 1953 omnipotenti
1261 1882 1404 1936 Patri
1437 1883 1614 1936 cibum
1660 1883 1785 1935 boni

216 1980 399 2048 operis
424 1977 658 2040 oﬁ‘erret,
689 1985 739 2029 ct
762 1974 1184 2028 benedictionem
1227 1972 1443 2040 majoris
1486 1969 1666 2024 fratris
1696 1985 1787 2023 ac-

216 2071 441 2138 ciperet.
471 2067 571 2133 Qui
601 2066 813 2120 eosdem
851 2064 999 2119 cibos
1024 2079 1088 2117 ex
1123 2062 1431 2116 domesticis
1473 2060 1790 2114 animalibus

215 2159 470 2229 praebuit,
499 2157 621 2224 quia
664 2154 896 2224 gentilis.
921 2151 1146 2222 populus
1189 2151 1400 2220 placere
1428 2151 1536 2204 Deo
1559 2149 1789 2203 exterio-

215 2250 367 2305 ribus
413 2247 689 2304 saeriﬁciis
717 2260 820 2298 non
866 2257 1129 2312 qucerens,
1161 2257 1255 2310 per
1301 2256 1482 2294 vocem
1511 2240 1789 2308 Propheta:

215 2342 350 2396 dicit
373 2359 388 2394 :
410 2339 477 2390 In
505 2354 583 2390 me
603 2346 742 2399 sunt,
771 2334 928 2397 Deus,
952 2343 1062 2386 vota
1093 2343 1205 2396 tua,
1225 2349 1338 2400 qua'
1368 2332 1580 2383 reddam
1605 2329 1788 2382 lauda-

214 2434 386 2486 tiones
408 2430 496 2482 tibi
529 2426 697 2498 (Psal.
723 2427 828 2494 ιγ).
867 2423 1000 2490 Quid
1038 2432 1119 2476 est
1147 2421 1287 2490 quod
1319 2421 1460 2474 idem
1488 2419 1652 2473 Iacob
1678 2434 1790 2471 ma-

216 2535 324 2573 nus
351 2534 416 2575 ac
447 2516 664 2572 brachia
693 2523 747 2568 et
781 2513 976 2568 collum
1002 2513 1226 2566 haedinis
1256 2511 1480 2580 pellibus
1510 2510 1663 2574 texit,
1687 2509 1788 2563 nisi

217 2608 364 2677 quod
415 2607 598 2662 haedus
629 2620 724 2673 pro
758 2610 978 2672 peccato
1017 2600 1196 2654 ollerri
1240 2598 1540 2662 consuevit,
1581 2607 1634 2650 et
1663 2613 1788 2666 geu-

217 2698 331 2750 tilis
359 2695 605 2765 populus,
643 2694 770 2747 dum
814 2707 871 2746 se
899 2699 1237 2763 peccatorem
1264 2688 1509 2743 conﬁteri
1538 2702 1642 2741 non
1670 2702 1790 2740 eru-

214 2774 411 2849 bescit,
439 2784 621 2838 carnis
644 2784 694 2836 in
717 2797 773 2836 se
798 2789 1016 2850 peccata
1041 2779 1339 2833 mactavit?
1368 2778 1502 2844 Quid
1533 2785 1615 2831 est
1649 2776 1789 2845 quod

215 2874 556 2929 vestimentis
595 2871 809 2941 majoris
832 2868 1013 2923 fratris
1040 2869 1296 2932 induitur,
1327 2868 1430 2923 nisi
1456 2867 1599 2936 quod
1627 2880 1790 2920 sacrae

215 2966 515 3033 Scriptura:
554 2961 850 3030 praaceptis,
896 2974 1013 3029 qua!
1059 2959 1245 3028 .najori
1279 2957 1474 3028 p0pulo
1503 2959 1625 3011 data
1671 2957 1787 3010 fue-

1890 1793 2280 1846 abundantiam.
2307 1793 2415 1847 Bos
2442 1794 2582 1847 enim
2605 1795 2829 1862 desuper
2853 1792 3043 1846 leniter
3070 1792 3231 1856 venit,
3258 1799 3312 1846 et
3332 1793 3451 1846 sub-

1890 1885 2052 1939 tiliter
2076 1885 2255 1950 cadit;
2285 1894 2340 1940 et
2365 1885 2523 1940 toties
2546 1885 2611 1939 de
2647 1899 2765 1938 rore
2805 1883 2921 1938 coeli
2965 1883 3278 1954 accipimus,
3318 1899 3449 1953 quo-

1891 1977 1989 2031 ties
2030 1992 2128 2047 per
2170 1975 2488 2031 inlusionem
2519 1975 2984 2045 contemplationis
3033 1975 3230 2029 intimae
3273 1975 3338 2029 de
3365 1990 3453 2028 su-

1890 2065 2071 2134 pernis
2119 2065 2319 2133 aliquid
2378 2065 2609 2120 tenuiter
2645 2065 2905 2118 videmus.
2959 2064 3090 2118 Cum
3143 2080 3270 2119 vero
3314 2065 3452 2118 bona

1889 2167 2052 2222 opera
2079 2153 2240 2206 etiam
2293 2168 2390 2221 per
2441 2167 2632 2222 corpus
2671 2153 2897 2222 agimus,
2942 2154 3005 2207 de
3046 2161 3200 2206 terra:
3237 2153 3454 2222 pingue-

1889 2243 2012 2296 dine
2062 2242 2313 2296 ditamur.
2366 2241 2512 2307 Quid
2539 2252 2624 2296 est
2667 2249 2844 2296 autem
2881 2244 3020 2312 quod
3050 2241 3188 2296 Esau
3217 2245 3366 2312 tarde
3387 2244 3453 2297 ad

1868 2341 2094 2402 patrem
2123 2333 2276 2395 redit,
2312 2334 2414 2387 nisi
2437 2333 2577 2403 quod
2621 2331 2872 2388 Judaicus
2901 2333 3124 2403 populus
3151 2334 3216 2386 ad
3242 2333 3455 2402 placan-

1889 2423 2012 2476 dum
2048 2423 2329 2478 Dominum
2352 2438 2474 2476 sero
2501 2423 2822 2477 revertitur?
2850 2421 2944 2476 Cui
2985 2430 3037 2475 et
3065 2423 3166 2476 hoc
3194 2422 3246 2475 in
3291 2423 3454 2476 bene-

1889 2512 2120 2566 dictione
2146 2511 2343 2564 dicitur
2367 2529 2380 2563 :
2416 2510 2734 2581 Tempusque
2756 2513 2849 2565 erit
2879 2528 2993 2564 cum
3022 2512 3252 2565 solvatur
3267 2513 3457 2580 jugnm

1889 2601 1952 2654 de
1993 2599 2123 2654 collo
2155 2611 2263 2664 tuo,
2301 2601 2426 2668 quia
2482 2616 2510 2654 a
2550 2602 2808 2655 servitute
2841 2601 3044 2670 peccati
3090 2599 3342 2654 Iudaicus
3365 2615 3456 2669 po-

1891 2691 2044 2759 pulus
2074 2691 2127 2744 in
2175 2691 2281 2744 ﬁne
2326 2691 2605 2754 liberatur,
2653 2691 2791 2745 sicut
2835 2692 3089 2760 scriptum
3131 2699 3250 2745 est:
3284 2691 3458 2745 Donec

1889 2778 2152 2847 plenitudo
2174 2779 2402 2848 gentium
2444 2780 2700 2842 introiret,
2750 2781 2824 2833 sic
2873 2781 3038 2834 omnis
3089 2779 3258 2834 Israel
3286 2781 3457 2836 salvus

1889 2869 2032 2936 fieret
2060 2867 2233 2939 (Rom.
2261 2868 2353 2939 xi).

1964 2955 2156 3011 Oderat
2181 2975 2300 3027 ergo
2342 2975 2540 3027 semper
2570 2958 2714 3013 Esau
2757 2959 2918 3013 Jacob
2961 2977 3052 3030 pro
3101 2960 3454 3015 benedictione

216 3065 362 3119 rant,
393 3057 444 3109 in
475 3056 614 3110 bona
642 3026 951 3122 operatione
989 3026 1215 3105 vestitus
1246 3026 1365 3116 est;
1401 3059 1456 3107 et
1495 3053 1574 3106 eis
1613 3052 1787 3127 minor
1815 3026 1857 3088 (ἶ
1887 3064 1988 3116 qua
2025 3026 2352 3100 benedia‘erat
2378 3048 2424 3100 ei
2452 3026 2620 3117 pater,
2662 3047 2892 3118 dixitque
2923 3026 2975 3102 in
3005 3049 3158 3102 corde
3187 3066 3282 3103 suo
3306 3071 3322 3102 .-
3363 3049 3458 3103 Ve-

214 3150 271 3204 in
307 3147 466 3199 domo
503 3145 841 3211 utitur,gqua:
880 3141 1049 3210 major
1089 3139 1234 3193 foras
1263 3141 1448 3194 exiens
1477 3141 1618 3194 intus
1660 3139 1784 3192 reli-

216 3235 376 3304 quit?
405 3233 532 3299 Quaa
564 3231 651 3286 ille
693 3231 944 3285 Judaicus
972 3228 1197 3298 papulas
1237 3229 1433 3281 habere
1460 3241 1565 3282 non
1593 3227 1786 3297 potuit,

215 3327 347 3379 dum
376 3324 546 3377 solam
574 3322 627 3374 in
649 3322 728 3376 eis
757 3321 988 3374 litteram
1013 3319 1253 3374 attendit.
1287 3319 1355 3372 Et
1371 3318 1495 3387 quid
1523 3326 1621 3379 est,
1648 3318 1789 3386 quod

213 3414 368 3467 Isaac
407 3411 652 3466 eumdem
696 3401 861 3462 ﬁlium
909 3405 1098 3470 nescit,
1146 3421 1302 3475 quem
1349 3406 1638 3470 benedixit,
1684 3404 1788 3458 nisi

215 3500 344 3562 hoc,
368 3514 508 3567 quoa
529 3498 593 3552 de
623 3495 803 3566 gentili
828 3493 1021 3564 pepulo
1046 3493 1301 3547 Dominus
1331 3507 1425 3560 per
1451 3492 1788 3546 Psalmistam

215 3588 353 3643 dicit
378 3605 392 3640 :
437 3584 666 3655 Populus
687 3600 836 3654 quem
861 3600 962 3636 non
984 3581 1195 3651 cognovi
1217 3583 1396 3635 serviet
1418 3582 1543 3634 mihi
1566 3583 1589 3634 ?
1618 3579 1786 3651 (Psal.

215 3677 381 3746 xvii.)
417 3665 552 3743 Quid
586 3660 690 3737 eSt,
720 3673 858 3742 quod
880 3681 1197 3741 praesentem
1225 3663 1331 3725 non
1354 3671 1504 3734 vidit,
1535 3679 1588 3725 et
1611 3679 1790 3724 tamen

212 3783 343 3837 qua:
362 3767 414 3822 ei
443 3768 496 3820 in
520 3764 698 3820 futuro
723 3762 972 3816 eveniant
995 3761 1145 3825 vidit,
1169 3761 1271 3815 nisi
1292 3762 1434 3829 quod
1459 3761 1793 3835 omnipotens

215 3860 382 3920 Deus,
420 3871 540 3910 cum
567 3869 662 3924 per
694 3855 980 3921 pr0pbetas
1009 3867 1134 3906 suos
1159 3853 1470 3922 praediceret
1513 3852 1791 3923 gentilitati

212 3948 450 4019 gratiam
478 3944 899 4015 praerogandam,
948 3958 1065 3996 eam
1108 3950 1164 3996 et
1194 3943 1246 3996 in
1273 3943 1523 4011 praasenti
1548 3957 1644 4012 per
1672 3958 1793 4010 gra-

215 4042 352 4092 tiam
382 4051 488 4090 nou
519 4034 670 4098 vidit,
729 4033 853 4102 quia
901 4041 1027 4087 tunc
1082 4032 1134 4086 in
1165 4047 1349 4087 errore
1397 4033 1708 4102 dereliquit;
1738 4041 1794 4086 et

212 4139 402 4181 tamen
449 4126 572 4195 quia
607 4126 743 4178 hanc
785 4123 1104 4192 quandoque
1157 4122 1477 4177 collecturus
1526 4129 1663 4187 erat,
1695 4137 1792 4191 per

213 4212 609 4269 benedictionis
637 4212 862 4281 gratiam
893 4210 1178 4278 praevidit?
1224 4210 1374 4266 Unde
1403 4219 1457 4265 et
1500 4211 1673 4265 eidem
1702 4209 1792 4265 Ja-

210 4303 321 4358 cob
348 4303 556 4370 gentilis
584 4301 759 4375 populi
803 4300 1033 4369 ﬁguram
1073 4299 1293 4363 tenenti,
1339 4301 1394 4353 in
1420 4298 1789 4355 benedictione

210 4393 456 4447 dicitur:
487 4391 618 4443 Ecce
647 4391 776 4443 odor
796 4389 893 4457 ﬁlii
933 4391 1029 4442 mei
1055 4391 1186 4442 sicut
1215 4391 1343 4443 odor
1371 4391 1483 4459 agri
1522 4388 1678 4459 pleni,
1703 4391 1787 4442 cui

210 4482 480 4536 benedixit
523 4481 772 4534 Dominus
797 4480 954 4534 Deus.
1001 4479 1152 4534 Sicut
1181 4481 1231 4533 in
1266 4479 1550 4550 Evangelia
1576 4479 1788 4535 Veritas

211 4573 388 4626 dicit:
438 4570 570 4640 Ager
603 4567 690 4622 ἐει
733 4571 813 4621 hic
845 4570 1067 4622 mundus
1118 4569 1330 4640 (Matth.
1372 4569 1513 4640 xm).
1560 4570 1623 4623 Et
1658 4570 1786 4638 quia

209 4662 530 4716 electorunr
568 4659 789 4728 populus
843 4660 894 4712 in
945 4660 1193 4713 universo
1245 4660 1442 4713 mundo
1497 4661 1784 4716 virtutibus

210 4751 449 4813 redolet,
478 4750 610 4803 odor
640 4749 760 4802 fidei
791 4750 923 4802 odor
953 4757 1036 4803 est
1056 4750 1169 4819 agri
1201 4749 1360 4817 pleni.

281 4842 457 4895 Aliter
482 4832 710 4907 namque
729 4841 835 4894 olet
864 4839 959 4894 llos
985 4855 1118 4903 uvae,
1147 4841 1272 4908 quia
1300 4856 1488 4909 magna
1509 4852 1592 4894 est
1616 4842 1788 4904 virtus

205 4940 264 4984 et
308 4930 489 4998 Opinio
529 4931 954 4998 prmdieatorum,
1005 4931 1092 4999 qui
1141 4931 1403 4984 inebriant
1454 4940 1656 4984 mentes
1686 4946 1784 4983 au-

206 5021 499 5076 clientium.

282 5111 459 5164 Aliter
485 5110 581 5164 ﬁos
628 5110 799 5173 olivae,
843 5110 964 5178 quia
998 5125 1157 5163 suave
1187 5117 1268 5164 est
1315 5126 1447 5179 opus
1483 5112 1784 5167 miscricor-

206 5200 339 5261 diae,
373 5200 515 5268 quod
542 5215 689 5254 more
721 5200 820 5253 olei
848 5199 1048 5252 refovet
1084 5207 1137 5252 et
1169 5201 1326 5252 lucet.

284 5291 458 5343 Aliter
483 5289 575 5345 ﬂos
605 5306 757 5354 rosae,
787 5291 910 5359 quia
947 5291 1076 5343 mira
1109 5299 1190 5344 est
1220 5290 1529 5360 fragrantia,
1555 5310 1672 5362 quas
1703 5311 1785 5347 ru-

211 5381 338 5434 tilat
364 5389 420 5432 et
447 5381 647 5434 redolet
672 5397 736 5434 ex
763 5395 951 5435 cruore
981 5389 1292 5449 martyrum.

282 5471 457 5525 Aliter
478 5469 572 5523 llos
599 5471 715 5534 lilii,
749 5473 871 5539 quia
898 5472 1120 5526 candida
1168 5474 1275 5525 vita
1301 5475 1476 5530 carnis
1502 5485 1583 5528 est
1607 5477 1670 5528 de
1698 5477 1780 5529 in-

209 5562 563 5633 corruptione
593 5561 928 5630 virginitatis.
978 5561 1144 5616 Aliter
1173 5561 1266 5617 llos
1295 5565 1464 5627 violas,
1516 5566 1637 5633 quia
1673 5581 1784 5618 ma-

1891 3138 2029 3190 nient
2063 3137 2171 3189 dies
2195 3135 2362 3190 luctus
2382 3137 2544 3206 patris
2571 3138 2690 3202 mei,
2727 3147 2774 3190 et
2798 3137 3029 3190 occidam
3052 3135 3215 3190 Iacob
3245 3137 3458 3205 fratrem

1888 3246 2076 3282 meum.
2122 3226 2377 3282 Nuntiata
2404 3237 2522 3282 sunt
2571 3229 2680 3282 lucc
2712 3227 2964 3281 Rebecca.
3011 3226 3139 3293 Quae
3168 3228 3371 3281 ntit’téns
3411 3238 3459 3282 et

1890 3335 2077 3372 vocans
2099 3317 2263 3371 Iacob
2286 3317 2456 3386 filium
2479 3334 2651 3381 suum,
2697 3317 2827 3370 dixit
2866 3317 2932 3369 ad
2958 3333 3073 3369 eum
3097 3333 3115 3369 :
3150 3316 3282 3370 Ecce
3311 3316 3456 3370 Esau

1890 3409 2053 3478 frater
2097 3417 2215 3462 tuus
2261 3409 2491 3461 minatur
2537 3416 2589 3459 ut
2617 3407 2814 3460 occidat
2852 3415 2919 3460 te.
2971 3405 3123 3458 Nunc
3166 3422 3306 3475 ergo,
3354 3407 3456 3474 fili,

1891 3499 2014 3551 audi
2038 3515 2206 3552 vocem
2231 3513 2420 3562 meam,
2463 3507 2509 3551 et
2554 3513 2865 3566 consurgens
2894 3496 3012 3566 fuge
3038 3497 3106 3548 ad
3130 3496 3306 3549 Laban
3335 3497 3449 3565 fra-

1892 3597 2019 3640 trem
2050 3601 2219 3640 meum
2240 3587 2295 3640 in
2332 3585 2517 3639 Haran
2541 3603 2558 3648 ;
2584 3585 2939 3654 habitabisque
2968 3602 3083 3638 cum
3105 3601 3163 3639 eo
3191 3587 3298 3639 dies
3325 3604 3457 3656 pau-.

1893 3695 1997 3742 cos,
2029 3679 2190 3732 donec
2215 3678 2443 3748 quiescat
2465 3678 2616 3746 furor
2651 3677 2830 3746 fratris
2852 3678 2950 3741 tui,
2972 3687 3017 3731 et
3039 3688 3193 3732 cesset
3219 3679 3458 3749 indigna-

1892 3770 1962 3822 tio
1990 3771 2122 3838 ejus,
2165 3770 2593 3839 obliviscaturque
2639 3785 2815 3823 eorum
2860 3786 2974 3839 qua:
3023 3769 3185 3836 fecisti
3213 3769 3266 3823 in
3297 3787 3456 3836 eum;

1891 3870 2066 3929 postea
2110 3861 2308 3914 mittam
2342 3869 2389 3933 et
2419 3859 2676 3912 adducam
2720 3867 2767 3911 te
2811 3859 2930 3910 inde
2976 3859 3095 3922 huc,
3140 3866 3245 3913 etc.
3279 3858 3457 3930 (Aug.)

1892 3947 2167 4014 Quomodo
2193 3947 2507 4001 annuntiata
2537 3946 2620 4000 vel
2656 3946 2960 4000 renuntiata
2983 3957 3105 4000 sunt
3129 3949 3290 4001 verba
3317 3949 3459 4003 Esau

1889 4038 2166 4100 Rebeccae,
2208 4036 2402 4106 quibus
2444 4037 2800 4091 comminatus
2835 4045 2918 4090 est
2941 4038 3204 4091 occidere
3237 4038 3457 4094 fratrem

1894 4145 2072 4194 suum,
2099 4144 2218 4182 cum
2245 4128 2520 4197 Scriptura
2550 4129 2696 4184 dicat
2728 4129 2828 4182 hoc
2858 4144 2979 4182 eum
3027 4129 3079 4182 in
3115 4145 3210 4183 sua
3250 4130 3458 4198 cogita-

1895 4220 2037 4275 tione
2081 4219 2300 4284 dixisse,
2342 4221 2441 4274 nisi
2495 4222 2619 4289 quia
2671 4221 2796 4275 hinc
2843 4222 2993 4274 nobis
3036 4222 3191 4274 datur
3237 4223 3459 4292 intelligi

1892 4308 2034 4379 quod
2061 4310 2316 4364 divinitus
2336 4311 2385 4364 ei
2423 4310 2792 4364 revelabantur
2816 4310 3036 4363 omnia?
3063 4310 3212 4365 Unde
3237 4312 3303 4364 ad
3345 4326 3460 4364 ma-

1889 4418 2048 4471 gnum
2075 4403 2386 4472 mysterium
2421 4403 2651 4471 pertinet
2703 4401 2841 4468 quod
2883 4401 3047 4453 tilium
3092 4416 3243 4454 suum
3286 4400 3457 4454 minc-

1891 4506 2000 4544 rem
2030 4506 2128 4560 pro
2157 4490 2358 4558 majore
2404 4491 2570 4544 voluit
2617 4490 2874 4544 benedici.
2931 4489 3097 4559 Igitur
3150 4491 3287 4544 Esau
3335 4503 3460 4560 post

1887 4580 2313 4645 benedictionem
2368 4580 2558 4648 patris-
2592 4578 2804 4632 invidiae
2857 4580 3086 4632 stimulis
3133 4580 3455 4642 concitatus,

1885 4683 2069 4728 necem
2100 4671 2249 4727 fratri
2275 4689 2370 4727 suo
2393 4672 2556 4727 Jacob
2582 4673 2849 4741 excogitat
2871 4672 3250 4726 fraudulenter.
3275 4673 3456 4744 (lsid.)

1886 4760 1997 4818 IIoe
2033 4763 2283 4818 nimirum
2330 4773 2386 4817 et
2426 4761 2679 4817 Iudaicus
2725 4764 2946 4830 pepulus
2990 4764 3040 4814 in
3081 4763 3294 4816 Christo
3323 4780 3460 4833 pne-

1889 4854 2193 4915 meditatus,
2229 4868 2333 4906 non
2370 4853 2541 4907 solum
2571 4852 2803 4920 patibulo
2835 4851 3112 4904 Dominum
3145 4854 3320 4905 crucis
3352 4863 3456 4905 tra-

1886 4943 2040 5008 didit,
2070 4958 2252 4997 verum
2275 4945 2436 4997 etiam
2469 4944 2744 4996 credentes
2770 4942 2819 4994 in
2850 4941 2936 4994 illo
2959 4958 3125 5015 usque
3155 4944 3218 4996 ad
3243 4927 3455 4997 eﬁ'usin-

1888 5049 2008 5088 nem
2032 5034 2304 5103 sanguinis
2342 5039 2649 5101 persecutus
2675 5039 2774 5082 cst.

1958 5123 2106 5192 (CAP.
2131 5127 2344 5192 xxvm.)
2381 5119 2590 5172 Vocavtt
2616 5128 2790 5188 itaque
2818 5121 2970 5171 Isaac
2996 5121 3183 5182 Jacob,
3219 5129 3264 5172 et
3305 5122 3451 5174 bene-

1888 5213 2038 5277 dixit,
2068 5212 2409 5281 pracepilque
2433 5209 2502 5268 ei,
2535 5208 2740 5259 dicens:
2777 5207 2898 5258 Noli
2931 5209 3158 5273 accipere
3185 5209 3450 5275 conjugcm

1886 5302 1949 5354 de
1975 5318 2157 5372 genere
2195 5300 2484 5360 Chanaan;
2534 5299 2622 5350 sed
2663 5299 2787 5351 vade
2815 5308 2858 5350 et
2909 5298 3227 5364 proﬁciscere
3253 5298 3305 5349 in
3339 5297 3447 5348 Me-

1885 5387 2225 5458 sopotamiam
2256 5387 2425 5456 Syrica
2449 5387 2516 5438 ad
2542 5388 2751 5439 domum
2778 5387 2998 5439 Bathurl
3031 5395 3229 5450 patrem
3271 5387 3449 5452 matris

1883 5488 2007 5540 tuw,
2055 5477 2324 5544 et‘accipe
2367 5477 2456 5529 tibi
2506 5477 2624 5529 inde
2670 5489 2875 5528 uxorem
2921 5472 2982 5522 de
3034 5473 3237 5530 filiabus
3271 5473 3449 5528 Laban

1885 5567 2124 5639 avunculi
2157 5567 2251 5617 tui.
2311 5565 2493 5635 (Αιιςι.)
2543 5565 2690 5630 Quod
2742 5564 2936 5616 habent
2988 5561 3159 5614 Latini
3216 5565 3443 5624 codices,
