3948 6338
550 296 642 349 591

1207 293 1268 346 Β.
1306 291 1554 345 RABANI
1597 290 1808 345 MAURI
1845 289 2154 345 ARCHIEP.
2197 289 2498 346 MOGUNT.
2539 290 2816 347 OPERUM
2855 291 3030 347 PARS
3069 293 3107 346 I.

3655 296 3761 352 59%

555 405 700 459 Isaac
726 403 930 458 dicente
975 404 1082 457 lilio
1127 391 1261 458 suo:
1311 404 1457 457 Vade
1488 405 1536 456 in
1591 401 2018 470 Mesopotamiam
2047 400 2100 455 in
2129 404 2174 461 A
2201 401 2292 454 sub
2330 401 2455 472 lege,
2504 411 2560 454 ut
2609 416 2693 456 eos
2736 404 2824 472 qui
2852 403 2948 456 sub
2992 403 3098 472 lege
3151 415 3295 458 erant
3349 406 3636 461 redimeret.
3667 408 3759 462 Illa

547 493 758 546 domum
789 493 1008 557 Bathucl
1039 492 1206 562 patris
1229 494 1415 546 matris
1440 501 1560 554 tuae,
1593 499 1646 544 et
1685 506 1833 544 sume
1857 489 1949 545 tibi
1975 489 2099 544 inde
2195 490 2334 543 enim
2363 490 2503 544 scala
2539 505 2569 544 a
2592 498 2734 545 terra
2773 493 2940 560 usque
2969 492 3021 545 in
3059 491 3276 558 coelum,
3320 510 3350 548 a
3393 509 3557 550 carne
3590 510 3762 564 usque

543 595 784 645 uxorem,
815 582 985 639 Graeci
1036 583 1246 648 codices
1287 595 1390 634 non
1423 580 1619 633 habent
1663 579 1806 642 vade,
1835 579 1926 634 sed
1956 579 2094 648 fuge,

543 669 644 724 hoc
663 679 766 734 est,
793 670 1053 747 ansatum.
1103 669 1247 724 Unde
1289 665 1602 737 intelligitur
1625 667 1784 721 etiam
1829 668 1973 721 Isaac
2006 681 2097 720 co-

541 759 785 826 gnovisse
810 759 949 829 quod
974 749 1113 812 illius
1137 756 1254 825 ejus
1294 756 1431 810 Esau
1459 758 1522 811 de
1547 755 1713 812 fratre
1741 773 1836 811 suo
1875 757 1925 810 in
1952 757 2095 826 cogi-

542 849 738 902 tatione
766 864 857 904 sua
882 848 1090 901 dixerit.

607 935 747 989 Deus
764 945 936 987 autem
968 935 1285 1004 omnipotens
1333 933 1592 999 benedicat
1635 933 1748 999 tibi,
1792 943 1839 987 et
1869 949 2094 990 creuere

537 1034 585 1077 te
609 1025 763 1093 faciat
782 1034 934 1093 atque
958 1023 1276 1093 multiplicet,
1303 1033 1357 1076 ut
1378 1024 1450 1076 sis
1470 1024 1523 1076 in
1547 1019 1721 1104 turbas
1744 1024 2050 1094 populorum
2071 1043 2089 1079 :

533 1122 581 1165 et
601 1114 683 1186 det
714 1113 801 1165 tibi
830 1113 1228 1166 benedictionem
1257 1113 1540 1177 Abraham,
1576 1121 1622 1165 et
1650 1112 1832 1167 semini
1870 1123 1962 1167 tuo
1977 1123 2089 1183 post

531 1210 611 1265 te,,
627 1211 682 1254 ut
704 1200 965 1270 possideas
987 1211 1175 1254 terram
1201 1202 1626 1270 peregrinationis
1649 1211 1770 1267 tuta,
1800 1219 1956 1272 quam
1978 1201 2091 1274 pol-

527 1287 700 1342 licitus
722 1298 796 1342 est
819 1305 913 1342 auo
935 1299 1041 1341 tuo.
1074 1287 1300 1360 Cumque
1323 1289 1598 1343 dimisisset
1622 1307 1738 1344 eum
1771 1279 1946 1356 Isaac,
1971 1308 2090 1360 pro-

527 1377 689 1447 fectus
711 1378 840 1431 venit
862 1377 916 1430 in
946 1376 1591 1447 Mesopotantiaanyriw,
1612 1380 1680 1432 ad
1718 1378 1896 1434 Laban
1919 1380 2086 1449 ﬁlium

487 1467 746 1523 ..Batltuel
767 1467 907 1538 Syri,
929 1468 1143 1537 fratrem
1171 1468 1405 1523 Rebeccm
1419 1472 1601 1525 matris
1623 1485 1753 1537 sum,
1777 1479 1833 1525 et
1859 1471 2082 1550 reliqua.

520 1557 684 1613 Iacob
712 1564 887 1612 autem
915 1558 1062 1613 dolos
1099 1557 1306 1629 fugiens
1325 1553 1544 1627 'lratris,
1600 1560 1784 1616 relicta
1814 1562 1970 1616 domo
1996 1578 2087 1631 pa-

522 1649 622 1701 tria
655 1647 735 1717 vel
763 1648 1090 1716 parentibus,
1136 1651 1281 1709 vadit
1320 1650 1373 1704 in
1408 1652 1676 1721 regionem
1722 1652 2081 1723 longinquam,

2195 576 2257 630 ad
2286 579 2549 646 spiritum,
2585 581 2707 649 quia
2746 582 2798 635 in
2829 580 2915 635 illo
2939 581 3202 647 carnales,
3239 583 3586 651 proﬁci-udo,
3613 587 3755 640 velut

2159 697 2164 701 -
2191 665 2523 736 ascendendo
2550 668 2848 736 spirituales
2870 668 3020 734 (lunt,
3045 672 3109 724 ad
3132 684 3266 740 quos
3287 670 3426 726 lacte
3445 675 3758 730 nutriendos

2190 753 2351 805 etiam
2383 754 2483 824 ipsi
2515 756 2818 824 splrituales
2846 757 3174 812 descendunt
3192 759 3602 828 quodammodo,
3636 779 3758 818 eum

2189 841 2268 896 eis
2305 858 2406 897 non
2451 854 2671 913 possunt
2696 846 2837 915 loqui
2864 847 3015 914 quasi
3047 848 3430 916 spiritualibus,
3463 850 3556 903 sed
3601 854 3755 920 quasi

2189 931 2512 985 carnalibus.
2541 924 2666 1001 Ipse.
2685 942 2768 988 cst
2791 949 3001 989 sursum
3036 937 3086 990 in
3118 939 3290 1006 capite
3320 956 3436 1002 suo,
3465 941 3576 1009 ipse
3603 942 3757 995 deor-

2189 1034 2306 1072 sum
2339 1021 2390 1074 in
2423 1037 2646 1091 corpore
2671 1039 2789 1087 suo,
2816 1024 2868 1077 id
2898 1033 2979 1082 est
3005 1020 3256 1079 Ecclesia.
3287 1028 3461 1096 Ipsum
3484 1039 3614 1099 ergo
3642 1045 3757 1084 sca-

2188 1104 2295 1163 lam
2327 1111 2689 1190 intelligimus,
2721 1115 2844 1183 quia
2891 1115 3003 1183 ipse
3050 1115 3219 1169 dixit:
3255 1117 3365 1187 Ego
3392 1135 3505 1172 sum
3541 1123 3644 1175 ria.
3677 1122 3760 1176 Ad

2187 1197 2358 1267 ipsum
2387 1215 2514 1269 ergo
2551 1203 2876 1268 ascenditur,
2914 1213 2973 1257 ut
3017 1205 3344 1262 in,excelsis
3388 1208 3756 1276 intelligatur;

2185 1295 2238 1341 et
2259 1288 2324 1341 ad
2355 1290 2525 1358 ipsum
2572 1291 2922 1357 descenditur,
2967 1301 3026 1348 ut
3064 1293 3325 1351 imbribus
3358 1297 3468 1352 snis
3504 1301 3760 1367 parvulus

2186 1377 2468 1430 nutriatur.
2519 1379 2583 1434 Et
2628 1395 2725 1449 per
2771 1381 2917 1434 illum
2959 1383 3130 1437 solum
3181 1397 3238 1439 se
3265 1385 3500 1453 erigunt,
3537 1397 3592 1440 ut
3631 1403 3756 1442 eum

2186 1465 2484 1530 sublimiter
2502 1463 2829 1539 exspectent.
2860 1470 2962 1525 Per
2985 1465 3155 1540 ipsum
3180 1488 3238 1528 se
3261 1475 3422 1529 etiam
3445 1476 3754 1541 humilium,

2185 1564 2243 1609 ut
2266 1571 2386 1610 eum
2419 1551 2720 1613 sublimiter
2750 1574 2815 1615 ac
2840 1570 3214 1631 temperanter
3249 1566 3584 1619 armuntient.
3625 1566 3757 1622 Tro-

2186 1646 2422 1717 polog’iee
2451 1662 2576 1701 vero
2604 1648 2656 1701 in
2687 1648 2877 1704 itinere
2916 1649 3170 1715 dormire,
3200 1659 3282 1706 est
3309 1651 3361 1705 in
3390 1653 3491 1706 hoc
3513 1667 3757 1723 putescu-

518 1747 579 1792 ut
609 1739 873 1806 acciperet
902 1738 1003 1793 sibi
1027 1755 1267 1795 uxorem.
1299 1741 1477 1813 (Isid.)
1515 1741 1630 1798 Non
1661 1743 1815 1799 aliter
1839 1734 2082 1802 Christus
2113 1729 2154 1787 Β
2186 1737 2250 1792 lis
2274 1739 2396 1793 νὶιίῠ
2425 1739 2742 1793 lmhs'llol‘ia‘!
2771 1755 2948 1809 rerum
2984 1741 3353 1812 temporalium
3389 1758 3575 1799 amore
3599 1745 3755 1814 Quie-

516 1827 714 1882 relictis
737 1829 1047 1898 parentibus
1075 1832 1366 1885 Secundum
1394 1847 1626 1898 carnem,
1673 1833 1727 1888 id
1763 1844 1864 1900 est,
1891 1838 2084 1911 populo

517 1917 700 1982 Israel,
727 1926 781 1971 et
807 1918 1002 1986 patria,
1033 1919 1083 1973 id
1111 1929 1212 1984 est,
1237 1919 1588 1993 Jerosolyma,
1619 1931 1674 1977 et
1697 1924 1842 1977 omni
1867 1927 2083 1995 regione

423 2015 427 2020 ‘
478 2007 728 2085 .Judaxe,
757 2008 978 2064 abiittin
1022 2010 1268 2080 gentibus
1318 2012 1586 2082 accipiens
1625 2013 1727 2068 sibi
1755 2014 1877 2070 inde
1903 2015 2083 2070 Eccle-

515 2099 672 2164 siam,
703 2108 762 2154 ut
795 2101 1105 2172 impleretur
1141 2104 1282 2172 quod
1313 2103 1516 2159 dictum
1560 2090 1680 2160 est:
1729 2105 1933 2161 Vocabo
1978 2124 2083 2162 non

517 2188 711 2256 plebem
729 2205 890 2265 meam
913 2190 1106 2260 plebem
1130 2209 1316 2258 meam,
1341 2202 1388 2247 et
1415 2210 1518 2248 non
1539 2194 1777 2249 dilectam
1807 2195 2044 2256 dilectam
2062 2214 2081 2262 ;
2096 2217 2110 2232 -

433 2337 437 2341 ,
519 2287 566 2330 et
591 2278 686 2331 erit
715 2279 768 2332 in
794 2278 906 2332 loco
945 2280 1254 2358 ubidictum
1279 2291 1377 2347 est,
1414 2281 1534 2338 Non
1575 2281 1715 2354 plebs
1743 2301 1857 2339 mea
1883 2278 1989 2353 tios,
2012 2285 2083 2340 ibi

514 2367 831 2422 vocabuntur
854 2368 953 2437 ﬁlii
975 2368 1072 2424 Dei
1094 2371 1189 2424 vivi
1226 2370 1397 2442 (Rom.
1429 2372 1524 2442 Ix).

1101 2481 1326 2538 CAPUT
1367 2482 1503 2542 XIV.

512 2571 592 2625 De
624 2572 816 2626 uisione
836 2570 1020 2637 Iacob,
1051 2572 1173 2626 dum
1200 2573 1300 2655 iret.
1332 2574 1387 2627 in
1417 2566 1868 2644 Mesopotamiam,
1894 2585 1942 2631 et
1964 2585 2078 2632 voto

1203 2659 1386 2696 ιυειιιδ.

579 2729 742 2800 Igitur
765 2744 1010 2800 egressus
1051 2659 1638 2798 Jacollpileullersabee,
1685 2698 1940 2804 pergebat
1967 2734 2075 2789 Ha-

512 2835 629 2873 ran.
660 2819 887 2890 Cumque
915 2821 1126 2874 venisset
1156 2822 1225 2890 ad
1246 2822 1520 2892 quemdam
1541 2823 1733 2889 locum,
1757 2834 1804 2878 et
1839 2825 1985 2880 uellet
2022 2828 2076 2881 in

507 2924 567 2962 eo
596 2910 906 2978 requiescere
929 2919 1048 2978 post,
1077 2911 1201 2964 solis
1231 2911 1543 2985 accubitum,
1585 2911 1704 2965 tulit
1728 2911 1793 2966 de
1819 2911 2076 2983 lapidibus

506 2998 596 3070 qui
622 2999 887 3068 jacebant,
923 3008 970 3054 et
995 2991 1286 3070 supponens
1313 3001 1476 3069 capiti.
1499 3016 1612 3067 suo,
1643 3001 1883 3056 dor'ntivit
1915 3004 1970 3056 in
1991 3021 2076 3058 eo-

2185 1844 2350 1884 sccre.
2400 1827 2600 1901 (Greg.)
2645 1829 2701 1883 In
2747 1830 2938 1886 itinere
2982 1832 3233 1897 dormire,
3260 1818 3417 1887 est-in
3441 1833 3650 1888 dierum
3680 1833 3758 1888 la-

2183 1921 2421 1976 bentium
2446 1936 2604 1977 cursu
2640 1921 2708 1977 ab
2750 1922 2983 1991 appetitu
3011 1918 3300 1976 visibilium
3346 1924 3544 1978 mentis
3569 1923 3785 1979 oculos-

2184 2009 2452 2079 claudere,
2481 2013 2617 2085 quos
2663 2007 2854 2085 primis
2894 2003 3198 2070 hominibus
3244 2015 3495 2070 seductor
3521 2017 3752 2086 aperuit,

2184 2105 2272 2175 qui
2301 2104 2378 2160 ait
2402 2095 2420 2158 τ’
2447 2104 2558 2160 Scit
2579 2105 2715 2158 enim
2738 2104 2876 2159 Deus
2898 2105 3034 2176 quod
3065 2104 3446 2174 in‘quocunque
3489 2104 3576 2158 die
3613 2121 3755 2158 com-

2183 2193 2390 2248 edet-itis
2417 2209 2480 2247 ea:
2512 2209 2592 2258 eo,
2627 2192 3094 2262 aperienturoculi-
3118 2192 3290 2246 vestri.
3322 2191 3474 2247 Unde
3511 2199 3566 2245 et
3595 2191 3757 2266 paulo

2182 2295 2303 2354 post
2328 2285 2606 2341 subditur:
2635 2282 2776 2338 Tulit
2805 2286 2869 2338 de
2910 2275 3084 2353 fructu
3112 2268 3271 2349 ίιιίέιε,
3303 2292 3350 2336 et
3380 2285 3638 2346 comedit,
3666 2285 3753 2337 de-

2134 2413 2157 2421 -
2182 2376 2356 2445 ditque
2383 2375 2492 2428 viro
2516 2390 2633 2440 suo,
2660 2373 2749 2444 qui
2769 2373 2987 2427 comedit
3013 2389 3030 2436 ;
3053 2382 3101 2426 et
3121 2373 3287 2441 aperti
3310 2381 3426 2425 sunt
3472 2371 3612 2425 oculi
3637 2390 3750 2425 am-

2166 2465 2380 2550 ‘borum.
2412 2461 2575 2534 culpa
2598 2464 2792 2534 quippe
2820 2462 3004 2518 oculos
3041 2461 3490 2531 concupiscentiae
3519 2464 3750 2530 aperuit,

2151 2589 2156 2593 ς
2181 2567 2316 2622 quos
2344 2553 2644 2610 innocentia
2667 2553 2874 2608 clausos
2901 2551 3132 2607 tenebat.
3163 2551 3395 2622 Angelos
3417 2567 3546 2606 vero
3573 2567 3755 2607 ascen-

2179 2643 2365 2697 dentes
2393 2652 2446 2697 et
2489 2641 2873 2697 descendentes
2917 2654 3153 2701 cernere,
3201 2649 3286 2695 est
3333 2641 3481 2695 cives
3509 2645 3755 2710 superna!

2179 2731 2367 2801 patriae
2391 2728 2778 2798 contemplari;
2830 2729 2912 2783 vel
2942 2738 3142 2796 quanto
3185 2742 3368 2783 amore
3402 2744 3501 2784 suo
3543 2729 3751 2786 auctori

2179 2836 2339 2890 super
2362 2820 2676 2888 semetipsos
2707 2818 3022 2884 inhaereant,
3045 2818 3128 2873 vel
3157 2826 3355 2887 quanta
3383 2819 3753 2888 compassione

2180 2911 2456 2964 cbaritatis
2489 2910 2686 2964 nostris
2734 2894 3133 2964 infirmitatibus
3179 2909 3632 2964 condescendant.
3688 2910 3754 2964 Et

2181 3001 2471 3055 notandum
2499 3000 2650 3054 valde
2673 3008 2755 3054 est
2795 2999 2937 3072 quod
2967 2999 3055 3052 ille
3083 2999 3356 3056 dormiens
3383 3000 3606 3068 angelos
3625 3015 3755 3056 cou-

509 3092 624 3145 dcm
650 3090 782 3145 loco.
817 3091 1056 3162 Viditque
1080 3092 1134 3146 in
1179 3092 1372 3147 somnis
1414 3081 1610 3146 scalam
1656 3102 1877 3147 stantem
1923 3111 2077 3165 super
2104 3080 2146 3141 C
2179 3089 2352 3158 spicit,
2398 3090 2487 3160 qui
2536 3090 2587 3143 in
2623 3088 2853 3159 lapidem
2888 3094 3047 3157 caput
3093 3088 3265 3157 ponit,
3319 3089 3444 3157 quia
3496 3088 3751 3141 nimirum

509 3191 723 3243 terram,
753 3191 800 3236 et
826 3198 1071 3236 cacumen
1097 3181 1237 3236 illius
1263 3192 1478 3252 tangens
1504 3181 1707 3248 caelum;
1729 3178 1937 3253 angelos
1951 3201 2078 3255 quo-

507 3287 605 3340 que
627 3269 721 3324 Dei
743 3270 1070 3326 ascendentes
1095 3279 1141 3324 et
1179 3269 1537 3337 descendentes
1561 3288 1651 3341 per
1671 3288 1805 3338 eam,
1828 3282 1877 3326 et
1902 3272 2078 3327 Domi-

509 3377 632 3438 num
686 3360 920 3413 innixum
962 3359 1118 3413 scalte
1144 3360 1395 3413 dicentem
1439 3359 1537 3413 sibi
1573 3375 1592 3413 :
1642 3359 1755 3431 Ego
1782 3377 1897 3414 sum
1939 3361 2077 3416 Deus

508 3450 770 3503 Abraham
792 3450 954 3519 patris
980 3451 1076 3515 tui,
1093 3458 1139 3503 et
1166 3449 1306 3504 Deus
1329 3448 1515 3504 Isaac:
1536 3459 1746 3516 terram,
1761 3452 1814 3504 in
1829 3468 1932 3522 qua
1953 3451 2076 3504 dor-

508 3540 628 3604 mis,
673 3539 766 3592 tibi
806 3538 939 3592 dabo
969 3549 1020 3593 et
1063 3538 1247 3592 semini
1275 3549 1401 3611 tuo,
1436 3547 1540 3594 etc.
1587 3537 1767 3610 (Isid,.)
1818 3540 2078 3610 Pergente

509 3637 688 3683 autem
719 3627 883 3684 Jaeob
924 3630 977 3683 in
1011 3628 1469 3699 Mesopotamiam,
1508 3628 1739 3699 venitin
1787 3631 1960 3685 locum
1986 3631 2078 3699 qui

509 3735 651 3781 nunc
681 3720 863 3775 Betth
894 3731 1135 3788 vocatur,
1171 3730 1225 3776 et
1248 3722 1425 3792 posuit
1474 3721 1573 3776 sub
1611 3723 1785 3791 capite
1821 3737 1918 3777 suo
1942 3721 2075 3795 lapif
2109 3795 2115 3801 δ

507 3811 629 3881 dem
677 3827 947 3881 magnum,
981 3821 1038 3867 et
1069 3813 1508 3868 dormiensvidit
1552 3811 1748 3866 scalam
1797 3812 2077 3866 subnixam

511 3906 825 3972 innitentent
856 3906 1012 3972 culo,
1051 3915 1103 3962 et
1141 3907 1359 3975 angelos
1402 3907 1495 3960 Dei
1526 3896 1872 3961 aScendcntes
1897 3915 1950 3960 et
1977 3894 2075 3960 ide-

515 3997 846 4050 scendentes.
895 3995 1007 4051 Hoc
1049 3997 1164 4051 viso
1213 3995 1503 4066 evigilavit,
1535 3996 1793 4065 unxitque
1847 3994 2077 4065 lapidem

511 4085 742 4141 dicens:
784 4086 918 4141 Vere
947 4086 1034 4141 hic
1069 4086 1259 4141 domus
1288 4086 1381 4140 Dei
1427 4095 1510 4140 est
1536 4094 1591 4140 et
1633 4095 1788 4155 porta
1815 4086 1976 4144 cceli;
2026 4092 2081 4138 et

512 4177 596 4230 his
646 4175 819 4239 dictis,
848 4176 1109 4230 discessit.
1159 4173 1391 4230 Somnus
1428 4175 1530 4228 iste
1578 4173 1745 4229 Iacob
1791 4190 1934 4230 mors
1967 4174 2080 4228 sive

509 4267 690 4336 passio
718 4273 800 4330 est
822 4265 1036 4319 Christi.
1064 4265 1223 4335 Lapis
1263 4266 1328 4319 ad
1353 4273 1514 4333 caput
1555 4264 1689 4333 ejus,
1720 4266 1808 4335 qui
1840 4265 2080 4320 nomina-

513 4358 606 4410 tim
641 4356 1032 4427 quodammodo
1070 4356 1241 4409 dictus
1287 4363 1392 4420 est,
1423 4355 1585 4410 etiam
1616 4363 1809 4410 unctus
1835 4354 2079 4410 Christus

513 4447 858 4515 significatur.
888 4443 1058 4512 Caput
1083 4444 1224 4498 enim
1248 4444 1348 4497 viri
1377 4443 1623 4498 Christus
1650 4451 1752 4496 est.
1789 4439 1918 4509 Quis
1939 4443 2078 4496 enim

515 4535 685 4590 nescit
712 4534 985 4590 Christum
1029 4534 1096 4586 ab
1127 4534 1377 4588 unctione
1420 4520 1721 4603 appellari?
1765 4533 1962 4587 Domus
1987 4547 2082 4585 au-

518 4635 624 4679 tem
653 4626 767 4691 Dei,
810 4619 932 4694 qui'a
977 4618 1048 4677 ibi
1081 4633 1239 4677 natus
1263 4631 1346 4677 est
1368 4622 1617 4677 Christus
1654 4623 1707 4676 in
1753 4621 2078 4676 Belhlehem.

519 4717 678 4771 Porta
712 4732 840 4772 vero
869 4715 1014 4780 cmli,
1047 4716 1173 4785 quia
1220 4715 1291 4768 ibi
1327 4714 1378 4767 in
1434 4722 1642 4786 terram,
1681 4714 1978 4778 descendit,
2008 4707 2082 4768 ibi

519 4808 713 4861 iterum
741 4805 806 4858 ad
835 4805 1026 4859 malum
1052 4805 1382 4860 conScendit.
1428 4803 1640 4857 Erectio
1677 4813 1854 4857 autem
1897 4803 2085 4872 lapidis

518 4895 843 4952 resurrectio
864 4896 1060 4950 Christi
1082 4905 1182 4950 est.
1214 4897 1382 4951 Purro
1411 4893 1553 4949 scala
1595 4892 1839 4948 Christus
1867 4902 1970 4958 est,
1991 4894 2081 4962 qui

437 4999 440 5009 ‘
519 4989 691 5043 dixit:
721 4987 832 5056 Ego
856 5003 968 5039 sum
995 4987 1077 5040 eia
1123 4987 1304 5057 (Joan.
1343 4986 1474 5058 xiv).
1527 4985 1631 5041 Per
1663 4986 1801 5040 hanc
1826 4984 2082 5051 ascende-

522 5080 651 5133 bant
678 5077 873 5148 angeli,
917 5084 972 5130 et
1009 5076 1421 5140 descendebant,
1442 5075 1506 5130 in
1558 5075 1753 5144 quibus
1799 5073 2083 5150 significati

521 5177 644 5223 sunt
673 5165 1011 5236 evangelistze
1065 5164 1438 5232 prtedicatores
1482 5158 1704 5230 Christi,
1737 5164 2087 5218 ascendentes

522 5260 727 5328 utique,
757 5272 877 5312 cum
925 5255 991 5308 ad
1035 5252 1423 5322 intelligendam
1457 5254 1571 5324 ejus
1615 5253 2086 5322 supereminentis-

525 5349 714 5403 simam
741 5348 1071 5403 divinitatem
1115 5343 1377 5398 excedunt
1408 5345 1714 5398 universam
1759 5352 2083 5404 creaturam,

525 5449 584 5493 ut
608 5454 730 5492 cum
773 5437 1043 5491 inveniant
1086 5434 1150 5487 In
1196 5432 1446 5501 principio
1485 5430 1704 5484 Verbum
1737 5432 1877 5500 apud
1899 5432 2085 5493 Deum,

523 5544 617 5597 per
644 5545 798 5598 quem
847 5527 983 5581 facta
1019 5533 1142 5581 sunt
1186 5523 1362 5577 omnia
1397 5509 1666 5594 (Joan.t);
1709 5523 2089 5577 descendentes

527 5627 728 5683 autem,
751 5628 805 5672 ut
825 5633 945 5672 cum
977 5617 1247 5671 inveniant
1289 5617 1485 5684 factum
1526 5628 1588 5666 ea:
1626 5614 1859 5680 muliere,
1891 5614 2084 5681 factum

2106 4411 2156 4470 D

2181 3185 2302 3255 ipsi,
2336 3185 2426 3254 qui
2456 3183 2523 3237 ab
2564 3183 2923 3237 cxtérioribus
2965 3183 3218 3251 operibus
3251 3189 3484 3242 cessant,
3525 3177 3752 3234 interna

2178 3283 2476 3344 penetrant,
2524 3273 2614 3342 (ιιιί
2662 3273 2868 3327 intenta
2914 3280 3116 3336 mente,
3166 3286 3285 3340 qua:
3331 3269 3624 3340 principale
3669 3279 3755 3324 est

2179 3367 2430 3431 hominis,
2481 3365 2832 3419 imitationem
2884 3363 2966 3417 sui
3019 3361 3389 3431 Redemptoris
3437 3361 3749 3414 observant.

2165 3458 2350 3528 Caput
2371 3446 2566 3526 quippe
2616 3456 2667 3508 in
2717 3454 2891 3524 lapide
2944 3464 3166 3522 ponere,
3194 3459 3500 3505 estsmente
3533 3449 3754 3529 Christo

2179 3551 2456 3605 inhaerere.
2485 3548 2585 3614 Qui
2609 3548 2752 3600 enim
2791 3561 2820 3599 a
2841 3544 3119 3614 praesentis
3147 3543 3270 3597 vita:
3306 3532 3516 3596 actiune
3555 3541 3752 3594 remoti

2179 3649 2320 3702 sunt,
2352 3639 2444 3693 Sed
2469 3639 2534 3692 ad
2555 3651 2785 3705 superna
2810 3634 2953 3687 nullo
2981 3648 3164 3687 amore
3192 3633 3491 3701 rapiuntur,
3515 3630 3754 3684 dormire

2178 3737 2423 3798 possunt,
2450 3727 2543 3780 sed
2568 3727 2750 3780 videre
2777 3719 3004 3793 angelos
3023 3729 3312 3790 nequeunt,
3339 3720 3467 3790 quia
3497 3727 3660 3788 caput
3700 3719 3753 3771 in

2180 3821 2350 3891 lapide
2399 3829 2582 3874 tenere
2624 3823 2990 3873 contemnunt.
3050 3813 3190 3867 Sunt
3231 3825 3464 3880 namque
3508 3808 3756 3862 nonnulli

2179 3914 2266 3982 qui
2304 3911 2484 3965 mundi
2514 3908 2727 3979 quidem
2754 3905 2994 3961 actiones
3020 3903 3248 3974 fugiunt,
3275 3902 3366 3956 sed
3401 3900 3558 3954 nullis
3584 3900 3758 3952 virtu-

2183 4004 2321 4056 tibus
2345 4006 2683 4053 exercentur.
2733 3995 2796 4049 lli
2827 3995 3079 4048 nimirum
3130 4001 3360 4060 torpore,
3400 4005 3505 4043 non
3550 3987 3753 4050 studio,

2181 4092 2450 4147 dormiunt
2476 4107 2490 4153 ;
2544 4097 2596 4142 et
2626 4088 2824 4142 idcirco
2853 4087 3061 4138 interna
3102 4098 3207 4137 non
3236 4081 3595 4152 conspiciunt,
3626 4079 3754 4146 quia

2179 4191 2340 4252 caput
2369 4197 2473 4234 non
2501 4180 2552 4233 in
2585 4169 2779 4249 lapide,
2817 4177 2910 4231 sed
2940 4176 2991 4229 in
3024 4182 3164 4228 terra
3206 4181 3519 4244 posuerunt.
3548 4171 3758 4237 Quibus

2178 4273 2498 4342 plerumque
2517 4269 2794 4338 contingit,
2824 4276 2883 4320 ut
2917 4274 3116 4335 quanto
3142 4264 3380 4318 securius
3407 4264 3475 4316 ab
3514 4263 3758 4316 externis

2182 4361 2479 4415 actionibus
2506 4368 2738 4420 cessant,
2774 4365 2921 4409 tanto
2958 4355 3118 4408 latius
3163 4353 3448 4408 immundae
3476 4353 3528 4405 in
3566 4366 3623 4406 se
3657 4367 3754 4406 eo-

2181 4450 2453 4522 gitationis
2507 4448 2783 4517 strepitum
2834 4445 3148 4515 populorum
3203 4451 3548 4511 congregant.
3604 4440 3756 4495 Unde

2181 4541 2278 4594 sub
2300 4539 2493 4594 Jndzete
2529 4536 2707 4606 specie
2733 4549 2827 4603 per
2855 4535 3170 4603 prophetam
3213 4541 3457 4600 torpente
3497 4531 3608 4583 otio
3633 4529 3755 4581 ani-

2183 4645 2267 4684 ma
2308 4627 2549 4689 deﬂetur,
2598 4641 2720 4679 cum
2749 4625 2979 4677 dicitur:
3040 4621 3285 4675 Viderunt
3325 4637 3438 4672 eam
3488 4620 3678 4681 hostes,
3707 4627 3756 4672 ct

2184 4722 2473 4775 deriserunt
2521 4717 2735 4771 sabbata
2786 4715 2898 4784 ejus
2939 4713 3153 4784 (Thren.
3199 4712 3256 4781 t).
3311 4711 3585 4779 Praecepto
3612 4709 3754 4762 enim

2184 4811 2318 4881 legis
2342 4810 2407 4885 ab
2429 4806 2693 4864 exteriore
2729 4819 2890 4873 opere
2926 4804 2978 4856 in
3015 4801 3246 4857 Sabbato
3269 4810 3530 4855 cessatur.
3565 4798 3757 4853 Hostes

2183 4916 2309 4972 ergo
2346 4901 2565 4955 sabbata
2593 4896 2834 4949 videntes
2864 4893 3108 4956 irrident,
3133 4907 3255 4947 cum
3283 4889 3501 4958 maligni
3536 4888 3758 4955 spiritus

2186 4991 2298 5057 ipsa
2327 4986 2623 5042 vocationis
2649 4985 2756 5038 otia
2788 4983 2854 5036 ad
2893 4981 3244 5051 cogitationes
3291 4978 3506 5032 illicitas
3544 4985 3755 5043 pertra-

2178 5081 2339 5141 hunt,
2372 5085 2431 5130 ut
2457 5088 2785 5143 unaquteque
2816 5073 2993 5124 anima
3023 5085 3127 5137 quo
3163 5076 3367 5121 remota
3402 5066 3469 5120 ab
3512 5065 3754 5121 externis

2186 5166 2486 5221 actionibus
2536 5164 2644 5216 Deo
2690 5161 2894 5214 servire
2929 5158 3188 5220 creditur,
3243 5171 3306 5210 eo
3355 5155 3525 5222 magis
3564 5169 3755 5208 eorum

2189 5255 2454 5326 tyrannidi
2483 5251 2662 5305 illicita
2693 5248 2975 5318 cogitando
3021 5243 3323 5298 famuletnr.
3356 5242 3535 5297 Sancti
3573 5250 3753 5296 autem

2188 5349 2285 5400 viri
2317 5346 2438 5414 quia
2485 5342 2664 5396 mundi
2713 5339 2967 5408 operibus
3012 5352 3117 5390 non
3150 5345 3383 5404 torpore,
3428 5333 3521 5386 sed
3559 5333 3756 5385 virtute

2188 5439 2482 5506 sopiuntur,
2530 5432 2846 5486 laboriosius
2894 5429 3178 5490 dormiunt,
3209 5441 3367 5495 quam
3410 5423 3632 5494 vigilare
3662 5433 3756 5488 p0-

2190 5532 2421 5579 tucrunt.
2451 5523 2585 5589 Quia
2626 5522 2676 5574 in
2704 5535 2786 5583 eo,
2820 5519 2959 5587 quod
2992 5517 3228 5570 actiones
3270 5517 3428 5583 hujus
3455 5510 3634 5564 saeculi
3665 5509 3755 5561 de-

2189 5624 2431 5670 serentes
2462 5618 2735 5679 superant,
2771 5609 2984 5663 robusto
3023 5604 3267 5659 conﬂictu
3298 5602 3538 5670 quotidie
3568 5609 3750 5653 contra
