  <div class='ocr_page' id='page_1' title='image "/cluster/home/n/w/nwhite01/storage/ocr_20150623/107/uva.x000827064/302.png"; bbox 0 0 3948 6322; ppageno 0'>
   <div class='ocr_carea' id='block_1_1' title="bbox 262 400 366 456">
    <p class='ocr_par' dir='ltr' id='par_1_1' title="bbox 262 400 366 456">
     <span class='ocr_line' id='line_1_1' title="bbox 262 400 366 456; baseline 0.01 -1"><span class='ocrx_word' id='word_1_1' title='bbox 262 400 366 456; x_wconf 63' lang='grc'><strong>595</strong></span> 
     </span>
    </p>
   </div>
   <div class='ocr_carea' id='block_1_2' title="bbox 1270 365 2459 463">
    <p class='ocr_par' dir='ltr' id='par_1_2' title="bbox 1270 365 2459 463">
     <span class='ocr_line' id='line_1_2' title="bbox 1270 365 2459 463; baseline 0 -11"><span class='ocrx_word' id='word_1_2' title='bbox 1270 397 1612 452; x_wconf 81' lang='lat' dir='ltr'><strong>COMMENT.</strong></span> <span class='ocrx_word' id='word_1_3' title='bbox 1651 382 1718 450; x_wconf 79' lang='lat' dir='ltr'><strong>1N</strong></span> <span class='ocrx_word' id='word_1_4' title='bbox 1757 365 2069 463; x_wconf 74' lang='lat' dir='ltr'><strong>GENESIM.</strong></span> <span class='ocrx_word' id='word_1_5' title='bbox 2108 428 2175 438; x_wconf 84' lang='lat'><strong>—</strong></span> <span class='ocrx_word' id='word_1_6' title='bbox 2212 398 2335 452; x_wconf 86' lang='lat' dir='ltr'><strong>LIB.</strong></span> <span class='ocrx_word' id='word_1_7' title='bbox 2380 399 2459 453; x_wconf 88' lang='grc' dir='ltr'>ιιι.</span> 
     </span>
    </p>
   </div>
   <div class='ocr_carea' id='block_1_3' title="bbox 3334 400 3427 454">
    <p class='ocr_par' dir='ltr' id='par_1_3' title="bbox 3334 400 3427 454">
     <span class='ocr_line' id='line_1_3' title="bbox 3334 400 3427 454; baseline -0.022 0"><span class='ocrx_word' id='word_1_8' title='bbox 3334 400 3427 454; x_wconf 65' lang='grc' dir='ltr'><strong>ΜΗ</strong></span> 
     </span>
    </p>
   </div>
   <div class='ocr_carea' id='block_1_4' title="bbox 260 502 3409 582">
    <p class='ocr_par' dir='ltr' id='par_1_4' title="bbox 260 502 3409 582">
     <span class='ocr_line' id='line_1_4' title="bbox 260 502 3409 582; baseline -0.002 -15"><span class='ocrx_word' id='word_1_9' title='bbox 260 512 575 582; x_wconf 84' lang='lat' dir='ltr'><strong>semctipsos</strong></span> <span class='ocrx_word' id='word_1_10' title='bbox 601 519 848 581; x_wconf 85' lang='lat' dir='ltr'><strong>pugnant,</strong></span> <span class='ocrx_word' id='word_1_11' title='bbox 893 502 1133 566; x_wconf 37' lang='lat' dir='ltr'><strong>ne&#39;mcns</strong></span> <span class='ocrx_word' id='word_1_12' title='bbox 1159 524 1253 580; x_wconf 82' lang='lat' dir='ltr'><strong>per</strong></span> <span class='ocrx_word' id='word_1_13' title='bbox 1295 509 1660 580; x_wconf 76' lang='lat' dir='ltr'><strong>negligentiam</strong></span> <span class='ocrx_word' id='word_1_14' title='bbox 1690 515 1800 562; x_wconf 82' lang='lat' dir='ltr'><strong>tor-</strong></span> <span class='ocrx_word' id='word_1_15' title='bbox 1828 507 1879 566; x_wconf 75' lang='grc' dir='ltr'><strong>Α</strong></span> <span class='ocrx_word' id='word_1_16' title='bbox 1905 513 2032 568; x_wconf 90' lang='lat' dir='ltr'><strong>tum,</strong></span> <span class='ocrx_word' id='word_1_17' title='bbox 2061 519 2178 573; x_wconf 71' lang='lat' dir='ltr'><strong>quas</strong></span> <span class='ocrx_word' id='word_1_18' title='bbox 2201 506 2426 574; x_wconf 91' lang='lat' dir='ltr'><strong>pertinet</strong></span> <span class='ocrx_word' id='word_1_19' title='bbox 2453 506 2519 560; x_wconf 90' lang='lat' dir='ltr'><strong>ad</strong></span> <span class='ocrx_word' id='word_1_20' title='bbox 2552 506 2874 561; x_wconf 85' lang='lat' dir='ltr'><strong>unctionem.</strong></span> <span class='ocrx_word' id='word_1_21' title='bbox 2929 508 3076 581; x_wconf 82' lang='lat' dir='ltr'><strong>Unde</strong></span> <span class='ocrx_word' id='word_1_22' title='bbox 3111 507 3306 578; x_wconf 86' lang='lat' dir='ltr'><strong>Christi</strong></span> <span class='ocrx_word' id='word_1_23' title='bbox 3341 523 3409 562; x_wconf 89' lang='lat' dir='ltr'><strong>no</strong></span> 
     </span>
    </p>
   </div>
   <div class='ocr_carea' id='block_1_5' title="bbox 258 593 1852 669">
    <p class='ocr_par' dir='ltr' id='par_1_5' title="bbox 258 593 1852 669">
     <span class='ocr_line' id='line_1_5' title="bbox 258 593 1852 669; baseline -0.005 -15"><span class='ocrx_word' id='word_1_24' title='bbox 258 609 402 669; x_wconf 89' lang='lat' dir='ltr'><strong>peat,</strong></span> <span class='ocrx_word' id='word_1_25' title='bbox 432 615 498 653; x_wconf 90' lang='lat' dir='ltr'><strong>ne</strong></span> <span class='ocrx_word' id='word_1_26' title='bbox 528 600 744 652; x_wconf 77' lang='lat' dir='ltr'><strong>subacta</strong></span> <span class='ocrx_word' id='word_1_27' title='bbox 768 598 900 659; x_wconf 86' lang='lat' dir='ltr'><strong>otio,</strong></span> <span class='ocrx_word' id='word_1_28' title='bbox 939 612 1002 652; x_wconf 90' lang='lat' dir='ltr'><strong>ac</strong></span> <span class='ocrx_word' id='word_1_29' title='bbox 1026 597 1286 652; x_wconf 87' lang='lat' dir='ltr'><strong>desiderio</strong></span> <span class='ocrx_word' id='word_1_30' title='bbox 1327 596 1614 658; x_wconf 90' lang='lat' dir='ltr'><strong>immunda,</strong></span> <span class='ocrx_word' id='word_1_31' title='bbox 1643 593 1802 664; x_wconf 91' lang='lat' dir='ltr'><strong>frige-</strong></span> <span class='ocrx_word' id='word_1_32' title='bbox 1846 618 1852 623; x_wconf 42' lang='grc'><strong>“</strong></span> 
     </span>
    </p>
   </div>
   <div class='ocr_carea' id='block_1_6' title="bbox 259 682 1801 754">
    <p class='ocr_par' dir='ltr' id='par_1_6' title="bbox 259 682 1801 754">
     <span class='ocr_line' id='line_1_6' title="bbox 259 682 1801 754; baseline -0.007 -10"><span class='ocrx_word' id='word_1_33' title='bbox 259 696 397 751; x_wconf 83' lang='lat' dir='ltr'><strong>seat,</strong></span> <span class='ocrx_word' id='word_1_34' title='bbox 428 702 496 740; x_wconf 89' lang='lat' dir='ltr'><strong>ne</strong></span> <span class='ocrx_word' id='word_1_35' title='bbox 523 686 685 754; x_wconf 86' lang='lat' dir='ltr'><strong>ipsius</strong></span> <span class='ocrx_word' id='word_1_36' title='bbox 708 685 858 739; x_wconf 89' lang='lat' dir='ltr'><strong>bonis</strong></span> <span class='ocrx_word' id='word_1_37' title='bbox 879 685 1151 740; x_wconf 79' lang='lat' dir='ltr'><strong>desideriis</strong></span> <span class='ocrx_word' id='word_1_38' title='bbox 1174 685 1291 753; x_wconf 89' lang='lat' dir='ltr'><strong>plus</strong></span> <span class='ocrx_word' id='word_1_39' title='bbox 1314 686 1459 752; x_wconf 85' lang='lat' dir='ltr'><strong>justo</strong></span> <span class='ocrx_word' id='word_1_40' title='bbox 1492 682 1801 744; x_wconf 86' lang='lat' dir='ltr'><strong>inserviant,</strong></span> 
     </span>
    </p>
   </div>
   <div class='ocr_carea' id='block_1_7' title="bbox 257 769 1805 843">
    <p class='ocr_par' dir='ltr' id='par_1_7' title="bbox 257 769 1805 843">
     <span class='ocr_line' id='line_1_7' title="bbox 257 769 1805 843; baseline -0.005 -15"><span class='ocrx_word' id='word_1_41' title='bbox 257 790 329 828; x_wconf 80' lang='lat' dir='ltr'><strong>ue</strong></span> <span class='ocrx_word' id='word_1_42' title='bbox 355 774 454 828; x_wconf 85' lang='lat' dir='ltr'><strong>sub</strong></span> <span class='ocrx_word' id='word_1_43' title='bbox 475 771 808 826; x_wconf 87' lang='lat' dir='ltr'><strong>discretionis</strong></span> <span class='ocrx_word' id='word_1_44' title='bbox 834 772 1010 843; x_wconf 86' lang='lat' dir='ltr'><strong>specie</strong></span> <span class='ocrx_word' id='word_1_45' title='bbox 1037 779 1088 825; x_wconf 92' lang='lat' dir='ltr'><strong>et</strong></span> <span class='ocrx_word' id='word_1_46' title='bbox 1119 771 1382 839; x_wconf 86' lang='lat' dir='ltr'><strong>parcendo</strong></span> <span class='ocrx_word' id='word_1_47' title='bbox 1418 785 1447 824; x_wconf 89' lang='lat' dir='ltr'><strong>a</strong></span> <span class='ocrx_word' id='word_1_48' title='bbox 1481 769 1805 837; x_wconf 79' lang='lat' dir='ltr'><strong>perfectione</strong></span> 
     </span>
    </p>
   </div>
   <div class='ocr_carea' id='block_1_8' title="bbox 175 856 1804 929">
    <p class='ocr_par' dir='ltr' id='par_1_8' title="bbox 175 856 1804 929">
     <span class='ocr_line' id='line_1_8' title="bbox 175 856 1804 929; baseline -0.003 -16"><span class='ocrx_word' id='word_1_49' title='bbox 175 862 180 866; x_wconf 67' lang='grc'>’</span> <span class='ocrx_word' id='word_1_50' title='bbox 257 861 625 928; x_wconf 86' lang='lat' dir='ltr'><strong>languescant.</strong></span> <span class='ocrx_word' id='word_1_51' title='bbox 654 859 776 929; x_wconf 87' lang='lat' dir='ltr'><strong>Agit</strong></span> <span class='ocrx_word' id='word_1_52' title='bbox 805 860 915 912; x_wconf 60' lang='lat' dir='ltr'><strong>haec</strong></span> <span class='ocrx_word' id='word_1_53' title='bbox 937 898 950 921; x_wconf 92' lang='lat'><strong>,</strong></span> <span class='ocrx_word' id='word_1_54' title='bbox 980 865 1032 910; x_wconf 89' lang='lat' dir='ltr'><strong>et</strong></span> <span class='ocrx_word' id='word_1_55' title='bbox 1077 858 1143 919; x_wconf 83' lang='lat' dir='ltr'><strong>ab</strong></span> <span class='ocrx_word' id='word_1_56' title='bbox 1176 856 1332 925; x_wconf 83' lang='lat' dir='ltr'><strong>hujus</strong></span> <span class='ocrx_word' id='word_1_57' title='bbox 1362 857 1540 910; x_wconf 89' lang='lat' dir='ltr'><strong>mundi</strong></span> <span class='ocrx_word' id='word_1_58' title='bbox 1569 856 1804 925; x_wconf 87' lang='lat' dir='ltr'><strong>inquieta</strong></span> 
     </span>
    </p>
   </div>
   <div class='ocr_carea' id='block_1_9' title="bbox 258 944 1804 1016">
    <p class='ocr_par' dir='ltr' id='par_1_9' title="bbox 258 944 1804 1016">
     <span class='ocr_line' id='line_1_9' title="bbox 258 944 1804 1016; baseline -0.003 -16"><span class='ocrx_word' id='word_1_59' title='bbox 258 947 687 1016; x_wconf 81' lang='lat' dir='ltr'><strong>concupiscentia</strong></span> <span class='ocrx_word' id='word_1_60' title='bbox 715 963 772 1001; x_wconf 89' lang='lat' dir='ltr'><strong>se</strong></span> <span class='ocrx_word' id='word_1_61' title='bbox 809 946 1019 1013; x_wconf 87' lang='lat' dir='ltr'><strong>penitus</strong></span> <span class='ocrx_word' id='word_1_62' title='bbox 1044 944 1326 1005; x_wconf 86' lang='lat' dir='ltr'><strong>subtrahit,</strong></span> <span class='ocrx_word' id='word_1_63' title='bbox 1370 958 1433 997; x_wconf 92' lang='lat' dir='ltr'><strong>ac</strong></span> <span class='ocrx_word' id='word_1_64' title='bbox 1473 951 1804 997; x_wconf 89' lang='lat' dir='ltr'><strong>terrenarum</strong></span> 
     </span>
    </p>
   </div>
   <div class='ocr_carea' id='block_1_10' title="bbox 258 1030 1804 1103">
    <p class='ocr_par' dir='ltr' id='par_1_10' title="bbox 258 1030 1804 1103">
     <span class='ocr_line' id='line_1_10' title="bbox 258 1030 1804 1103; baseline -0.003 -16"><span class='ocrx_word' id='word_1_65' title='bbox 258 1035 529 1087; x_wconf 85' lang='lat' dir='ltr'><strong>actionum</strong></span> <span class='ocrx_word' id='word_1_66' title='bbox 580 1034 855 1102; x_wconf 81' lang='lat' dir='ltr'><strong>strepitum</strong></span> <span class='ocrx_word' id='word_1_67' title='bbox 883 1033 1093 1103; x_wconf 66' lang='lat' dir='ltr'><strong>«inserit,</strong></span> <span class='ocrx_word' id='word_1_68' title='bbox 1123 1039 1178 1086; x_wconf 88' lang='lat' dir='ltr'><strong>et</strong></span> <span class='ocrx_word' id='word_1_69' title='bbox 1215 1046 1311 1101; x_wconf 92' lang='lat' dir='ltr'><strong>per</strong></span> <span class='ocrx_word' id='word_1_70' title='bbox 1349 1031 1544 1100; x_wconf 85' lang='lat' dir='ltr'><strong>quietis</strong></span> <span class='ocrx_word' id='word_1_71' title='bbox 1572 1030 1804 1083; x_wconf 84' lang='lat' dir='ltr'><strong>studium</strong></span> 
     </span>
    </p>
   </div>
   <div class='ocr_carea' id='block_1_11' title="bbox 256 1115 1807 1191">
    <p class='ocr_par' dir='ltr' id='par_1_11' title="bbox 256 1115 1807 1191">
     <span class='ocr_line' id='line_1_11' title="bbox 256 1115 1807 1191; baseline -0.002 -16"><span class='ocrx_word' id='word_1_72' title='bbox 256 1124 545 1178; x_wconf 75' lang='lat' dir='ltr'><strong>virtutibus</strong></span> <span class='ocrx_word' id='word_1_73' title='bbox 573 1124 791 1186; x_wconf 90' lang='lat' dir='ltr'><strong>intenta,</strong></span> <span class='ocrx_word' id='word_1_74' title='bbox 836 1115 1061 1191; x_wconf 80' lang='lat' dir='ltr'><strong>vigilans</strong></span> <span class='ocrx_word' id='word_1_75' title='bbox 1102 1120 1314 1175; x_wconf 85' lang='lat' dir='ltr'><strong>dormit.</strong></span> <span class='ocrx_word' id='word_1_76' title='bbox 1364 1119 1542 1188; x_wconf 82' lang='lat' dir='ltr'><strong>Neque</strong></span> <span class='ocrx_word' id='word_1_77' title='bbox 1569 1119 1708 1172; x_wconf 91' lang='lat' dir='ltr'><strong>enim</strong></span> <span class='ocrx_word' id='word_1_78' title='bbox 1739 1118 1807 1172; x_wconf 90' lang='lat' dir='ltr'><strong>ad</strong></span> 
     </span>
    </p>
   </div>
   <div class='ocr_carea' id='block_1_12' title="bbox 257 1207 1806 1279">
    <p class='ocr_par' dir='ltr' id='par_1_12' title="bbox 257 1207 1806 1279">
     <span class='ocr_line' id='line_1_12' title="bbox 257 1207 1806 1279; baseline -0.004 -13"><span class='ocrx_word' id='word_1_79' title='bbox 257 1210 662 1279; x_wconf 84' lang='lat' dir='ltr'><strong>contemplanda</strong></span> <span class='ocrx_word' id='word_1_80' title='bbox 710 1210 913 1263; x_wconf 86' lang='lat' dir='ltr'><strong>interna</strong></span> <span class='ocrx_word' id='word_1_81' title='bbox 957 1208 1284 1276; x_wconf 88' lang='lat' dir='ltr'><strong>perducitur,</strong></span> <span class='ocrx_word' id='word_1_82' title='bbox 1327 1209 1428 1261; x_wconf 90' lang='lat' dir='ltr'><strong>nisi</strong></span> <span class='ocrx_word' id='word_1_83' title='bbox 1471 1208 1536 1260; x_wconf 90' lang='lat' dir='ltr'><strong>ab</strong></span> <span class='ocrx_word' id='word_1_84' title='bbox 1583 1207 1664 1260; x_wconf 90' lang='lat' dir='ltr'><strong>his</strong></span> <span class='ocrx_word' id='word_1_85' title='bbox 1690 1221 1806 1274; x_wconf 67' lang='lat' dir='ltr'><strong>quae</strong></span> 
     </span>
    </p>
   </div>
   <div class='ocr_carea' id='block_1_13' title="bbox 255 1296 1808 1368">
    <p class='ocr_par' dir='ltr' id='par_1_13' title="bbox 255 1296 1808 1368">
     <span class='ocr_line' id='line_1_13' title="bbox 255 1296 1808 1368; baseline -0.003 -14"><span class='ocrx_word' id='word_1_86' title='bbox 255 1302 494 1355; x_wconf 78' lang='lat' dir='ltr'><strong>exterius</strong></span> <span class='ocrx_word' id='word_1_87' title='bbox 533 1301 801 1368; x_wconf 83' lang='lat' dir='ltr'><strong>implicant</strong></span> <span class='ocrx_word' id='word_1_88' title='bbox 851 1300 1084 1353; x_wconf 88' lang='lat' dir='ltr'><strong>studiose</strong></span> <span class='ocrx_word' id='word_1_89' title='bbox 1131 1298 1492 1352; x_wconf 85' lang='lat' dir='ltr'><strong>subtrahatur.</strong></span> <span class='ocrx_word' id='word_1_90' title='bbox 1551 1296 1683 1350; x_wconf 85' lang='lat' dir='ltr'><strong>Hinc</strong></span> <span class='ocrx_word' id='word_1_91' title='bbox 1722 1306 1808 1350; x_wconf 88' lang='lat' dir='ltr'><strong>est</strong></span> 
     </span>
    </p>
   </div>
   <div class='ocr_carea' id='block_1_14' title="bbox 256 1386 1806 1461">
    <p class='ocr_par' dir='ltr' id='par_1_14' title="bbox 256 1386 1806 1461">
     <span class='ocr_line' id='line_1_14' title="bbox 256 1386 1806 1461; baseline -0.005 -16"><span class='ocrx_word' id='word_1_92' title='bbox 256 1392 402 1446; x_wconf 90' lang='lat' dir='ltr'><strong>enim</strong></span> <span class='ocrx_word' id='word_1_93' title='bbox 423 1393 561 1461; x_wconf 89' lang='lat' dir='ltr'><strong>quod</strong></span> <span class='ocrx_word' id='word_1_94' title='bbox 583 1406 677 1461; x_wconf 90' lang='lat' dir='ltr'><strong>per</strong></span> <span class='ocrx_word' id='word_1_95' title='bbox 697 1391 1035 1457; x_wconf 77' lang='lat' dir='ltr'><strong>semetipsum</strong></span> <span class='ocrx_word' id='word_1_96' title='bbox 1076 1389 1283 1442; x_wconf 80' lang='lat' dir='ltr'><strong>Veritas</strong></span> <span class='ocrx_word' id='word_1_97' title='bbox 1310 1386 1440 1439; x_wconf 83' lang='lat' dir='ltr'><strong>dixit</strong></span> <span class='ocrx_word' id='word_1_98' title='bbox 1466 1405 1478 1438; x_wconf 86' lang='lat'><strong>:</strong></span> <span class='ocrx_word' id='word_1_99' title='bbox 1526 1386 1689 1438; x_wconf 86' lang='lat' dir='ltr'><strong>Nemo</strong></span> <span class='ocrx_word' id='word_1_100' title='bbox 1712 1402 1806 1457; x_wconf 89' lang='lat' dir='ltr'><strong>po-</strong></span> 
     </span>
    </p>
   </div>
   <div class='ocr_carea' id='block_1_15' title="bbox 256 1475 1806 1551">
    <p class='ocr_par' dir='ltr' id='par_1_15' title="bbox 256 1475 1806 1551">
     <span class='ocr_line' id='line_1_15' title="bbox 256 1475 1806 1551; baseline -0.003 -19"><span class='ocrx_word' id='word_1_101' title='bbox 256 1489 355 1532; x_wconf 87' lang='lat' dir='ltr'><strong>test</strong></span> <span class='ocrx_word' id='word_1_102' title='bbox 387 1479 583 1532; x_wconf 84' lang='lat' dir='ltr'><strong>duobus</strong></span> <span class='ocrx_word' id='word_1_103' title='bbox 611 1479 832 1532; x_wconf 88' lang='lat' dir='ltr'><strong>dominis</strong></span> <span class='ocrx_word' id='word_1_104' title='bbox 868 1479 1056 1551; x_wconf 80' lang='lat' dir='ltr'><strong>servire</strong></span> <span class='ocrx_word' id='word_1_105' title='bbox 1081 1475 1288 1546; x_wconf 78' lang='lat' dir='ltr'><strong>(Matth.</strong></span> <span class='ocrx_word' id='word_1_106' title='bbox 1315 1476 1412 1541; x_wconf 83' lang='lat' dir='ltr'><strong>vi).</strong></span> <span class='ocrx_word' id='word_1_107' title='bbox 1446 1475 1581 1528; x_wconf 85' lang='lat' dir='ltr'><strong>Hinc</strong></span> <span class='ocrx_word' id='word_1_108' title='bbox 1611 1475 1806 1528; x_wconf 85' lang='lat' dir='ltr'><strong>Paulus</strong></span> 
     </span>
    </p>
   </div>
   <div class='ocr_carea' id='block_1_16' title="bbox 257 1561 1808 1634">
    <p class='ocr_par' dir='ltr' id='par_1_16' title="bbox 257 1561 1808 1634">
     <span class='ocr_line' id='line_1_16' title="bbox 257 1561 1808 1634; baseline -0.003 -13"><span class='ocrx_word' id='word_1_109' title='bbox 257 1569 371 1621; x_wconf 88' lang='lat' dir='ltr'><strong>ait:</strong></span> <span class='ocrx_word' id='word_1_110' title='bbox 404 1567 570 1629; x_wconf 85' lang='lat' dir='ltr'><strong>Nemo</strong></span> <span class='ocrx_word' id='word_1_111' title='bbox 595 1566 821 1620; x_wconf 89' lang='lat' dir='ltr'><strong>militans</strong></span> <span class='ocrx_word' id='word_1_112' title='bbox 862 1564 968 1618; x_wconf 90' lang='lat' dir='ltr'><strong>Deo</strong></span> <span class='ocrx_word' id='word_1_113' title='bbox 1010 1562 1237 1634; x_wconf 86' lang='lat' dir='ltr'><strong>implicat</strong></span> <span class='ocrx_word' id='word_1_114' title='bbox 1279 1580 1331 1616; x_wconf 88' lang='lat' dir='ltr'><strong>se</strong></span> <span class='ocrx_word' id='word_1_115' title='bbox 1359 1563 1570 1632; x_wconf 87' lang='lat' dir='ltr'><strong>negotiis</strong></span> <span class='ocrx_word' id='word_1_116' title='bbox 1595 1561 1808 1616; x_wconf 79' lang='lat' dir='ltr'><strong>stccula-</strong></span> 
     </span>
    </p>
   </div>
   <div class='ocr_carea' id='block_1_17' title="bbox 258 1651 1807 1730">
    <p class='ocr_par' dir='ltr' id='par_1_17' title="bbox 258 1651 1807 1730">
     <span class='ocr_line' id='line_1_17' title="bbox 258 1651 1807 1730; baseline -0.002 -21"><span class='ocrx_word' id='word_1_117' title='bbox 258 1658 420 1722; x_wconf 82' lang='lat' dir='ltr'><strong>ribus,</strong></span> <span class='ocrx_word' id='word_1_118' title='bbox 457 1667 511 1711; x_wconf 84' lang='lat' dir='ltr'><strong>ut</strong></span> <span class='ocrx_word' id='word_1_119' title='bbox 532 1657 580 1711; x_wconf 88' lang='lat' dir='ltr'><strong>ei</strong></span> <span class='ocrx_word' id='word_1_120' title='bbox 603 1655 820 1726; x_wconf 83' lang='lat' dir='ltr'><strong>placeat,</strong></span> <span class='ocrx_word' id='word_1_121' title='bbox 844 1656 931 1730; x_wconf 77' lang='lat' dir='ltr'><strong>cui</strong></span> <span class='ocrx_word' id='word_1_122' title='bbox 957 1671 1009 1707; x_wconf 91' lang='lat' dir='ltr'><strong>se</strong></span> <span class='ocrx_word' id='word_1_123' title='bbox 1033 1653 1260 1723; x_wconf 86' lang='lat' dir='ltr'><strong>probavit</strong></span> <span class='ocrx_word' id='word_1_124' title='bbox 1287 1651 1369 1724; x_wconf 84' lang='lat' dir='ltr'><strong>(II</strong></span> <span class='ocrx_word' id='word_1_125' title='bbox 1399 1651 1530 1705; x_wconf 89' lang='lat' dir='ltr'><strong>Tim.</strong></span> <span class='ocrx_word' id='word_1_126' title='bbox 1555 1651 1636 1723; x_wconf 89' lang='grc' dir='ltr'>ιι).</span> <span class='ocrx_word' id='word_1_127' title='bbox 1674 1651 1807 1706; x_wconf 78' lang='lat' dir='ltr'><strong>Hinc</strong></span> 
     </span>
    </p>
   </div>
   <div class='ocr_carea' id='block_1_18' title="bbox 255 1737 1805 1814">
    <p class='ocr_par' dir='ltr' id='par_1_18' title="bbox 255 1737 1805 1814">
     <span class='ocr_line' id='line_1_18' title="bbox 255 1737 1805 1814; baseline -0.003 -16"><span class='ocrx_word' id='word_1_128' title='bbox 255 1737 354 1814; x_wconf 70' lang='lat' dir='ltr'><strong>pe&#39;r</strong></span> <span class='ocrx_word' id='word_1_129' title='bbox 391 1743 697 1814; x_wconf 85' lang='lat' dir='ltr'><strong>prophetam</strong></span> <span class='ocrx_word' id='word_1_130' title='bbox 752 1743 1006 1797; x_wconf 86' lang='lat' dir='ltr'><strong>Dominus</strong></span> <span class='ocrx_word' id='word_1_131' title='bbox 1048 1741 1297 1814; x_wconf 85' lang='lat' dir='ltr'><strong>admonet</strong></span> <span class='ocrx_word' id='word_1_132' title='bbox 1341 1741 1562 1814; x_wconf 84' lang='lat' dir='ltr'><strong>dicens:</strong></span> <span class='ocrx_word' id='word_1_133' title='bbox 1619 1737 1805 1793; x_wconf 79' lang='lat' dir='ltr'><strong>V-acale</strong></span> 
     </span>
    </p>
   </div>
   <div class='ocr_carea' id='block_1_19' title="bbox 1903 594 2864 669">
    <p class='ocr_par' dir='ltr' id='par_1_19' title="bbox 1903 594 2864 669">
     <span class='ocr_line' id='line_1_19' title="bbox 1903 594 2864 669; baseline 0.002 -23"><span class='ocrx_word' id='word_1_134' title='bbox 1903 609 2022 648; x_wconf 89' lang='lat' dir='ltr'><strong>men</strong></span> <span class='ocrx_word' id='word_1_135' title='bbox 2045 608 2076 646; x_wconf 91' lang='lat' dir='ltr'><strong>a</strong></span> <span class='ocrx_word' id='word_1_136' title='bbox 2098 594 2388 649; x_wconf 87' lang='lat' dir='ltr'><strong>chrismate</strong></span> <span class='ocrx_word' id='word_1_137' title='bbox 2413 603 2494 658; x_wconf 80' lang='lat' dir='ltr'><strong>est</strong></span> <span class='ocrx_word' id='word_1_138' title='bbox 2526 595 2864 669; x_wconf 86' lang='lat' dir='ltr'><strong>appellatum.</strong></span> 
     </span>
    </p>
   </div>
   <div class='ocr_carea' id='block_1_20' title="bbox 1969 679 3433 757">
    <p class='ocr_par' dir='ltr' id='par_1_20' title="bbox 1969 679 3433 757">
     <span class='ocr_line' id='line_1_20' title="bbox 1969 679 3433 757; baseline 0.003 -26"><span class='ocrx_word' id='word_1_139' title='bbox 1969 679 2342 757; x_wconf 82' lang='lat' dir='ltr'><strong>Appellavitque</strong></span> <span class='ocrx_word' id='word_1_140' title='bbox 2369 684 2548 735; x_wconf 67' lang='lat' dir='ltr'><strong>nomen</strong></span> <span class='ocrx_word' id='word_1_141' title='bbox 2576 682 2716 735; x_wconf 83' lang='lat' dir='ltr'><strong>urbis</strong></span> <span class='ocrx_word' id='word_1_142' title='bbox 2743 682 2936 746; x_wconf 82' lang='lat' dir='ltr'><strong>Bethel,</strong></span> <span class='ocrx_word' id='word_1_143' title='bbox 2972 699 3085 754; x_wconf 73' lang='lat' dir='ltr'><strong>ques</strong></span> <span class='ocrx_word' id='word_1_144' title='bbox 3121 685 3262 752; x_wconf 86' lang='lat' dir='ltr'><strong>prius</strong></span> <span class='ocrx_word' id='word_1_145' title='bbox 3292 683 3433 736; x_wconf 62' lang='lat' dir='ltr'><strong>Luna</strong></span> 
     </span>
    </p>
   </div>
   <div class='ocr_carea' id='block_1_21' title="bbox 1901 768 3441 843">
    <p class='ocr_par' dir='ltr' id='par_1_21' title="bbox 1901 768 3441 843">
     <span class='ocr_line' id='line_1_21' title="bbox 1901 768 3441 843; baseline 0.004 -22"><span class='ocrx_word' id='word_1_146' title='bbox 1901 769 2194 823; x_wconf 81' lang='lat' dir='ltr'><strong>vocabatur.</strong></span> <span class='ocrx_word' id='word_1_147' title='bbox 2245 768 2391 824; x_wconf 81' lang='lat' dir='ltr'><strong>Nune</strong></span> <span class='ocrx_word' id='word_1_148' title='bbox 2418 770 2534 824; x_wconf 92' lang='lat' dir='ltr'><strong>loco</strong></span> <span class='ocrx_word' id='word_1_149' title='bbox 2561 785 2753 824; x_wconf 91' lang='lat' dir='ltr'><strong>nomen</strong></span> <span class='ocrx_word' id='word_1_150' title='bbox 2783 771 3034 841; x_wconf 88' lang='lat' dir='ltr'><strong>imponit,</strong></span> <span class='ocrx_word' id='word_1_151' title='bbox 3057 781 3111 828; x_wconf 89' lang='lat' dir='ltr'><strong>et</strong></span> <span class='ocrx_word' id='word_1_152' title='bbox 3135 782 3286 843; x_wconf 86' lang='lat' dir='ltr'><strong>vocat</strong></span> <span class='ocrx_word' id='word_1_153' title='bbox 3314 774 3441 843; x_wconf 82' lang='lat' dir='ltr'><strong>eum</strong></span> 
     </span>
    </p>
   </div>
   <div class='ocr_carea' id='block_1_22' title="bbox 1901 851 3431 927">
    <p class='ocr_par' dir='ltr' id='par_1_22' title="bbox 1901 851 3431 927">
     <span class='ocr_line' id='line_1_22' title="bbox 1901 851 3431 927; baseline 0.003 -17"><span class='ocrx_word' id='word_1_154' title='bbox 1901 856 2103 920; x_wconf 88' lang='lat' dir='ltr'><strong>Bcthel,</strong></span> <span class='ocrx_word' id='word_1_155' title='bbox 2130 857 2342 910; x_wconf 90' lang='lat' dir='ltr'><strong>domum</strong></span> <span class='ocrx_word' id='word_1_156' title='bbox 2372 857 2500 910; x_wconf 84' lang='lat' dir='ltr'><strong>Dei:</strong></span> <span class='ocrx_word' id='word_1_157' title='bbox 2519 859 2606 926; x_wconf 91' lang='lat' dir='ltr'><strong>qui</strong></span> <span class='ocrx_word' id='word_1_158' title='bbox 2628 859 2774 914; x_wconf 89' lang='lat' dir='ltr'><strong>locus</strong></span> <span class='ocrx_word' id='word_1_159' title='bbox 2791 851 3252 915; x_wconf 47' lang='lat' dir='ltr'><strong>vocabatur-antea</strong></span> <span class='ocrx_word' id='word_1_160' title='bbox 3270 859 3431 927; x_wconf 81' lang='lat' dir='ltr'><strong>Luza,</strong></span> 
     </span>
    </p>
   </div>
   <div class='ocr_carea' id='block_1_23' title="bbox 1901 942 3436 1018">
    <p class='ocr_par' dir='ltr' id='par_1_23' title="bbox 1901 942 3436 1018">
     <span class='ocr_line' id='line_1_23' title="bbox 1901 942 3436 1018; baseline 0.005 -24"><span class='ocrx_word' id='word_1_161' title='bbox 1901 942 2037 1008; x_wconf 89' lang='lat' dir='ltr'><strong>quod</strong></span> <span class='ocrx_word' id='word_1_162' title='bbox 2064 943 2440 1012; x_wconf 81' lang='lat' dir='ltr'><strong>interpretatur</strong></span> <span class='ocrx_word' id='word_1_163' title='bbox 2469 961 2575 1013; x_wconf 74' lang='lat' dir='ltr'><strong>nua:</strong></span> <span class='ocrx_word' id='word_1_164' title='bbox 2609 943 2718 1000; x_wconf 86' lang='lat' dir='ltr'><strong>sive</strong></span> <span class='ocrx_word' id='word_1_165' title='bbox 2752 948 3078 1018; x_wconf 81' lang='lat' dir='ltr'><strong>amygdalon.</strong></span> <span class='ocrx_word' id='word_1_166' title='bbox 3126 947 3274 1003; x_wconf 88' lang='lat' dir='ltr'><strong>Unde</strong></span> <span class='ocrx_word' id='word_1_167' title='bbox 3309 948 3436 1002; x_wconf 84' lang='lat' dir='ltr'><strong>ridi-</strong></span> 
     </span>
    </p>
   </div>
   <div class='ocr_carea' id='block_1_24' title="bbox 1901 1033 3435 1102">
    <p class='ocr_par' dir='ltr' id='par_1_24' title="bbox 1901 1033 3435 1102">
     <span class='ocr_line' id='line_1_24' title="bbox 1901 1033 3435 1102; baseline 0.004 -18"><span class='ocrx_word' id='word_1_168' title='bbox 1901 1033 2016 1086; x_wconf 88' lang='lat' dir='ltr'><strong>cule</strong></span> <span class='ocrx_word' id='word_1_169' title='bbox 2056 1035 2267 1102; x_wconf 91' lang='lat' dir='ltr'><strong>quidam</strong></span> <span class='ocrx_word' id='word_1_170' title='bbox 2303 1037 2520 1090; x_wconf 84' lang='lat' dir='ltr'><strong>verbum</strong></span> <span class='ocrx_word' id='word_1_171' title='bbox 2553 1035 2867 1090; x_wconf 80' lang='lat' dir='ltr'><strong>Hebraieum</strong></span> <span class='ocrx_word' id='word_1_172' title='bbox 2914 1038 3052 1091; x_wconf 90' lang='lat' dir='ltr'><strong>ulam</strong></span> <span class='ocrx_word' id='word_1_173' title='bbox 3094 1053 3283 1092; x_wconf 87' lang='lat' dir='ltr'><strong>nomen</strong></span> <span class='ocrx_word' id='word_1_174' title='bbox 3319 1053 3435 1091; x_wconf 90' lang='lat' dir='ltr'><strong>esse</strong></span> 
     </span>
    </p>
   </div>
   <div class='ocr_carea' id='block_1_25' title="bbox 1903 1121 3436 1195">
    <p class='ocr_par' dir='ltr' id='par_1_25' title="bbox 1903 1121 3436 1195">
     <span class='ocr_line' id='line_1_25' title="bbox 1903 1121 3436 1195; baseline 0.004 -23"><span class='ocrx_word' id='word_1_175' title='bbox 1903 1121 2048 1176; x_wconf 88' lang='lat' dir='ltr'><strong>urbis</strong></span> <span class='ocrx_word' id='word_1_176' title='bbox 2074 1129 2278 1188; x_wconf 87' lang='lat' dir='ltr'><strong>putant,</strong></span> <span class='ocrx_word' id='word_1_177' title='bbox 2324 1138 2444 1192; x_wconf 88' lang='lat' dir='ltr'><strong>eum</strong></span> <span class='ocrx_word' id='word_1_178' title='bbox 2489 1124 2630 1178; x_wconf 90' lang='lat' dir='ltr'><strong>ulam</strong></span> <span class='ocrx_word' id='word_1_179' title='bbox 2672 1124 3045 1194; x_wconf 79' lang='lat' dir='ltr'><strong>interpretetur</strong></span> <span class='ocrx_word' id='word_1_180' title='bbox 3086 1127 3246 1195; x_wconf 79' lang='lat' dir='ltr'><strong>prius.</strong></span> <span class='ocrx_word' id='word_1_181' title='bbox 3296 1123 3436 1180; x_wconf 94' lang='lat' dir='ltr'><strong>Ordo</strong></span> 
     </span>
    </p>
   </div>
   <div class='ocr_carea' id='block_1_26' title="bbox 1905 1208 3436 1276">
    <p class='ocr_par' dir='ltr' id='par_1_26' title="bbox 1905 1208 3436 1276">
     <span class='ocr_line' id='line_1_26' title="bbox 1905 1208 3436 1276; baseline 0.006 -17"><span class='ocrx_word' id='word_1_182' title='bbox 1905 1208 2077 1276; x_wconf 88' lang='lat' dir='ltr'><strong>itaque</strong></span> <span class='ocrx_word' id='word_1_183' title='bbox 2104 1209 2201 1263; x_wconf 90' lang='lat' dir='ltr'><strong>iste</strong></span> <span class='ocrx_word' id='word_1_184' title='bbox 2222 1218 2303 1264; x_wconf 87' lang='lat' dir='ltr'><strong>est</strong></span> <span class='ocrx_word' id='word_1_185' title='bbox 2329 1211 2570 1265; x_wconf 85' lang='lat' dir='ltr'><strong>lectionis</strong></span> <span class='ocrx_word' id='word_1_186' title='bbox 2598 1229 2611 1266; x_wconf 87' lang='lat'><strong>:</strong></span> <span class='ocrx_word' id='word_1_187' title='bbox 2642 1212 2706 1266; x_wconf 86' lang='lat' dir='ltr'><strong>Et</strong></span> <span class='ocrx_word' id='word_1_188' title='bbox 2733 1215 2922 1267; x_wconf 86' lang='lat' dir='ltr'><strong>vocavit</strong></span> <span class='ocrx_word' id='word_1_189' title='bbox 2961 1230 3140 1267; x_wconf 86' lang='lat' dir='ltr'><strong>nomen</strong></span> <span class='ocrx_word' id='word_1_190' title='bbox 3172 1215 3268 1268; x_wconf 85' lang='lat' dir='ltr'><strong>loci</strong></span> <span class='ocrx_word' id='word_1_191' title='bbox 3297 1208 3436 1268; x_wconf 84' lang='lat' dir='ltr'><strong>illius</strong></span> 
     </span>
    </p>
   </div>
   <div class='ocr_carea' id='block_1_27' title="bbox 1904 1287 3435 1372">
    <p class='ocr_par' dir='ltr' id='par_1_27' title="bbox 1904 1287 3435 1372">
     <span class='ocr_line' id='line_1_27' title="bbox 1904 1287 3435 1372; baseline 0.005 -24"><span class='ocrx_word' id='word_1_192' title='bbox 1904 1296 2098 1360; x_wconf 78' lang='lat' dir='ltr'><strong>Betltel,</strong></span> <span class='ocrx_word' id='word_1_193' title='bbox 2145 1305 2192 1349; x_wconf 88' lang='lat' dir='ltr'><strong>et</strong></span> <span class='ocrx_word' id='word_1_194' title='bbox 2231 1298 2373 1365; x_wconf 89' lang='lat' dir='ltr'><strong>prius</strong></span> <span class='ocrx_word' id='word_1_195' title='bbox 2410 1287 2552 1352; x_wconf 66' lang='lat' dir='ltr'><strong>Luna</strong></span> <span class='ocrx_word' id='word_1_196' title='bbox 2596 1300 2891 1353; x_wconf 84' lang='lat' dir='ltr'><strong>vocabulum</strong></span> <span class='ocrx_word' id='word_1_197' title='bbox 2934 1303 3147 1354; x_wconf 75' lang='lat' dir='ltr'><strong>civitatis</strong></span> <span class='ocrx_word' id='word_1_198' title='bbox 3189 1303 3435 1372; x_wconf 64' lang='lat' dir='ltr'><strong>antiquae.</strong></span> 
     </span>
    </p>
   </div>
   <div class='ocr_carea' id='block_1_28' title="bbox 1903 1380 3437 1458">
    <p class='ocr_par' dir='ltr' id='par_1_28' title="bbox 1903 1380 3437 1458">
     <span class='ocr_line' id='line_1_28' title="bbox 1903 1380 3437 1458; baseline 0.006 -23"><span class='ocrx_word' id='word_1_199' title='bbox 1903 1380 2097 1456; x_wconf 84' lang='lat' dir='ltr'><strong>Omnes</strong></span> <span class='ocrx_word' id='word_1_200' title='bbox 2119 1382 2409 1454; x_wconf 73' lang='lat' dir='ltr'><strong>Scriptum</strong></span> <span class='ocrx_word' id='word_1_201' title='bbox 2436 1387 2595 1440; x_wconf 89' lang='lat' dir='ltr'><strong>verbo</strong></span> <span class='ocrx_word' id='word_1_202' title='bbox 2621 1386 2783 1452; x_wconf 88' lang='lat' dir='ltr'><strong>ulam,</strong></span> <span class='ocrx_word' id='word_1_203' title='bbox 2809 1389 2918 1442; x_wconf 83' lang='lat' dir='ltr'><strong>sive</strong></span> <span class='ocrx_word' id='word_1_204' title='bbox 2937 1387 3088 1450; x_wconf 75' lang='lat' dir='ltr'><strong>clam,</strong></span> <span class='ocrx_word' id='word_1_205' title='bbox 3109 1390 3279 1458; x_wconf 64' lang='lat' dir='ltr'><strong>plena:</strong></span> <span class='ocrx_word' id='word_1_206' title='bbox 3296 1389 3437 1456; x_wconf 86' lang='lat' dir='ltr'><strong>sunt,</strong></span> 
     </span>
    </p>
   </div>
   <div class='ocr_carea' id='block_1_29' title="bbox 1905 1470 3465 1547">
    <p class='ocr_par' dir='ltr' id='par_1_29' title="bbox 1905 1470 3465 1547">
     <span class='ocr_line' id='line_1_29' title="bbox 1905 1470 3465 1547; baseline 0.008 -25"><span class='ocrx_word' id='word_1_207' title='bbox 1905 1470 2042 1538; x_wconf 91' lang='lat' dir='ltr'><strong>quod</strong></span> <span class='ocrx_word' id='word_1_208' title='bbox 2073 1471 2202 1524; x_wconf 88' lang='lat' dir='ltr'><strong>nihil</strong></span> <span class='ocrx_word' id='word_1_209' title='bbox 2231 1471 2372 1525; x_wconf 86' lang='lat' dir='ltr'><strong>aliud</strong></span> <span class='ocrx_word' id='word_1_210' title='bbox 2410 1473 2688 1540; x_wconf 68' lang='lat' dir='ltr'><strong>signiﬁctl,</strong></span> <span class='ocrx_word' id='word_1_211' title='bbox 2732 1475 2832 1529; x_wconf 89' lang='lat' dir='ltr'><strong>nisi</strong></span> <span class='ocrx_word' id='word_1_212' title='bbox 2879 1486 2994 1529; x_wconf 84' lang='lat' dir='ltr'><strong>ante</strong></span> <span class='ocrx_word' id='word_1_213' title='bbox 3028 1486 3118 1530; x_wconf 90' lang='lat' dir='ltr'><strong>aut</strong></span> <span class='ocrx_word' id='word_1_214' title='bbox 3157 1480 3320 1547; x_wconf 79' lang='lat' dir='ltr'><strong>prius,</strong></span> <span class='ocrx_word' id='word_1_215' title='bbox 3357 1487 3465 1534; x_wconf 28' lang='lat' dir='ltr'><strong>vel.</strong></span> 
     </span>
    </p>
   </div>
   <div class='ocr_carea' id='block_1_30' title="bbox 1903 1559 3096 1635">
    <p class='ocr_par' dir='ltr' id='par_1_30' title="bbox 1903 1559 3096 1635">
     <span class='ocr_line' id='line_1_30' title="bbox 1903 1559 3096 1635; baseline 0.007 -24"><span class='ocrx_word' id='word_1_216' title='bbox 1903 1559 2218 1624; x_wconf 72' lang='lat' dir='ltr'><strong>vestibulum,</strong></span> <span class='ocrx_word' id='word_1_217' title='bbox 2246 1561 2357 1614; x_wconf 85' lang='lat' dir='ltr'><strong>sive</strong></span> <span class='ocrx_word' id='word_1_218' title='bbox 2381 1561 2785 1635; x_wconf 79' lang='lat' dir='ltr'><strong>superliminare,</strong></span> <span class='ocrx_word' id='word_1_219' title='bbox 2809 1567 2892 1620; x_wconf 82' lang='lat' dir='ltr'><strong>vel</strong></span> <span class='ocrx_word' id='word_1_220' title='bbox 2915 1576 3096 1634; x_wconf 86' lang='lat' dir='ltr'><strong>postes.</strong></span> 
     </span>
    </p>
   </div>
   <div class='ocr_carea' id='block_1_31' title="bbox 1980 1646 3441 1720">
    <p class='ocr_par' dir='ltr' id='par_1_31' title="bbox 1980 1646 3441 1720">
     <span class='ocr_line' id='line_1_31' title="bbox 1980 1646 3441 1720; baseline 0.008 -21"><span class='ocrx_word' id='word_1_221' title='bbox 1980 1646 2123 1700; x_wconf 84' lang='lat' dir='ltr'><strong>Vovit</strong></span> <span class='ocrx_word' id='word_1_222' title='bbox 2153 1649 2304 1701; x_wconf 81' lang='lat' dir='ltr'><strong>etiam</strong></span> <span class='ocrx_word' id='word_1_223' title='bbox 2324 1658 2490 1703; x_wconf 87' lang='lat' dir='ltr'><strong>votum</strong></span> <span class='ocrx_word' id='word_1_224' title='bbox 2518 1650 2690 1704; x_wconf 86' lang='lat' dir='ltr'><strong>dicens</strong></span> <span class='ocrx_word' id='word_1_225' title='bbox 2715 1667 2734 1704; x_wconf 90' lang='lat'><strong><em>:</em></strong></span> <span class='ocrx_word' id='word_1_226' title='bbox 2759 1651 2816 1713; x_wconf 82' lang='lat' dir='ltr'><strong>Si</strong></span> <span class='ocrx_word' id='word_1_227' title='bbox 2840 1653 2991 1720; x_wconf 80' lang='lat' dir='ltr'><strong>fuerit</strong></span> <span class='ocrx_word' id='word_1_228' title='bbox 3023 1654 3156 1708; x_wconf 86' lang='lat' dir='ltr'><strong>Deus</strong></span> <span class='ocrx_word' id='word_1_229' title='bbox 3175 1671 3316 1710; x_wconf 87' lang='lat' dir='ltr'><strong>meus</strong></span> <span class='ocrx_word' id='word_1_230' title='bbox 3337 1672 3441 1710; x_wconf 88' lang='lat' dir='ltr'><strong>me-</strong></span> 
     </span>
    </p>
   </div>
   <div class='ocr_carea' id='block_1_32' title="bbox 1905 1737 3440 1810">
    <p class='ocr_par' dir='ltr' id='par_1_32' title="bbox 1905 1737 3440 1810">
     <span class='ocr_line' id='line_1_32' title="bbox 1905 1737 3440 1810; baseline 0.009 -25"><span class='ocrx_word' id='word_1_231' title='bbox 1905 1751 2039 1799; x_wconf 87' lang='lat' dir='ltr'><strong>cum,</strong></span> <span class='ocrx_word' id='word_1_232' title='bbox 2066 1745 2111 1787; x_wconf 89' lang='lat' dir='ltr'><strong>et</strong></span> <span class='ocrx_word' id='word_1_233' title='bbox 2132 1737 2424 1790; x_wconf 76' lang='lat' dir='ltr'><strong>custodierit</strong></span> <span class='ocrx_word' id='word_1_234' title='bbox 2450 1754 2529 1790; x_wconf 84' lang='lat' dir='ltr'><strong>me</strong></span> <span class='ocrx_word' id='word_1_235' title='bbox 2553 1739 2606 1791; x_wconf 85' lang='lat' dir='ltr'><strong>in</strong></span> <span class='ocrx_word' id='word_1_236' title='bbox 2635 1741 2714 1792; x_wconf 86' lang='lat' dir='ltr'><strong>via</strong></span> <span class='ocrx_word' id='word_1_237' title='bbox 2739 1756 2826 1809; x_wconf 89' lang='lat' dir='ltr'><strong>per</strong></span> <span class='ocrx_word' id='word_1_238' title='bbox 2851 1758 3004 1810; x_wconf 86' lang='lat' dir='ltr'><strong>quam</strong></span> <span class='ocrx_word' id='word_1_239' title='bbox 3039 1743 3262 1810; x_wconf 87' lang='lat' dir='ltr'><strong>ambulo,</strong></span> <span class='ocrx_word' id='word_1_240' title='bbox 3284 1754 3331 1798; x_wconf 89' lang='lat' dir='ltr'><strong>et</strong></span> <span class='ocrx_word' id='word_1_241' title='bbox 3353 1747 3440 1799; x_wconf 85' lang='lat' dir='ltr'><strong>de-</strong></span> 
     </span>
    </p>
   </div>
   <div class='ocr_carea' id='block_1_33' title="bbox 255 1821 3440 1906">
    <p class='ocr_par' dir='ltr' id='par_1_33' title="bbox 255 1821 3440 1906">
     <span class='ocr_line' id='line_1_33' title="bbox 255 1821 3440 1906; baseline 0 -19"><span class='ocrx_word' id='word_1_242' title='bbox 255 1843 302 1887; x_wconf 85' lang='lat' dir='ltr'><strong>et</strong></span> <span class='ocrx_word' id='word_1_243' title='bbox 333 1833 514 1897; x_wconf 81' lang='lat' dir='ltr'><strong>videte,</strong></span> <span class='ocrx_word' id='word_1_244' title='bbox 561 1831 803 1901; x_wconf 83' lang='lat' dir='ltr'><strong>quoniam</strong></span> <span class='ocrx_word' id='word_1_245' title='bbox 832 1847 922 1900; x_wconf 80' lang='lat' dir='ltr'><strong>ego</strong></span> <span class='ocrx_word' id='word_1_246' title='bbox 950 1846 1064 1883; x_wconf 86' lang='lat' dir='ltr'><strong>sum</strong></span> <span class='ocrx_word' id='word_1_247' title='bbox 1105 1829 1245 1906; x_wconf 83' lang='lat' dir='ltr'><strong>Deus</strong></span> <span class='ocrx_word' id='word_1_248' title='bbox 1290 1827 1456 1895; x_wconf 84' lang='lat' dir='ltr'><strong>(Psal.</strong></span> <span class='ocrx_word' id='word_1_249' title='bbox 1485 1826 1626 1897; x_wconf 75' lang='lat' dir='ltr'><strong>XLV).</strong></span> <span class='ocrx_word' id='word_1_250' title='bbox 1659 1826 1807 1893; x_wconf 85' lang='lat' dir='ltr'><strong>Quod</strong></span> <span class='ocrx_word' id='word_1_251' title='bbox 1838 1825 1878 1882; x_wconf 88' lang='grc' dir='ltr'><strong>Β</strong></span> <span class='ocrx_word' id='word_1_252' title='bbox 1905 1821 2205 1876; x_wconf 67' lang='grc' dir='ltr'><strong>άενίερηιὶἠί</strong></span> <span class='ocrx_word' id='word_1_253' title='bbox 2241 1841 2422 1893; x_wconf 89' lang='lat' dir='ltr'><strong>panem</strong></span> <span class='ocrx_word' id='word_1_254' title='bbox 2461 1826 2528 1878; x_wconf 88' lang='lat' dir='ltr'><strong>ad</strong></span> <span class='ocrx_word' id='word_1_255' title='bbox 2565 1829 2879 1900; x_wconf 75' lang='lat' dir='ltr'><strong>vescendum,</strong></span> <span class='ocrx_word' id='word_1_256' title='bbox 2915 1839 2960 1884; x_wconf 87' lang='lat' dir='ltr'><strong>et</strong></span> <span class='ocrx_word' id='word_1_257' title='bbox 3000 1833 3341 1896; x_wconf 76' lang='lat' dir='ltr'><strong>vestimentum</strong></span> <span class='ocrx_word' id='word_1_258' title='bbox 3372 1838 3440 1888; x_wconf 87' lang='lat' dir='ltr'><strong>ad</strong></span> 
     </span>
    </p>
   </div>
   <div class='ocr_carea' id='block_1_34' title="bbox 256 1906 3443 1992">
    <p class='ocr_par' dir='ltr' id='par_1_34' title="bbox 256 1906 3443 1992">
     <span class='ocr_line' id='line_1_34' title="bbox 256 1906 3443 1992; baseline 0 -18"><span class='ocrx_word' id='word_1_259' title='bbox 256 1930 434 1976; x_wconf 88' lang='lat' dir='ltr'><strong>autem</strong></span> <span class='ocrx_word' id='word_1_260' title='bbox 484 1920 688 1975; x_wconf 88' lang='lat' dir='ltr'><strong>locutus</strong></span> <span class='ocrx_word' id='word_1_261' title='bbox 725 1929 808 1974; x_wconf 90' lang='lat' dir='ltr'><strong>est</strong></span> <span class='ocrx_word' id='word_1_262' title='bbox 853 1918 1106 1974; x_wconf 82' lang='lat' dir='ltr'><strong>Dominus</strong></span> <span class='ocrx_word' id='word_1_263' title='bbox 1130 1919 1195 1972; x_wconf 89' lang='lat' dir='ltr'><strong>ad</strong></span> <span class='ocrx_word' id='word_1_264' title='bbox 1219 1917 1379 1974; x_wconf 68' lang='lat' dir='ltr'><strong>Iacob</strong></span> <span class='ocrx_word' id='word_1_265' title='bbox 1409 1917 1618 1971; x_wconf 77' lang='lat' dir='ltr'><strong>innixus</strong></span> <span class='ocrx_word' id='word_1_266' title='bbox 1652 1916 1806 1977; x_wconf 57' lang='lat' dir='ltr'><strong>scalas</strong></span> <span class='ocrx_word' id='word_1_267' title='bbox 1901 1911 2236 1976; x_wconf 76' lang='lat' dir='ltr'><strong>induendum,</strong></span> <span class='ocrx_word' id='word_1_268' title='bbox 2266 1930 2589 1984; x_wconf 75' lang='lat' dir='ltr'><strong>reversusque</strong></span> <span class='ocrx_word' id='word_1_269' title='bbox 2615 1914 2758 1984; x_wconf 75' lang='lat' dir='ltr'><strong>fuero</strong></span> <span class='ocrx_word' id='word_1_270' title='bbox 2777 1933 3011 1987; x_wconf 85' lang='lat' dir='ltr'><strong>prospere</strong></span> <span class='ocrx_word' id='word_1_271' title='bbox 3037 1921 3104 1973; x_wconf 89' lang='lat' dir='ltr'><strong>ad</strong></span> <span class='ocrx_word' id='word_1_272' title='bbox 3125 1906 3328 1986; x_wconf 72' lang='lat' dir='ltr'><strong>demum</strong></span> <span class='ocrx_word' id='word_1_273' title='bbox 3356 1940 3443 1992; x_wconf 74' lang='lat' dir='ltr'><strong>pa-</strong></span> 
     </span>
    </p>
   </div>
   <div class='ocr_carea' id='block_1_35' title="bbox 252 1996 3438 2080">
    <p class='ocr_par' dir='ltr' id='par_1_35' title="bbox 252 1996 3438 2080">
     <span class='ocr_line' id='line_1_35' title="bbox 252 1996 3438 2080; baseline 0 -17"><span class='ocrx_word' id='word_1_274' title='bbox 252 1997 442 2064; x_wconf 82' lang='lat' dir='ltr'><strong>dicens</strong></span> <span class='ocrx_word' id='word_1_275' title='bbox 463 2009 544 2064; x_wconf 90' lang='lat' dir='ltr'><strong>ei:</strong></span> <span class='ocrx_word' id='word_1_276' title='bbox 575 2008 686 2079; x_wconf 81' lang='lat' dir='ltr'><strong>Ego</strong></span> <span class='ocrx_word' id='word_1_277' title='bbox 725 2023 839 2061; x_wconf 90' lang='lat' dir='ltr'><strong>sum</strong></span> <span class='ocrx_word' id='word_1_278' title='bbox 881 2007 1133 2061; x_wconf 78' lang='lat' dir='ltr'><strong>Dominus</strong></span> <span class='ocrx_word' id='word_1_279' title='bbox 1176 2006 1310 2059; x_wconf 83' lang='lat' dir='ltr'><strong>Deus</strong></span> <span class='ocrx_word' id='word_1_280' title='bbox 1343 2006 1598 2058; x_wconf 80' lang='lat' dir='ltr'><strong>Abraham</strong></span> <span class='ocrx_word' id='word_1_281' title='bbox 1642 2006 1804 2074; x_wconf 85' lang='lat' dir='ltr'><strong>patris</strong></span> <span class='ocrx_word' id='word_1_282' title='bbox 1904 2010 1997 2054; x_wconf 86' lang='lat' dir='ltr'><strong>tm</strong></span> <span class='ocrx_word' id='word_1_283' title='bbox 2018 2005 2138 2065; x_wconf 85' lang='lat' dir='ltr'><strong>mei,</strong></span> <span class='ocrx_word' id='word_1_284' title='bbox 2160 2002 2252 2054; x_wconf 85' lang='lat' dir='ltr'><strong>erit</strong></span> <span class='ocrx_word' id='word_1_285' title='bbox 2278 2003 2402 2055; x_wconf 86' lang='lat' dir='ltr'><strong>mihi</strong></span> <span class='ocrx_word' id='word_1_286' title='bbox 2426 2003 2673 2058; x_wconf 88' lang='lat' dir='ltr'><strong>Dominus</strong></span> <span class='ocrx_word' id='word_1_287' title='bbox 2697 2006 2748 2058; x_wconf 86' lang='lat' dir='ltr'><strong>in</strong></span> <span class='ocrx_word' id='word_1_288' title='bbox 2767 2005 3156 2078; x_wconf 82' lang='lat' dir='ltr'><strong>Deum,etlopis</strong></span> <span class='ocrx_word' id='word_1_289' title='bbox 3180 2010 3273 2063; x_wconf 82' lang='lat' dir='ltr'><strong>iste</strong></span> <span class='ocrx_word' id='word_1_290' title='bbox 3293 1996 3438 2080; x_wconf 77' lang='lat' dir='ltr'><strong>quem</strong></span> 
     </span>
    </p>
   </div>
   <div class='ocr_carea' id='block_1_36' title="bbox 255 2090 3488 2168">
    <p class='ocr_par' dir='ltr' id='par_1_36' title="bbox 255 2090 3488 2168">
     <span class='ocr_line' id='line_1_36' title="bbox 255 2090 3488 2168; baseline -0 -16"><span class='ocrx_word' id='word_1_291' title='bbox 255 2099 368 2162; x_wconf 90' lang='lat' dir='ltr'><strong>tui,</strong></span> <span class='ocrx_word' id='word_1_292' title='bbox 395 2108 444 2152; x_wconf 90' lang='lat' dir='ltr'><strong>et</strong></span> <span class='ocrx_word' id='word_1_293' title='bbox 467 2098 602 2152; x_wconf 84' lang='lat' dir='ltr'><strong>Deus</strong></span> <span class='ocrx_word' id='word_1_294' title='bbox 638 2096 810 2151; x_wconf 83' lang='lat' dir='ltr'><strong>Isaac.</strong></span> <span class='ocrx_word' id='word_1_295' title='bbox 837 2096 1048 2149; x_wconf 79' lang='lat' dir='ltr'><strong>Terram</strong></span> <span class='ocrx_word' id='word_1_296' title='bbox 1081 2096 1134 2150; x_wconf 90' lang='lat' dir='ltr'><strong>in</strong></span> <span class='ocrx_word' id='word_1_297' title='bbox 1161 2094 1482 2164; x_wconf 67' lang='lat' dir='ltr'><strong>qua‘dormis</strong></span> <span class='ocrx_word' id='word_1_298' title='bbox 1510 2093 1601 2146; x_wconf 83' lang='lat' dir='ltr'><strong>tibi</strong></span> <span class='ocrx_word' id='word_1_299' title='bbox 1636 2094 1801 2156; x_wconf 88' lang='lat' dir='ltr'><strong>dabo,</strong></span> <span class='ocrx_word' id='word_1_300' title='bbox 1901 2093 2037 2143; x_wconf 75' lang='lat' dir='ltr'><strong>erexi</strong></span> <span class='ocrx_word' id='word_1_301' title='bbox 2063 2092 2116 2143; x_wconf 77' lang='lat' dir='ltr'><strong>in</strong></span> <span class='ocrx_word' id='word_1_302' title='bbox 2143 2090 2369 2156; x_wconf 81' lang='lat' dir='ltr'><strong>titulum,</strong></span> <span class='ocrx_word' id='word_1_303' title='bbox 2397 2092 2661 2146; x_wconf 84' lang='lat' dir='ltr'><strong>vocabitur</strong></span> <span class='ocrx_word' id='word_1_304' title='bbox 2687 2092 2879 2148; x_wconf 89' lang='lat' dir='ltr'><strong>Domus</strong></span> <span class='ocrx_word' id='word_1_305' title='bbox 2903 2094 3015 2160; x_wconf 86' lang='lat' dir='ltr'><strong>Dei,</strong></span> <span class='ocrx_word' id='word_1_306' title='bbox 3045 2104 3146 2150; x_wconf 87' lang='lat' dir='ltr'><strong>etc.</strong></span> <span class='ocrx_word' id='word_1_307' title='bbox 3181 2097 3446 2168; x_wconf 74' lang='lat' dir='ltr'><strong>(Augustl-</strong></span> <span class='ocrx_word' id='word_1_308' title='bbox 3483 2120 3488 2126; x_wconf 87' lang='grc'><strong><em>-</em></strong></span> 
     </span>
    </p>
   </div>
   <div class='ocr_carea' id='block_1_37' title="bbox 253 2172 3449 2258">
    <p class='ocr_par' dir='ltr' id='par_1_37' title="bbox 253 2172 3449 2258">
     <span class='ocr_line' id='line_1_37' title="bbox 253 2172 3449 2258; baseline 0 -17"><span class='ocrx_word' id='word_1_309' title='bbox 253 2196 302 2242; x_wconf 81' lang='lat' dir='ltr'><strong>et</strong></span> <span class='ocrx_word' id='word_1_310' title='bbox 336 2188 516 2241; x_wconf 84' lang='lat' dir='ltr'><strong>semini</strong></span> <span class='ocrx_word' id='word_1_311' title='bbox 546 2196 655 2251; x_wconf 90' lang='lat' dir='ltr'><strong>tuo,</strong></span> <span class='ocrx_word' id='word_1_312' title='bbox 678 2185 870 2256; x_wconf 81' lang='lat' dir='ltr'><strong>eritque</strong></span> <span class='ocrx_word' id='word_1_313' title='bbox 900 2199 1106 2255; x_wconf 79' lang='lat' dir='ltr'><strong>germen</strong></span> <span class='ocrx_word' id='word_1_314' title='bbox 1135 2193 1290 2239; x_wconf 85' lang='lat' dir='ltr'><strong>tuum</strong></span> <span class='ocrx_word' id='word_1_315' title='bbox 1329 2184 1472 2252; x_wconf 81' lang='lat' dir='ltr'><strong>quasi</strong></span> <span class='ocrx_word' id='word_1_316' title='bbox 1515 2180 1681 2250; x_wconf 86' lang='lat' dir='ltr'><strong>pulvis</strong></span> <span class='ocrx_word' id='word_1_317' title='bbox 1705 2187 1807 2258; x_wconf 51' lang='lat' dir='ltr'><strong>ter;</strong></span> <span class='ocrx_word' id='word_1_318' title='bbox 1903 2188 2044 2248; x_wconf 74' lang='lat' dir='ltr'><strong>nus.)</strong></span> <span class='ocrx_word' id='word_1_319' title='bbox 2096 2181 2245 2246; x_wconf 82' lang='lat' dir='ltr'><strong>Quod</strong></span> <span class='ocrx_word' id='word_1_320' title='bbox 2297 2191 2473 2234; x_wconf 90' lang='lat' dir='ltr'><strong>autem</strong></span> <span class='ocrx_word' id='word_1_321' title='bbox 2525 2184 2666 2235; x_wconf 87' lang='lat' dir='ltr'><strong>vovit</strong></span> <span class='ocrx_word' id='word_1_322' title='bbox 2713 2191 2889 2249; x_wconf 89' lang='lat' dir='ltr'><strong>votum</strong></span> <span class='ocrx_word' id='word_1_323' title='bbox 2947 2184 3008 2247; x_wconf 35' lang='lat' dir='ltr'><strong>si.</strong></span> <span class='ocrx_word' id='word_1_324' title='bbox 3044 2172 3449 2256; x_wconf 58' lang='lat' dir='ltr'><strong>prosperareer</strong></span> 
     </span>
    </p>
   </div>
   <div class='ocr_carea' id='block_1_38' title="bbox 256 2267 3442 2341">
    <p class='ocr_par' dir='ltr' id='par_1_38' title="bbox 256 2267 3442 2341">
     <span class='ocr_line' id='line_1_38' title="bbox 256 2267 3442 2341; baseline 0.001 -13"><span class='ocrx_word' id='word_1_325' title='bbox 256 2292 352 2330; x_wconf 71' lang='lat' dir='ltr'><strong>rte.</strong></span> <span class='ocrx_word' id='word_1_326' title='bbox 376 2275 684 2328; x_wconf 82' lang='lat' dir='ltr'><strong>Dilatabens</strong></span> <span class='ocrx_word' id='word_1_327' title='bbox 712 2274 778 2328; x_wconf 89' lang='lat' dir='ltr'><strong>ad</strong></span> <span class='ocrx_word' id='word_1_328' title='bbox 825 2270 1148 2326; x_wconf 85' lang='lat' dir='ltr'><strong>Occidentem</strong></span> <span class='ocrx_word' id='word_1_329' title='bbox 1175 2278 1223 2325; x_wconf 88' lang='lat' dir='ltr'><strong>et</strong></span> <span class='ocrx_word' id='word_1_330' title='bbox 1266 2269 1549 2333; x_wconf 85' lang='lat' dir='ltr'><strong>Orientem,</strong></span> <span class='ocrx_word' id='word_1_331' title='bbox 1590 2267 1806 2338; x_wconf 87' lang='lat' dir='ltr'><strong>Septen-</strong></span> <span class='ocrx_word' id='word_1_332' title='bbox 1903 2269 2072 2324; x_wconf 91' lang='lat' dir='ltr'><strong>eundo</strong></span> <span class='ocrx_word' id='word_1_333' title='bbox 2109 2277 2164 2324; x_wconf 91' lang='lat' dir='ltr'><strong>et</strong></span> <span class='ocrx_word' id='word_1_334' title='bbox 2201 2271 2485 2335; x_wconf 70' lang='lat' dir='ltr'><strong>redeundo,</strong></span> <span class='ocrx_word' id='word_1_335' title='bbox 2524 2279 2577 2325; x_wconf 90' lang='lat' dir='ltr'><strong>et</strong></span> <span class='ocrx_word' id='word_1_336' title='bbox 2607 2273 2836 2326; x_wconf 87' lang='lat' dir='ltr'><strong>decimas</strong></span> <span class='ocrx_word' id='word_1_337' title='bbox 2872 2275 3114 2341; x_wconf 75' lang='lat' dir='ltr'><strong>promisit</strong></span> <span class='ocrx_word' id='word_1_338' title='bbox 3145 2275 3320 2336; x_wconf 87' lang='lat' dir='ltr'><strong>domui</strong></span> <span class='ocrx_word' id='word_1_339' title='bbox 3350 2275 3442 2332; x_wconf 86' lang='lat' dir='ltr'><strong>Dei</strong></span> 
     </span>
    </p>
   </div>
   <div class='ocr_carea' id='block_1_39' title="bbox 253 2358 3443 2431">
    <p class='ocr_par' dir='ltr' id='par_1_39' title="bbox 253 2358 3443 2431">
     <span class='ocr_line' id='line_1_39' title="bbox 253 2358 3443 2431; baseline 0.001 -13"><span class='ocrx_word' id='word_1_340' title='bbox 253 2365 473 2418; x_wconf 87' lang='lat' dir='ltr'><strong>trioncm</strong></span> <span class='ocrx_word' id='word_1_341' title='bbox 521 2373 568 2417; x_wconf 89' lang='lat' dir='ltr'><strong>et</strong></span> <span class='ocrx_word' id='word_1_342' title='bbox 613 2362 900 2426; x_wconf 73' lang='lat' dir='ltr'><strong>Heridiem,</strong></span> <span class='ocrx_word' id='word_1_343' title='bbox 947 2370 992 2414; x_wconf 89' lang='lat' dir='ltr'><strong>et</strong></span> <span class='ocrx_word' id='word_1_344' title='bbox 1023 2358 1456 2422; x_wconf 75' lang='lat' dir='ltr'><strong>benedicentur&#39;in</strong></span> <span class='ocrx_word' id='word_1_345' title='bbox 1498 2366 1545 2410; x_wconf 84' lang='lat' dir='ltr'><strong>te</strong></span> <span class='ocrx_word' id='word_1_346' title='bbox 1581 2358 1703 2410; x_wconf 84' lang='lat' dir='ltr'><strong>etin</strong></span> <span class='ocrx_word' id='word_1_347' title='bbox 1730 2372 1806 2409; x_wconf 83' lang='lat' dir='ltr'><strong>se-</strong></span> <span class='ocrx_word' id='word_1_348' title='bbox 1904 2360 2092 2414; x_wconf 68' lang='lat' dir='ltr'><strong>futura:</strong></span> <span class='ocrx_word' id='word_1_349' title='bbox 2132 2361 2185 2414; x_wconf 90' lang='lat' dir='ltr'><strong>in</strong></span> <span class='ocrx_word' id='word_1_350' title='bbox 2225 2359 2340 2414; x_wconf 93' lang='lat' dir='ltr'><strong>loco</strong></span> <span class='ocrx_word' id='word_1_351' title='bbox 2378 2360 2485 2425; x_wconf 90' lang='lat' dir='ltr'><strong>illo,</strong></span> <span class='ocrx_word' id='word_1_352' title='bbox 2525 2363 2800 2431; x_wconf 87' lang='lat' dir='ltr'><strong>prophetia</strong></span> <span class='ocrx_word' id='word_1_353' title='bbox 2824 2370 2904 2417; x_wconf 90' lang='lat' dir='ltr'><strong>est</strong></span> <span class='ocrx_word' id='word_1_354' title='bbox 2928 2363 3110 2417; x_wconf 85' lang='lat' dir='ltr'><strong>domus</strong></span> <span class='ocrx_word' id='word_1_355' title='bbox 3133 2363 3243 2429; x_wconf 91' lang='lat' dir='ltr'><strong>Dei,</strong></span> <span class='ocrx_word' id='word_1_356' title='bbox 3271 2365 3358 2420; x_wconf 91' lang='lat' dir='ltr'><strong>ubi</strong></span> <span class='ocrx_word' id='word_1_357' title='bbox 3389 2374 3443 2420; x_wconf 87' lang='lat' dir='ltr'><strong>et</strong></span> 
     </span>
    </p>
   </div>
   <div class='ocr_carea' id='block_1_40' title="bbox 252 2449 1803 2520">
    <p class='ocr_par' dir='ltr' id='par_1_40' title="bbox 252 2449 1803 2520">
     <span class='ocr_line' id='line_1_40' title="bbox 252 2449 1803 2520; baseline -0.006 -9"><span class='ocrx_word' id='word_1_358' title='bbox 252 2459 392 2511; x_wconf 85' lang='lat' dir='ltr'><strong>mine</strong></span> <span class='ocrx_word' id='word_1_359' title='bbox 430 2467 518 2510; x_wconf 85' lang='lat' dir='ltr'><strong>tuo</strong></span> <span class='ocrx_word' id='word_1_360' title='bbox 546 2463 740 2509; x_wconf 71' lang='lat' dir='ltr'><strong>cunctae</strong></span> <span class='ocrx_word' id='word_1_361' title='bbox 768 2455 927 2508; x_wconf 88' lang='lat' dir='ltr'><strong>tribus</strong></span> <span class='ocrx_word' id='word_1_362' title='bbox 952 2461 1120 2516; x_wconf 72' lang='lat' dir='ltr'><strong>term,</strong></span> <span class='ocrx_word' id='word_1_363' title='bbox 1147 2459 1278 2516; x_wconf 91' lang='lat' dir='ltr'><strong>etc.,</strong></span> <span class='ocrx_word' id='word_1_364' title='bbox 1300 2450 1522 2520; x_wconf 87' lang='lat' dir='ltr'><strong>mystice</strong></span> <span class='ocrx_word' id='word_1_365' title='bbox 1544 2449 1803 2520; x_wconf 75' lang='lat' dir='ltr'><strong>designat,</strong></span> 
     </span>
    </p>
   </div>
   <div class='ocr_carea' id='block_1_41' title="bbox 1905 2450 3442 2525">
    <p class='ocr_par' dir='ltr' id='par_1_41' title="bbox 1905 2450 3442 2525">
     <span class='ocr_line' id='line_1_41' title="bbox 1905 2450 3442 2525; baseline 0.005 -21"><span class='ocrx_word' id='word_1_366' title='bbox 1905 2452 2014 2520; x_wconf 90' lang='lat' dir='ltr'><strong>ipse</strong></span> <span class='ocrx_word' id='word_1_367' title='bbox 2050 2451 2262 2505; x_wconf 88' lang='lat' dir='ltr'><strong>rediens</strong></span> <span class='ocrx_word' id='word_1_368' title='bbox 2294 2450 2403 2505; x_wconf 85' lang='lat' dir='ltr'><strong>Deo</strong></span> <span class='ocrx_word' id='word_1_369' title='bbox 2431 2455 2678 2516; x_wconf 89' lang='lat' dir='ltr'><strong>sacravit,</strong></span> <span class='ocrx_word' id='word_1_370' title='bbox 2705 2469 2809 2507; x_wconf 93' lang='lat' dir='ltr'><strong>non</strong></span> <span class='ocrx_word' id='word_1_371' title='bbox 2849 2455 2994 2508; x_wconf 91' lang='lat' dir='ltr'><strong>illum</strong></span> <span class='ocrx_word' id='word_1_372' title='bbox 3024 2456 3248 2525; x_wconf 90' lang='lat' dir='ltr'><strong>lapidem</strong></span> <span class='ocrx_word' id='word_1_373' title='bbox 3278 2455 3442 2511; x_wconf 85' lang='lat' dir='ltr'><strong>Deum</strong></span> 
     </span>
    </p>
   </div>
   <div class='ocr_carea' id='block_1_42' title="bbox 253 2529 3444 2614">
    <p class='ocr_par' dir='ltr' id='par_1_42' title="bbox 253 2529 3444 2614">
     <span class='ocr_line' id='line_1_42' title="bbox 253 2529 3444 2614; baseline -0 -12"><span class='ocrx_word' id='word_1_374' title='bbox 253 2554 564 2602; x_wconf 81' lang='lat' dir='ltr'><strong>mandatum</strong></span> <span class='ocrx_word' id='word_1_375' title='bbox 590 2544 880 2599; x_wconf 87' lang='lat' dir='ltr'><strong>divinitatis</strong></span> <span class='ocrx_word' id='word_1_376' title='bbox 907 2542 972 2598; x_wconf 87' lang='lat' dir='ltr'><strong>ad</strong></span> <span class='ocrx_word' id='word_1_377' title='bbox 1017 2543 1398 2599; x_wconf 79' lang='lat' dir='ltr'><strong>humanitatem</strong></span> <span class='ocrx_word' id='word_1_378' title='bbox 1440 2541 1640 2595; x_wconf 83' lang='lat' dir='ltr'><strong>Christi</strong></span> <span class='ocrx_word' id='word_1_379' title='bbox 1668 2541 1809 2595; x_wconf 82' lang='lat' dir='ltr'><strong>dire-</strong></span> <span class='ocrx_word' id='word_1_380' title='bbox 1903 2541 2192 2609; x_wconf 83' lang='lat' dir='ltr'><strong>appel‘ans,</strong></span> <span class='ocrx_word' id='word_1_381' title='bbox 2240 2542 2334 2596; x_wconf 89' lang='lat' dir='ltr'><strong>sed</strong></span> <span class='ocrx_word' id='word_1_382' title='bbox 2373 2529 2584 2596; x_wconf 85' lang='lat' dir='ltr'><strong>domum</strong></span> <span class='ocrx_word' id='word_1_383' title='bbox 2627 2542 2738 2610; x_wconf 89' lang='lat' dir='ltr'><strong>Dei,</strong></span> <span class='ocrx_word' id='word_1_384' title='bbox 2777 2544 2828 2598; x_wconf 90' lang='lat' dir='ltr'><strong>id</strong></span> <span class='ocrx_word' id='word_1_385' title='bbox 2859 2553 2957 2610; x_wconf 92' lang='lat' dir='ltr'><strong>est,</strong></span> <span class='ocrx_word' id='word_1_386' title='bbox 2983 2546 3105 2614; x_wconf 88' lang='lat' dir='ltr'><strong>quia</strong></span> <span class='ocrx_word' id='word_1_387' title='bbox 3133 2545 3187 2601; x_wconf 90' lang='lat' dir='ltr'><strong>in</strong></span> <span class='ocrx_word' id='word_1_388' title='bbox 3215 2545 3303 2601; x_wconf 89' lang='lat' dir='ltr'><strong>illo</strong></span> <span class='ocrx_word' id='word_1_389' title='bbox 3329 2546 3444 2601; x_wconf 91' lang='lat' dir='ltr'><strong>loco</strong></span> 
     </span>
    </p>
   </div>
   <div class='ocr_carea' id='block_1_43' title="bbox 254 2629 1804 2703">
    <p class='ocr_par' dir='ltr' id='par_1_43' title="bbox 254 2629 1804 2703">
     <span class='ocr_line' id='line_1_43' title="bbox 254 2629 1804 2703; baseline -0.008 -12"><span class='ocrx_word' id='word_1_390' title='bbox 254 2646 426 2702; x_wconf 90' lang='lat' dir='ltr'><strong>ctum,</strong></span> <span class='ocrx_word' id='word_1_391' title='bbox 453 2636 536 2689; x_wconf 89' lang='lat' dir='ltr'><strong>cui</strong></span> <span class='ocrx_word' id='word_1_392' title='bbox 559 2643 702 2688; x_wconf 84' lang='lat' dir='ltr'><strong>terra</strong></span> <span class='ocrx_word' id='word_1_393' title='bbox 728 2634 978 2689; x_wconf 68' lang='lat' dir='ltr'><strong>Ecclesia:</strong></span> <span class='ocrx_word' id='word_1_394' title='bbox 1005 2633 1334 2703; x_wconf 85' lang='lat' dir='ltr'><strong>promittitur</strong></span> <span class='ocrx_word' id='word_1_395' title='bbox 1353 2640 1406 2686; x_wconf 85' lang='lat' dir='ltr'><strong>et</strong></span> <span class='ocrx_word' id='word_1_396' title='bbox 1426 2629 1614 2686; x_wconf 86' lang='lat' dir='ltr'><strong>semini</strong></span> <span class='ocrx_word' id='word_1_397' title='bbox 1644 2629 1804 2701; x_wconf 79' lang='lat' dir='ltr'><strong>illius,</strong></span> 
     </span>
    </p>
   </div>
   <div class='ocr_carea' id='block_1_44' title="bbox 254 2711 1806 2794">
    <p class='ocr_par' dir='ltr' id='par_1_44' title="bbox 254 2711 1806 2794">
     <span class='ocr_line' id='line_1_44' title="bbox 254 2711 1806 2794; baseline -0.005 -15"><span class='ocrx_word' id='word_1_398' title='bbox 254 2726 312 2780; x_wconf 91' lang='lat' dir='ltr'><strong>id</strong></span> <span class='ocrx_word' id='word_1_399' title='bbox 333 2732 434 2787; x_wconf 89' lang='lat' dir='ltr'><strong>est,</strong></span> <span class='ocrx_word' id='word_1_400' title='bbox 459 2723 648 2794; x_wconf 83' lang='lat' dir='ltr'><strong>populo</strong></span> <span class='ocrx_word' id='word_1_401' title='bbox 671 2723 974 2778; x_wconf 84' lang='lat' dir='ltr'><strong>Christiano</strong></span> <span class='ocrx_word' id='word_1_402' title='bbox 1010 2737 1176 2792; x_wconf 90' lang='lat' dir='ltr'><strong>usque</strong></span> <span class='ocrx_word' id='word_1_403' title='bbox 1207 2725 1258 2776; x_wconf 91' lang='lat' dir='ltr'><strong>in</strong></span> <span class='ocrx_word' id='word_1_404' title='bbox 1283 2721 1680 2791; x_wconf 87' lang='lat' dir='ltr'><strong>sempiternum.</strong></span> <span class='ocrx_word' id='word_1_405' title='bbox 1711 2711 1806 2773; x_wconf 86' lang='lat' dir='ltr'><strong>Cui</strong></span> 
     </span>
    </p>
   </div>
   <div class='ocr_carea' id='block_1_45' title="bbox 254 2801 2406 2889">
    <p class='ocr_par' dir='ltr' id='par_1_45' title="bbox 254 2801 2406 2889">
     <span class='ocr_line' id='line_1_45' title="bbox 254 2801 2406 2889; baseline 0.001 -23"><span class='ocrx_word' id='word_1_406' title='bbox 254 2811 387 2866; x_wconf 87' lang='lat' dir='ltr'><strong>dicit</strong></span> <span class='ocrx_word' id='word_1_407' title='bbox 414 2801 610 2866; x_wconf 63' lang='lat' dir='ltr'><strong>Pater:</strong></span> <span class='ocrx_word' id='word_1_408' title='bbox 654 2808 871 2864; x_wconf 80' lang='lat' dir='ltr'><strong>Postulo</strong></span> <span class='ocrx_word' id='word_1_409' title='bbox 893 2828 925 2864; x_wconf 91' lang='lat' dir='ltr'><strong>a</strong></span> <span class='ocrx_word' id='word_1_410' title='bbox 953 2827 1052 2876; x_wconf 89' lang='lat' dir='ltr'><strong>me,</strong></span> <span class='ocrx_word' id='word_1_411' title='bbox 1079 2819 1126 2864; x_wconf 88' lang='lat' dir='ltr'><strong>et</strong></span> <span class='ocrx_word' id='word_1_412' title='bbox 1160 2810 1292 2864; x_wconf 81' lang='lat' dir='ltr'><strong>dabo</strong></span> <span class='ocrx_word' id='word_1_413' title='bbox 1332 2810 1425 2864; x_wconf 81' lang='lat' dir='ltr'><strong>tibi</strong></span> <span class='ocrx_word' id='word_1_414' title='bbox 1450 2819 1620 2880; x_wconf 81' lang='lat' dir='ltr'><strong>gentes</strong></span> <span class='ocrx_word' id='word_1_415' title='bbox 1647 2809 1809 2867; x_wconf 72' lang='lat' dir='ltr'><strong>ltwre-</strong></span> <span class='ocrx_word' id='word_1_416' title='bbox 1905 2834 1981 2889; x_wconf 66' lang='lat' dir='ltr'><strong>De</strong></span> <span class='ocrx_word' id='word_1_417' title='bbox 2005 2835 2222 2888; x_wconf 57' lang='lat' dir='ltr'><strong>adventu</strong></span> <span class='ocrx_word' id='word_1_418' title='bbox 2244 2832 2406 2888; x_wconf 68' lang='grc' dir='ltr'><strong>ιαεοι,</strong></span> 
     </span>
    </p>
   </div>
   <div class='ocr_carea' id='block_1_46' title="bbox 252 2899 1808 2969">
    <p class='ocr_par' dir='ltr' id='par_1_46' title="bbox 252 2899 1808 2969">
     <span class='ocr_line' id='line_1_46' title="bbox 252 2899 1808 2969; baseline -0.001 -17"><span class='ocrx_word' id='word_1_419' title='bbox 252 2901 468 2953; x_wconf 78' lang='lat' dir='ltr'><strong>ditatem</strong></span> <span class='ocrx_word' id='word_1_420' title='bbox 497 2910 660 2965; x_wconf 88' lang='lat' dir='ltr'><strong>tuam,</strong></span> <span class='ocrx_word' id='word_1_421' title='bbox 707 2909 755 2953; x_wconf 86' lang='lat' dir='ltr'><strong>et</strong></span> <span class='ocrx_word' id='word_1_422' title='bbox 798 2901 1166 2969; x_wconf 84' lang='lat' dir='ltr'><strong>possessionem</strong></span> <span class='ocrx_word' id='word_1_423' title='bbox 1213 2910 1354 2952; x_wconf 86' lang='lat' dir='ltr'><strong>tuam</strong></span> <span class='ocrx_word' id='word_1_424' title='bbox 1381 2899 1632 2955; x_wconf 82' lang='lat' dir='ltr'><strong>terminos</strong></span> <span class='ocrx_word' id='word_1_425' title='bbox 1659 2907 1808 2951; x_wconf 70' lang='lat' dir='ltr'><strong>terra:</strong></span> 
     </span>
    </p>
   </div>
   <div class='ocr_carea' id='block_1_47' title="bbox 252 2985 1806 3059">
    <p class='ocr_par' dir='ltr' id='par_1_47' title="bbox 252 2985 1806 3059">
     <span class='ocr_line' id='line_1_47' title="bbox 252 2985 1806 3059; baseline -0.003 -17"><span class='ocrx_word' id='word_1_426' title='bbox 252 2988 428 3059; x_wconf 76' lang='lat' dir='ltr'><strong>(Bsat.</strong></span> <span class='ocrx_word' id='word_1_427' title='bbox 451 2988 532 3058; x_wconf 89' lang='grc' dir='ltr'>ιι).</span> <span class='ocrx_word' id='word_1_428' title='bbox 559 2988 747 3053; x_wconf 83' lang='lat' dir='ltr'><strong>Aliter,</strong></span> <span class='ocrx_word' id='word_1_429' title='bbox 783 2988 1043 3044; x_wconf 82' lang='lat' dir='ltr'><strong>Occidens</strong></span> <span class='ocrx_word' id='word_1_430' title='bbox 1077 2989 1129 3042; x_wconf 91' lang='lat' dir='ltr'><strong>in</strong></span> <span class='ocrx_word' id='word_1_431' title='bbox 1168 2990 1269 3043; x_wconf 90' lang='lat' dir='ltr'><strong>hoe</strong></span> <span class='ocrx_word' id='word_1_432' title='bbox 1298 2988 1413 3043; x_wconf 89' lang='lat' dir='ltr'><strong>loco</strong></span> <span class='ocrx_word' id='word_1_433' title='bbox 1455 3001 1700 3058; x_wconf 79' lang='lat' dir='ltr'><strong>occasum</strong></span> <span class='ocrx_word' id='word_1_434' title='bbox 1725 2985 1806 3039; x_wconf 89' lang='lat' dir='ltr'><strong>vi-</strong></span> 
     </span>
    </p>
   </div>
   <div class='ocr_carea' id='block_1_48' title="bbox 1902 2630 2587 2686">
    <p class='ocr_par' dir='ltr' id='par_1_48' title="bbox 1902 2630 2587 2686">
     <span class='ocr_line' id='line_1_48' title="bbox 1902 2630 2587 2686; baseline 0.001 -1"><span class='ocrx_word' id='word_1_435' title='bbox 1902 2630 2078 2686; x_wconf 86' lang='lat' dir='ltr'><strong>futura</strong></span> <span class='ocrx_word' id='word_1_436' title='bbox 2098 2640 2211 2685; x_wconf 86' lang='lat' dir='ltr'><strong>erat</strong></span> <span class='ocrx_word' id='word_1_437' title='bbox 2238 2632 2425 2686; x_wconf 90' lang='lat' dir='ltr'><strong>domus</strong></span> <span class='ocrx_word' id='word_1_438' title='bbox 2449 2631 2561 2686; x_wconf 90' lang='lat' dir='ltr'><strong>Dei.</strong></span> <span class='ocrx_word' id='word_1_439' title='bbox 2583 2642 2587 2645; x_wconf 81' lang='lat'><strong><em>‘</em></strong></span> 
     </span>
    </p>
   </div>
   <div class='ocr_carea' id='block_1_49' title="bbox 2481 2740 2860 2801">
    <p class='ocr_par' dir='ltr' id='par_1_49' title="bbox 2481 2740 2860 2801">
     <span class='ocr_line' id='line_1_49' title="bbox 2481 2740 2860 2801; baseline 0.013 -5"><span class='ocrx_word' id='word_1_440' title='bbox 2481 2740 2704 2799; x_wconf 80' lang='lat' dir='ltr'><strong>CAPUT</strong></span> <span class='ocrx_word' id='word_1_441' title='bbox 2745 2743 2860 2801; x_wconf 81' lang='lat' dir='ltr'><strong>XV.</strong></span> 
     </span>
    </p>
   </div>
   <div class='ocr_carea' id='block_1_50' title="bbox 2433 2816 3486 2911">
    <p class='ocr_par' dir='ltr' id='par_1_50' title="bbox 2433 2816 3486 2911">
     <span class='ocr_line' id='line_1_50' title="bbox 2433 2816 3486 2911; baseline 0.007 -21"><span class='ocrx_word' id='word_1_442' title='bbox 2433 2835 2502 2911; x_wconf 87' lang='lat' dir='ltr'><strong>in_</strong></span> <span class='ocrx_word' id='word_1_443' title='bbox 2510 2836 2950 2911; x_wconf 72' lang='lat' dir='ltr'><strong>Mesopotamiam,</strong></span> <span class='ocrx_word' id='word_1_444' title='bbox 2971 2841 3055 2894; x_wconf 87' lang='lat' dir='ltr'><strong>ubi</strong></span> <span class='ocrx_word' id='word_1_445' title='bbox 3061 2840 3216 2911; x_wconf 72' lang='lat' dir='ltr'><strong>juxta</strong></span> <span class='ocrx_word' id='word_1_446' title='bbox 3238 2851 3444 2909; x_wconf 80' lang='lat' dir='ltr'><strong>puteum</strong></span> <span class='ocrx_word' id='word_1_447' title='bbox 3483 2816 3486 2819; x_wconf 21' lang='grc' dir='ltr'><strong>Ι</strong></span> 
     </span>
    </p>
   </div>
   <div class='ocr_carea' id='block_1_51' title="bbox 2459 2903 2891 2976">
    <p class='ocr_par' dir='ltr' id='par_1_51' title="bbox 2459 2903 2891 2976">
     <span class='ocr_line' id='line_1_51' title="bbox 2459 2903 2891 2976; baseline 0.007 -18"><span class='ocrx_word' id='word_1_448' title='bbox 2459 2903 2891 2976; x_wconf 72' lang='grc' dir='ltr'><strong>ΒαεΙιειάςηουίι.</strong></span> 
     </span>
    </p>
   </div>
   <div class='ocr_carea' id='block_1_52' title="bbox 1953 2989 3446 3067">
    <p class='ocr_par' dir='ltr' id='par_1_52' title="bbox 1953 2989 3446 3067">
     <span class='ocr_line' id='line_1_52' title="bbox 1953 2989 3446 3067; baseline 0.005 -21"><span class='ocrx_word' id='word_1_449' title='bbox 1953 2989 2120 3061; x_wconf 71' lang='lat' dir='ltr'><strong>&#39;(Car.</strong></span> <span class='ocrx_word' id='word_1_450' title='bbox 2153 2992 2324 3062; x_wconf 78' lang='lat' dir='ltr'><strong>nix.)</strong></span> <span class='ocrx_word' id='word_1_451' title='bbox 2362 2989 2635 3064; x_wconf 81' lang='lat' dir='ltr'><strong>Profectus</strong></span> <span class='ocrx_word' id='word_1_452' title='bbox 2670 3013 2789 3067; x_wconf 82' lang='lat' dir='ltr'><strong>ergo</strong></span> <span class='ocrx_word' id='word_1_453' title='bbox 2816 2996 2975 3052; x_wconf 80' lang='lat' dir='ltr'><strong>Iacob</strong></span> <span class='ocrx_word' id='word_1_454' title='bbox 3001 3000 3129 3053; x_wconf 83' lang='lat' dir='ltr'><strong>venit</strong></span> <span class='ocrx_word' id='word_1_455' title='bbox 3165 2999 3233 3053; x_wconf 86' lang='lat' dir='ltr'><strong>ad</strong></span> <span class='ocrx_word' id='word_1_456' title='bbox 3260 3009 3446 3054; x_wconf 87' lang='lat' dir='ltr'><strong>terram</strong></span> 
     </span>
    </p>
   </div>
   <div class='ocr_carea' id='block_1_53' title="bbox 253 3075 3447 3160">
    <p class='ocr_par' dir='ltr' id='par_1_53' title="bbox 253 3075 3447 3160">
     <span class='ocr_line' id='line_1_53' title="bbox 253 3075 3447 3160; baseline 0.003 -27"><span class='ocrx_word' id='word_1_457' title='bbox 253 3079 450 3133; x_wconf 80' lang='lat' dir='ltr'><strong>tiorum</strong></span> <span class='ocrx_word' id='word_1_458' title='bbox 492 3085 548 3133; x_wconf 88' lang='lat' dir='ltr'><strong>et</strong></span> <span class='ocrx_word' id='word_1_459' title='bbox 585 3088 924 3148; x_wconf 85' lang='lat' dir='ltr'><strong>peccatorum</strong></span> <span class='ocrx_word' id='word_1_460' title='bbox 959 3078 1214 3148; x_wconf 76' lang='lat' dir='ltr'><strong>designat,</strong></span> <span class='ocrx_word' id='word_1_461' title='bbox 1245 3077 1439 3133; x_wconf 84' lang='lat' dir='ltr'><strong>Oriens</strong></span> <span class='ocrx_word' id='word_1_462' title='bbox 1475 3075 1646 3131; x_wconf 86' lang='lat' dir='ltr'><strong>lucem</strong></span> <span class='ocrx_word' id='word_1_463' title='bbox 1685 3075 1806 3144; x_wconf 77' lang='lat' dir='ltr'><strong>ﬁdei</strong></span> <span class='ocrx_word' id='word_1_464' title='bbox 1837 3149 1873 3160; x_wconf 45' lang='grc' dir='ltr'><strong>Α</strong></span> <span class='ocrx_word' id='word_1_465' title='bbox 1906 3079 2252 3146; x_wconf 77' lang='lat' dir='ltr'><strong>Orientalem;</strong></span> <span class='ocrx_word' id='word_1_466' title='bbox 2292 3091 2340 3136; x_wconf 86' lang='lat' dir='ltr'><strong>et</strong></span> <span class='ocrx_word' id='word_1_467' title='bbox 2385 3084 2507 3138; x_wconf 87' lang='lat' dir='ltr'><strong>vidit</strong></span> <span class='ocrx_word' id='word_1_468' title='bbox 2550 3096 2758 3153; x_wconf 45' lang='lat' dir='ltr'><strong>puteum</strong></span> <span class='ocrx_word' id='word_1_469' title='bbox 2796 3086 2850 3141; x_wconf 90' lang='lat' dir='ltr'><strong>in</strong></span> <span class='ocrx_word' id='word_1_470' title='bbox 2883 3099 3040 3158; x_wconf 84' lang='lat' dir='ltr'><strong>agro,‘</strong></span> <span class='ocrx_word' id='word_1_471' title='bbox 3058 3097 3255 3160; x_wconf 85' lang='lat' dir='ltr'><strong>tresque</strong></span> <span class='ocrx_word' id='word_1_472' title='bbox 3278 3106 3447 3160; x_wconf 84' lang='lat' dir='ltr'><strong>greges</strong></span> 
     </span>
    </p>
   </div>
   <div class='ocr_carea' id='block_1_54' title="bbox 249 3149 3450 3250">
    <p class='ocr_par' dir='ltr' id='par_1_54' title="bbox 249 3149 3450 3250">
     <span class='ocr_line' id='line_1_54' title="bbox 249 3149 3450 3250; baseline 0.002 -27"><span class='ocrx_word' id='word_1_473' title='bbox 249 3171 341 3224; x_wconf 89' lang='lat' dir='ltr'><strong>vel</strong></span> <span class='ocrx_word' id='word_1_474' title='bbox 358 3178 533 3224; x_wconf 84' lang='lat' dir='ltr'><strong>ortum</strong></span> <span class='ocrx_word' id='word_1_475' title='bbox 573 3170 833 3224; x_wconf 88' lang='lat' dir='ltr'><strong>bonorum</strong></span> <span class='ocrx_word' id='word_1_476' title='bbox 869 3183 1108 3239; x_wconf 89' lang='lat' dir='ltr'><strong>operum,</strong></span> <span class='ocrx_word' id='word_1_477' title='bbox 1149 3169 1451 3248; x_wconf 82' lang='lat' dir='ltr'><strong>Septentrio</strong></span> <span class='ocrx_word' id='word_1_478' title='bbox 1478 3167 1806 3223; x_wconf 87' lang='lat' dir='ltr'><strong>eonstrietio-</strong></span> <span class='ocrx_word' id='word_1_479' title='bbox 1830 3149 1875 3212; x_wconf 69' lang='grc' dir='ltr'><em>ε</em></span> <span class='ocrx_word' id='word_1_480' title='bbox 1905 3171 2072 3223; x_wconf 84' lang='lat' dir='ltr'><strong>ovium</strong></span> <span class='ocrx_word' id='word_1_481' title='bbox 2101 3172 2407 3226; x_wconf 84' lang='lat' dir='ltr'><strong>accubantes</strong></span> <span class='ocrx_word' id='word_1_482' title='bbox 2431 3149 2586 3243; x_wconf 73' lang='lat' dir='ltr'><strong>juxta</strong></span> <span class='ocrx_word' id='word_1_483' title='bbox 2621 3191 2756 3228; x_wconf 86' lang='lat' dir='ltr'><strong>eum.</strong></span> <span class='ocrx_word' id='word_1_484' title='bbox 2814 3149 2950 3234; x_wconf 75' lang='lat' dir='ltr'><strong>Nam</strong></span> <span class='ocrx_word' id='word_1_485' title='bbox 3094 3149 3183 3238; x_wconf 64' lang='lat' dir='ltr'><strong>illd</strong></span> <span class='ocrx_word' id='word_1_486' title='bbox 3221 3149 3450 3250; x_wconf 64' lang='lat' dir='ltr'><strong>adaqua-</strong></span> 
     </span>
    </p>
   </div>
   <div class='ocr_carea' id='block_1_55' title="bbox 251 3244 1807 3331">
    <p class='ocr_par' dir='ltr' id='par_1_55' title="bbox 251 3244 1807 3331">
     <span class='ocr_line' id='line_1_55' title="bbox 251 3244 1807 3331; baseline -0.004 -14"><span class='ocrx_word' id='word_1_487' title='bbox 251 3276 379 3317; x_wconf 88' lang='lat' dir='ltr'><strong>nem</strong></span> <span class='ocrx_word' id='word_1_488' title='bbox 404 3261 688 3331; x_wconf 86' lang='lat' dir='ltr'><strong>voluptatis</strong></span> <span class='ocrx_word' id='word_1_489' title='bbox 709 3269 766 3322; x_wconf 86' lang='lat' dir='ltr'><strong>et</strong></span> <span class='ocrx_word' id='word_1_490' title='bbox 788 3259 1251 3316; x_wconf 84' lang='lat' dir='ltr'><strong>mortiﬁcationem</strong></span> <span class='ocrx_word' id='word_1_491' title='bbox 1271 3244 1670 3314; x_wconf 84' lang='lat' dir='ltr'><strong>desideriorum.</strong></span> <span class='ocrx_word' id='word_1_492' title='bbox 1701 3257 1807 3312; x_wconf 76' lang='lat' dir='ltr'><strong>Me-</strong></span> 
     </span>
    </p>
   </div>
   <div class='ocr_carea' id='block_1_56' title="bbox 251 3347 1807 3420">
    <p class='ocr_par' dir='ltr' id='par_1_56' title="bbox 251 3347 1807 3420">
     <span class='ocr_line' id='line_1_56' title="bbox 251 3347 1807 3420; baseline -0.003 -14"><span class='ocrx_word' id='word_1_493' title='bbox 251 3351 420 3406; x_wconf 86' lang='lat' dir='ltr'><strong>ridies</strong></span> <span class='ocrx_word' id='word_1_494' title='bbox 457 3351 753 3416; x_wconf 78' lang='lat' dir='ltr'><strong>claritatem</strong></span> <span class='ocrx_word' id='word_1_495' title='bbox 797 3350 1066 3420; x_wconf 82' lang='lat' dir='ltr'><strong>sapientiae</strong></span> <span class='ocrx_word' id='word_1_496' title='bbox 1113 3357 1168 3406; x_wconf 90' lang='lat' dir='ltr'><strong>et</strong></span> <span class='ocrx_word' id='word_1_497' title='bbox 1225 3347 1484 3403; x_wconf 76' lang='lat' dir='ltr'><strong>fervorem</strong></span> <span class='ocrx_word' id='word_1_498' title='bbox 1533 3347 1807 3402; x_wconf 87' lang='lat' dir='ltr'><strong>cbaritatis</strong></span> 
     </span>
    </p>
   </div>
   <div class='ocr_carea' id='block_1_57' title="bbox 250 3437 1804 3504">
    <p class='ocr_par' dir='ltr' id='par_1_57' title="bbox 250 3437 1804 3504">
     <span class='ocr_line' id='line_1_57' title="bbox 250 3437 1804 3504; baseline -0.003 -10"><span class='ocrx_word' id='word_1_499' title='bbox 250 3457 362 3494; x_wconf 89' lang='lat' dir='ltr'><strong>non</strong></span> <span class='ocrx_word' id='word_1_500' title='bbox 403 3441 838 3494; x_wconf 86' lang='lat' dir='ltr'><strong>inconvenienter</strong></span> <span class='ocrx_word' id='word_1_501' title='bbox 863 3439 1114 3494; x_wconf 86' lang='lat' dir='ltr'><strong>ostendit.</strong></span> <span class='ocrx_word' id='word_1_502' title='bbox 1157 3437 1358 3493; x_wconf 86' lang='lat' dir='ltr'><strong>Taliter</strong></span> <span class='ocrx_word' id='word_1_503' title='bbox 1382 3438 1523 3491; x_wconf 85' lang='lat' dir='ltr'><strong>enim</strong></span> <span class='ocrx_word' id='word_1_504' title='bbox 1556 3437 1668 3491; x_wconf 89' lang='lat' dir='ltr'><strong>veri</strong></span> <span class='ocrx_word' id='word_1_505' title='bbox 1711 3450 1804 3504; x_wconf 92' lang='lat' dir='ltr'><strong>po-</strong></span> 
     </span>
    </p>
   </div>
   <div class='ocr_carea' id='block_1_58' title="bbox 253 3527 1805 3597">
    <p class='ocr_par' dir='ltr' id='par_1_58' title="bbox 253 3527 1805 3597">
     <span class='ocr_line' id='line_1_58' title="bbox 253 3527 1805 3597; baseline -0.004 -12"><span class='ocrx_word' id='word_1_506' title='bbox 253 3541 424 3586; x_wconf 87' lang='lat' dir='ltr'><strong>testas</strong></span> <span class='ocrx_word' id='word_1_507' title='bbox 472 3530 641 3596; x_wconf 69' lang='lat' dir='ltr'><strong>Iacob</strong></span> <span class='ocrx_word' id='word_1_508' title='bbox 667 3530 934 3593; x_wconf 85' lang='lat' dir='ltr'><strong>dilatatur,</strong></span> <span class='ocrx_word' id='word_1_509' title='bbox 983 3531 1085 3585; x_wconf 90' lang='lat' dir='ltr'><strong>hoc</strong></span> <span class='ocrx_word' id='word_1_510' title='bbox 1107 3537 1211 3594; x_wconf 87' lang='lat' dir='ltr'><strong>est,</strong></span> <span class='ocrx_word' id='word_1_511' title='bbox 1263 3527 1559 3585; x_wconf 83' lang='lat' dir='ltr'><strong>inﬁdelibus</strong></span> <span class='ocrx_word' id='word_1_512' title='bbox 1587 3541 1805 3597; x_wconf 91' lang='lat' dir='ltr'><strong>regnum</strong></span> 
     </span>
    </p>
   </div>
   <div class='ocr_carea' id='block_1_59' title="bbox 250 3620 1803 3698">
    <p class='ocr_par' dir='ltr' id='par_1_59' title="bbox 250 3620 1803 3698">
     <span class='ocr_line' id='line_1_59' title="bbox 250 3620 1803 3698; baseline -0.004 -20"><span class='ocrx_word' id='word_1_513' title='bbox 250 3623 452 3678; x_wconf 83' lang='lat' dir='ltr'><strong>Christi</strong></span> <span class='ocrx_word' id='word_1_514' title='bbox 480 3630 818 3698; x_wconf 85' lang='lat' dir='ltr'><strong>propagatur.</strong></span> <span class='ocrx_word' id='word_1_515' title='bbox 871 3621 971 3676; x_wconf 87' lang='lat' dir='ltr'><strong>Per</strong></span> <span class='ocrx_word' id='word_1_516' title='bbox 1020 3636 1270 3678; x_wconf 90' lang='lat' dir='ltr'><strong>occasum</strong></span> <span class='ocrx_word' id='word_1_517' title='bbox 1315 3621 1498 3687; x_wconf 89' lang='lat' dir='ltr'><strong>utique</strong></span> <span class='ocrx_word' id='word_1_518' title='bbox 1548 3620 1803 3673; x_wconf 86' lang='lat' dir='ltr'><strong>vitiorum</strong></span> 
     </span>
    </p>
   </div>
   <div class='ocr_carea' id='block_1_60' title="bbox 251 3708 1805 3782">
    <p class='ocr_par' dir='ltr' id='par_1_60' title="bbox 251 3708 1805 3782">
     <span class='ocr_line' id='line_1_60' title="bbox 251 3708 1805 3782; baseline -0.003 -16"><span class='ocrx_word' id='word_1_519' title='bbox 251 3721 311 3767; x_wconf 91' lang='lat' dir='ltr'><strong>et</strong></span> <span class='ocrx_word' id='word_1_520' title='bbox 337 3720 698 3782; x_wconf 86' lang='lat' dir='ltr'><strong>peccatorum,</strong></span> <span class='ocrx_word' id='word_1_521' title='bbox 730 3719 783 3765; x_wconf 91' lang='lat' dir='ltr'><strong>et</strong></span> <span class='ocrx_word' id='word_1_522' title='bbox 811 3726 903 3781; x_wconf 89' lang='lat' dir='ltr'><strong>per</strong></span> <span class='ocrx_word' id='word_1_523' title='bbox 930 3719 1104 3764; x_wconf 91' lang='lat' dir='ltr'><strong>ortum</strong></span> <span class='ocrx_word' id='word_1_524' title='bbox 1147 3709 1266 3764; x_wconf 90' lang='lat' dir='ltr'><strong>ﬁdei</strong></span> <span class='ocrx_word' id='word_1_525' title='bbox 1294 3724 1358 3766; x_wconf 87' lang='lat' dir='ltr'><strong>ac</strong></span> <span class='ocrx_word' id='word_1_526' title='bbox 1392 3708 1651 3764; x_wconf 90' lang='lat' dir='ltr'><strong>bonorum</strong></span> <span class='ocrx_word' id='word_1_527' title='bbox 1681 3723 1805 3777; x_wconf 90' lang='lat' dir='ltr'><strong>ope-</strong></span> 
     </span>
    </p>
   </div>
   <div class='ocr_carea' id='block_1_61' title="bbox 252 3797 1806 3869">
    <p class='ocr_par' dir='ltr' id='par_1_61' title="bbox 252 3797 1806 3869">
     <span class='ocr_line' id='line_1_61' title="bbox 252 3797 1806 3869; baseline -0.003 -16"><span class='ocrx_word' id='word_1_528' title='bbox 252 3815 397 3862; x_wconf 88' lang='lat' dir='ltr'><strong>rum,</strong></span> <span class='ocrx_word' id='word_1_529' title='bbox 429 3815 522 3869; x_wconf 88' lang='lat' dir='ltr'><strong>per</strong></span> <span class='ocrx_word' id='word_1_530' title='bbox 547 3798 927 3855; x_wconf 83' lang='lat' dir='ltr'><strong>continentiam</strong></span> <span class='ocrx_word' id='word_1_531' title='bbox 951 3797 1301 3866; x_wconf 84' lang='lat' dir='ltr'><strong>voluptatum,</strong></span> <span class='ocrx_word' id='word_1_532' title='bbox 1348 3810 1552 3850; x_wconf 89' lang='lat' dir='ltr'><strong>necnon</strong></span> <span class='ocrx_word' id='word_1_533' title='bbox 1577 3811 1672 3865; x_wconf 89' lang='lat' dir='ltr'><strong>per</strong></span> <span class='ocrx_word' id='word_1_534' title='bbox 1697 3812 1806 3848; x_wconf 75' lang='lat' dir='ltr'><strong>me—</strong></span> 
     </span>
    </p>
   </div>
   <div class='ocr_carea' id='block_1_62' title="bbox 249 3886 1795 3959">
    <p class='ocr_par' dir='ltr' id='par_1_62' title="bbox 249 3886 1795 3959">
     <span class='ocr_line' id='line_1_62' title="bbox 249 3886 1795 3959; baseline -0.002 -14"><span class='ocrx_word' id='word_1_535' title='bbox 249 3889 569 3946; x_wconf 88' lang='lat' dir='ltr'><strong>ditationem</strong></span> <span class='ocrx_word' id='word_1_536' title='bbox 608 3890 880 3959; x_wconf 68' lang='lat' dir='ltr'><strong>sapientia:</strong></span> <span class='ocrx_word' id='word_1_537' title='bbox 905 3898 960 3944; x_wconf 89' lang='lat' dir='ltr'><strong>et</strong></span> <span class='ocrx_word' id='word_1_538' title='bbox 1001 3888 1262 3944; x_wconf 84' lang='lat' dir='ltr'><strong>fervorem</strong></span> <span class='ocrx_word' id='word_1_539' title='bbox 1291 3887 1607 3942; x_wconf 86' lang='lat' dir='ltr'><strong>dilectionis.</strong></span> <span class='ocrx_word' id='word_1_540' title='bbox 1648 3886 1795 3957; x_wconf 83' lang='lat' dir='ltr'><strong>Bene</strong></span> 
     </span>
    </p>
   </div>
   <div class='ocr_carea' id='block_1_63' title="bbox 250 3982 736 4038">
    <p class='ocr_par' dir='ltr' id='par_1_63' title="bbox 250 3982 736 4038">
     <span class='ocr_line' id='line_1_63' title="bbox 250 3982 736 4038; baseline -0.002 -1"><span class='ocrx_word' id='word_1_541' title='bbox 250 3993 434 4038; x_wconf 76' lang='lat' dir='ltr'><strong>autem</strong></span> <span class='ocrx_word' id='word_1_542' title='bbox 463 3982 736 4037; x_wconf 87' lang='lat' dir='ltr'><strong>subditur:</strong></span> 
     </span>
    </p>
   </div>
   <div class='ocr_carea' id='block_1_64' title="bbox 327 4089 1802 4162">
    <p class='ocr_par' dir='ltr' id='par_1_64' title="bbox 327 4089 1802 4162">
     <span class='ocr_line' id='line_1_64' title="bbox 327 4089 1802 4162; baseline -0.001 -16"><span class='ocrx_word' id='word_1_543' title='bbox 327 4092 455 4146; x_wconf 91' lang='lat' dir='ltr'><strong>Cum</strong></span> <span class='ocrx_word' id='word_1_544' title='bbox 485 4090 770 4162; x_wconf 80' lang='lat' dir='ltr'><strong>evigilasset</strong></span> <span class='ocrx_word' id='word_1_545' title='bbox 797 4091 957 4146; x_wconf 76' lang='lat' dir='ltr'><strong>Iacob</strong></span> <span class='ocrx_word' id='word_1_546' title='bbox 994 4092 1066 4146; x_wconf 81' lang='lat' dir='ltr'><strong>de</strong></span> <span class='ocrx_word' id='word_1_547' title='bbox 1091 4108 1269 4146; x_wconf 87' lang='lat' dir='ltr'><strong>somno</strong></span> <span class='ocrx_word' id='word_1_548' title='bbox 1302 4091 1376 4146; x_wconf 90' lang='lat' dir='ltr'><strong>ait</strong></span> <span class='ocrx_word' id='word_1_549' title='bbox 1403 4107 1422 4145; x_wconf 89' lang='lat'><strong><em>:</em></strong></span> <span class='ocrx_word' id='word_1_550' title='bbox 1446 4089 1577 4145; x_wconf 83' lang='lat' dir='ltr'><strong>Vere</strong></span> <span class='ocrx_word' id='word_1_551' title='bbox 1621 4089 1802 4144; x_wconf 88' lang='lat' dir='ltr'><strong>Domi-</strong></span> 
     </span>
    </p>
   </div>
   <div class='ocr_carea' id='block_1_65' title="bbox 251 4177 1799 4252">
    <p class='ocr_par' dir='ltr' id='par_1_65' title="bbox 251 4177 1799 4252">
     <span class='ocr_line' id='line_1_65' title="bbox 251 4177 1799 4252; baseline -0.004 -16"><span class='ocrx_word' id='word_1_552' title='bbox 251 4199 353 4237; x_wconf 79' lang='lat' dir='ltr'><strong>nus</strong></span> <span class='ocrx_word' id='word_1_553' title='bbox 392 4192 465 4235; x_wconf 88' lang='lat' dir='ltr'><strong>est</strong></span> <span class='ocrx_word' id='word_1_554' title='bbox 511 4183 565 4234; x_wconf 88' lang='lat' dir='ltr'><strong>in</strong></span> <span class='ocrx_word' id='word_1_555' title='bbox 595 4180 705 4235; x_wconf 92' lang='lat' dir='ltr'><strong>loco</strong></span> <span class='ocrx_word' id='word_1_556' title='bbox 740 4183 858 4244; x_wconf 89' lang='lat' dir='ltr'><strong>isto,</strong></span> <span class='ocrx_word' id='word_1_557' title='bbox 899 4190 946 4234; x_wconf 90' lang='lat' dir='ltr'><strong>et</strong></span> <span class='ocrx_word' id='word_1_558' title='bbox 982 4197 1073 4252; x_wconf 87' lang='lat' dir='ltr'><strong>ego</strong></span> <span class='ocrx_word' id='word_1_559' title='bbox 1102 4181 1402 4236; x_wconf 86' lang='lat' dir='ltr'><strong>nesciebam.</strong></span> <span class='ocrx_word' id='word_1_560' title='bbox 1453 4177 1750 4251; x_wconf 76' lang='lat' dir='ltr'><strong>Pavensque</strong></span> <span class='ocrx_word' id='word_1_561' title='bbox 1781 4193 1799 4230; x_wconf 89' lang='lat'><strong><em>:</em></strong></span> 
     </span>
    </p>
   </div>
   <div class='ocr_carea' id='block_1_66' title="bbox 252 4269 1803 4340">
    <p class='ocr_par' dir='ltr' id='par_1_66' title="bbox 252 4269 1803 4340">
     <span class='ocr_line' id='line_1_66' title="bbox 252 4269 1803 4340; baseline -0.002 -16"><span class='ocrx_word' id='word_1_562' title='bbox 252 4271 426 4336; x_wconf 85' lang='lat' dir='ltr'><strong>Quam</strong></span> <span class='ocrx_word' id='word_1_563' title='bbox 475 4269 714 4328; x_wconf 79' lang='lat' dir='ltr'><strong>terribilis</strong></span> <span class='ocrx_word' id='word_1_564' title='bbox 761 4281 855 4336; x_wconf 87' lang='lat' dir='ltr'><strong>est,</strong></span> <span class='ocrx_word' id='word_1_565' title='bbox 896 4271 1085 4340; x_wconf 85' lang='lat' dir='ltr'><strong>inquit,</strong></span> <span class='ocrx_word' id='word_1_566' title='bbox 1132 4270 1274 4325; x_wconf 88' lang='lat' dir='ltr'><strong>locus</strong></span> <span class='ocrx_word' id='word_1_567' title='bbox 1319 4272 1454 4324; x_wconf 83' lang='lat' dir='ltr'><strong>iste:</strong></span> <span class='ocrx_word' id='word_1_568' title='bbox 1482 4286 1582 4324; x_wconf 90' lang='lat' dir='ltr'><strong>non</strong></span> <span class='ocrx_word' id='word_1_569' title='bbox 1613 4280 1686 4323; x_wconf 91' lang='lat' dir='ltr'><strong>est</strong></span> <span class='ocrx_word' id='word_1_570' title='bbox 1721 4269 1803 4322; x_wconf 86' lang='lat' dir='ltr'><strong>hic</strong></span> 
     </span>
    </p>
   </div>
   <div class='ocr_carea' id='block_1_67' title="bbox 248 4357 1802 4430">
    <p class='ocr_par' dir='ltr' id='par_1_67' title="bbox 248 4357 1802 4430">
     <span class='ocr_line' id='line_1_67' title="bbox 248 4357 1802 4430; baseline 0 -18"><span class='ocrx_word' id='word_1_571' title='bbox 248 4359 401 4412; x_wconf 85' lang='lat' dir='ltr'><strong>aliud</strong></span> <span class='ocrx_word' id='word_1_572' title='bbox 440 4360 539 4413; x_wconf 81' lang='lat' dir='ltr'><strong>nisi</strong></span> <span class='ocrx_word' id='word_1_573' title='bbox 584 4359 767 4413; x_wconf 87' lang='lat' dir='ltr'><strong>domus</strong></span> <span class='ocrx_word' id='word_1_574' title='bbox 811 4357 912 4418; x_wconf 82' lang='lat' dir='ltr'><strong>Dei</strong></span> <span class='ocrx_word' id='word_1_575' title='bbox 953 4369 1000 4414; x_wconf 85' lang='lat' dir='ltr'><strong>et</strong></span> <span class='ocrx_word' id='word_1_576' title='bbox 1039 4358 1352 4430; x_wconf 64' lang='lat' dir='ltr'><strong>porta/mli.</strong></span> <span class='ocrx_word' id='word_1_577' title='bbox 1401 4358 1524 4414; x_wconf 66' lang='lat' dir='ltr'><strong>Haec</strong></span> <span class='ocrx_word' id='word_1_578' title='bbox 1549 4357 1710 4413; x_wconf 90' lang='lat' dir='ltr'><strong>verba</strong></span> <span class='ocrx_word' id='word_1_579' title='bbox 1736 4357 1802 4412; x_wconf 90' lang='lat' dir='ltr'><strong>ad</strong></span> 
     </span>
    </p>
   </div>
   <div class='ocr_carea' id='block_1_68' title="bbox 250 4446 1803 4518">
    <p class='ocr_par' dir='ltr' id='par_1_68' title="bbox 250 4446 1803 4518">
     <span class='ocr_line' id='line_1_68' title="bbox 250 4446 1803 4518; baseline 0 -18"><span class='ocrx_word' id='word_1_580' title='bbox 250 4447 588 4516; x_wconf 88' lang='lat' dir='ltr'><strong>prophetiam</strong></span> <span class='ocrx_word' id='word_1_581' title='bbox 629 4448 914 4518; x_wconf 73' lang='lat' dir='ltr'><strong>pertinent,</strong></span> <span class='ocrx_word' id='word_1_582' title='bbox 955 4448 1078 4517; x_wconf 86' lang='lat' dir='ltr'><strong>quia</strong></span> <span class='ocrx_word' id='word_1_583' title='bbox 1115 4446 1187 4501; x_wconf 93' lang='lat' dir='ltr'><strong>ibi</strong></span> <span class='ocrx_word' id='word_1_584' title='bbox 1221 4446 1455 4502; x_wconf 85' lang='lat' dir='ltr'><strong>futurum</strong></span> <span class='ocrx_word' id='word_1_585' title='bbox 1485 4455 1604 4502; x_wconf 89' lang='lat' dir='ltr'><strong>erat</strong></span> <span class='ocrx_word' id='word_1_586' title='bbox 1626 4448 1803 4501; x_wconf 89' lang='lat' dir='ltr'><strong>taber-</strong></span> 
     </span>
    </p>
   </div>
   <div class='ocr_carea' id='block_1_69' title="bbox 250 4522 1801 4608">
    <p class='ocr_par' dir='ltr' id='par_1_69' title="bbox 250 4522 1801 4608">
     <span class='ocr_line' id='line_1_69' title="bbox 250 4522 1801 4608; baseline -0.001 -17"><span class='ocrx_word' id='word_1_587' title='bbox 250 4537 522 4602; x_wconf 87' lang='lat' dir='ltr'><strong>naculum,</strong></span> <span class='ocrx_word' id='word_1_588' title='bbox 551 4522 691 4608; x_wconf 83' lang='lat' dir='ltr'><strong>quod</strong></span> <span class='ocrx_word' id='word_1_589' title='bbox 717 4535 989 4594; x_wconf 87' lang='lat' dir='ltr'><strong>constituit</strong></span> <span class='ocrx_word' id='word_1_590' title='bbox 1013 4532 1149 4590; x_wconf 80' lang='lat' dir='ltr'><strong>Deus</strong></span> <span class='ocrx_word' id='word_1_591' title='bbox 1168 4535 1220 4589; x_wconf 92' lang='lat' dir='ltr'><strong>in</strong></span> <span class='ocrx_word' id='word_1_592' title='bbox 1240 4535 1538 4606; x_wconf 88' lang='lat' dir='ltr'><strong>hominibus</strong></span> <span class='ocrx_word' id='word_1_593' title='bbox 1558 4535 1609 4590; x_wconf 91' lang='lat' dir='ltr'><strong>in</strong></span> <span class='ocrx_word' id='word_1_594' title='bbox 1632 4535 1801 4605; x_wconf 89' lang='lat' dir='ltr'><strong>primo</strong></span> 
     </span>
    </p>
   </div>
   <div class='ocr_carea' id='block_1_70' title="bbox 249 4623 1799 4696">
    <p class='ocr_par' dir='ltr' id='par_1_70' title="bbox 249 4623 1799 4696">
     <span class='ocr_line' id='line_1_70' title="bbox 249 4623 1799 4696; baseline -0.001 -16"><span class='ocrx_word' id='word_1_595' title='bbox 249 4626 448 4696; x_wconf 89' lang='lat' dir='ltr'><strong>populo</strong></span> <span class='ocrx_word' id='word_1_596' title='bbox 472 4641 588 4689; x_wconf 82' lang='lat' dir='ltr'><strong>suo.</strong></span> <span class='ocrx_word' id='word_1_597' title='bbox 639 4623 853 4688; x_wconf 77' lang='lat' dir='ltr'><strong>Portam</strong></span> <span class='ocrx_word' id='word_1_598' title='bbox 877 4624 998 4679; x_wconf 75' lang='lat' dir='ltr'><strong>emli</strong></span> <span class='ocrx_word' id='word_1_599' title='bbox 1022 4632 1199 4678; x_wconf 90' lang='lat' dir='ltr'><strong>autem</strong></span> <span class='ocrx_word' id='word_1_600' title='bbox 1226 4625 1304 4679; x_wconf 88' lang='lat' dir='ltr'><strong>sic</strong></span> <span class='ocrx_word' id='word_1_601' title='bbox 1326 4623 1616 4694; x_wconf 86' lang='lat' dir='ltr'><strong>intelligere</strong></span> <span class='ocrx_word' id='word_1_602' title='bbox 1642 4624 1799 4678; x_wconf 88' lang='lat' dir='ltr'><strong>debe-</strong></span> 
     </span>
    </p>
   </div>
   <div class='ocr_carea' id='block_1_71' title="bbox 252 4709 1800 4784">
    <p class='ocr_par' dir='ltr' id='par_1_71' title="bbox 252 4709 1800 4784">
     <span class='ocr_line' id='line_1_71' title="bbox 252 4709 1800 4784; baseline 0.002 -19"><span class='ocrx_word' id='word_1_603' title='bbox 252 4729 398 4777; x_wconf 86' lang='lat' dir='ltr'><strong>mus,</strong></span> <span class='ocrx_word' id='word_1_604' title='bbox 437 4723 688 4784; x_wconf 85' lang='lat' dir='ltr'><strong>tauquam</strong></span> <span class='ocrx_word' id='word_1_605' title='bbox 726 4713 846 4767; x_wconf 86' lang='lat' dir='ltr'><strong>inde</strong></span> <span class='ocrx_word' id='word_1_606' title='bbox 879 4713 970 4766; x_wconf 88' lang='lat' dir='ltr'><strong>ﬁat</strong></span> <span class='ocrx_word' id='word_1_607' title='bbox 995 4713 1168 4768; x_wconf 89' lang='lat' dir='ltr'><strong>aditus</strong></span> <span class='ocrx_word' id='word_1_608' title='bbox 1187 4709 1524 4767; x_wconf 77' lang='lat' dir='ltr'><strong>credentibus</strong></span> <span class='ocrx_word' id='word_1_609' title='bbox 1550 4713 1617 4770; x_wconf 88' lang='lat' dir='ltr'><strong>ad</strong></span> <span class='ocrx_word' id='word_1_610' title='bbox 1644 4727 1800 4782; x_wconf 84' lang='lat' dir='ltr'><strong>cape-</strong></span> 
     </span>
    </p>
   </div>
   <div class='ocr_carea' id='block_1_72' title="bbox 251 4799 1800 4870">
    <p class='ocr_par' dir='ltr' id='par_1_72' title="bbox 251 4799 1800 4870">
     <span class='ocr_line' id='line_1_72' title="bbox 251 4799 1800 4870; baseline -0.001 -14"><span class='ocrx_word' id='word_1_611' title='bbox 251 4800 509 4856; x_wconf 88' lang='lat' dir='ltr'><strong>scendum</strong></span> <span class='ocrx_word' id='word_1_612' title='bbox 556 4815 773 4869; x_wconf 86' lang='lat' dir='ltr'><strong>regnum</strong></span> <span class='ocrx_word' id='word_1_613' title='bbox 829 4799 1115 4855; x_wconf 68' lang='lat' dir='ltr'><strong>cmlorum.</strong></span> <span class='ocrx_word' id='word_1_614' title='bbox 1166 4799 1524 4870; x_wconf 87' lang='lat' dir='ltr'><strong>Spiritualiter</strong></span> <span class='ocrx_word' id='word_1_615' title='bbox 1575 4809 1750 4855; x_wconf 89' lang='lat' dir='ltr'><strong>autem</strong></span> <span class='ocrx_word' id='word_1_616' title='bbox 1783 4839 1800 4864; x_wconf 90' lang='lat'><strong>,</strong></span> 
     </span>
    </p>
   </div>
   <div class='ocr_carea' id='block_1_73' title="bbox 250 4888 1803 4961">
    <p class='ocr_par' dir='ltr' id='par_1_73' title="bbox 250 4888 1803 4961">
     <span class='ocr_line' id='line_1_73' title="bbox 250 4888 1803 4961; baseline 0 -17"><span class='ocrx_word' id='word_1_617' title='bbox 250 4891 497 4960; x_wconf 84' lang='lat' dir='ltr'><strong>quisquis</strong></span> <span class='ocrx_word' id='word_1_618' title='bbox 535 4897 656 4961; x_wconf 92' lang='lat' dir='ltr'><strong>post</strong></span> <span class='ocrx_word' id='word_1_619' title='bbox 696 4901 962 4959; x_wconf 84' lang='lat' dir='ltr'><strong>torporem</strong></span> <span class='ocrx_word' id='word_1_620' title='bbox 1001 4889 1204 4946; x_wconf 83' lang='lat' dir='ltr'><strong>inertiae</strong></span> <span class='ocrx_word' id='word_1_621' title='bbox 1243 4889 1340 4942; x_wconf 90' lang='lat' dir='ltr'><strong>rite</strong></span> <span class='ocrx_word' id='word_1_622' title='bbox 1375 4888 1720 4958; x_wconf 88' lang='lat' dir='ltr'><strong>evigilaverit,</strong></span> <span class='ocrx_word' id='word_1_623' title='bbox 1748 4898 1803 4944; x_wconf 90' lang='lat' dir='ltr'><strong>et</strong></span> 
     </span>
    </p>
   </div>
   <div class='ocr_carea' id='block_1_74' title="bbox 252 4979 1800 5049">
    <p class='ocr_par' dir='ltr' id='par_1_74' title="bbox 252 4979 1800 5049">
     <span class='ocr_line' id='line_1_74' title="bbox 252 4979 1800 5049; baseline 0.001 -19"><span class='ocrx_word' id='word_1_624' title='bbox 252 4994 354 5049; x_wconf 77' lang='lat' dir='ltr'><strong>per</strong></span> <span class='ocrx_word' id='word_1_625' title='bbox 375 4979 682 5032; x_wconf 80' lang='lat' dir='ltr'><strong>exercitium</strong></span> <span class='ocrx_word' id='word_1_626' title='bbox 705 4979 827 5033; x_wconf 92' lang='lat' dir='ltr'><strong>boni</strong></span> <span class='ocrx_word' id='word_1_627' title='bbox 850 4979 1024 5048; x_wconf 83' lang='lat' dir='ltr'><strong>operis</strong></span> <span class='ocrx_word' id='word_1_628' title='bbox 1038 4993 1160 5033; x_wconf 92' lang='lat' dir='ltr'><strong>vere</strong></span> <span class='ocrx_word' id='word_1_629' title='bbox 1181 4981 1550 5042; x_wconf 75' lang='lat' dir='ltr'><strong>resurrexerit,</strong></span> <span class='ocrx_word' id='word_1_630' title='bbox 1569 4982 1682 5034; x_wconf 87' lang='lat' dir='ltr'><strong>sine</strong></span> <span class='ocrx_word' id='word_1_631' title='bbox 1698 4980 1800 5034; x_wconf 91' lang='lat' dir='ltr'><strong>du-</strong></span> 
     </span>
    </p>
   </div>
   <div class='ocr_carea' id='block_1_75' title="bbox 253 5067 1800 5137">
    <p class='ocr_par' dir='ltr' id='par_1_75' title="bbox 253 5067 1800 5137">
     <span class='ocr_line' id='line_1_75' title="bbox 253 5067 1800 5137; baseline 0.001 -16"><span class='ocrx_word' id='word_1_632' title='bbox 253 5069 344 5121; x_wconf 90' lang='lat' dir='ltr'><strong>bio</strong></span> <span class='ocrx_word' id='word_1_633' title='bbox 384 5068 437 5120; x_wconf 91' lang='lat' dir='ltr'><strong>in</strong></span> <span class='ocrx_word' id='word_1_634' title='bbox 477 5067 712 5123; x_wconf 85' lang='lat' dir='ltr'><strong>Ecclesia</strong></span> <span class='ocrx_word' id='word_1_635' title='bbox 752 5069 1228 5137; x_wconf 86' lang='lat' dir='ltr'><strong>supereminentem</strong></span> <span class='ocrx_word' id='word_1_636' title='bbox 1270 5068 1492 5137; x_wconf 84' lang='lat' dir='ltr'><strong>gratiam</strong></span> <span class='ocrx_word' id='word_1_637' title='bbox 1518 5067 1608 5122; x_wconf 92' lang='lat' dir='ltr'><strong>Dei</strong></span> <span class='ocrx_word' id='word_1_638' title='bbox 1636 5077 1690 5121; x_wconf 87' lang='lat' dir='ltr'><strong>et</strong></span> <span class='ocrx_word' id='word_1_639' title='bbox 1726 5068 1800 5122; x_wconf 86' lang='lat' dir='ltr'><strong>in-</strong></span> 
     </span>
    </p>
   </div>
   <div class='ocr_carea' id='block_1_76' title="bbox 253 5146 1803 5225">
    <p class='ocr_par' dir='ltr' id='par_1_76' title="bbox 253 5146 1803 5225">
     <span class='ocr_line' id='line_1_76' title="bbox 253 5146 1803 5225; baseline 0.001 -18"><span class='ocrx_word' id='word_1_640' title='bbox 253 5146 476 5215; x_wconf 85' lang='lat' dir='ltr'><strong>troitum</strong></span> <span class='ocrx_word' id='word_1_641' title='bbox 510 5156 655 5219; x_wconf 80' lang='lat' dir='ltr'><strong>regni</strong></span> <span class='ocrx_word' id='word_1_642' title='bbox 683 5156 918 5210; x_wconf 75' lang='lat' dir='ltr'><strong>cmlestis</strong></span> <span class='ocrx_word' id='word_1_643' title='bbox 957 5169 1077 5210; x_wconf 86' lang='lat' dir='ltr'><strong>esse</strong></span> <span class='ocrx_word' id='word_1_644' title='bbox 1121 5154 1381 5225; x_wconf 90' lang='lat' dir='ltr'><strong>intelligit.</strong></span> <span class='ocrx_word' id='word_1_645' title='bbox 1424 5154 1573 5221; x_wconf 87' lang='lat' dir='ltr'><strong>Quod</strong></span> <span class='ocrx_word' id='word_1_646' title='bbox 1618 5157 1803 5209; x_wconf 85' lang='lat' dir='ltr'><strong>statuit</strong></span> 
     </span>
    </p>
   </div>
   <div class='ocr_carea' id='block_1_77' title="bbox 252 5242 1801 5314">
    <p class='ocr_par' dir='ltr' id='par_1_77' title="bbox 252 5242 1801 5314">
     <span class='ocr_line' id='line_1_77' title="bbox 252 5242 1801 5314; baseline -0.002 -15"><span class='ocrx_word' id='word_1_647' title='bbox 252 5243 483 5311; x_wconf 89' lang='lat' dir='ltr'><strong>lapidem</strong></span> <span class='ocrx_word' id='word_1_648' title='bbox 508 5242 689 5310; x_wconf 83' lang='lat' dir='ltr'><strong>Jacob,</strong></span> <span class='ocrx_word' id='word_1_649' title='bbox 717 5259 872 5314; x_wconf 89' lang='lat' dir='ltr'><strong>quem</strong></span> <span class='ocrx_word' id='word_1_650' title='bbox 898 5243 999 5298; x_wconf 89' lang='lat' dir='ltr'><strong>sibi</strong></span> <span class='ocrx_word' id='word_1_651' title='bbox 1033 5244 1101 5298; x_wconf 90' lang='lat' dir='ltr'><strong>ad</strong></span> <span class='ocrx_word' id='word_1_652' title='bbox 1126 5252 1284 5311; x_wconf 91' lang='lat' dir='ltr'><strong>caput</strong></span> <span class='ocrx_word' id='word_1_653' title='bbox 1302 5253 1566 5312; x_wconf 88' lang='lat' dir='ltr'><strong>posuerat,</strong></span> <span class='ocrx_word' id='word_1_654' title='bbox 1591 5252 1646 5297; x_wconf 91' lang='lat' dir='ltr'><strong>et</strong></span> <span class='ocrx_word' id='word_1_655' title='bbox 1670 5258 1801 5297; x_wconf 88' lang='lat' dir='ltr'><strong>con-</strong></span> 
     </span>
    </p>
   </div>
   <div class='ocr_carea' id='block_1_78' title="bbox 252 5323 1801 5400">
    <p class='ocr_par' dir='ltr' id='par_1_78' title="bbox 252 5323 1801 5400">
     <span class='ocr_line' id='line_1_78' title="bbox 252 5323 1801 5400; baseline -0.003 -12"><span class='ocrx_word' id='word_1_656' title='bbox 252 5323 430 5388; x_wconf 85' lang='lat' dir='ltr'><strong>stituit</strong></span> <span class='ocrx_word' id='word_1_657' title='bbox 451 5347 571 5388; x_wconf 91' lang='lat' dir='ltr'><strong>eum</strong></span> <span class='ocrx_word' id='word_1_658' title='bbox 597 5329 652 5386; x_wconf 86' lang='lat' dir='ltr'><strong>in</strong></span> <span class='ocrx_word' id='word_1_659' title='bbox 677 5332 909 5397; x_wconf 84' lang='lat' dir='ltr'><strong>titulum,</strong></span> <span class='ocrx_word' id='word_1_660' title='bbox 934 5341 989 5386; x_wconf 91' lang='lat' dir='ltr'><strong>et</strong></span> <span class='ocrx_word' id='word_1_661' title='bbox 1012 5332 1239 5400; x_wconf 88' lang='lat' dir='ltr'><strong>perfudit</strong></span> <span class='ocrx_word' id='word_1_662' title='bbox 1263 5345 1383 5384; x_wconf 91' lang='lat' dir='ltr'><strong>eum</strong></span> <span class='ocrx_word' id='word_1_663' title='bbox 1409 5331 1544 5395; x_wconf 92' lang='lat' dir='ltr'><strong>oleo,</strong></span> <span class='ocrx_word' id='word_1_664' title='bbox 1575 5345 1677 5384; x_wconf 92' lang='lat' dir='ltr'><strong>non</strong></span> <span class='ocrx_word' id='word_1_665' title='bbox 1705 5331 1801 5383; x_wconf 84' lang='lat' dir='ltr'><strong>ali-</strong></span> 
     </span>
    </p>
   </div>
   <div class='ocr_carea' id='block_1_79' title="bbox 253 5409 1798 5493">
    <p class='ocr_par' dir='ltr' id='par_1_79' title="bbox 253 5409 1798 5493">
     <span class='ocr_line' id='line_1_79' title="bbox 253 5409 1798 5493; baseline -0.004 -16"><span class='ocrx_word' id='word_1_666' title='bbox 253 5421 385 5493; x_wconf 86' lang='lat' dir='ltr'><strong>quid</strong></span> <span class='ocrx_word' id='word_1_667' title='bbox 410 5423 717 5482; x_wconf 71' lang='lat' dir='ltr'><strong>idololatria:</strong></span> <span class='ocrx_word' id='word_1_668' title='bbox 741 5422 912 5479; x_wconf 86' lang='lat' dir='ltr'><strong>simile</strong></span> <span class='ocrx_word' id='word_1_669' title='bbox 939 5421 1084 5487; x_wconf 87' lang='lat' dir='ltr'><strong>fecit,</strong></span> <span class='ocrx_word' id='word_1_670' title='bbox 1116 5437 1220 5476; x_wconf 91' lang='lat' dir='ltr'><strong>non</strong></span> <span class='ocrx_word' id='word_1_671' title='bbox 1241 5421 1323 5476; x_wconf 89' lang='lat' dir='ltr'><strong>vel</strong></span> <span class='ocrx_word' id='word_1_672' title='bbox 1347 5409 1471 5476; x_wconf 81' lang='lat' dir='ltr'><strong>tunc</strong></span> <span class='ocrx_word' id='word_1_673' title='bbox 1505 5421 1586 5475; x_wconf 87' lang='lat' dir='ltr'><strong>vel</strong></span> <span class='ocrx_word' id='word_1_674' title='bbox 1619 5429 1798 5490; x_wconf 89' lang='lat' dir='ltr'><strong>postea</strong></span> 
     </span>
    </p>
   </div>
   <div class='ocr_carea' id='block_1_80' title="bbox 254 5511 1800 5584">
    <p class='ocr_par' dir='ltr' id='par_1_80' title="bbox 254 5511 1800 5584">
     <span class='ocr_line' id='line_1_80' title="bbox 254 5511 1800 5584; baseline -0.003 -16"><span class='ocrx_word' id='word_1_675' title='bbox 254 5514 613 5584; x_wconf 86' lang='lat' dir='ltr'><strong>frequentavit</strong></span> <span class='ocrx_word' id='word_1_676' title='bbox 641 5513 864 5582; x_wconf 89' lang='lat' dir='ltr'><strong>lapidem</strong></span> <span class='ocrx_word' id='word_1_677' title='bbox 901 5511 1170 5568; x_wconf 84' lang='lat' dir='ltr'><strong>adorando</strong></span> <span class='ocrx_word' id='word_1_678' title='bbox 1211 5518 1303 5565; x_wconf 90' lang='lat' dir='ltr'><strong>aut</strong></span> <span class='ocrx_word' id='word_1_679' title='bbox 1345 5511 1393 5564; x_wconf 90' lang='lat' dir='ltr'><strong>ei</strong></span> <span class='ocrx_word' id='word_1_680' title='bbox 1431 5511 1800 5574; x_wconf 83' lang='lat' dir='ltr'><strong>sacriﬁcando,</strong></span> 
     </span>
    </p>
   </div>
   <div class='ocr_carea' id='block_1_81' title="bbox 252 5599 1796 5671">
    <p class='ocr_par' dir='ltr' id='par_1_81' title="bbox 252 5599 1796 5671">
     <span class='ocr_line' id='line_1_81' title="bbox 252 5599 1796 5671; baseline -0.005 -14"><span class='ocrx_word' id='word_1_681' title='bbox 252 5602 350 5657; x_wconf 85' lang='lat' dir='ltr'><strong>sed</strong></span> <span class='ocrx_word' id='word_1_682' title='bbox 377 5601 585 5671; x_wconf 79' lang='lat' dir='ltr'><strong>signum</strong></span> <span class='ocrx_word' id='word_1_683' title='bbox 618 5599 717 5655; x_wconf 89' lang='lat' dir='ltr'><strong>fuit</strong></span> <span class='ocrx_word' id='word_1_684' title='bbox 744 5602 797 5656; x_wconf 93' lang='lat' dir='ltr'><strong>in</strong></span> <span class='ocrx_word' id='word_1_685' title='bbox 826 5601 1098 5670; x_wconf 77' lang='lat' dir='ltr'><strong>prophetia</strong></span> <span class='ocrx_word' id='word_1_686' title='bbox 1124 5599 1514 5655; x_wconf 88' lang='lat' dir='ltr'><strong>evidentissime</strong></span> <span class='ocrx_word' id='word_1_687' title='bbox 1540 5599 1796 5654; x_wconf 86' lang='lat' dir='ltr'><strong>constitu-</strong></span> 
     </span>
    </p>
   </div>
   <div class='ocr_carea' id='block_1_82' title="bbox 1906 3255 3448 3343">
    <p class='ocr_par' dir='ltr' id='par_1_82' title="bbox 1906 3255 3448 3343">
     <span class='ocr_line' id='line_1_82' title="bbox 1906 3255 3448 3343; baseline 0.008 -34"><span class='ocrx_word' id='word_1_688' title='bbox 1906 3255 2092 3310; x_wconf 85' lang='lat' dir='ltr'><strong>bantur</strong></span> <span class='ocrx_word' id='word_1_689' title='bbox 2131 3267 2336 3327; x_wconf 77' lang='lat' dir='ltr'><strong>pecora,</strong></span> <span class='ocrx_word' id='word_1_690' title='bbox 2371 3277 2418 3313; x_wconf 84' lang='lat' dir='ltr'><strong>et</strong></span> <span class='ocrx_word' id='word_1_691' title='bbox 2455 3278 2511 3315; x_wconf 91' lang='lat' dir='ltr'><strong>os</strong></span> <span class='ocrx_word' id='word_1_692' title='bbox 2535 3262 2647 3330; x_wconf 67' lang='lat' dir='ltr'><strong>eius</strong></span> <span class='ocrx_word' id='word_1_693' title='bbox 2683 3264 2865 3333; x_wconf 84' lang='lat' dir='ltr'><strong>grandi</strong></span> <span class='ocrx_word' id='word_1_694' title='bbox 2893 3266 3061 3343; x_wconf 79' lang='lat' dir='ltr'><strong>lapide</strong></span> <span class='ocrx_word' id='word_1_695' title='bbox 3095 3265 3448 3333; x_wconf 84' lang='lat' dir='ltr'><strong>claudebatur,</strong></span> 
     </span>
    </p>
   </div>
   <div class='ocr_carea' id='block_1_83' title="bbox 1903 3344 3447 3431">
    <p class='ocr_par' dir='ltr' id='par_1_83' title="bbox 1903 3344 3447 3431">
     <span class='ocr_line' id='line_1_83' title="bbox 1903 3344 3447 3431; baseline 0.009 -31"><span class='ocrx_word' id='word_1_696' title='bbox 1903 3354 2006 3400; x_wconf 89' lang='lat' dir='ltr'><strong>etc.</strong></span> <span class='ocrx_word' id='word_1_697' title='bbox 2053 3344 2358 3416; x_wconf 79' lang='lat' dir='ltr'><strong>(Isidorus.)</strong></span> <span class='ocrx_word' id='word_1_698' title='bbox 2389 3349 2710 3421; x_wconf 83' lang='lat' dir='ltr'><strong>Flguraliter</strong></span> <span class='ocrx_word' id='word_1_699' title='bbox 2731 3368 2828 3425; x_wconf 90' lang='lat' dir='ltr'><strong>per</strong></span> <span class='ocrx_word' id='word_1_700' title='bbox 2845 3361 2971 3420; x_wconf 80' lang='lat' dir='ltr'><strong>oves</strong></span> <span class='ocrx_word' id='word_1_701' title='bbox 2983 3354 3251 3427; x_wconf 72' lang='lat' dir='ltr'><strong>iustorum</strong></span> <span class='ocrx_word' id='word_1_702' title='bbox 3272 3359 3447 3431; x_wconf 89' lang='lat' dir='ltr'><strong>populi</strong></span> 
     </span>
    </p>
   </div>
   <div class='ocr_carea' id='block_1_84' title="bbox 1906 3431 3450 3513">
    <p class='ocr_par' dir='ltr' id='par_1_84' title="bbox 1906 3431 3450 3513">
     <span class='ocr_line' id='line_1_84' title="bbox 1906 3431 3450 3513; baseline 0.008 -24"><span class='ocrx_word' id='word_1_703' title='bbox 1906 3437 2288 3505; x_wconf 85' lang='lat' dir='ltr'><strong>signiﬁcantur,</strong></span> <span class='ocrx_word' id='word_1_704' title='bbox 2311 3438 2448 3493; x_wconf 88' lang='lat' dir='ltr'><strong>sicut</strong></span> <span class='ocrx_word' id='word_1_705' title='bbox 2474 3440 2620 3503; x_wconf 88' lang='lat' dir='ltr'><strong>illud,</strong></span> <span class='ocrx_word' id='word_1_706' title='bbox 2651 3444 2790 3512; x_wconf 90' lang='lat' dir='ltr'><strong>quod</strong></span> <span class='ocrx_word' id='word_1_707' title='bbox 2814 3445 3010 3501; x_wconf 85' lang='lat' dir='ltr'><strong>dictum</strong></span> <span class='ocrx_word' id='word_1_708' title='bbox 3034 3456 3116 3500; x_wconf 67' lang='lat' dir='ltr'><strong>eat</strong></span> <span class='ocrx_word' id='word_1_709' title='bbox 3142 3453 3194 3500; x_wconf 91' lang='lat' dir='ltr'><strong>in</strong></span> <span class='ocrx_word' id='word_1_710' title='bbox 3213 3431 3450 3513; x_wconf 74' lang='lat' dir='ltr'><strong>Evange-</strong></span> 
     </span>
    </p>
   </div>
   <div class='ocr_carea' id='block_1_85' title="bbox 1904 3523 3450 3606">
    <p class='ocr_par' dir='ltr' id='par_1_85' title="bbox 1904 3523 3450 3606">
     <span class='ocr_line' id='line_1_85' title="bbox 1904 3523 3450 3606; baseline 0.008 -29"><span class='ocrx_word' id='word_1_711' title='bbox 1904 3523 1974 3579; x_wconf 85' lang='lat' dir='ltr'><strong>lio</strong></span> <span class='ocrx_word' id='word_1_712' title='bbox 2002 3543 2016 3577; x_wconf 89' lang='lat'><strong>:</strong></span> <span class='ocrx_word' id='word_1_713' title='bbox 2042 3523 2242 3579; x_wconf 88' lang='lat' dir='ltr'><strong>Statuet</strong></span> <span class='ocrx_word' id='word_1_714' title='bbox 2283 3543 2396 3580; x_wconf 79' lang='lat' dir='ltr'><strong>oves</strong></span> <span class='ocrx_word' id='word_1_715' title='bbox 2429 3527 2498 3580; x_wconf 88' lang='lat' dir='ltr'><strong>ad</strong></span> <span class='ocrx_word' id='word_1_716' title='bbox 2537 3528 2797 3584; x_wconf 69' lang='lat' dir='ltr'><strong>dexteram</strong></span> <span class='ocrx_word' id='word_1_717' title='bbox 2830 3529 3041 3606; x_wconf 71' lang='lat' dir='ltr'><strong>(Matth.</strong></span> <span class='ocrx_word' id='word_1_718' title='bbox 3068 3540 3216 3597; x_wconf 75' lang='lat' dir='ltr'><strong>xu).</strong></span> <span class='ocrx_word' id='word_1_719' title='bbox 3270 3532 3450 3590; x_wconf 79' lang='lat' dir='ltr'><strong>Pasto-</strong></span> 
     </span>
    </p>
   </div>
   <div class='ocr_carea' id='block_1_86' title="bbox 1904 3619 3450 3692">
    <p class='ocr_par' dir='ltr' id='par_1_86' title="bbox 1904 3619 3450 3692">
     <span class='ocr_line' id='line_1_86' title="bbox 1904 3619 3450 3692; baseline 0.005 -21"><span class='ocrx_word' id='word_1_720' title='bbox 1904 3632 1990 3671; x_wconf 88' lang='lat' dir='ltr'><strong>res</strong></span> <span class='ocrx_word' id='word_1_721' title='bbox 2017 3632 2143 3672; x_wconf 90' lang='lat' dir='ltr'><strong>vero</strong></span> <span class='ocrx_word' id='word_1_722' title='bbox 2165 3619 2437 3687; x_wconf 73' lang='lat' dir='ltr'><strong>propheta:</strong></span> <span class='ocrx_word' id='word_1_723' title='bbox 2463 3629 2605 3684; x_wconf 87' lang='lat' dir='ltr'><strong>sunt,</strong></span> <span class='ocrx_word' id='word_1_724' title='bbox 2636 3621 2725 3690; x_wconf 88' lang='lat' dir='ltr'><strong>qui</strong></span> <span class='ocrx_word' id='word_1_725' title='bbox 2755 3629 2921 3692; x_wconf 69' lang='lat' dir='ltr'><strong>ustlae</strong></span> <span class='ocrx_word' id='word_1_726' title='bbox 2942 3621 3008 3678; x_wconf 83' lang='lat' dir='ltr'><strong>ad</strong></span> <span class='ocrx_word' id='word_1_727' title='bbox 3034 3625 3314 3678; x_wconf 89' lang='lat' dir='ltr'><strong>adventum</strong></span> <span class='ocrx_word' id='word_1_728' title='bbox 3340 3624 3450 3679; x_wconf 52' lang='lat' dir='ltr'><strong>Do.</strong></span> 
     </span>
    </p>
   </div>
   <div class='ocr_carea' id='block_1_87' title="bbox 1904 3702 3452 3783">
    <p class='ocr_par' dir='ltr' id='par_1_87' title="bbox 1904 3702 3452 3783">
     <span class='ocr_line' id='line_1_87' title="bbox 1904 3702 3452 3783; baseline 0.006 -25"><span class='ocrx_word' id='word_1_729' title='bbox 1904 3704 2053 3775; x_wconf 84' lang='lat' dir='ltr'><strong>mini,</strong></span> <span class='ocrx_word' id='word_1_730' title='bbox 2079 3702 2279 3775; x_wconf 89' lang='lat' dir='ltr'><strong>Spiritu</strong></span> <span class='ocrx_word' id='word_1_731' title='bbox 2309 3715 2499 3762; x_wconf 81' lang='lat' dir='ltr'><strong>saneto.</strong></span> <span class='ocrx_word' id='word_1_732' title='bbox 2523 3707 2778 3774; x_wconf 82' lang='lat' dir='ltr'><strong>mandati,</strong></span> <span class='ocrx_word' id='word_1_733' title='bbox 2809 3711 3058 3780; x_wconf 87' lang='lat' dir='ltr'><strong>populum</strong></span> <span class='ocrx_word' id='word_1_734' title='bbox 3083 3711 3242 3767; x_wconf 87' lang='lat' dir='ltr'><strong>lsrael</strong></span> <span class='ocrx_word' id='word_1_735' title='bbox 3268 3713 3452 3783; x_wconf 83' lang='lat' dir='ltr'><strong>guber-</strong></span> 
     </span>
    </p>
   </div>
   <div class='ocr_carea' id='block_1_88' title="bbox 1904 3781 3490 3873">
    <p class='ocr_par' dir='ltr' id='par_1_88' title="bbox 1904 3781 3490 3873">
     <span class='ocr_line' id='line_1_88' title="bbox 1904 3781 3490 3873; baseline 0.003 -23"><span class='ocrx_word' id='word_1_736' title='bbox 1904 3796 2117 3850; x_wconf 88' lang='lat' dir='ltr'><strong>nabant.</strong></span> <span class='ocrx_word' id='word_1_737' title='bbox 2166 3795 2322 3865; x_wconf 88' lang='lat' dir='ltr'><strong>Lapis</strong></span> <span class='ocrx_word' id='word_1_738' title='bbox 2375 3804 2534 3867; x_wconf 82' lang='lat' dir='ltr'><strong>puteo</strong></span> <span class='ocrx_word' id='word_1_739' title='bbox 2585 3801 2943 3873; x_wconf 84' lang='lat' dir='ltr'><strong>superpositus</strong></span> <span class='ocrx_word' id='word_1_740' title='bbox 2984 3800 3204 3871; x_wconf 85' lang='lat' dir='ltr'><strong>ﬁguram</strong></span> <span class='ocrx_word' id='word_1_741' title='bbox 3245 3781 3450 3854; x_wconf 81' lang='lat' dir='ltr'><strong>Domini</strong></span> <span class='ocrx_word' id='word_1_742' title='bbox 3479 3781 3490 3826; x_wconf 52' lang='grc' dir='ltr'><strong>’ν</strong></span> 
     </span>
    </p>
   </div>
   <div class='ocr_carea' id='block_1_89' title="bbox 1902 3882 3451 3961">
    <p class='ocr_par' dir='ltr' id='par_1_89' title="bbox 1902 3882 3451 3961">
     <span class='ocr_line' id='line_1_89' title="bbox 1902 3882 3451 3961; baseline 0.006 -26"><span class='ocrx_word' id='word_1_743' title='bbox 1902 3882 2251 3952; x_wconf 73' lang='lat' dir='ltr'><strong>praeferebat;</strong></span> <span class='ocrx_word' id='word_1_744' title='bbox 2286 3893 2492 3952; x_wconf 90' lang='lat' dir='ltr'><strong>puteus,</strong></span> <span class='ocrx_word' id='word_1_745' title='bbox 2526 3891 2747 3956; x_wconf 84' lang='lat' dir='ltr'><strong>gratiam</strong></span> <span class='ocrx_word' id='word_1_746' title='bbox 2769 3886 2996 3957; x_wconf 83' lang='lat' dir='ltr'><strong>Spiritus</strong></span> <span class='ocrx_word' id='word_1_747' title='bbox 3015 3891 3181 3945; x_wconf 85' lang='lat' dir='ltr'><strong>sancti</strong></span> <span class='ocrx_word' id='word_1_748' title='bbox 3204 3905 3297 3961; x_wconf 84' lang='lat' dir='ltr'><strong>per</strong></span> <span class='ocrx_word' id='word_1_749' title='bbox 3314 3885 3451 3960; x_wconf 69' lang='lat' dir='ltr'><strong>pne-</strong></span> 
     </span>
    </p>
   </div>
   <div class='ocr_carea' id='block_1_90' title="bbox 1904 3971 3449 4050">
    <p class='ocr_par' dir='ltr' id='par_1_90' title="bbox 1904 3971 3449 4050">
     <span class='ocr_line' id='line_1_90' title="bbox 1904 3971 3449 4050; baseline 0.004 -24"><span class='ocrx_word' id='word_1_750' title='bbox 1904 3972 2218 4026; x_wconf 85' lang='lat' dir='ltr'><strong>dicationem</strong></span> <span class='ocrx_word' id='word_1_751' title='bbox 2252 3971 2448 4026; x_wconf 87' lang='lat' dir='ltr'><strong>Christi</strong></span> <span class='ocrx_word' id='word_1_752' title='bbox 2479 3983 2757 4028; x_wconf 89' lang='lat' dir='ltr'><strong>venturam</strong></span> <span class='ocrx_word' id='word_1_753' title='bbox 2781 3977 2847 4030; x_wconf 91' lang='lat' dir='ltr'><strong>ad</strong></span> <span class='ocrx_word' id='word_1_754' title='bbox 2873 3977 3162 4033; x_wconf 78' lang='lat' dir='ltr'><strong>Ecclesium</strong></span> <span class='ocrx_word' id='word_1_755' title='bbox 3189 3993 3253 4032; x_wconf 72' lang='lat' dir='ltr'><strong>ex</strong></span> <span class='ocrx_word' id='word_1_756' title='bbox 3281 3978 3449 4050; x_wconf 79' lang='lat' dir='ltr'><strong>genti-</strong></span> 
     </span>
    </p>
   </div>
   <div class='ocr_carea' id='block_1_91' title="bbox 1901 4051 3450 4130">
    <p class='ocr_par' dir='ltr' id='par_1_91' title="bbox 1901 4051 3450 4130">
     <span class='ocr_line' id='line_1_91' title="bbox 1901 4051 3450 4130; baseline 0.003 -14"><span class='ocrx_word' id='word_1_757' title='bbox 1901 4063 2020 4124; x_wconf 90' lang='lat' dir='ltr'><strong>bus,</strong></span> <span class='ocrx_word' id='word_1_758' title='bbox 2044 4075 2161 4130; x_wconf 79' lang='lat' dir='ltr'><strong>qua:</strong></span> <span class='ocrx_word' id='word_1_759' title='bbox 2187 4063 2397 4117; x_wconf 88' lang='lat' dir='ltr'><strong>obtecta</strong></span> <span class='ocrx_word' id='word_1_760' title='bbox 2417 4075 2552 4128; x_wconf 90' lang='lat' dir='ltr'><strong>erat,</strong></span> <span class='ocrx_word' id='word_1_761' title='bbox 2571 4065 2808 4119; x_wconf 89' lang='lat' dir='ltr'><strong>nondum</strong></span> <span class='ocrx_word' id='word_1_762' title='bbox 2838 4067 3149 4122; x_wconf 88' lang='lat' dir='ltr'><strong>adveniente</strong></span> <span class='ocrx_word' id='word_1_763' title='bbox 3164 4074 3219 4122; x_wconf 92' lang='lat' dir='ltr'><strong>et</strong></span> <span class='ocrx_word' id='word_1_764' title='bbox 3236 4051 3450 4129; x_wconf 73' lang='lat' dir='ltr'><strong>hemina</strong></span> 
     </span>
    </p>
   </div>
   <div class='ocr_carea' id='block_1_92' title="bbox 1903 4146 3448 4224">
    <p class='ocr_par' dir='ltr' id='par_1_92' title="bbox 1903 4146 3448 4224">
     <span class='ocr_line' id='line_1_92' title="bbox 1903 4146 3448 4224; baseline 0.005 -24"><span class='ocrx_word' id='word_1_765' title='bbox 1903 4146 2046 4205; x_wconf 90' lang='lat' dir='ltr'><strong>facto</strong></span> <span class='ocrx_word' id='word_1_766' title='bbox 2079 4150 2310 4205; x_wconf 61' lang='lat' dir='ltr'><strong>Christo.</strong></span> <span class='ocrx_word' id='word_1_767' title='bbox 2360 4151 2550 4216; x_wconf 83' lang='lat' dir='ltr'><strong>Aliter,</strong></span> <span class='ocrx_word' id='word_1_768' title='bbox 2589 4166 2691 4221; x_wconf 85' lang='lat' dir='ltr'><strong>per</strong></span> <span class='ocrx_word' id='word_1_769' title='bbox 2722 4164 2937 4223; x_wconf 82' lang='lat' dir='ltr'><strong>puteum</strong></span> <span class='ocrx_word' id='word_1_770' title='bbox 2984 4155 3293 4224; x_wconf 82' lang='lat' dir='ltr'><strong>baptismus,</strong></span> <span class='ocrx_word' id='word_1_771' title='bbox 3355 4167 3448 4223; x_wconf 85' lang='lat' dir='ltr'><strong>per</strong></span> 
     </span>
    </p>
   </div>
   <div class='ocr_carea' id='block_1_93' title="bbox 1902 4234 3451 4315">
    <p class='ocr_par' dir='ltr' id='par_1_93' title="bbox 1902 4234 3451 4315">
     <span class='ocr_line' id='line_1_93' title="bbox 1902 4234 3451 4315; baseline 0.003 -22"><span class='ocrx_word' id='word_1_772' title='bbox 1902 4256 2086 4311; x_wconf 85' lang='lat' dir='ltr'><strong>agrum</strong></span> <span class='ocrx_word' id='word_1_773' title='bbox 2128 4241 2214 4294; x_wconf 90' lang='lat' dir='ltr'><strong>hic</strong></span> <span class='ocrx_word' id='word_1_774' title='bbox 2257 4242 2486 4296; x_wconf 90' lang='lat' dir='ltr'><strong>mundus</strong></span> <span class='ocrx_word' id='word_1_775' title='bbox 2527 4241 2860 4315; x_wconf 78' lang='lat' dir='ltr'><strong>exprimitur.</strong></span> <span class='ocrx_word' id='word_1_776' title='bbox 2917 4241 3066 4309; x_wconf 79' lang='lat' dir='ltr'><strong>Quod</strong></span> <span class='ocrx_word' id='word_1_777' title='bbox 3110 4251 3285 4304; x_wconf 87' lang='lat' dir='ltr'><strong>autem</strong></span> <span class='ocrx_word' id='word_1_778' title='bbox 3337 4234 3451 4307; x_wconf 16' lang='lat' dir='ltr'><strong>tres,</strong></span> 
     </span>
    </p>
   </div>
   <div class='ocr_carea' id='block_1_94' title="bbox 1902 4332 3447 4403">
    <p class='ocr_par' dir='ltr' id='par_1_94' title="bbox 1902 4332 3447 4403">
     <span class='ocr_line' id='line_1_94' title="bbox 1902 4332 3447 4403; baseline 0.001 -17"><span class='ocrx_word' id='word_1_779' title='bbox 1902 4342 2090 4402; x_wconf 84' lang='lat' dir='ltr'><strong>greges</strong></span> <span class='ocrx_word' id='word_1_780' title='bbox 2115 4332 2292 4387; x_wconf 89' lang='lat' dir='ltr'><strong>ovium</strong></span> <span class='ocrx_word' id='word_1_781' title='bbox 2320 4332 2581 4387; x_wconf 87' lang='lat' dir='ltr'><strong>accubare</strong></span> <span class='ocrx_word' id='word_1_782' title='bbox 2623 4332 2868 4388; x_wconf 86' lang='lat' dir='ltr'><strong>dicuntur</strong></span> <span class='ocrx_word' id='word_1_783' title='bbox 2889 4333 3038 4403; x_wconf 78' lang='lat' dir='ltr'><strong>juxta</strong></span> <span class='ocrx_word' id='word_1_784' title='bbox 3086 4343 3324 4402; x_wconf 86' lang='lat' dir='ltr'><strong>puteum,</strong></span> <span class='ocrx_word' id='word_1_785' title='bbox 3371 4337 3447 4388; x_wconf 88' lang='lat' dir='ltr'><strong>si-</strong></span> 
     </span>
    </p>
   </div>
   <div class='ocr_carea' id='block_1_95' title="bbox 1874 4417 3448 4491">
    <p class='ocr_par' dir='ltr' id='par_1_95' title="bbox 1874 4417 3448 4491">
     <span class='ocr_line' id='line_1_95' title="bbox 1874 4417 3448 4491; baseline 0.001 -17"><span class='ocrx_word' id='word_1_786' title='bbox 1874 4420 2116 4491; x_wconf 74' lang='lat' dir='ltr'><strong>‘gnlﬁeat</strong></span> <span class='ocrx_word' id='word_1_787' title='bbox 2157 4434 2269 4483; x_wconf 89' lang='lat' dir='ltr'><strong>eos,</strong></span> <span class='ocrx_word' id='word_1_788' title='bbox 2307 4421 2397 4490; x_wconf 88' lang='lat' dir='ltr'><strong>qui</strong></span> <span class='ocrx_word' id='word_1_789' title='bbox 2430 4421 2497 4475; x_wconf 90' lang='lat' dir='ltr'><strong>ad</strong></span> <span class='ocrx_word' id='word_1_790' title='bbox 2533 4429 2729 4477; x_wconf 70' lang='lat' dir='ltr'><strong>sanctas</strong></span> <span class='ocrx_word' id='word_1_791' title='bbox 2759 4417 3034 4476; x_wconf 81' lang='lat' dir='ltr'><strong>Trinitatis</strong></span> <span class='ocrx_word' id='word_1_792' title='bbox 3060 4423 3219 4476; x_wconf 88' lang='lat' dir='ltr'><strong>ﬁdem</strong></span> <span class='ocrx_word' id='word_1_793' title='bbox 3236 4423 3448 4490; x_wconf 83' lang='lat' dir='ltr'><strong>capien-</strong></span> 
     </span>
    </p>
   </div>
   <div class='ocr_carea' id='block_1_96' title="bbox 1828 4493 3446 4580">
    <p class='ocr_par' dir='ltr' id='par_1_96' title="bbox 1828 4493 3446 4580">
     <span class='ocr_line' id='line_1_96' title="bbox 1828 4493 3446 4580; baseline -0.001 -16"><span class='ocrx_word' id='word_1_794' title='bbox 1828 4493 1878 4552; x_wconf 74' lang='grc' dir='ltr'><strong>Ῑ)</strong></span> <span class='ocrx_word' id='word_1_795' title='bbox 1904 4509 2024 4564; x_wconf 91' lang='lat' dir='ltr'><strong>dam</strong></span> <span class='ocrx_word' id='word_1_796' title='bbox 2047 4510 2334 4578; x_wconf 89' lang='lat' dir='ltr'><strong>pertinent,</strong></span> <span class='ocrx_word' id='word_1_797' title='bbox 2363 4509 2416 4562; x_wconf 89' lang='lat' dir='ltr'><strong>in</strong></span> <span class='ocrx_word' id='word_1_798' title='bbox 2440 4510 2738 4564; x_wconf 88' lang='lat' dir='ltr'><strong>humilitate</strong></span> <span class='ocrx_word' id='word_1_799' title='bbox 2762 4519 3008 4580; x_wconf 84' lang='lat' dir='ltr'><strong>expetere</strong></span> <span class='ocrx_word' id='word_1_800' title='bbox 3048 4509 3293 4578; x_wconf 85' lang='lat' dir='ltr'><strong>baptismi</strong></span> <span class='ocrx_word' id='word_1_801' title='bbox 3331 4515 3446 4578; x_wconf 55' lang='lat' dir='ltr'><strong>grav</strong></span> 
     </span>
    </p>
   </div>
   <div class='ocr_carea' id='block_1_97' title="bbox 1903 4595 3446 4666">
    <p class='ocr_par' dir='ltr' id='par_1_97' title="bbox 1903 4595 3446 4666">
     <span class='ocr_line' id='line_1_97' title="bbox 1903 4595 3446 4666; baseline -0.001 -16"><span class='ocrx_word' id='word_1_802' title='bbox 1903 4597 2051 4651; x_wconf 84' lang='lat' dir='ltr'><strong>tiam.</strong></span> <span class='ocrx_word' id='word_1_803' title='bbox 2089 4597 2276 4666; x_wconf 87' lang='lat' dir='ltr'><strong>Lapis,</strong></span> <span class='ocrx_word' id='word_1_804' title='bbox 2314 4595 2441 4666; x_wconf 84' lang='lat' dir='ltr'><strong>quia</strong></span> <span class='ocrx_word' id='word_1_805' title='bbox 2466 4599 2744 4653; x_wconf 88' lang='lat' dir='ltr'><strong>claudebat</strong></span> <span class='ocrx_word' id='word_1_806' title='bbox 2768 4613 2829 4653; x_wconf 89' lang='lat' dir='ltr'><strong>os</strong></span> <span class='ocrx_word' id='word_1_807' title='bbox 2856 4598 3019 4664; x_wconf 90' lang='lat' dir='ltr'><strong>putei,</strong></span> <span class='ocrx_word' id='word_1_808' title='bbox 3051 4597 3296 4653; x_wconf 84' lang='lat' dir='ltr'><strong>duritiam</strong></span> <span class='ocrx_word' id='word_1_809' title='bbox 3329 4597 3446 4650; x_wconf 86' lang='lat' dir='ltr'><strong>inﬁ-</strong></span> 
     </span>
    </p>
   </div>
   <div class='ocr_carea' id='block_1_98' title="bbox 1905 4687 3448 4757">
    <p class='ocr_par' dir='ltr' id='par_1_98' title="bbox 1905 4687 3448 4757">
     <span class='ocr_line' id='line_1_98' title="bbox 1905 4687 3448 4757; baseline -0.001 -15"><span class='ocrx_word' id='word_1_810' title='bbox 1905 4687 2133 4742; x_wconf 89' lang='lat' dir='ltr'><strong>delitatis</strong></span> <span class='ocrx_word' id='word_1_811' title='bbox 2153 4687 2401 4750; x_wconf 86' lang='lat' dir='ltr'><strong>insinuat,</strong></span> <span class='ocrx_word' id='word_1_812' title='bbox 2433 4701 2539 4757; x_wconf 89' lang='lat' dir='ltr'><strong>qua</strong></span> <span class='ocrx_word' id='word_1_813' title='bbox 2567 4687 2791 4755; x_wconf 75' lang='lat' dir='ltr'><strong>abiecta,</strong></span> <span class='ocrx_word' id='word_1_814' title='bbox 2825 4689 3066 4750; x_wconf 87' lang='lat' dir='ltr'><strong>homines</strong></span> <span class='ocrx_word' id='word_1_815' title='bbox 3100 4697 3319 4755; x_wconf 91' lang='lat' dir='ltr'><strong>possunt</strong></span> <span class='ocrx_word' id='word_1_816' title='bbox 3349 4689 3448 4740; x_wconf 81' lang='lat' dir='ltr'><strong>rite</strong></span> 
     </span>
    </p>
   </div>
   <div class='ocr_carea' id='block_1_99' title="bbox 1903 4775 3448 4844">
    <p class='ocr_par' dir='ltr' id='par_1_99' title="bbox 1903 4775 3448 4844">
     <span class='ocr_line' id='line_1_99' title="bbox 1903 4775 3448 4844; baseline -0.001 -16"><span class='ocrx_word' id='word_1_817' title='bbox 1903 4775 2218 4844; x_wconf 88' lang='lat' dir='ltr'><strong>baptismum</strong></span> <span class='ocrx_word' id='word_1_818' title='bbox 2247 4776 2537 4844; x_wconf 84' lang='lat' dir='ltr'><strong>percipere.</strong></span> <span class='ocrx_word' id='word_1_819' title='bbox 2584 4775 2830 4830; x_wconf 80' lang='lat' dir='ltr'><strong>Pastores</strong></span> <span class='ocrx_word' id='word_1_820' title='bbox 2851 4783 3024 4831; x_wconf 84' lang='lat' dir='ltr'><strong>autem</strong></span> <span class='ocrx_word' id='word_1_821' title='bbox 3059 4776 3448 4834; x_wconf 83' lang='lat' dir='ltr'><strong>doctoressunt</strong></span> 
     </span>
    </p>
   </div>
   <div class='ocr_carea' id='block_1_100' title="bbox 1904 4863 3445 4934">
    <p class='ocr_par' dir='ltr' id='par_1_100' title="bbox 1904 4863 3445 4934">
     <span class='ocr_line' id='line_1_100' title="bbox 1904 4863 3445 4934; baseline -0.003 -15"><span class='ocrx_word' id='word_1_822' title='bbox 1904 4864 2171 4928; x_wconf 68' lang='lat' dir='ltr'><strong>Ecclesiae,</strong></span> <span class='ocrx_word' id='word_1_823' title='bbox 2200 4866 2343 4933; x_wconf 90' lang='lat' dir='ltr'><strong>quia,</strong></span> <span class='ocrx_word' id='word_1_824' title='bbox 2382 4872 2562 4918; x_wconf 84' lang='lat' dir='ltr'><strong>amoto</strong></span> <span class='ocrx_word' id='word_1_825' title='bbox 2585 4865 2758 4934; x_wconf 91' lang='lat' dir='ltr'><strong>lapide</strong></span> <span class='ocrx_word' id='word_1_826' title='bbox 2777 4880 2870 4934; x_wconf 88' lang='lat' dir='ltr'><strong>per</strong></span> <span class='ocrx_word' id='word_1_827' title='bbox 2894 4863 3077 4927; x_wconf 69' lang='lat' dir='ltr'><strong>Iacob,</strong></span> <span class='ocrx_word' id='word_1_828' title='bbox 3108 4863 3445 4930; x_wconf 89' lang='lat' dir='ltr'><strong>adaquabant</strong></span> 
     </span>
    </p>
   </div>
   <div class='ocr_carea' id='block_1_101' title="bbox 1901 4949 3479 5028">
    <p class='ocr_par' dir='ltr' id='par_1_101' title="bbox 1901 4949 3479 5028">
     <span class='ocr_line' id='line_1_101' title="bbox 1901 4949 3479 5028; baseline -0.001 -25"><span class='ocrx_word' id='word_1_829' title='bbox 1901 4965 2115 5020; x_wconf 88' lang='lat' dir='ltr'><strong>greges;</strong></span> <span class='ocrx_word' id='word_1_830' title='bbox 2144 4950 2516 5028; x_wconf 86' lang='lat' dir='ltr'><strong>q_uia,Christo</strong></span> <span class='ocrx_word' id='word_1_831' title='bbox 2544 4949 2815 5006; x_wconf 88' lang='lat' dir='ltr'><strong>auferente</strong></span> <span class='ocrx_word' id='word_1_832' title='bbox 2839 4965 3046 5006; x_wconf 89' lang='lat' dir='ltr'><strong>omnem</strong></span> <span class='ocrx_word' id='word_1_833' title='bbox 3081 4949 3444 5004; x_wconf 84' lang='lat' dir='ltr'><strong>inﬁdelitatem</strong></span> <span class='ocrx_word' id='word_1_834' title='bbox 3478 4961 3479 4964; x_wconf 75' lang='lat'>‘</span> 
     </span>
    </p>
   </div>
   <div class='ocr_carea' id='block_1_102' title="bbox 1903 5039 3620 5111">
    <p class='ocr_par' dir='ltr' id='par_1_102' title="bbox 1903 5039 3620 5111">
     <span class='ocr_line' id='line_1_102' title="bbox 1903 5039 3620 5111; baseline -0.001 -18"><span class='ocrx_word' id='word_1_835' title='bbox 1903 5040 1970 5094; x_wconf 89' lang='lat' dir='ltr'><strong>ab</strong></span> <span class='ocrx_word' id='word_1_836' title='bbox 2013 5053 2197 5094; x_wconf 91' lang='lat' dir='ltr'><strong>eorum</strong></span> <span class='ocrx_word' id='word_1_837' title='bbox 2246 5039 2492 5096; x_wconf 88' lang='lat' dir='ltr'><strong>cordibus</strong></span> <span class='ocrx_word' id='word_1_838' title='bbox 2534 5055 2668 5111; x_wconf 87' lang='lat' dir='ltr'><strong>quos</strong></span> <span class='ocrx_word' id='word_1_839' title='bbox 2695 5041 3088 5110; x_wconf 78' lang='lat' dir='ltr'><strong>praedestinavit</strong></span> <span class='ocrx_word' id='word_1_840' title='bbox 3109 5041 3173 5094; x_wconf 88' lang='lat' dir='ltr'><strong>ad</strong></span> <span class='ocrx_word' id='word_1_841' title='bbox 3196 5039 3444 5110; x_wconf 86' lang='lat' dir='ltr'><strong>baptismi</strong></span> <span class='ocrx_word' id='word_1_842' title='bbox 3540 5072 3548 5078; x_wconf 82' lang='grc'><strong>-</strong></span> <span class='ocrx_word' id='word_1_843' title='bbox 3617 5065 3620 5068; x_wconf 84' lang='lat'><strong><em>~</em></strong></span> 
     </span>
    </p>
   </div>
   <div class='ocr_carea' id='block_1_103' title="bbox 1904 5127 3446 5199">
    <p class='ocr_par' dir='ltr' id='par_1_103' title="bbox 1904 5127 3446 5199">
     <span class='ocr_line' id='line_1_103' title="bbox 1904 5127 3446 5199; baseline -0.001 -17"><span class='ocrx_word' id='word_1_844' title='bbox 1904 5135 2290 5183; x_wconf 86' lang='lat' dir='ltr'><strong>sacramentum</strong></span> <span class='ocrx_word' id='word_1_845' title='bbox 2341 5130 2640 5199; x_wconf 87' lang='lat' dir='ltr'><strong>pertinere,</strong></span> <span class='ocrx_word' id='word_1_846' title='bbox 2689 5131 2788 5183; x_wconf 88' lang='lat' dir='ltr'><strong>rite</strong></span> <span class='ocrx_word' id='word_1_847' title='bbox 2837 5128 3114 5184; x_wconf 85' lang='lat' dir='ltr'><strong>credentes</strong></span> <span class='ocrx_word' id='word_1_848' title='bbox 3161 5127 3446 5182; x_wconf 84' lang='lat' dir='ltr'><strong>abluuntur</strong></span> 
     </span>
    </p>
   </div>
   <div class='ocr_carea' id='block_1_104' title="bbox 1905 5214 3445 5285">
    <p class='ocr_par' dir='ltr' id='par_1_104' title="bbox 1905 5214 3445 5285">
     <span class='ocr_line' id='line_1_104' title="bbox 1905 5214 3445 5285; baseline 0 -18"><span class='ocrx_word' id='word_1_849' title='bbox 1905 5215 2040 5269; x_wconf 89' lang='lat' dir='ltr'><strong>unda</strong></span> <span class='ocrx_word' id='word_1_850' title='bbox 2069 5214 2468 5283; x_wconf 88' lang='lat' dir='ltr'><strong>puriﬁcationis.</strong></span> <span class='ocrx_word' id='word_1_851' title='bbox 2502 5214 2632 5283; x_wconf 84' lang='lat' dir='ltr'><strong>Item</strong></span> <span class='ocrx_word' id='word_1_852' title='bbox 2658 5230 2791 5285; x_wconf 82' lang='lat' dir='ltr'><strong>aqua</strong></span> <span class='ocrx_word' id='word_1_853' title='bbox 2819 5214 2961 5284; x_wconf 90' lang='lat' dir='ltr'><strong>putei</strong></span> <span class='ocrx_word' id='word_1_854' title='bbox 2987 5215 3247 5282; x_wconf 82' lang='lat' dir='ltr'><strong>signiﬁcat</strong></span> <span class='ocrx_word' id='word_1_855' title='bbox 3274 5215 3445 5269; x_wconf 85' lang='lat' dir='ltr'><strong>scien-</strong></span> 
     </span>
    </p>
   </div>
   <div class='ocr_carea' id='block_1_105' title="bbox 1891 5296 3441 5371">
    <p class='ocr_par' dir='ltr' id='par_1_105' title="bbox 1891 5296 3441 5371">
     <span class='ocr_line' id='line_1_105' title="bbox 1891 5296 3441 5371; baseline -0.002 -15"><span class='ocrx_word' id='word_1_856' title='bbox 1891 5304 2029 5356; x_wconf 43' lang='lat' dir='ltr'><strong>‘tiam</strong></span> <span class='ocrx_word' id='word_1_857' title='bbox 2059 5302 2266 5357; x_wconf 75' lang='lat' dir='ltr'><strong>Veteris</strong></span> <span class='ocrx_word' id='word_1_858' title='bbox 2296 5301 2637 5364; x_wconf 83' lang='lat' dir='ltr'><strong>Testamenti,</strong></span> <span class='ocrx_word' id='word_1_859' title='bbox 2665 5317 2821 5370; x_wconf 89' lang='lat' dir='ltr'><strong>quam</strong></span> <span class='ocrx_word' id='word_1_860' title='bbox 2849 5303 2977 5371; x_wconf 90' lang='lat' dir='ltr'><strong>lapis</strong></span> <span class='ocrx_word' id='word_1_861' title='bbox 3002 5296 3293 5366; x_wconf 75' lang='lat' dir='ltr'><strong>claudebat,</strong></span> <span class='ocrx_word' id='word_1_862' title='bbox 3320 5301 3441 5370; x_wconf 90' lang='lat' dir='ltr'><strong>quia</strong></span> 
     </span>
    </p>
   </div>
   <div class='ocr_carea' id='block_1_106' title="bbox 1902 5389 3441 5460">
    <p class='ocr_par' dir='ltr' id='par_1_106' title="bbox 1902 5389 3441 5460">
     <span class='ocr_line' id='line_1_106' title="bbox 1902 5389 3441 5460; baseline -0.001 -18"><span class='ocrx_word' id='word_1_863' title='bbox 1902 5391 2078 5445; x_wconf 88' lang='lat' dir='ltr'><strong>littera</strong></span> <span class='ocrx_word' id='word_1_864' title='bbox 2103 5391 2233 5460; x_wconf 77' lang='lat' dir='ltr'><strong>legis</strong></span> <span class='ocrx_word' id='word_1_865' title='bbox 2263 5406 2474 5446; x_wconf 85' lang='lat' dir='ltr'><strong>sensum</strong></span> <span class='ocrx_word' id='word_1_866' title='bbox 2509 5391 2829 5459; x_wconf 88' lang='lat' dir='ltr'><strong>spiritualem</strong></span> <span class='ocrx_word' id='word_1_867' title='bbox 2877 5392 2928 5444; x_wconf 92' lang='lat' dir='ltr'><strong>in</strong></span> <span class='ocrx_word' id='word_1_868' title='bbox 2972 5405 3035 5444; x_wconf 89' lang='lat' dir='ltr'><strong>eo</strong></span> <span class='ocrx_word' id='word_1_869' title='bbox 3072 5389 3301 5454; x_wconf 74' lang='lat' dir='ltr'><strong>celabat;</strong></span> <span class='ocrx_word' id='word_1_870' title='bbox 3350 5389 3441 5441; x_wconf 88' lang='lat' dir='ltr'><strong>sed</strong></span> 
     </span>
    </p>
   </div>
   <div class='ocr_carea' id='block_1_107' title="bbox 1900 5477 3438 5550">
    <p class='ocr_par' dir='ltr' id='par_1_107' title="bbox 1900 5477 3438 5550">
     <span class='ocr_line' id='line_1_107' title="bbox 1900 5477 3438 5550; baseline -0.004 -15"><span class='ocrx_word' id='word_1_871' title='bbox 1900 5483 2144 5536; x_wconf 90' lang='lat' dir='ltr'><strong>veniente</strong></span> <span class='ocrx_word' id='word_1_872' title='bbox 2177 5481 2390 5537; x_wconf 81' lang='lat' dir='ltr'><strong>Christo</strong></span> <span class='ocrx_word' id='word_1_873' title='bbox 2432 5481 2565 5550; x_wconf 88' lang='lat' dir='ltr'><strong>lapis</strong></span> <span class='ocrx_word' id='word_1_874' title='bbox 2603 5489 2836 5536; x_wconf 89' lang='lat' dir='ltr'><strong>remotus</strong></span> <span class='ocrx_word' id='word_1_875' title='bbox 2864 5488 2968 5544; x_wconf 88' lang='lat' dir='ltr'><strong>est,</strong></span> <span class='ocrx_word' id='word_1_876' title='bbox 2994 5495 3112 5534; x_wconf 89' lang='lat' dir='ltr'><strong>cum</strong></span> <span class='ocrx_word' id='word_1_877' title='bbox 3138 5491 3232 5547; x_wconf 90' lang='lat' dir='ltr'><strong>per</strong></span> <span class='ocrx_word' id='word_1_878' title='bbox 3255 5477 3438 5545; x_wconf 64' lang='lat' dir='ltr'><strong>praedi-</strong></span> 
     </span>
    </p>
   </div>
   <div class='ocr_carea' id='block_1_108' title="bbox 1899 5567 3440 5639">
    <p class='ocr_par' dir='ltr' id='par_1_108' title="bbox 1899 5567 3440 5639">
     <span class='ocr_line' id='line_1_108' title="bbox 1899 5567 3440 5639; baseline -0.005 -12"><span class='ocrx_word' id='word_1_879' title='bbox 1899 5574 2160 5627; x_wconf 90' lang='lat' dir='ltr'><strong>cationem</strong></span> <span class='ocrx_word' id='word_1_880' title='bbox 2188 5571 2677 5633; x_wconf 72' lang='lat' dir='ltr'><strong>Novi,Testamenti</strong></span> <span class='ocrx_word' id='word_1_881' title='bbox 2727 5571 2910 5627; x_wconf 87' lang='lat' dir='ltr'><strong>umbra</strong></span> <span class='ocrx_word' id='word_1_882' title='bbox 2955 5569 3081 5639; x_wconf 79' lang='lat' dir='ltr'><strong>legis</strong></span> <span class='ocrx_word' id='word_1_883' title='bbox 3119 5567 3348 5628; x_wconf 70' lang='lat' dir='ltr'><strong>exclusa,</strong></span> <span class='ocrx_word' id='word_1_884' title='bbox 3386 5576 3440 5619; x_wconf 91' lang='lat' dir='ltr'><strong>ct</strong></span> 
     </span>
    </p>
   </div>
   <div class='ocr_carea' id='block_1_109' title="bbox 1907 5661 2807 5731">
    <p class='ocr_par' dir='ltr' id='par_1_109' title="bbox 1907 5661 2807 5731">
     <span class='ocr_line' id='line_1_109' title="bbox 1907 5661 2807 5731; baseline -0.003 -16"><span class='ocrx_word' id='word_1_885' title='bbox 1907 5663 2098 5716; x_wconf 84' lang='lat' dir='ltr'><strong>veritas</strong></span> <span class='ocrx_word' id='word_1_886' title='bbox 2127 5661 2391 5731; x_wconf 83' lang='lat' dir='ltr'><strong>Evangelii</strong></span> <span class='ocrx_word' id='word_1_887' title='bbox 2418 5661 2678 5730; x_wconf 81' lang='lat' dir='ltr'><strong>patefacta</strong></span> <span class='ocrx_word' id='word_1_888' title='bbox 2705 5669 2807 5713; x_wconf 86' lang='lat' dir='ltr'><strong>est.</strong></span> 
     </span>
    </p>
   </div>
  </div>
