3948 6318
496 391 599 445 595

1154 388 1213 444 Β.
1258 388 1505 444 ιιΑΒΑΝι
1544 389 1757 445 ΜᾹυΒΙ
1798 388 2062 445 ARCﬂlEl

2166 385 2455 444 UOGUNT.
2498 385 2777 442 OPERUM
2814 386 2991 441 PARS
3028 387 3067 440 Ι.

3603 386 3708 442 596

564 497 741 551 Adhuc
783 497 1141 565 loquebantur,
1190 503 1236 550 et
1273 512 1386 549 ecce
1412 495 1618 550 .Rachel
1660 496 1885 549 veniebat
1931 512 2048 548 cum
2076 498 2127 555 Α
2149 493 2559 563 contemplativa
2588 493 2692 546 vita
2717 493 2994 563 signatur?
3036 492 3128 547 Lia
3163 495 3357 564 quippe
3389 497 3711 564 interpreta—

496 586 668 639 ovibus
709 584 873 653 patris
913 585 1014 647 sui,
1058 599 1176 636 nam
1209 600 1406 653 gregem
1440 585 1551 651 ipsa
1580 583 1837 651 pascebat.
1882 582 2051 647 Quam

496 692 613 729 cum
638 674 841 728 vidisset
856 672 1039 738 Iacob,
1071 686 1118 729 et
1142 675 1290 727 sciret
1318 674 1673 726 consobrinam
1704 689 1877 737 suam,
1914 689 2054 726 oves-

492 782 592 835 que
616 762 797 818 Laban
820 763 1060 817 avunculi
1093 764 1196 826 sui,
1229 762 1415 814 amovit
1448 761 1693 830 lapidem,
1734 778 1834 831 quo
1872 771 2053 829 puteus

497 853 851 915 claudebatur,
879 862 924 906 et
950 852 1206 921 adaquato
1226 867 1392 920 grege,
1415 850 1677 904 osculatus
1698 861 1772 905 est
1790 868 1935 912 eam;
1955 850 2055 903 ele-

498 953 716 1013 vataque
740 960 855 997 voce
881 944 1035 1011 ﬂevit,
1064 951 1109 994 et
1135 941 1377 994 indicavit
1407 941 1454 995 ei
1473 943 1614 1011 quod
1637 942 1800 1010 frater
1815 950 1941 995 esset
1961 956 2056 1009 pa-

500 1036 595 1087 tris
624 1034 755 1102 ejus,
785 1042 830 1086 et
860 1032 998 1101 ﬁlius
1028 1031 1288 1099 Rebeccte,
1318 1039 1421 1086 etc.
1479 1031 1863 1101 (Augustinus.)
1903 1029 2055 1095 Quod

498 1123 644 1176 venit
677 1120 870 1175 Rachel
915 1136 1035 1175 cum
1083 1121 1270 1175 ovibus
1310 1120 1478 1188 patris
1524 1121 1623 1183 sui,
1664 1129 1719 1173 et
1753 1120 1883 1173 dicit
1913 1119 2056 1173 Scri-

499 1220 655 1281 ptura
681 1209 821 1279 quod
848 1225 968 1264 cum
1003 1209 1220 1263 vidisset
1255 1207 1418 1261 Jacob
1455 1208 1656 1262 Rachel
1687 1207 1846 1261 tiliam
1875 1207 2055 1261 Laban

500 1299 684 1353 fratris
731 1299 920 1353 matris
952 1314 1082 1361 sum,
1118 1297 1340 1352 accessit
1375 1304 1430 1350 et
1459 1296 1687 1351 revolvit
1723 1297 1947 1366 lapidem
1989 1298 2057 1351 ab

498 1402 593 1441 ore
629 1387 795 1455 putei,
842 1386 1011 1456 magis
1060 1384 1348 1438 notandum
1388 1392 1473 1438 est
1509 1384 1708 1452 aliquid
1729 1382 2057 1454 Scripturam

498 1479 927 1549 praetermittere,
963 1476 1101 1545 quod
1135 1475 1426 1546 intelligere
1456 1476 1730 1540 debemus,
1766 1490 1926 1544 quam
1953 1475 2058 1528 ulla

498 1569 720 1637 qumstio
741 1567 1134 1622 commovenda.
1179 1566 1398 1637 lntelligi
1408 1575 1491 1620 tur
1513 1567 1653 1621 enim
1680 1568 1818 1635 quod
1843 1566 1915 1620 illi
1936 1581 2057 1620 cum

500 1658 694 1729 quibus
746 1658 917 1727 primo
976 1656 1291 1725 loquebatur
1332 1654 1526 1718 Iacob,
1576 1646 1891 1725 interrogati
1940 1670 2059 1724 qua:

501 1755 643 1803 esset
668 1761 785 1816 qua:
811 1746 1056 1801 veniebat
1078 1761 1198 1800 cum
1228 1744 1435 1811 ovibus,
1478 1745 1575 1814 ipsi
1608 1746 1856 1800 dixerunt
1896 1744 2057 1815 ﬁliam

2153 591 2241 636 tur
2262 583 2540 646 laboriosa,
2564 583 2761 637 Rachel
2789 600 2917 637 vero
2945 585 3071 647 ovis,
3099 584 3179 637 vel
3204 587 3339 638 visus
3373 587 3706 655 principium.

2151 672 2335 725 Activa
2382 681 2556 726 autem
2599 673 2708 725 vita
2752 673 3013 727 laboriosa
3055 681 3173 736 est,
3217 675 3340 742 quia
3373 652 3711 730 vdesudat’in

2150 774 2332 829 opere.
2380 760 2797 830 Contemplativa
2823 777 2950 816 vero
2973 763 3213 829 simplex,
3238 764 3303 816 ad
3335 764 3507 818 solum
3533 767 3716 820 viden-

2154 850 2277 903 dum
2315 849 2634 918 principium
2692 850 2936 915 anhelat,
2975 852 3219 905 videlicet
3261 853 3432 920 ipsum
3468 855 3560 921 qui
3594 856 3709 909 ait:

2156 938 2268 1007 Ego
2307 940 2634 1009 principium,
2675 951 2882 1009 propter
2906 942 3041 1011 quod
3068 951 3113 995 et
3153 941 3334 1010 loquor
3361 941 3501 994 vobis
3530 940 3713 1010 (Ioan.

2155 1027 2537 1105 vm).vBeatus
2571 1036 2745 1080 autem
2773 1026 2936 1082 Iacob
2964 1028 3161 1082 Rachel
3185 1029 3398 1097 quidem
3421 1031 3713 1098 concupie-

2156 1124 2261 1179 rat,
2290 1116 2380 1170 sed
2411 1116 2463 1169 in
2486 1126 2639 1171 nocte
2664 1117 2866 1185 accepit
2891 1116 3063 1182 Liam,
3107 1119 3230 1185 quia
3267 1115 3514 1172 videlicet
3538 1121 3717 1172 omnis

2155 1208 2245 1275 qui
2267 1209 2597 1262 convertitur
2628 1210 2691 1261 ad
2724 1209 3002 1279 Dominum
3044 1211 3509 1279 contemplativam
3551 1212 3716 1265 vitam

2156 1300 2445 1364 desiderat,
2468 1302 2700 1368 quietem
2724 1309 2937 1354 aeternae
2958 1302 3143 1371 patriae
3174 1304 3392 1371 appetit,
3435 1302 3529 1356 sed
3570 1302 3717 1366 prius

2159 1405 2375 1445 necesse
2398 1400 2478 1445 est
2500 1392 2631 1444 utin
2655 1400 2810 1445 nocte
2835 1391 2957 1445 vita:
2992 1392 3268 1464 pratsentis
3294 1386 3550 1461 operetur
3578 1392 3716 1443 bona

2158 1494 2275 1547 qua:
2300 1486 2495 1548 potest,
2518 1480 2741 1533 desudct
2775 1481 2829 1533 in
2862 1478 3065 1544 labore,
3094 1480 3145 1533 id
3166 1488 3268 1543 est,
3291 1478 3441 1533 Liam
3464 1478 3715 1545 accipiat,

2159 1576 2217 1623 ut
2238 1576 2378 1638 post,
2406 1569 2473 1622 ad
2497 1568 2774 1622 videndum
2796 1568 3136 1637 principium,
3160 1568 3214 1621 in
3233 1567 3431 1623 Rachel
3453 1567 3716 1637 amplexi-

2158 1660 2259 1713 bus
2280 1659 2597 1727 requiescat.

2230 1748 2361 1802 Erat
2402 1758 2574 1802 autem
2612 1746 2804 1801 Rachel
2842 1747 3016 1803 videns
3054 1755 3102 1801 et
3146 1747 3368 1810 sterilis;
3408 1742 3522 1800 Lia’
3544 1756 3716 1800 autem

498 1850 620 1890 esse
652 1811 853 1890 habnn.
908 1835 1077 1902 Quam
1113 1836 1297 1904 utique
1335 1811 1651 1890 Iacob—non
1687 1843 1927 1899 noverat,
1964 1811 2056 1889 sed
2084 1819 2129 1878 Β
2158 1838 2316 1909 lippa,
2346 1838 2436 1892 sed
2459 1838 2699 1907 fecunda.
2722 1837 2921 1921 Rachel
2945 1836 3241 1913 pulchra‘et
3264 1835 3565 1901 infecunda,
3588 1838 3717 1905 quia

497 1925 641 1979 illius
666 1924 1133 1994 interrogationem
1157 1924 1661 1993 responsionemque
1683 1924 1889 1979 illorum
1912 1924 2058 1979 Scri-

498 2022 656 2081 ptura
688 2014 1101 2083 prcetermittens
1144 2013 1367 2083 intelligi
1406 2013 1573 2067 voluit
1607 2014 1745 2081 quod
1799 2014 2055 2084 scriptum

499 2111 582 2158 est
613 2120 625 2155 :

572 2192 847 2248 Osculatus
881 2204 954 2247 est
996 2192 1161 2247 Iacob
1202 2192 1411 2256 Rachel,
1437 2203 1483 2246 et
1504 2194 1800 2247 exclamans
1823 2210 1942 2248 voce
1962 2212 2057 2249 sua

498 2281 654 2349 ﬂevit,
687 2290 733 2334 et
762 2281 1002 2334 indicavit
1032 2282 1168 2351 quod
1197 2281 1360 2349 frater
1376 2292 1504 2335 esset
1522 2284 1683 2351 patris
1712 2284 1848 2352 ejus,
1870 2294 1917 2337 et
1936 2285 2059 2353 quia

500 2370 638 2438 ﬁlius
668 2370 922 2424 Rebeccm.
966 2370 1374 2426 Consuetudinis
1413 2372 1624 2440 quidem
1666 2372 1784 2436 fuit,
1830 2374 2060 2427 maxime

501 2461 555 2514 in
590 2459 677 2513 illa
708 2460 1044 2528 simplicitate
1066 2461 1426 2529 antiquorum,
1457 2470 1515 2513 ut
1542 2462 1819 2531 pr0piuqui
1842 2464 2057 2532 propin—

501 2567 636 2621 quos
660 2552 1049 2616 oscularentur,
1080 2560 1133 2606 et
1158 2552 1258 2607 hoc
1294 2552 1453 2607 hodie
1485 2552 1544 2606 ﬁt
1584 2553 1636 2605 in
1682 2553 1862 2609 multis
1906 2554 2054 2609 locis.

500 2644 607 2700 Sed
651 2645 815 2714 qumri
858 2653 1031 2713 potest
1066 2645 1331 2714 quomodo
1369 2646 1436 2700 ab
1474 2646 1742 2716 incognito
1778 2647 1865 2700 illa
1891 2663 2057 2701 oscu-

501 2736 611 2790 lum
650 2736 935 2815 acceperit,
969 2736 1059 2789 sed
1080 2743 1263 2803 postea
1287 2734 1543 2789 indicavit
1558 2735 1725 2790 Jacob
1752 2736 2061 2806 propinqui-

502 2837 665 2882 tatem
698 2841 866 2879 suam.
910 2826 1050 2895 Ergo
1079 2825 1472 2896 intelligendum
1508 2836 1589 2879 est
1626 2833 1719 2879 aut
1761 2826 1926 2889 illum,
1968 2824 2060 2894 qui

498 2915 608 2985 jam
635 2914 861 2969 audierit
882 2930 998 2983 qua:
1023 2913 1109 2966 illa
1133 2921 1302 2976 esset,
1337 2913 1664 2968 conﬁdenter
1690 2915 1743 2967 in
1766 2912 1881 2982 ejus
1905 2928 2062 2967 oscu-

504 3006 613 3058 lum
639 3003 881 3067 irruisse,
907 3010 1009 3073 aut
1025 3010 1207 3072 postea
1231 3002 1560 3071 Scripturam
1591 3016 1838 3057 narrasse
1862 3015 1958 3071 per
1979 3016 2061 3055 re-

508 3092 959 3162 capitulationem,
982 3080 1119 3160 quod
1143 3091 1315 3159 primo
1337 3089 1536 3144 factum
1562 3098 1697 3153 erat,
1722 3090 1774 3143 id
1792 3100 1893 3155 est,
1919 3090 2062 3159 quod

511 3183 836 3238 Indicaverat
870 3181 1035 3237 Iacob
1058 3182 1177 3251 quis
1200 3188 1362 3246 esset,
1385 3181 1523 3235 sicut
1558 3180 1622 3234 de
1651 3179 1899 3248 paradiso
1918 3187 2062 3247 post-

504 3290 567 3330 ea
596 3276 809 3339 dicitur,
838 3274 1103 3345 quomodo
1136 3274 1275 3328 Deus
1302 3289 1423 3333 eum
1464 3271 1787 3335 instituerit,
1815 3285 1937 3326 cum
1952 3270 2065 3340 jam

502 3365 700 3420 dictum
738 3372 879 3419 esset
914 3363 1054 3432 quod
1090 3363 1346 3433 plantavit
1385 3362 1713 3432 paradisum,
1744 3370 1798 3415 et
1828 3361 2067 3430 posuerit

503 3454 610 3510 illic
636 3454 928 3518 hominem,
958 3468 1117 3523 quem
1146 3454 1391 3518 ﬁnxerat,
1412 3460 1466 3507 et
1485 3450 1645 3506 multa
1673 3466 1770 3519 per
1800 3451 2067 3521 recapitu-

510 3543 761 3597 lationem
783 3542 925 3597 dicta
956 3541 1337 3611 intelliguntur.

1078 3651 1302 3708 CAPUT
1350 3652 1486 3707 XVI.

505 3744 583 3798 De
618 3744 863 3815 servitute
890 3744 1052 3798 Iacob
1076 3784 1089 3805 ,
1128 3761 1237 3815 qua,
1264 3746 1475 3815 servivit
1520 3744 1700 3815 Laban
1731 3761 1824 3815 pro
1862 3742 2071 3815 duabus

572 3814 780 3949 filiabus
816 3814 928 3881 ejus
957 3853 972 3880 ,
1020 3823 1066 3867 et
1109 3813 1483 3883 signiﬁcatione
1516 3813 1739 3883 mystica
1767 3814 2066 3869 earumdem

635 3898 803 3935 tarum

635 3898 803 3935 tarum

506 4057 511 4061 ‘
578 3995 809 4049 Habebat
859 4012 974 4049 vero
1022 3996 1200 4049 Laban
1246 3995 1385 4063 ﬁlias
1427 3996 1558 4050 duas
1590 4016 1606 4049 :
1634 4014 1817 4051 nomen
1848 3998 2066 4067 majoris

508 4086 633 4149 Lia,
662 4086 831 4139 minor
852 4084 1206 4154 appellabatur
1226 4085 1434 4139 Rachel.
1488 4084 1593 4140 Sed
1632 4085 1728 4139 Lia
1767 4088 1918 4156 lippis
1954 4096 2067 4140 erat

506 4176 689 4230 oculis.
731 4175 919 4229 Rachel
944 4175 1129 4229 decora
1152 4175 1283 4244 facie
1310 4186 1357 4229 et
1386 4186 1594 4230 venusto
1615 4188 1844 4246 aspectu.
1897 4177 2068 4241 Quam

507 4267 725 4336 diligens
750 4264 934 4330 Iacob,
967 4266 1079 4318 ait:
1108 4264 1338 4319 Servium
1368 4266 1459 4318 tibi
1494 4282 1586 4335 pro
1616 4266 1806 4320 Rachel
1831 4268 1944 4335 ﬁlia
1976 4278 2067 4322 tua

508 4360 705 4409 minore
747 4364 936 4425 septem
981 4355 1151 4408 annis.
1190 4353 1470 4423 Respondit
1510 4354 1689 4409 Laban
1718 4372 1736 4409 :
1768 4356 1954 4410 Melius
1993 4366 2069 4410 est

2159 1930 2410 1985 nimirum
2440 1944 2588 1985 mens
2614 1912 3160 1997 quaacontemplando
3196 1928 3303 1982 otia
3341 1929 3559 1997 appetit,
3596 1927 3718 1996 plus

2156 2024 2320 2088 videt,
2348 2022 2439 2076 sed
2460 2022 2633 2075 minus
2661 2021 2769 2095 Ι)φο
2800 2020 2936 2074 ﬁlios
2959 2028 3198 2091 generat.
3239 2020 3369 2074 Cum
3399 2034 3528 2075 vero
3549 2019 3615 2074 ad
3639 2018 3718 2072 la-

2158 2113 2342 2167 borem
2367 2126 2425 2166 se
2444 2110 2836 2179 praedicationis
2858 2110 3055 2179 dirigit,
3084 2110 3260 2163 minus
3292 2108 3456 2171 videt,
3482 2109 3578 2162 sed
3603 2123 3718 2160 am-

2158 2202 2296 2271 plius
2336 2202 2493 2272 parit.
2544 2199 2960 2268 Contemplativa
3001 2215 3126 2269 ergo
3152 2200 3259 2253 vita
3292 2201 3530 2268 speciosa
3556 2207 3641 2253 est
3664 2199 3715 2251 in

2161 2294 2369 2356 animo;
2415 2291 2505 2345 sed
2545 2289 2668 2344 dum
2710 2290 2985 2359 quiescere
3016 2290 3070 2343 in
3101 2289 3313 2344 silentio
3332 2290 3555 2359 appetit,
3580 2289 3715 2343 ﬁlios

2160 2396 2267 2435 non
2314 2386 2531 2449 generat
2575 2393 2639 2432 ex
2684 2379 3075 2447 praedicatione.
3122 2377 3277 2433 Videt
3317 2389 3371 2433 et
3414 2394 3521 2433 non
3556 2380 3712 2448 parit,

2162 2473 2286 2541 quia
2312 2471 2505 2541 quietis
2529 2484 2637 2525 sua:
2657 2469 2832 2523 studio
2858 2469 3031 2523 minus
3054 2484 3111 2523 se
3134 2469 3186 2523 in
3207 2470 3429 2524 aliorum
3452 2469 3717 2527 colleeu'o-

2161 2577 2282 2617 nem
2304 2560 2593 2624 succendit,
2615 2569 2668 2615 et
2688 2566 2948 2629 quantum
2974 2560 3263 2615 introrsum
3287 2560 3571 2629 conspicit,
3596 2575 3718 2629 ape-

2162 2652 2269 2707 rire
2289 2652 2408 2705 aliis
2428 2651 2762 2709 praedicando
2798 2666 2902 2704 non
2940 2647 3147 2709 sullicit.
3192 2649 3287 2703 Lia
3323 2664 3452 2703 vero
3489 2649 3630 2719 lippa
3666 2654 3720 2702 et

2164 2741 2386 2797 fecunda
2408 2750 2507 2805 est,
2535 2741 2657 2810 quia
2682 2740 2853 2793 activa
2876 2740 2984 2792 vita
3009 2739 3133 2792 dum
3154 2748 3443 2807 occupatur
3462 2739 3514 2791 in
3537 2752 3717 2806 opere,

2163 2832 2338 2886 minus
2362 2831 2533 2894 videt,
2556 2829 2648 2883 sed
2674 2830 2798 2883 dum
2824 2829 2980 2883 modo
3020 2843 3115 2896 per
3149 2828 3387 2890 verbum,
3428 2826 3587 2880 modo
3623 2839 3720 2894 per

2162 2919 2484 2989 exemplum,
2510 2919 2574 2995 ad
2600 2917 2943 2971 imitationem
2976 2931 3125 2970 suam
3156 2915 3428 2984 proximos
3453 2915 3717 2977 accendit,

2164 3009 2355 3063 multos
2384 3010 2435 3063 in
2457 3009 2597 3062 bono
2621 3022 2781 3075 opere
2804 3006 2940 3062 filios
2959 3016 3203 3077 generat;
3228 3015 3282 3061 et
3306 3006 3349 3060 si
3390 3006 3445 3059 in
3476 3014 3717 3059 contem-

2163 3099 2396 3168 platione
2448 3105 2677 3151 mentem
2729 3105 2906 3150 tenere
2935 3111 3057 3163 {non
3111 3095 3281 3159 valet,
3318 3111 3388 3150 ex
3418 3110 3497 3153 eo
3541 3103 3719 3149 tamen

2164 3188 2305 3256 quod
2331 3187 2441 3257 agit
2466 3186 2700 3240 exterius
2724 3186 2937 3253 gignere
2961 3198 3219 3251 sequaces
3248 3183 3405 3236 valet.
3453 3182 3581 3237 Post
3615 3182 3721 3237 Lia:

2162 3290 2292 3347 ergo
2319 3275 2625 3345 complexus
2668 3276 2731 3327 ad
2759 3273 3041 3327 Rachelem
3074 3272 3237 3327 Iawb
3272 3273 3537 3343 pervenit,
3577 3271 3720 3340 quod

2162 3367 2399 3435 profecto
2440 3364 2662 3433 quisque
2704 3372 2827 3416 ante
2863 3364 3048 3416 activa:
3088 3363 3210 3415 vitae
3244 3363 3309 3416 ad
3341 3362 3719 3417 fecunditatem

2155 3452 2418 3525 jungitur,
2458 3463 2511 3507 et
2548 3460 2667 3521 post
2701 3450 3122 3519 contemplativa:
3160 3450 3227 3504 ad
3268 3450 3506 3519 requiem
3552 3465 3717 3519 copu-

2163 3546 2327 3599 latur.

2233 3635 2398 3689 Facto
2426 3651 2574 3688 mane
2603 3635 2723 3688 vidit
2754 3633 2917 3687 Iacob
2938 3632 3111 3697 Liam,
3141 3643 3188 3686 et
3215 3632 3342 3686 dixit
3380 3632 3448 3684 ad
3487 3648 3721 3685 socerum

2163 3744 2313 3781 suum
2336 3741 2353 3777 :
2383 3726 2519 3791 Quid
2545 3735 2616 3779 est
2642 3726 2777 3793 quod
2798 3723 2964 3793 facere
2987 3724 3190 3777 voluisti
3212 3724 3236 3777 ?
3284 3722 3471 3776 Nonne
3499 3739 3593 3791 pro
3614 3721 3723 3773 Ra-

2165 3816 2274 3871 chel
2300 3816 2477 3870 servivi
2503 3815 2640 3867 tibi?
2683 3813 2855 3879 Quare
2902 3805 3191 3881 imposuisti
3235 3812 3407 3864 mihi?
3443 3809 3725 3880 Respondit

2164 3906 2344 3961 Laban
2370 3920 2387 3957 :
2420 3905 2540 3958 Non
2562 3914 2635 3958 est
2662 3905 2714 3957 in
2740 3903 2852 3957 loco
2880 3914 3054 3957 nostro
3080 3903 3463 3956 consuetudinis
3486 3912 3541 3954 ut
3561 3902 3724 3954 mino-

2166 4015 2246 4051 res
2280 4006 2397 4051 ante
2430 3996 2696 4048 tradamus
2742 3994 2809 4047 ad
2857 3994 3083 4063 nuptias.
3140 3990 3306 4061 Imple
3348 3992 3722 4044 hebdomadam

2166 4087 2365 4139 dierum
2390 4085 2547 4153 hujus
2569 4081 2786 4153 copulte,
2813 4093 2859 4135 et
2886 4083 3018 4135 hanc
3048 4097 3247 4151 quoque
3285 4080 3418 4132 dabo
3452 4080 3545 4131 tibi
3576 4095 3725 4147 opere

2165 4193 2265 4247 quo
2297 4176 2575 4229 serviturus
2604 4190 2655 4227 es
2684 4172 2808 4224 mihi
2844 4182 3030 4241 septem
3066 4172 3217 4225 annis
3262 4170 3400 4222 aliis.
3458 4168 3725 4246 Acquievit

2166 4265 2377 4335 placito,
2400 4271 2465 4324 et,
2492 4260 2810 4314 hebdomada
2845 4268 3128 4321 transacta,
3168 4256 3357 4311 Racltel
3396 4256 3548 4309 duxit
3587 4271 3720 4307 uxo-

2169 4372 2294 4417 rem,
2318 4354 2401 4407 cui
2421 4363 2566 4423 pater
2590 4366 2787 4404 servam
2816 4348 2999 4402 Balam
3030 4347 3257 4410 dederat,
3299 4353 3404 4401 etc.
3458 4344 3593 4399 Non
3619 4344 3720 4413 igi-

510 4458 564 4498 nt
592 4446 683 4498 tibi
716 4462 826 4498 eam
867 4445 1004 4507 dem,
1031 4459 1184 4512 quam
1216 4444 1320 4496 viro
1358 4442 1541 4507 alteri;
1586 4460 1738 4496 mane
1780 4445 1917 4513 apud
1965 4462 2062 4499 me.
2095 4470 2143 4526 ι)
2170 4454 2276 4509 tur,
2308 4453 2365 4498 ut
2390 4443 2602 4513 quidam
2641 4439 2777 4494 male
2817 4440 3102 4503 mstimant,
3145 4445 3264 4507 post
3309 4445 3513 4505 septem
3557 4451 3724 4490 annos

511 4535 725 4590 Servivit
754 4535 913 4602 igitur
935 4534 1096 4587 Iacob
1117 4551 1209 4602 pro
1238 4533 1428 4586 Rachel
1450 4546 1638 4603 septem
1659 4536 1831 4599 annis,
1860 4545 1906 4589 et
1930 4537 2067 4589 vide-

508 4613 698 4683 bantur
717 4623 793 4677 illi
809 4625 961 4693 pauci
990 4625 1097 4677 dies
1122 4640 1227 4692 pra:
1262 4625 1452 4677 amoris
1480 4625 1852 4693 magnitudine.
1898 4626 2067 4678 Dixit-

512 4731 607 4782 que
636 4714 701 4766 ad
726 4713 903 4766 Laban
930 4730 947 4765 :
976 4712 1055 4765 Da
1086 4713 1209 4766 mihi
1239 4729 1457 4765 uxorem.
1484 4730 1672 4778 meam,
1705 4715 1827 4783 quia
1870 4716 2067 4780 tempus

510 4800 765 4869 expletum
795 4810 867 4853 est
893 4810 947 4853 ut
981 4800 1243 4869 ingrediar
1269 4800 1337 4851 ad
1360 4816 1490 4852 eam.
1519 4799 1643 4865 Qui,
1674 4804 1864 4854 vocatis
1892 4802 2067 4873 multis

514 4890 794 4941 amicorum
836 4890 1002 4943 turbis
1046 4890 1115 4970 ad
1152 4888 1457 4952 convivium,
1496 4888 1613 4955 fecit
1640 4892 1877 4958 nuptias;
1908 4900 1954 4943 et
1980 4908 2063 4943 ve-

513 4995 657 5047 spere
679 4977 843 5044 ﬁliam
868 4994 1013 5029 suam
1042 4976 1188 5029 Liam
1224 4976 1512 5052 introduxit
1537 4977 1605 5028 ad
1635 4992 1773 5039 eum,
1815 4977 1946 5029 dans
1981 4994 2071 5029 an-

515 5071 688 5125 cillam
718 5069 842 5135 ﬁlia:
870 5066 1113 5135 Zelpham
1133 5069 1356 5131 nomine,
1378 5076 1480 5121 etc.
1525 5067 1674 5133 Quod
1692 5067 1945 5135 scriptum
1967 5075 2066 5129 est,

514 5171 568 5216 et
592 5159 810 5215 servivit
831 5156 995 5211 Iacob
1024 5172 1119 5225 pm
1156 5152 1351 5212 Rachel
1381 5158 1536 5211 annis
1564 5167 1787 5226 septem,
1830 5166 1883 5211 et
1917 5164 2073 5211 erant

518 5254 571 5305 in
594 5258 883 5324 conspectu
906 5246 1022 5315 ejus
1045 5245 1187 5299 velut
1203 5246 1356 5313 pauci
1380 5244 1513 5310 dies,
1548 5261 1612 5300 eo
1642 5246 1783 5314 quod
1822 5245 2073 5315 diligebat

517 5359 655 5406 eam,
698 5340 1038 5410 qumrendum
1077 5338 1339 5406 quomodo
1370 5338 1568 5393 dictum
1611 5337 1701 5401 sit,
1742 5351 1863 5389 cum
1906 5337 2073 5405 magis

519 5435 679 5487 etiam
722 5432 878 5485 breve
923 5438 1131 5497 tempus
1165 5427 1375 5495 longum
1414 5428 1531 5480 esse
1560 5426 2069 5481 soleatamantihu’s.

521 5523 725 5575 Dictum
749 5529 978 5589 estergo
1006 5526 1223 5588 propter
1245 5517 1477 5571 laborem
1500 5518 1795 5580 servitutis,
1816 5532 1973 5585 quem
1998 5515 2074 5568 fa-

519 5612 670 5665 cilem
709 5623 762 5665 et
796 5610 961 5664 levem
996 5625 1145 5663 amor
1191 5606 1430 5661 faciebat.
1477 5606 1611 5670 Quid
1651 5607 1702 5658 in
1748 5607 1832 5659 his
1871 5605 2074 5659 duabus

521 5702 771 5754 uxoribus
791 5699 967 5763 Iacob,
992 5698 1083 5751 Lia
1111 5696 1357 5757 videlicet
1378 5703 1429 5747 et
1450 5692 1668 5757 Rachel,
1694 5692 1794 5746 nisi
1826 5694 1998 5746 activa
2023 5702 2073 5745 et

2170 4536 2301 4589 alios
2325 4533 2523 4587 Rachel
2551 4531 2750 4598 accepit
2790 4545 3029 4591 uxorem,
3078 4528 3171 4582 sed
3216 4535 3345 4596 post
3375 4539 3579 4595 septem
3611 4528 3724 4580 dies

2172 4623 2473 4691 nuptiarum
2499 4620 2678 4671 uxoris
2699 4618 2902 4685 primae.
2949 4616 3078 4669 Nam
3122 4617 3399 4683 sequitur:
3430 4615 3496 4667 Et
3536 4617 3722 4683 ingres-

2170 4728 2258 4764 sus
2284 4721 2355 4762 est
2380 4708 2445 4761 ad
2476 4705 2689 4768 Rachel,
2712 4715 2757 4757 et
2779 4704 2958 4757 dilea‘it
2982 4699 3173 4757 Rachel
3194 4704 3355 4773 magis
3375 4720 3531 4772 quam
3551 4703 3719 4767 Liam,

2172 4810 2217 4855 et
2243 4800 2440 4853 servivit
2466 4798 2514 4851 ei
2542 4806 2727 4865 septem
2750 4797 2898 4848 annis
2924 4796 3061 4848 aliis.

2726 4883 2949 4939 CAPUT
3012 4883 3170 4937 XVII.

2179 4977 2253 5029 De
2291 4976 2613 5045 generatione
2646 4973 2867 5041 ﬁliorum
2898 4966 3060 5023 Iacob
3096 4988 3159 5024 ea:
3195 4982 3418 5039 quatuor
3457 4971 3717 5023 uxoribus.

2256 5063 2440 5116 Videas
2462 5063 2711 5113 Dominus
2730 5061 2865 5128 quod
2890 5058 3164 5127 despiceret
3195 5059 3365 5122 Liam,
3386 5060 3585 5127 operuit
3620 5059 3725 5111 vul-

2176 5168 2291 5207 vam
2317 5151 2450 5219 ejus,
2479 5164 2652 5201 sorore
2686 5147 2849 5200 sterili
2885 5156 3228 5215 permanente.
3277 5145 3405 5209 Quae
3432 5156 3723 5215 conceptum

2175 5242 2345 5311 genuit
2360 5240 2548 5309 ﬁlium,
2573 5235 2864 5303 vocavitque
2889 5250 3069 5287 nomen
3097 5234 3208 5302 ejus
3241 5233 3438 5296 Ruben,
3460 5241 3566 5286 etc.
3597 5233 3717 5288 Om-

2178 5332 2321 5385 nium
2348 5328 2795 5399 patriarcharum,
2824 5331 3037 5392 prOpter
3066 5322 3434 5389 compendium
3462 5318 3721 5381 lectionis,

2176 5419 2519 5489 etymologias
2556 5415 2827 5470 nominum
2869 5412 2986 5465 volo
3020 5408 3220 5480 pariter
3258 5410 3456 5466 dicere.
3508 5411 3719 5481 (Hiero-

2180 5508 2340 5579 ηψπ.)
2368 5504 2433 5559 Et
2456 5509 2674 5568 vocavit,
2705 5504 2893 5571 inquit,
2938 5518 3119 5555 nomen
3148 5502 3259 5571 ejus
3284 5501 3482 5565 Ruben,
3511 5501 3681 5552 dicens
3706 5514 3719 5527 ο

2180 5597 2315 5662 Quia
2343 5597 2464 5649 vidit
2495 5595 2745 5647 Dominus
2776 5594 2828 5645 in
2854 5591 3140 5645 humilitate
3158 5606 3289 5643 mea.
3332 5589 3518 5642 Ruben
3560 5587 3697 5639 inter

2178 5698 2414 5758 pretantur
2438 5687 2643 5743 visionis
2665 5684 2827 5759 ﬁliusg
