3948 6318
234 384 339 439 597

1249 379 1591 437 COMHENT.
1632 378 1697 434 1N
1735 377 2051 434 GENESIM.
2092 409 2160 420 —-
2196 380 2318 433 LIB.
2357 379 2437 436 lli.

3344 382 3449 435 5‘9

306 497 371 549 Et
403 496 651 563 concepit.
675 496 862 566 inquit,
895 476 1326 563 alterumﬁlium,
1361 505 1408 549 et
1444 495 1573 547 dixit
1604 509 1621 544 :
1646 494 1780 558 Quo-
1816 494 1866 552 Α
1892 494 2098 548 dicatur
2128 495 2196 548 ab
2222 495 2489 560 omnibus,
2521 493 2683 547 ﬁlimn
2721 510 2872 548 suum
2910 494 3121 548 beatum
3162 500 3451 549 vocaverit.

232 587 376 639 niam
403 586 662 639 exaudivit
691 602 769 637 me
798 584 1067 647 Dominus,
1096 600 1153 637 eo
1177 584 1312 652 quod
1339 584 1457 636 odio
1488 599 1566 634 me
1589 582 1793 634 haberet

229 673 314 724 uir
342 688 505 733 meus,
529 680 577 723 et
600 671 738 723 dedit
780 672 905 724 mihi
931 672 1086 724 etiam
1120 671 1288 733 hunc;
1322 679 1369 722 et
1401 671 1589 722 vocavit
1613 686 1795 721 nomen

236 763 351 830 ejus
376 761 606 816 Simeon.
640 763 719 815 Ab
754 778 819 816 eo
858 764 997 831 quod
1025 764 1095 815 sit
1139 763 1406 825 exaudita,
1437 763 1672 816 Simeoni
1700 778 1795 815 no-

236 867 360 905 men
391 851 658 919 imposuit.
704 850 920 905 Simeon
940 853 1133 922 quippe
1163 855 1549 921 interpretatur
1570 854 1768 905 auditio

237 938 314 992 De
337 939 496 991 tertio
520 952 645 991 vero
669 940 909 1007 sequitur
939 958 952 992 :

312 1026 378 1079 Et
420 1026 653 1091 concepit
672 1028 865 1092 adhuc,
885 1038 928 1080 et
950 1031 1139 1097 peperit
1164 1029 1350 1095 ﬁlium,
1374 1038 1423 1081 et
1442 1029 1569 1082 dixit
1596 1042 1613 1079 :
1641 1028 1793 1082 Nunc

235 1113 333 1164 erit
362 1129 558 1165 mecum
583 1114 657 1165 vir
683 1129 841 1174 meus,
871 1116 993 1184 quia
1029 1116 1201 1184 peperi
1238 1117 1283 1169 ei
1323 1127 1423 1169 tres
1470 1117 1638 1185 ﬁlios;
1680 1117 1791 1168 ideo

236 1203 430 1253 vocavit
465 1190 653 1255 nomen
678 1203 789 1271 ejus
820 1202 956 1257 Levi.
1010 1205 1110 1261 Ubi
1139 1222 1235 1260 nos
1268 1206 1510 1276 legimus,
1533 1206 1670 1275 apud
1716 1222 1793 1257 me

234 1292 334 1364 erit
376 1292 453 1345 vir
497 1308 666 1354 meus,
709 1292 897 1361 Aquila
938 1293 1313 1363 interpretatus
1350 1304 1465 1357 est,
1508 1295 1791 1363 applicabi-

234 1392 330 1437 ωσι
347 1385 425 1438 vir
443 1401 582 1439 meus
614 1386 757 1450 mihi,
786 1387 924 1455 quod
946 1385 1204 1441 Hebraice
1236 1388 1429 1441 dicitur
1459 1388 1617 1454 ilaue,
1654 1373 1789 1453 rubi,

234 1482 293 1527 et
320 1490 350 1527 a
384 1475 687 1530 doctoribus
710 1474 1046 1528 Hebraeorum
1075 1475 1226 1529 aliter
1257 1476 1596 1539 transfertur,
1625 1487 1681 1531 ut
1708 1478 1789 1529 di-

232 1571 382 1627 cant,
405 1574 731 1632 persequetur
750 1581 828 1617 me
856 1566 932 1619 vir
957 1583 1121 1628 meus,
1147 1566 1197 1619 id
1221 1578 1303 1621 est
1331 1567 1475 1621 :Non
1497 1567 1704 1638 ambigo
1726 1568 1791 1621 de

234 1667 419 1706 amore
444 1653 494 1705 in
523 1667 605 1705 me
633 1653 729 1705 viri
758 1655 887 1718 mei;
917 1656 1019 1710 erit
1041 1658 1164 1710 mihi
1192 1658 1287 1711 hac
1312 1660 1361 1712 in
1384 1659 1489 1711 vita
1517 1674 1714 1721 comes,
1738 1670 1790 1712 ct

232 1740 348 1807 cjus
372 1742 581 1795 dilectio
608 1759 688 1797 me
721 1745 783 1795 ad
816 1754 1039 1798 mortem
1070 1762 1232 1814 usque
1255 1748 1475 1802 deducet
1518 1756 1570 1802 et
1607 1763 1789 1816 prose-

233 1840 456 1897 quetur;
488 1824 597 1885 tres
620 1833 758 1886 enim
783 1835 830 1887 ci
857 1835 992 1887 lilios
1015 1837 1191 1904 genui.

306 1920 372 1973 Et
412 1922 635 1988 concepit
676 1934 723 1975 et
764 1925 985 1991 peperit,
1022 1934 1067 1977 et
1104 1925 1273 1992 genuit
1316 1925 1483 1993 ﬁlium
1529 1937 1575 1980 et
1621 1928 1747 1980 dixit
1772 1942 1789 1979 :

236 2006 393 2059 Nunc
425 2024 578 2075 super
611 2010 706 2061 hoc
746 2012 1023 2077 conﬁtebor
1056 2012 1308 2077 Domino;
1347 2024 1393 2068 et
1428 2015 1488 2067 ob
1521 2016 1573 2069 id
1600 2018 1791 2070 vocarit

232 2114 419 2151 nomen
443 2099 555 2167 ejus
580 2100 743 2153 Juda.
791 2100 921 2155 .lutla
966 2104 1215 2170 confessio
1256 2106 1478 2170 dicitur;
1518 2123 1547 2160 a
1585 2108 1794 2161 confes-

231 2188 385 2243 sione
412 2190 592 2258 utique
617 2192 939 2247 confessoris
968 2210 1156 2248 nomen
1204 2206 1283 2250 est
1311 2199 1528 2251 dictum.
1570 2201 1793 2254 Verum-

232 2288 413 2333 tamen
453 2281 538 2335 hic
575 2281 837 2337 confessio
874 2299 970 2352 pro
1013 2286 1303 2353 gratiarum
1340 2288 1547 2343 actione
1582 2299 1673 2342 aut
1698 2305 1793 2357 pro

232 2368 390 2423 laude
416 2370 693 2437 accipitur,
725 2381 779 2424 ut
802 2372 1104 2441 frequenter
1138 2376 1186 2427 in
1216 2377 1431 2443 psalmis
1457 2388 1511 2430 et
1537 2378 1586 2429 in
1619 2379 1793 2431 Evan-

232 2456 394 2526 gelio.
440 2457 698 2527 Conﬁteor
750 2463 872 2525 tibi,
906 2464 1105 2531 inquit,
1142 2462 1300 2519 Pater
1338 2466 1553 2520 Domine
1592 2469 1701 2521 caeli
1747 2480 1793 2523 et

232 2556 386 2598 terrae
412 2545 623 2615 (Matt/1.
667 2550 764 2615 xi),
799 2550 847 2603 id
888 2561 987 2615 cst,
1027 2554 1224 2622 gratias
1261 2570 1357 2625 ago
1396 2556 1511 2620 tibi,
1539 2558 1649 2612 sive
1683 2559 1794 2628 glo—

233 2634 456 2688 riﬁcabo
494 2643 565 2687 te.

306 2721 453 2793 (Car.
496 2725 643 2793 xxx.)
683 2726 746 2778 Et
783 2730 1007 2797 concepit
1044 2730 1198 2796 Bala,
1225 2742 1269 2786 et
1310 2736 1498 2803 peperit
1530 2736 1691 2789 Jacob
1726 2738 1792 2803 ﬁ-

229 2809 452 2871 liumVet
473 2812 602 2865 dixit
629 2812 818 2867 Rachel
839 2829 855 2865 :
877 2815 1136 2870 Judicarit
1161 2836 1237 2872 me
1262 2819 1507 2875 Dominus
1529 2863 1542 2887 ,
1566 2832 1611 2876 et
1636 2840 1795 2877 exau-

229 2897 361 2950 divit
394 2916 558 2953 vocem
590 2918 773 2966 meam,
803 2914 848 2956 et
882 2906 1020 2959 dedit
1064 2907 1229 2975 ﬁlium
1249 2925 1266 2972 ;
1298 2920 1562 2977 propterea
1602 2915 1793 2966 vocarit

231 3002 418 3041 nomen
453 2989 565 3058 ejus
607 2992 744 3045 Dan.
796 2994 1021 3049 Causam
1064 2998 1290 3051 nominis
1320 3001 1603 3067 expressit,
1638 3010 1694 3055 ut
1725 3003 1792 3056 ab

229 3097 299 3135 eo
328 3083 466 3152 quod
488 3082 779 3151 judicasset
807 3102 863 3141 se
891 3089 1141 3142 Dominus
1162 3130 1176 3152 ,
1220 3089 1329 3143 ﬁlio
1369 3092 1573 3145 ancillae
1604 3092 1789 3159 judicii

228 3186 428 3226 nomen
483 3174 794 3243 imponeret.
852 3177 962 3231 Dan
1006 3180 1613 3251 quippe’intcrprcLatur
1646 3182 1792 3251 judi-

233 3277 395 3314 csum.

307 3352 375 3405 Et
404 3356 632 3424 concepit
652 3356 841 3421 adhuc,
868 3367 913 3411 et
941 3359 1133 3427 peperit
1160 3358 1290 3413 Bata
1310 3361 1501 3415 ancilla
1525 3362 1714 3415 Rachel
1732 3364 1793 3429 [i-

230 3440 361 3495 lium
382 3444 660 3495 secundum
687 3445 869 3510 Iacob,
904 3457 950 3499 et
992 3446 1122 3499 dixit
1161 3447 1351 3501 Rachel
1382 3463 1398 3499 :
1426 3449 1675 3504 Habitare
1715 3468 1793 3505 me

232 3531 355 3597 fecit
385 3531 522 3585 Deus
546 3534 859 3588 habitatione
890 3552 1007 3589 cum
1038 3554 1211 3591 sorore
1236 3555 1369 3603 mea,
1399 3549 1444 3592 et
1481 3541 1675 3593 invalui
1691 3558 1710 3604 ;
1746 3550 1792 3593 et

230 3623 427 3674 vocavit
463 3639 645 3677 nomen
683 3626 794 3693 ejus
841 3626 1107 3695 Neplttali.
1164 3627 1389 3683 Causam
1431 3632 1663 3685 nominis
1692 3633 1794 3686 Ne-

227 3712 399 3779 phtali
428 3713 593 3771 multo
619 3715 774 3770 aliter
804 3716 888 3771 hic
912 3717 993 3771 lex
1029 3720 1197 3787 ponit,
1237 3736 1396 3789 quam
1437 3723 1487 3775 in
1523 3722 1659 3777 libro
1688 3723 1793 3777 He-

228 3801 535 3857 hmicorum
558 3804 828 3857 nominum
853 3806 1047 3874 scripta
1075 3818 1173 3862 est.
1220 3808 1367 3863 Unde
1392 3819 1445 3864 et
1467 3812 1650 3879 Aquila
1676 3814 1747 3866 ait
1776 3832 1788 3867 :

228 3893 626 3969 Συνανᾶττρεψσν
650 3896 713 3965 μδ
738 3895 763 3949 ὁ
784 3899 925 3961 Θεὸς,
955 3902 1035 3952 καὶ
1056 3904 1463 3973 συνανεστρέφην.
1490 3901 1592 3956 Pro
1611 3918 1715 3971 quo
1740 3904 1789 3956 in

231 3979 458 4059 Hebraeo
490 3984 744 4059 scriptum
794 3994 896 4051 est,
943 3986 1218 4055 naphtltule
1245 3987 1452 4051 Elohim
1491 3992 1790 4059 naptltaleti,

230 4055 432 4131 νηιπωλ
481 4057 657 4130 amba
697 4058 897 4132 θῆτε).
944 4075 1094 4129 Unde
1131 4092 1163 4129 a
1198 4055 1601 4133 conversatione
1629 4122 1641 4143 ,
1682 4055 1793 4137 sive

230 4163 652 4231 comparatione,
680 4164 806 4233 quia
834 4171 1118 4233 utrumque
1137 4176 1293 4220 sonat
1315 4170 1787 4235 comparationem.

228 4250 345 4303 sive
365 4253 845 4320 conversationem,
863 4254 962 4309 hoc
988 4264 1090 4317 est,
1118 4253 1436 4324 Nepbtalim,
1462 4257 1569 4311 ﬁlio
1591 4274 1789 4316 nomen

230 4339 503 4408 imposuit.
554 4340 703 4405 Quod
730 4350 906 4395 autem
931 4344 1172 4409 sequitur
1197 4361 1209 4395 :

1894 583 2026 637 Aser
2053 599 2181 652 ergo
2214 600 2317 637 non
2348 585 2568 648 divitizn,
2599 586 2691 638 sed
2731 586 2917 638 beatus
2947 586 3159 646 dicitur,
3203 586 3459 636 duntaxat

1895 669 1943 720 in
1968 671 2215 737 praesenti
2237 672 2372 727 loco.
2422 671 2561 725 Nam
2584 672 2633 724 in
2663 671 2801 736 aliis,
2825 674 3114 725 secundum
3138 673 3461 741 ambiguita-

1896 772 1999 815 tem
2041 764 2204 823 verbi,
2242 774 2465 832 possunt
2502 772 2555 818 et
2593 764 2791 817 divitiae
2825 763 2903 816 sic
2940 763 3137 816 vocari.

1962 850 2027 902 Et
2055 851 2249 903 audivit
2281 853 2415 905 Deus
2444 853 2609 917 Liam,
2646 864 2693 906 et
2724 853 2972 919 concepit,
3002 861 3046 902 et
3075 850 3263 917 peperit
3292 846 3454 900 Iacob

1890 938 2057 1002 ﬁlium
2090 937 2350 1007 quintum,
2388 948 2435 990 et
2477 939 2608 992 dixit
2638 940 2733 991 Lia
2764 952 2780 989 :
2812 938 2960 991 Dedit
2986 937 3234 989 Dominus
3269 951 3458 987 merce-

1890 1024 2003 1074 dum
2041 1041 2223 1087 meam,
2254 1025 2374 1093 quia
2404 1024 2521 1076 dedi
2543 1025 2785 1077 ancillam
2818 1040 2983 1078 meam
3016 1025 3119 1076 viro
3150 1036 3279 1083 meo,
3305 1031 3350 1073 et
3374 1037 3457 1073 vo-

1891 1113 2019 1163 carit
2042 1128 2222 1164 nomen
2256 1112 2327 1164 eis
2357 1110 2619 1165 Issacltar.
2675 1112 3059 1180 Etymologiam
3095 1110 3327 1163 nominis
3362 1108 3458 1160 Sc-

1891 1202 2161 1271 ptuaginta
2190 1202 2507 1272 interpretes
2531 1203 2828 1264 ediderunt,
2857 1213 2927 1253 est
2958 1220 3164 1254 merces.
3212 1201 3324 1254 Non
3355 1199 3452 1269 igi-

1894 1300 1997 1354 tur,
2026 1302 2084 1345 ut
2104 1294 2340 1363 plerique
2368 1294 2548 1347 addito
2577 1293 2891 1361 pronomine
2922 1293 3057 1345 male
3081 1280 3281 1360 legunt,
3314 1292 3462 1344 testi-

1892 1384 2139 1436 mandunt
2173 1393 2251 1438 ρει
2289 1384 2359 1437 ita
2384 1385 2636 1452 scriptum
2668 1398 2809 1447 esse,
2835 1384 2975 1451 quod
3002 1392 3083 1436 est
3107 1398 3334 1446 merces,
3362 1381 3458 1436 sed

1894 1483 2061 1527 totum
2101 1488 2291 1527 nomen
2336 1474 2748 1543 interpretatur,
2798 1482 2870 1526 est
2919 1488 3129 1524 merces.
3181 1470 3263 1523 les
3291 1511 3303 1531 ,
3349 1480 3455 1532 ω’.

1870 1564 2082 1641 |Quippe
2107 1563 2319 1628 dicitur,
2343 1574 2437 1627 est,
2463 1574 2515 1617 et
2540 1566 2743 1624 suc/tur,
2765 1575 2908 1623 mw,
2943 1579 3154 1615 merces.
3217 1561 3327 1613 Hoc
3355 1576 3451 1612 au—

1891 1661 1995 1706 tem
2017 1653 2153 1716 idco,
2177 1652 2299 1719 quia
2331 1652 2696 1723 mandragoris
2730 1653 2818 1705 ﬁlii
2848 1652 3031 1705 llubcn
3064 1650 3341 1704 introitum
3365 1649 3457 1717 qui

1892 1741 2106 1795 Racheli
2138 1742 2427 1797 debebatur
2458 1742 2522 1795 ad
2550 1758 2606 1796 se
2632 1744 2730 1795 viri
2760 1751 2980 1796 emerat.
3040 1740 3291 1808 Sequitur
3327 1759 3337 1790 :

1820 1819 1863 1875 Β
1963 1830 2027 1883 Et
2056 1832 2281 1900 concepit
2312 1831 2403 1884 Lia
2432 1833 2622 1895 adhuc,
2646 1844 2689 1884 et
2717 1834 2907 1901 peperit
2945 1832 3111 1898 filium
3145 1842 3343 1885 sextum
3364 1831 3461 1883 Ja-

1893 1922 2002 1983 cob,
2031 1930 2075 1973 et
2098 1920 2229 1973 dixit
2257 1919 2351 1973 Lia
2373 1933 2391 1970 :
2415 1919 2620 1973 Dotavit
2650 1937 2730 1973 me
2756 1921 3006 1973 Dominus
3029 1922 3145 1985 dote
3173 1923 3325 1973 bona.
3380 1922 3461 1973 Ea:

1891 2010 1985 2062 hoc
2011 2020 2233 2079 tempore
2257 2009 2349 2061 Ital
2380 2010 2503 2062 .‘ubit
2536 2025 2731 2063 mecum
2762 2010 2839 2063 vir
2871 2026 3033 2072 meus,
3065 2010 3185 2079 quia
3209 2010 3377 2079 peperi
3414 2012 3460 2063 ei

1891 2115 1981 2152 sex
2020 2099 2177 2166 ﬁlios.
2222 2097 2287 2151 Et
2332 2099 2525 2152 vocavit
2563 2115 2746 2152 nomen
2772 2098 2884 2167 ejus
2922 2096 3177 2151 Zabulo‘t.
3219 2098 3317 2152 Ubi
3366 2112 3462 2157 nos

1893 2189 2186 2256 posuimus,
2219 2187 2466 2241 habitabit
2489 2204 2706 2254 mecum,
2740 2197 2792 2242 et
2824 2188 3169 2259 Septuaginta
3202 2189 3462 2256 interpre-

1896 2279 1989 2330 tati
2034 2285 2177 2341 sunt,
2223 2276 2397 2347 diliget
2442 2294 2536 2339 me,
2580 2279 2631 2331 in
2676 2278 2899 2333 Hebraeo
2933 2279 3179 2341 habetur,
3213 2276 3459 2341 lsboleni,

1892 2352 2055 2427 ’λεῖπ’
2084 2376 2135 2422 et
2164 2376 2247 2422 est
2267 2384 2455 2422 sensus
2482 2388 2492 2420 ε
2526 2368 2656 2435 Quia
2681 2384 2773 2424 sex
2798 2371 2934 2424 ﬁlios
2956 2372 3110 2441 genui
3134 2370 3320 2432 Iacob,
3348 2386 3464 2438 pro-

1893 2469 2073 2529 pterea
2113 2458 2222 2527 jam
2268 2473 2455 2513 secura
2496 2474 2646 2523 sum;
2691 2461 2951 2515 habitabit
2993 2476 3222 2530 namque
3253 2476 3462 2515 mecum

1895 2552 1977 2603 vir
1998 2564 2145 2604 meus
2176 2564 2190 2601 :
2218 2550 2357 2608 unde
2384 2558 2438 2603 et
2470 2548 2607 2604 ﬁlius
2631 2565 2781 2603 meus
2814 2559 3033 2604 vocetur
3077 2549 3459 2603 habitaculum.

1898 2642 2028 2694 Male
2066 2642 2226 2711 igitur
2251 2650 2303 2695 et
2326 2640 2587 2695 violenter
2623 2640 2673 2693 in
2713 2640 2847 2694 libro
2870 2632 3176 2704 Nominum,
3225 2640 3462 2694 Zabulon

1894 2733 2079 2799 ﬂuctus
2107 2731 2269 2783 noctis
2294 2730 2695 2799 interpretatur.

1967 2822 2033 2873 Et
2081 2830 2191 2889 post
2236 2821 2331 2873 hoc
2369 2821 2560 2889 peperit
2600 2820 2792 2888 filiam,
2827 2830 2874 2873 et
2916 2820 3108 2873 vocavit
3144 2834 3325 2871 nomen
3350 2821 3462 2886 ejus

1896 2911 2053 2963 Dina.
2102 2909 2227 2963 Haec
2260 2909 2585 2964 transfertur
2620 2910 2673 2963 in
2708 2924 2949 2973 causam,
2978 2922 3135 2976 quam
3168 2907 3467 2977 signiﬁcan-

1895 3000 1999 3053 tius
2028 2998 2211 3052 Gmce
2236 2996 2371 3056 δίκην
2394 3007 2606 3052 vocant.
2660 2996 2828 3069 Jurgii
2858 3012 3089 3065 namque
3129 2998 3180 3049 in
3210 2996 3465 3051 Sichimis

1895 3106 2057 3145 causa
2081 3091 2303 3144 exstitit.
2348 3089 2474 3143 Post
2505 3088 2643 3143 ﬁlios
2677 3098 2732 3143 ct
2768 3098 3046 3159 parentum
3076 3088 3327 3156 ponenda.
3342 3098 3467 3142 sunt

1897 3180 2132 3233 nomina.
2184 3179 2277 3233 Lia
2314 3179 2699 3246 interpretatur
2735 3178 2999 3233 laborans.
3062 3176 3260 3232 Rachel
3309 3177 3417 3230 oris
3445 3190 3461 3225 :

1896 3269 2047 3338 cujus
2069 3271 2207 3324 ﬁlius
2233 3269 2428 3338 Ioseph
2452 3309 2466 3332 ,
2497 3269 2563 3321 ab
2595 3285 2662 3322 eo
2684 3266 2823 3338 quod
2866 3269 2967 3322 sibi
3000 3266 3164 3320 alium
3203 3266 3326 3321 addi
3352 3281 3464 3320 ma-

1895 3370 1977 3412 ter
2000 3368 2294 3427 optaverat,
2322 3366 2541 3412 vocatur
2566 3368 2917 3427 augmentum.
2951 3356 3103 3410 Nunc
3130 3364 3307 3410 autem
3336 3355 3463 3423 quid

1895 3466 2072 3503 rerum
2102 3449 2519 3519 signiﬁcaverim
2541 3457 2767 3517 quatuor
2791 3463 2983 3501 uxores
3004 3445 3188 3511 Jacob,
3222 3461 3464 3514 qureret:-

1895 3537 2019 3589 dum
2046 3544 2149 3601 est,
2180 3551 2404 3603 quarum
2428 3536 2544 3589 duce
2567 3536 2766 3599 liberte,
2795 3536 2912 3589 dua:
2932 3535 3135 3589 ancilla:
3160 3534 3328 3589 fuere.
3376 3533 3463 3586 Vi-

1896 3626 2071 3679 dimus
2105 3640 2331 3693 namque
2359 3625 2671 3695 Apostolum
2706 3626 2757 3678 in
2793 3626 2959 3678 libera
2988 3634 3043 3679 et
3076 3623 3292 3689 ancilla,
3327 3639 3463 3693 quas

1894 3718 2124 3777 habebat
2159 3718 2459 3780 Abraham,
2493 3718 2596 3771 duo
2622 3715 2960 3775 Testamenta
2998 3715 3312 3786 intelligere.
3355 3714 3461 3769 Sed

1894 3807 1966 3861 ibi
2000 3808 2053 3860 in
2093 3822 2197 3861 una
2223 3814 2277 3860 et
2303 3822 2410 3861 una
2455 3806 2665 3861 facibus
2693 3815 2915 3875 apparet
2958 3796 3100 3877 quod
3124 3805 3340 3868 dicitur,
3373 3804 3461 3859 hic

1895 3906 2072 3952 autem
2120 3898 2236 3952 duae
2284 3907 2409 3952 sunt
2435 3907 2492 3951 et
2536 3897 2674 3957 duce.
2730 3897 2936 3953 Deinde
2966 3896 3040 3952 ibi
3080 3897 3287 3957 ancilla:
3318 3896 3455 3950 ﬁlius

1893 3988 2287 4041 exhtcredatur.
2339 3986 2437 4039 Hic
2479 4001 2608 4040 vero
2653 3986 2970 4040 ancillarum
3018 3973 3307 4040 illii'simul
3336 3999 3456 4040 cum

1893 4076 2015 4129 ﬁliis
2042 4076 2331 4129 liberarum
2368 4082 2563 4128 terram
2589 4075 2961 4143 promissionis
2992 4074 3284 4144 accipiunt.
3307 4073 3458 4132 Unde

1893 4163 2079 4233 procul
2136 4164 2295 4218 dubio
2320 4164 2520 4232 aliquid
2563 4164 2934 4233 signiﬁcatur,
2986 4178 3293 4232 quanquam
3343 4164 3461 4221 dua:

1892 4243 2075 4307 liberte
2111 4268 2305 4307 uxores
2349 4251 2533 4315 Jacob,
2572 4254 2636 4306 ad
2670 4268 2864 4306 novum
2905 4261 3311 4316 testamentum,
3353 4268 3458 4321 quo

1895 4342 1948 4395 in
1991 4343 2233 4397 libertate
2276 4342 2449 4396 vocati
2495 4358 2679 4395 sumus
2726 4343 3105 4397 existimentur
3154 4343 3455 4412 pertinere,

303 4428 371 4481 Et
401 4431 590 4532 peperit
618 4428 832 4499 Zelp/ta,
860 4430 1051 4485 ancilla
1080 4431 1205 4494 Liat,
1234 4432 1397 4487 Iacob
1425 4436 1613 4503 ﬁlium,
1635 4446 1680 4490 et
1704 4438 1789 4490 di-
1817 4474 1869 4532 D
1893 4449 1999 4489 non
2026 4442 2202 4488 tamen
2222 4432 2421 4488 frustra
2448 4434 2564 4487 dua:
2586 4442 2729 4497 sunt,
2746 4434 2848 4487 nisi
2872 4432 2997 4503 quia
3019 4434 3136 4488 duae
3152 4434 3279 4487 vitae
3304 4435 3457 4489 nobis

229 4519 310 4572 xit
334 4518 428 4571 Lia
451 4535 469 4572 :
490 4517 558 4571 ‘ln
582 4520 824 4587 fortuna;
858 4531 904 4575 et
927 4524 1116 4576 vocavit
1155 4542 1335 4578 nomen
1367 4528 1479 4594 ejus
1518 4527 1652 4581 Gad.
1691 4529 1791 4583 Ubi

231 4624 333 4667 nos
352 4610 624 4677 posuimus
646 4611 700 4662 in
720 4610 959 4679 fortuna,
1004 4620 1057 4665 et
1094 4612 1274 4667 Graece
1320 4616 1512 4669 dicitur
1544 4620 1594 4671 ἐν
1626 4622 1787 4689 τύχῃ,

230 4696 374 4764 quod
401 4704 573 4764 potest
592 4707 647 4750 et
667 4705 887 4751 eventus
921 4699 1045 4763 dici,
1084 4700 1135 4752 in
1162 4699 1384 4755 Hebrch
1414 4702 1573 4762 habet
1601 4690 1786 4774 bagad,

228 4794 350 4847 τῖε,
389 4786 528 4852 quod
564 4784 751 4853 Aquila
788 4787 1169 4855 interpretatur
1214 4790 1343 4844 venit
1380 4792 1644 4858 accinctio,
1692 4810 1790 4849 nos

230 4885 411 4929 autem
434 4876 611 4930 dicere
639 4892 918 4946 possumus
942 4881 995 4931 in
1015 4882 1299 4948 procinctu.
1346 4880 1423 4936 Ba
1446 4883 1589 4939 enim
1615 4882 1790 4951 potest

229 4976 285 5021 et
309 4968 677 5036 pratpositione
698 4985 891 5024 sonare
925 4970 999 5035 in,
1035 4979 1089 5024 et
1128 4974 1279 5026 venit.
1319 4972 1624 5029 Ab.eventu
1664 4990 1792 5045 ergo

231 5060 346 5115 sive
368 5059 657 5129 procinctu,
690 5060 779 5128 qui
804 5062 903 5130 gad
928 5061 1143 5125 dicitur,
1171 5060 1285 5115 Gad
1310 5062 1519 5131 Zelphae
1542 5064 1679 5119 ﬁlius
1701 5080 1792 5119 vo-

231 5157 387 5204 catus
407 5158 507 5204 est.
558 5140 845 5217 Sequitur:

303 5238 373 5292 Et
390 5240 582 5309 peperit
600 5236 793 5307 Zelplta
814 5238 1006 5293 ancilla
1037 5238 1143 5296 Lia:
1173 5239 1337 5307 ﬁlium
1381 5243 1659 5296 secundum
1694 5243 1790 5297 Ja—

230 5327 348 5391 cob,
368 5338 414 5379 et
444 5326 576 5380 dixit
604 5325 700 5379 Lia
728 5340 747 5379 :
776 5326 936 5380 Beata
966 5342 1078 5395 ego,
1105 5328 1226 5395 quia
1258 5328 1546 5396 beatiﬁcant
1578 5342 1655 5382 tne
1677 5346 1790 5381 mn-

228 5418 412 5478 lieres;
434 5426 481 5469 et
507 5416 902 5470 rocaoit'nomcn
926 5416 1035 5484 ejus
1057 5416 1184 5469 Aser
1204 5416 1411 5468 diritite.
1449 5417 1579 5469 Male
1600 5418 1790 5470 addita:

228 5514 354 5561 sunt
377 5505 594 5571 divitiae,
620 5507 671 5560 id
690 5501 792 5571 est,
815 5509 1047 5569 πλοῦτος,
1076 5522 1196 5560 cum
1222 5507 1534 5577 etymologia
1560 5508 1789 5563 nominis

228 5597 367 5655 Aser
394 5594 684 5663 Scriptura:
708 5597 1021 5665 auctoritate
1042 5598 1303 5665 pandatur
1336 5586 1558 5651 dicentis
1590 5616 1600 5650 :
1632 5598 1698 5651 Et
1722 5599 1789 5651 ab

226 5700 297 5741 eo
318 5684 459 5763 quod
487 5682 788 5741 beatiﬁcant
812 5700 895 5739 mc
922 5684 1189 5749 mulieres,
1216 5692 1269 5738 et
1291 5686 1356 5737 ah
1385 5699 1445 5739 co
1472 5685 1610 5754 quod
1632 5686 1787 5741 bcata

1898 4524 1952 4577 in
1981 4522 2181 4577 Christi
2204 4537 2427 4591 corpore
2467 4522 2860 4591 praedicantur:
2895 4538 3000 4577 una
3030 4524 3343 4593 temporalis
3362 4565 3374 4585 ,
3403 4525 3455 4577 in

1898 4628 2001 4681 qua
2029 4612 2367 4675 laboramus;
2397 4612 2498 4669 alia
2521 4622 2741 4675 (eterna,
2766 4612 2817 4664 in
2842 4598 2945 4680 qua
2977 4612 3319 4666 dilectionem
3360 4613 3451 4666 Dei

1897 4700 2393 4769 contemplabimur.
2411 4700 2505 4753 Lia
2526 4706 2753 4769 namque
2780 4700 3164 4767 interpretatur
3188 4700 3449 4753 laborans.

1897 4788 2095 4843 Rachel
2137 4798 2315 4841 autem
2342 4790 2479 4847 visus
2517 4790 2856 4857 principium,
2884 4790 2998 4843 sive
3036 4790 3260 4845 verbum.
3295 4789 3451 4844 Actio

1895 4890 2021 4946 ergo
2070 4879 2226 4947 hujus
2255 4878 2376 4931 vita
2401 4918 2416 4942 ,
2450 4879 2502 4932 in
2535 4893 2639 4947 qua
2672 4879 2898 4931 vivimus
2923 4894 2984 4932 ex
3018 4878 3119 4935 ﬁde
3146 4920 3160 4942 ,
3188 4878 3452 4935 laboriosa

1892 4967 2048 5022 estin
2092 4968 2361 5037 Operibus,
2391 4977 2445 5022 et
2496 4968 2696 5021 incerta
2727 4982 2831 5034 quo
2876 4967 3020 5020 exitu
3075 4968 3357 5036 perveniat
3385 4971 3450 5021 ad

1892 5056 2173 5109 utilitatem
2201 5069 2386 5111 eorum
2419 5056 2610 5123 quibus
2631 5055 2905 5110 consulere
2936 5055 3197 5109 volumus.
3225 5056 3340 5126 ipsa
3371 5069 3451 5111 est

1892 5144 1984 5197 Lia
2014 5146 2163 5213 prior
2200 5160 2334 5199 uxor
2365 5144 2529 5199 Jacob
2549 5186 2562 5209 ,
2593 5160 2655 5197 ac
2682 5160 2776 5212 per
2804 5146 2904 5197 hoc
2932 5152 2985 5197 et
3011 5145 3237 5199 inﬁrmis
3281 5148 3451 5201 oculis

1893 5235 2059 5290 fuisse
2100 5244 2569 5290 commemoratur.
2606 5234 2969 5303 Cogitationes
2994 5250 3223 5305 namque
3254 5248 3452 5291 morta-

1893 5325 2020 5379 lium
2070 5326 2619 5387 timidte,ctincertte
2662 5334 2787 5379 sunt
2834 5326 3179 5393 providentiae
3232 5336 3444 5389 nostras.

1894 5420 2026 5489 Spes
2055 5436 2182 5474 vero
2220 5428 2430 5473 acterna:
2474 5418 2937 5490 contemplationis
2970 5418 3077 5479 Dei,
3108 5419 3307 5471 habens
3331 5431 3448 5470 cer-

1893 5521 2001 5564 tam
2045 5510 2439 5577 intelligentiam
2470 5510 2733 5574 veritatis,
2763 5510 2874 5579 ipsa
2918 5516 2999 5562 cst
3042 5506 3274 5559 Rachel:
3309 5508 3448 5561 unde

1891 5610 1943 5653 ct
1974 5601 2169 5653 dicitur
2188 5600 2322 5653 bona
2354 5597 2490 5653 facie
2512 5607 2566 5653 ct
2593 5599 2813 5667 pulchra
2864 5596 3057 5665 specie.
3108 5594 3255 5647 Hanc
3304 5606 3449 5649 amat

1893 5690 2032 5741 cnim
2085 5688 2257 5741 onmis
2286 5687 2369 5758 pic
2398 5687 2697 5751 studiosus,
2744 5694 2792 5740 ct
2838 5691 3051 5751 propter
3096 5683 3229 5736 hanc
3282 5686 3442 5739 servit
