3948 6314
559 337 664 392 599

1191 339 1248 394 B.
1291 343 1540 398 RABANI
1579 347 1791 403 suum
1829 347 2138 403 ARCHIEP.
2180 348 2481 404 uocum.
2523 349 2800 406 oruauu
2841 323 3015 409 rans
3055 354 3093 407 l.

3656 361 3762 416 600

556 449 738 517 gratiae
763 450 875 512 Dei,
907 466 1007 519 qua
1033 463 1239 520 peccata
1263 460 1437 509 nostra
1466 446 1513 511 et
1531 460 1576 511 si
1599 459 1790 526 fuerint
1817 461 1946 512 sicut
1973 461 2108 529 phaz-
2136 463 2178 521 A
2211 462 2350 516 videt
2381 463 2432 515 in
2458 463 2718 532 principio
2741 463 2972 520 Verbum
3001 468 3164 521 Deum
3187 471 3324 537 apud
3367 455 3552 535 Deum,
3580 486 3633 528 et
3657 477 3764 530 vult

554 538 764 603 niciam,
820 549 1068 610 tanquam
1113 542 1201 595 uix
1247 545 1641 599 dealbabuntur.
1695 548 1871 602 Laban
1910 550 2104 619 quippe

550 629 930 698 interpretatur
972 635 1248 699 dealbatio,
1295 638 1377 691 cui
1434 638 1652 690 servivit
1691 636 1855 692 Jaeob
1890 649 2106 708 propter

549 717 769 772 Rachel.
798 719 979 790 Neque
1005 723 1144 776 enim
1175 740 1231 778 se
1270 725 1492 792 quisque
1513 716 1775 778 convertit
1805 729 1902 780 sub
1929 729 2096 796 gratia

546 807 878 864 remissionis
933 821 1268 880 peccatorum
1323 813 1525 868 servire
1578 811 1839 880 jtlslitize,
1890 816 1990 869 nisi
2045 825 2101 869 ut

543 904 723 972 quiete
771 908 915 960 vivat
971 908 1020 960 in
1077 907 1256 971 verbo,
1281 922 1344 960 ex
1374 923 1478 976 quo
1522 909 1730 962 videtur
1757 909 2094 978 principium,

542 995 682 1060 quod
723 1004 803 1048 est
829 997 984 1050 Deus.
1032 997 1167 1065 Ergo
1209 1008 1425 1065 propter
1471 981 1703 1063 Rachel,
1739 1015 1842 1052 non
1879 1008 2097 1067 prepter

541 1085 688 1138 Liam
721 1088 965 1141 servitur.
1013 1087 1142 1140 Nam
1171 1089 1289 1156 quis
1325 1096 1527 1142 tantum
1555 1091 1812 1143 amaverit
1843 1091 1893 1142 in
1917 1088 2090 1156 operi-

539 1178 637 1230 bus
685 1176 903 1244 justitizr.
935 1177 1169 1231 laborem
1225 1178 1494 1232 actionum
1542 1187 1702 1247 atque
1751 1178 2094 1246 passionum?

535 1266 656 1334 quis
678 1280 793 1319 eam
839 1267 998 1319 vitam
1024 1276 1240 1336 propter
1281 1268 1512 1336 seipsam
1538 1268 1785 1337 petierit?
1829 1268 1966 1322 sicut
1996 1282 2093 1320 nec

532 1355 694 1410 Jaeob
717 1355 887 1420 Liam,
919 1357 1010 1410 sed
1035 1366 1239 1410 tantum
1283 1358 1381 1411 sibi
1413 1359 1464 1410 in
1494 1365 1649 1412 nocte
1678 1357 2004 1425 suppositam
2039 1357 2088 1409 in

531 1462 627 1500 usu
649 1451 933 1518 generandi
959 1449 1265 1517 amplexus,
1295 1449 1667 1503 fecunditatem
1695 1448 1809 1517 ejus
1838 1457 2090 1515 expertus

527 1545 628 1590 est.
661 1536 916 1592 Dominus
942 1539 1083 1592 enim
1108 1554 1248 1601 eam,
1284 1539 1405 1606 quia
1435 1554 1528 1607 per
1553 1538 1781 1606 seipsam
1807 1537 1948 1607 diligi
1983 1552 2086 1590 non

525 1634 730 1693 poterat
775 1627 966 1695 primo,
1001 1635 1058 1680 ut
1105 1628 1170 1681 ad
1203 1623 1398 1682 Rachel
1450 1627 1820 1696 perveniretur
1865 1627 2083 1682 tolerari

521 1713 668 1780 fecit,
713 1715 904 1770 deinde
944 1725 1162 1785 propter
1190 1717 1325 1783 ﬁlios
1370 1717 1780 1772 commendavit.
1827 1715 1902 1770 ita
1957 1731 2086 1771 vero

2207 565 2430 619 parere,
2455 560 2508 606 et
2550 568 2652 606 non
2679 562 2872 622 potest,
2899 556 3020 622 quia
3067 554 3456 613 Generationem
3485 562 3597 630 ejus
3647 554 3765 634 quis

2205 640 2506 692 enarrabit?
2534 640 2760 708 Ideoque
2803 644 3192 712 contemplandi
3221 648 3327 700 otia
3351 650 3570 718 appetit,
3593 660 3653 706 ut
3680 653 3768 708 di-

2205 728 2474 781 vinitatem
2506 729 2824 793 ineffabilem
2870 742 3080 787 cernat.
3115 735 3320 790 Vac’are
3349 741 3459 792 vult
3502 742 3572 794 ab
3613 746 3764 798 omni

2203 817 2434 886 negotio,
2467 826 2522 872 et
2553 806 2670 876 ideo
2699 822 2913 886 sterilis,
2939 824 3064 892 quia
3087 825 3139 879 in
3167 827 3324 880 variis
3349 832 3616 895 pressuris
3651 849 3758 886 non

2200 905 2465 961 subvenit.
2498 906 2601 962 Sed
2631 911 2753 977 quia
2783 911 2894 979 ipsa
2925 913 3188 967 interdum
3230 919 3544 982 procreandi
3576 922 3759 973 chari—

2201 999 2307 1047 tate
2339 995 2626 1050 inardescit
2673 997 2804 1067 (vult
2828 1001 2968 1052 enim
2995 1002 3186 1057 docere
3233 1006 3370 1072 quod
3400 1005 3586 1078 novit),
3612 1008 3756 1061 videt

2196 1096 2432 1137 sororem
2485 1085 2664 1140 labore
2709 1089 2898 1157 agendi
2927 1089 3050 1142 ﬁliis
3093 1093 3448 1147 abundantem
3474 1135 3488 1159 ,
3517 1105 3570 1149 et
3611 1097 3760 1152 dolet

2193 1171 2370 1240 potius
2398 1187 2613 1229 currere
2635 1177 2872 1231 homines
2897 1178 2962 1231 ad
2993 1193 3110 1231 eam
3133 1180 3407 1244 virtutem,
3433 1198 3536 1250 qua
3561 1199 3750 1238 eorum

2193 1263 2600 1318 necessitatibus
2625 1266 2948 1330 consulatur,
2972 1282 3129 1335 quam
3153 1269 3219 1342 ad
3267 1268 3408 1322 illam
3453 1271 3591 1324 unde
3621 1272 3750 1325 divi-

2192 1367 2318 1403 num
2361 1352 2560 1422 aliquid
2580 1355 2823 1409 discitur.
2865 1355 2963 1410 Hic
2990 1357 3141 1410 dolor
3169 1357 3427 1428 ﬁguratus
3449 1361 3664 1413 videtur
3693 1362 3749 1415 iu

2190 1455 2254 1495 eo
2297 1443 2440 1511 quod
2495 1445 2750 1512 scriptum
2804 1453 2926 1500 est:
2969 1446 3033 1499 Et
3088 1447 3268 1500 selavit
3296 1447 3487 1500 Rachel
3513 1465 3749 1501 sororem

2188 1548 2355 1612 suam.
2387 1533 2612 1588 Proinde
2636 1535 2760 1603 quia
2793 1550 2957 1604 purus
2988 1536 3285 1591 intellectus
3305 1537 3598 1604 spirituaiis
3625 1535 3749 1590 sub-

2187 1613 2397 1673 stantiae
2419 1622 2599 1676 verbis
2631 1626 2799 1677 earne
2826 1623 2984 1679 editis
3010 1626 3230 1693 exprimi
3252 1641 3354 1687 non
3368 1633 3559 1694 potest,
3584 1626 3745 1696 elegit

2187 1711 2428 1765 doctrina
2470 1713 2746 1781 sapientim
2806 1730 2902 1783 per
2932 1707 3198 1785 quaslibet
3227 1729 3511 1782 corporeas
3554 1716 3742 1768 simili-

521 1801 666 1857 utilis
704 1806 1067 1874 unusquisque
1097 1806 1188 1861 Dei
1219 1822 1404 1862 servus
1431 1807 1529 1861 sub
1561 1801 1910 1881 dealbationis
1954 1821 2077 1876 pec-

2183 1801 2390 1854 tudines
2422 1802 2692 1857 insinuare
2721 1804 2943 1869 divinas,
2972 1805 3109 1860 sicut
3132 1805 3288 1874 elegit
3316 1804 3511 1858 Rachel
3533 1819 3599 1859 ex
3623 1807 3746 1858 vim

520 1902 760 1946 natorum
781 1910 996 1951 suorum
1021 1897 1190 1966 gratia
1216 1897 1556 1962 constitutus,
1573 1898 1699 1966 quid
1720 1897 1859 1951 aliud
1877 1911 2081 1961 amans,

519 1992 572 2038 et
617 1984 668 2036 in
713 1999 808 2038 sua
860 1987 1263 2044 convensatiooe
1319 1988 1622 2050 meditatur,
1651 1987 1749 2041 nisi
1787 1987 2082 2042 doctrinam

518 2073 823 2142 sapientiae?
845 2078 1012 2141 Quam
1037 2076 1279 2145 plerique
1301 2085 1641 2144 suscepturos
1669 2084 1856 2145 putant
1879 2076 2079 2138 statim,

517 2172 573 2216 ut
594 2179 653 2218 se
679 2164 731 2217 in
762 2175 961 2235 septem
986 2167 1262 2236 praeceptis
1287 2166 1419 2237 legis
1441 2167 1794 2236 exercuerim,
1822 2181 1938 2240 qua:
1959 2172 2083 2219 sunt

514 2251 581 2306 de
627 2252 909 2311 dilectione
962 2255 1186 2323 proximi
1230 2264 1296 2308 ne
1327 2255 1525 2326 cuique
1567 2239 1841 2318 noceatur,
1873 2239 1924 2308 id
1955 2261 2037 2308 est
2066 2272 2077 2306 :

520 2339 733 2394 Honora
782 2353 975 2412 patrem
1023 2352 1168 2396 tuum
1194 2353 1240 2398 et
1279 2353 1515 2396 matrem.
1574 2342 1695 2395 Non
1724 2330 2107 2396 mwrhaberis.‘

519 2427 636 2482 Non
657 2430 875 2484 occides.
903 2430 1022 2484 Non
1045 2427 1323 2500 furaberis.
1363 2431 1480 2484 Non
1507 2417 1698 2500 falsum
1729 2431 2077 2484 testimonium

512 2519 668 2571 dices.
697 2517 818 2572 Non
845 2521 1170 2589 concupisces
1197 2536 1407 2572 umorem
1428 2519 1652 2587 proximi
1674 2519 1766 2570 tui.
1801 2517 1921 2571 Non
1951 2535 2074 2571 con—

511 2608 735 2676 cupisces
759 2624 860 2661 rem
881 2609 1104 2677 proximi
1124 2610 1199 2662 tui
1230 2607 1425 2678 (Exod.
1457 2608 1569 2676 xx).
1601 2606 1805 2672 Quibus
1825 2605 2078 2660 observa-

512 2695 599 2754 tis,
641 2705 987 2764 posteaquam
1041 2696 1241 2749 homini
1305 2710 1400 2764 pro
1461 2695 1745 2763 concupita
1794 2694 2077 2749 dilectione

510 2785 784 2849 doctrinae,
817 2799 910 2854 per
940 2785 1260 2840 tentationes
1290 2785 1486 2850 varias,
1515 2786 1665 2854 quasi
1697 2789 1792 2854 per
1805 2785 1972 2855 hujus
1993 2800 2076 2840 se-

513 2872 614 2927 culi
668 2882 877 2928 noctem
921 2873 1198 2928 tolerantia
1239 2874 1437 2930 laboris
1476 2876 1777 2940 adhzcscrit,
1807 2876 1951 2930 velat
1977 2891 2074 2945 pro

510 2962 707 3017 Rachel
753 2962 846 3018 Lia
895 2964 1165 3034 inopinata
1194 2965 1553 3034 Coniungitur,
1580 2974 1631 3018 et
1655 2965 1793 3020 hanc
1821 2965 2071 3024 sustinet.

508 3058 567 3103 ut
594 3049 659 3104 ad
690 3037 829 3104 illam
856 3051 1145 3119 perveniat,
1170 3052 1215 3106 si
1246 3060 1652 3121 perseveranter
1675 3063 1819 3106 amat
1840 3055 2074 3124 acceptis

2185 1905 2282 1944 suo
2325 1897 2379 1944 et
2408 1891 2600 1945 anciita
2623 1894 3095 1965 suscipereﬁlios,
3123 1910 3283 1964 quam
3319 1895 3432 1948 sine
3473 1894 3596 1968 ﬁliis
3621 1911 3744 1948 om-

2183 1981 2310 2034 nino
2339 1996 2634 2036 remanere.
2663 1984 2787 2038 Bala
2817 1986 3030 2055 quippe,
3064 1985 3258 2041 ancilla
3309 1986 3532 2058 Rachel,
3568 1987 3736 2040 inter—
3765 2038 3775 2049 ,

2183 2079 2426 2140 pretatur
2455 2071 2754 2126 inveterata.
2809 2073 2883 2128 De
2914 2083 3093 2128 vetere
3123 2075 3317 2144 quippe
3347 2075 3484 2138 vita,
3511 2074 3744 2127 carnali-

2183 2159 2283 2213 bus
2323 2162 2567 2215 sensihus
2616 2162 2812 2227 dedita,
2837 2177 3108 2231 corporeae
3134 2163 3426 2233 cogitantur
3447 2163 3740 2232 imagines,

2181 2247 2342 2300 etiam
2371 2263 2491 2302 cum
2547 2249 2746 2318 aliquid
2796 2251 2860 2305 de
2906 2251 3175 2320 spirituali.
3215 2258 3268 2304 et
3315 2245 3743 2304 incommutabili

2181 2335 2478 2391 substantia
2500 2337 2803 2394 Divinitatis
2832 2341 3062 2394 auditur.
3087 2339 3322 2409 Suscipit
3347 2348 3401 2392 et
3429 2339 3521 2393 Lia
3545 2341 3612 2393 de
3638 2355 3705 2392 an
3724 2371 3742 2381 -

2181 2424 2299 2478 cilla
2338 2440 2432 2478 sua
2466 2425 2684 2491 liberos,
2738 2443 2919 2483 amore
2946 2427 3170 2482 habendi
3203 2428 3592 2481 numerosiores
3619 2442 3744 2495 pro-

2180 2512 2258 2566 les
2309 2528 2556 2568 accensa.
2607 2513 2909 2571 Invenimus
2961 2529 3135 2571 autem
3193 2516 3443 2586 Zelpham
3487 2517 3740 2570 ancillam

2178 2604 2292 2672 ejus
2335 2605 2673 2672 interpretari
2705 2622 2757 2658 os
2787 2606 2980 2670 dicens,
3006 2616 3330 2676 quapropter
3373 2606 3488 2661 hare
3544 2607 3736 2661 ancilla

2179 2693 2298 2758 ill-os
2317 2692 2508 2764 ﬁgurat
2532 2709 2755 2764 quorum
2781 2696 2831 2749 in
2862 2696 3240 2764 prmdicatione
3265 2695 3386 2750 ﬁdei
3417 2698 3741 2766 evangelicae

2177 2799 2238 2838 os
2281 2793 2418 2848 erat,
2447 2793 2500 2838 et
2529 2802 2622 2860 cor
2658 2798 2762 2839 non
2793 2796 2927 2839 erat.
2979 2788 3052 2842 De
3089 2788 3282 2857 quibus
3319 2789 3577 2857 scriptum
3611 2797 3735 2843 est:

2179 2871 2411 2943 Populus
2459 2875 2539 2928 hic
2593 2874 2744 2929 labiis
2795 2891 2873 2929 me
2917 2876 3158 2941 honorat,
3203 2893 3290 2930 cor
3336 2889 3508 2930 autem
3557 2895 3737 2931 eorum

2177 2961 2325 3032 longe
2365 2956 2450 3018 est'
2485 2982 2517 3018 a
2561 2983 2640 3020 me
2693 2966 2825 3036 (Isa.
2865 2969 3032 3036 XXIX).
3092 2968 3167 3022 De
3219 2970 3410 3037 quibus
3450 2969 3740 3039 Apostolus

2175 3050 2304 3106 dicit
2337 3071 2348 3104 :
2390 3052 2492 3117 Qui
2515 3055 2768 3122 prrcdicas
2797 3072 2897 3108 non
2925 3055 3206 3124 furandum
3233 3055 3621 3128 furaris(ﬂom.
3651 3061 3736 3128 lt).

507 3149 710 3210 septem
754 3138 871 3194 aliis
918 3141 1217 3211 praeceptis,
1253 3156 1316 3195 ac
1341 3141 1385 3195 si
1413 3140 1464 3194 ei
1492 3140 1734 3194 dicatur:
1760 3140 1913 3196 Servi
1940 3142 2072 3197 alios
2101 3133 2142 3193 C
2177 3139 2576 3206 Verumtamen,
2608 3151 2666 3196 ut
2706 3144 2868 3198 etiam
2903 3159 2997 3214 per
3019 3145 3156 3199 hanc
3180 3132 3535 3200 condiiionem
3566 3147 3738 3203 libera

509 3240 710 3300 septem
744 3245 922 3308 annos
947 3244 1043 3300 pro
1069 3228 1284 3293 Rachel,
1319 3239 1374 3284 ut
1405 3230 1474 3308 sit
1500 3245 1700 3298 pauper
1733 3231 1946 3300 spiritu,
1971 3232 2071 3284 mi-

509 3326 598 3386 tis,
631 3305 834 3394 luge'ns,
859 3323 1103 3379 esuriens
1129 3331 1184 3376 et
1208 3323 1393 3377 sitiens
1419 3305 1706 3390 justitiam,
1741 3322 2067 3386 misericors,

509 3411 689 3466 mundi
723 3411 926 3474 cordis,
964 3410 1236 3481 paciﬁcus.
1290 3410 1459 3464 Vellet
1498 3411 1639 3465 enim
1668 3410 1845 3473 homo,
1881 3411 1924 3464 si
1953 3410 2070 3464 ﬁeri

508 3503 718 3569 posset,
736 3502 850 3560 sine
874 3501 976 3554 ulla
1003 3501 1282 3554 tolerantia
1310 3500 1508 3555 laboris
1535 3516 1653 3569 quae
1674 3501 1727 3553 in
1756 3501 1958 3569 agendo
1977 3515 2069 3568 pa-

515 3591 797 3660 tiendoque
826 3601 906 3645 est
929 3589 1320 3659 amplectenda,
1349 3578 1529 3645 statim
1579 3592 1644 3644 ad
1685 3590 1919 3660 pulchra:
1943 3606 2070 3662 con.-

512 3677 870 3746 templationis
898 3679 1116 3733 delicias
1161 3679 1461 3746 pervenire,
1495 3679 1588 3732 sed
1615 3679 1717 3732 hoc
1743 3693 1846 3732 non
1895 3686 2071 3750 potest

510 3771 562 3824 in
596 3778 735 3823 terra
757 3768 1112 3826 morientium.
1141 3769 1250 3823 Hoc
1273 3784 1502 3838 namque
1519 3771 1727 3822 videtur
1746 3769 2067 3838 signiﬁcare,

511 3849 649 3926 quod
690 3857 890 3912 dictum
945 3865 1026 3913 est
1055 3857 1121 3912 ad
1174 3857 1375 3912 Jacob:
1412 3859 1532 3912 Non
1568 3869 1642 3912 est
1688 3860 1844 3912 moris
1877 3861 1930 3912 in
1960 3859 2070 3914 loco

511 3949 604 4000 hoc
634 3956 686 4000 ut
731 3948 900 4000 minor
945 3946 1198 4000 habeatur
1230 3948 1529 4018 priusquam
1577 3949 1764 4017 major.
1798 3948 1930 4014 Quia
1964 3965 2067 4004 non

508 4035 735 4088 absurde
783 4034 952 4104 major
1002 4034 1318 4104 appellatur,
1366 4037 1457 4105 qui
1508 4045 1745 4105 tempore
1774 4037 1922 4105 prior
1967 4045 2067 4091 est.

507 4123 662 4178 Prior
709 4133 790 4178 est
821 4133 1011 4192 autem
1059 4126 1112 4180 in
1151 4127 1380 4182 hominis
1410 4127 1707 4182 eruditione
1754 4127 1906 4181 labor
1945 4128 2068 4182 boni

511 4215 706 4284 operis,
761 4201 940 4283 quam.
975 4217 1189 4284 requies
1244 4217 1726 4286 contemplationis.
1785 4216 1864 4271 Ad
1895 4220 2068 4271 unum

509 4321 636 4375 ergo
657 4305 1105 4370 coutemlendum,
1123 4307 1214 4361 sed
1239 4315 1454 4386 propter
1478 4307 1578 4361 hoc
1602 4307 1764 4361 multa
1793 4307 2069 4363 referenda

508 4403 650 4449 sunt.
680 4393 864 4464 itaque
893 4392 1008 4449 dure
1035 4405 1158 4449 sunt
1187 4411 1379 4451 uxores
1427 4395 1590 4452 Iacob
1635 4397 1814 4452 liberae
1839 4439 1854 4463 ,
1899 4400 2070 4453 ambae

2175 3229 2261 3282 illa
2284 3245 2420 3284 uxor
2451 3229 2616 3286 Jacob
2658 3233 2904 3288 laborans
2932 3233 3068 3289 ﬁlios
3093 3236 3330 3290 haeredes
3357 3239 3501 3307 regni
3557 3241 3735 3294 susei—

2172 3318 2300 3385 piat,
2328 3320 2446 3373 ideo
2496 3318 2751 3376 Dominus
2794 3323 2963 3377 dicit:
2992 3323 3122 3388 Quw
3171 3325 3350 3377 dicunt
3375 3326 3570 3394 facite;
3617 3345 3736 3399 qua

2172 3416 2342 3460 autem
2375 3407 2597 3475 faciunt,
2629 3410 2798 3478 facere
2824 3411 2982 3464 nolite
3027 3411 3240 3481 (Matth.
3269 3414 3452 3482 mit).
3486 3414 3639 3476 Unde
3680 3423 3736 3470 et

2171 3494 2499 3563 Apostolus:
2543 3485 2688 3561 Sive,
2735 3499 2938 3569 inquit,
2985 3500 3280 3578 occasione,
3330 3502 3433 3554 sive
3485 3502 3734 3566 ueritate,

2172 3581 2406 3636 Christus
2445 3587 2815 3648 annuntietur;
2845 3596 2889 3637 et
2926 3588 2980 3639 in
3009 3588 3102 3640 hoc
3136 3588 3335 3657 gaudeo
3355 3630 3367 3653 ,
3404 3590 3494 3654 sed
3520 3599 3568 3644 et
3599 3607 3737 3660 gau-

2171 3671 2297 3724 debo
2346 3670 2564 3743 (Philip.
2617 3673 2686 3746 :);
2743 3682 2993 3743 tanquam
3036 3684 3089 3729 et
3134 3677 3326 3731 ancilia
3374 3677 3638 3747 pariente,
3670 3680 3737 3734 de

2171 3763 2318 3830 prole
2370 3747 2736 3818 numerosiore
2783 3764 3012 3819 lmtatur.
3057 3767 3149 3820 Est
3193 3782 3322 3821 vero
3349 3770 3568 3837 quidam
3623 3768 3735 3837 Liui

2171 3846 2310 3909 fetus
2354 3870 2419 3909 ex
2471 3845 2730 3910 beneﬁcio
2757 3856 3172 3921 Racheleditus,
3218 3874 3337 3912 cum
3367 3860 3539 3912 virum
3574 3873 3730 3912 suum

2172 3959 2350 3998 secum
2407 3944 2584 3998 debita
2633 3953 2787 3999 nocte
2832 3948 3264 4012 conCubiturum,
3301 3948 3532 4016 acceptis
3557 3963 3588 4000 a
3622 3946 3733 4001 tilio

2171 4031 2280 4085 Lia:
2334 4031 2756 4102 mandragoricis
2809 4033 2982 4098 malis,
3012 4049 3130 4087 cum
3181 4048 3367 4088 sorore
3391 4036 3587 4088 cubare
3611 4047 3735 4103 pere

2171 4122 2352 4178 mittit.
2399 4123 2536 4190 Quid
2585 4125 2725 4178 enim
2766 4125 2844 4178 de
2886 4125 3238 4195 mandragora
3284 4125 3570 4202 dicendum
3617 4124 3735 4177 est?

2170 4215 2398 4269 Proinde
2442 4228 2554 4269 rem
2603 4216 2834 4284 comperi
2880 4216 3157 4284 pulchram
3187 4225 3242 4268 et
3283 4225 3447 4270 suave
3475 4215 3731 4277 olentem,

2173 4320 2366 4374 sapore
2387 4314 2563 4382 autem
2612 4306 2871 4374 insipido;
2902 4316 2953 4358 et
2980 4305 3097 4359 ideo
3121 4306 3172 4358 in
3204 4305 3292 4358 illo
3323 4305 3732 4374 mandragorito

2169 4408 2329 4464 pomo
2354 4393 2574 4464 ﬁgurari
2619 4392 2910 4464 intelligam
2942 4395 3135 4448 famam
3162 4395 3365 4449 bonam
3398 4395 3730 4464 popularem.

510 4485 703 4554 quippe
749 4461 873 4542 sunt
918 4485 1040 4542 ﬁlia:
1068 4473 1395 4542 remissionis
1443 4497 1805 4558 peccatorum,
1840 4461 1942 4544 hoc
1987 4499 2069 4544 est
2095 4461 2146 4520 D
2170 4461 2324 4540 linde
2369 4461 2499 4538 dicit
2546 4461 2830 4553 Apostolus
2874 4484 3141 4559 :-Oportet
3183 4485 3336 4538 etiam
3383 4461 3726 4540 testimonium

512 4574 880 4639 dealbationis,
909 4579 1046 4644 quod
1065 4586 1145 4630 est
1166 4576 1364 4640 Laban,
1394 4585 1758 4632 verumtamen
1790 4594 1892 4632 una
1921 4594 2069 4633 ama-

513 4674 616 4728 tur,
646 4661 744 4717 alia
781 4664 1054 4718 toleratur.
1091 4665 1194 4719 Sed
1219 4681 1337 4734 quae
1374 4667 1648 4732 toleratur,
1687 4667 1798 4737 ipsa
1831 4669 1980 4736 prius
2013 4677 2068 4724 et

513 4751 726 4806 uberius
749 4751 1082 4817 fecundatur,
1117 4761 1174 4806 ut
1204 4754 1247 4807 si
1271 4769 1372 4807 non
1401 4764 1618 4824 propter
1647 4758 1895 4827 seipsam,
1921 4768 2066 4813 certe

514 4845 728 4907 propter
783 4839 916 4894 ﬁlios
966 4842 1234 4911 diligatur.
1292 4842 1469 4898 Labor
1523 4860 1753 4913 namque
1800 4847 2064 4916 justorum

514 4926 803 4980 niaximum
857 4927 1084 4982 fructum
1134 4931 1294 4984 habet
1343 4931 1394 4984 in
1443 4932 1521 4986 eis
1567 4948 1702 5001 quos
1756 4950 1917 5004 regno
1974 4936 2065 4989 Dei

513 5022 734 5085 generat
783 5015 919 5069 inter
961 5018 1150 5072 multas
1196 5020 1565 5076 tribuiationes
1616 5031 1670 5076 et
1729 5024 2064 5086 tentatiOues,

515 5104 851 5175 praedicando
877 5105 1214 5175 Evangelium
1234 5111 1300 5164 ad
1341 5125 1434 5165 eos
1466 5110 1554 5180 qui
1580 5119 1703 5166 sunt
1729 5112 1780 5164 in
1804 5111 2070 5166 laboribus

513 5195 888 5258 abundantius,
922 5193 973 5247 in
1019 5193 1184 5263 plagis
1219 5213 1377 5266 supra
1420 5201 1668 5264 modum,
1716 5201 1768 5254 in
1811 5202 2070 5256 mortibus

514 5287 726 5356 saepius,
764 5292 983 5355 prOpter
1004 5299 1137 5352 quos
1166 5285 1313 5340 habet
1362 5287 1487 5354 foris
1509 5307 1731 5359 pugnas,
1759 5291 1897 5343 intus
1919 5288 2070 5342 timo-

515 5397 614 5444 res,
643 5393 880 5449 quosque
909 5377 1160 5448 gaudium
1184 5387 1236 5432 et
1261 5395 1509 5436 coronam
1534 5399 1684 5442 suam
1720 5371 1932 5439 vocant.
1965 5384 2068 5436 Na-

517 5477 737 5521 scuntur
784 5476 959 5522 autem
989 5468 1067 5521 eis
1097 5467 1305 5523 facilius
1356 5478 1513 5537 atque
1563 5474 1828 5541 cepiosius
1876 5489 1941 5527 ex
1981 5473 2068 5526 illo

518 5570 760 5610 sermone
800 5555 939 5622 ﬁdei,
979 5573 1083 5625 quo
1109 5559 1402 5627 praedicant
1428 5558 1697 5613 Christum
1731 5556 2061 5616 cruciﬁxum.

522 5643 714 5697 Rachel
760 5655 934 5698 autem
968 5646 1108 5700 clara
1142 5657 1360 5715 aspectu
1398 5657 1572 5700 mente
1619 5652 1825 5706 excedit
1854 5651 1983 5714 Deo,
2012 5662 2065 5705 et

2154 4573 2567 4628 rhabdre‘bonum
2595 4574 2658 4626 ab
2701 4575 2772 4628 eis
2815 4576 2902 4643 qui
2949 4575 3074 4643 foris
3104 4584 3222 4628 sunt
3251 4573 3301 4645 (Ι
3331 4574 3463 4627 Tim.
3491 4575 3606 4645 nt);
3638 4591 3730 4643 qui

2168 4662 2292 4716 licet
2338 4677 2528 4732 parum
2554 4664 2787 4732 sapiant,
2815 4664 3038 4717 reddunt
3081 4673 3257 4716 tamen
3305 4662 3619 4732 plerumque
3651 4663 3728 4715 la-

2168 4753 2281 4806 bori
2304 4767 2488 4808 eorum
2515 4766 2609 4820 per
2633 4768 2767 4821 quos
2796 4753 2898 4807 sibi
2940 4752 3251 4814 consulitur,
3286 4759 3341 4805 et
3388 4750 3728 4819 splendorem

2169 4845 2370 4910 laudis,
2402 4854 2458 4900 et
2484 4847 2701 4901 odorem
2757 4847 2907 4899 bonae
2957 4843 3240 4914 opinionis.
3297 4842 3407 4897 Nec
3457 4843 3523 4897 ad
3573 4843 3732 4896 istam

2164 4936 2721 5006 gleriampopularem
2748 4937 2906 5005 primi
2929 4935 3246 5005 perveniunt
3275 4946 3460 4987 eorum
3491 4933 3580 5000 qui
3604 4941 3729 4984 sunt

2168 5027 2221 5078 in
2243 5025 2500 5089 Ecclesia,
2527 5026 2628 5079 nisi
2657 5026 2957 5093 quicunque
2992 5024 3043 5076 in
3085 5019 3353 5075 actionum
3397 5010 3648 5088 periculis
3675 5027 3731 5070 et

2167 5115 2350 5169 labore
2375 5123 2677 5168 versantur.
2706 5112 2990 5181 Propterea
3015 5112 3124 5166 Lire
3150 5111 3288 5164 ﬁlius
3315 5109 3450 5162 mala
3477 5108 3728 5162 mandra-

2169 5205 2348 5272 gorica
2377 5201 2578 5257 invenit
2615 5204 2798 5255 exiens
2823 5203 2872 5254 in
2903 5217 3107 5270 agrum,
3142 5201 3193 5254 id
3227 5207 3332 5262 est,
3361 5199 3582 5250 honeste
3605 5210 3725 5248 am-

2171 5293 2360 5347 bulans
2406 5293 2471 5347 ad
2511 5307 2602 5347 eos
2655 5293 2744 5360 qui
2782 5290 2911 5345 foris
2960 5300 3102 5344 sunt.
3161 5289 3414 5342 Doctrina
3444 5301 3588 5341 vero
3639 5284 3732 5338 illa

2174 5383 2448 5452 sapientia:
2494 5399 2615 5450 quas
2680 5399 2709 5435 a
2754 5382 2896 5451 vulgi
2951 5384 3174 5450 strepitu
3230 5381 3620 5444 remotissima,
3673 5379 3729 5431 in

2175 5471 2618 5539 contemplatione
2645 5471 2888 5524 veritatis
2929 5470 3065 5524 dulci
3090 5471 3438 5524 delectatione
3459 5469 3727 5539 deﬁgitur,

2175 5562 2312 5612 hanc
2337 5560 2640 5629 popularem
2669 5559 2890 5626 gloriam
2936 5558 3457 5628 quantulumcunque
3492 5575 3597 5612 non
3645 5573 3731 5610 as~

2174 5657 2502 5715 sequeretur,
2527 5648 2626 5701 nisi
2655 5663 2751 5717 per
2775 5663 2866 5702 eos
2892 5650 2980 5716 qui
3008 5651 3059 5702 in
3083 5649 3268 5704 mediis
3298 5652 3466 5703 turbis
3488 5691 3501 5710 ,
3526 5649 3735 5718 agendo
