3948 6324
194 358 389 431 ’sot

1270 376 1617 435 COMMENT.
1661 380 1722 434 IN
1760 379 2073 435 GENESIM.
2114 410 2183 420 -—
2215 382 2340 435 LIB.
2377 382 2440 435 111

3355 378 3458 439 δίη
3492 402 3497 403 ί

274 500 357 541 et:
376 480 666 551 suadendo,
686 471 891 556 populis
915 453 1174 557 prmsunt,
1200 491 1321 557 quia
1347 490 1477 543 dum
1498 490 1583 543 isti
1613 490 1814 567 actuosi
1846 504 1891 559 Α
1919 496 2075 541 nocte
2115 489 2267 557 hujus
2315 489 2489 547 saeculi
2534 489 2670 567 ﬁlios
2724 505 2910 559 genere
2958 500 2977 545 t
3011 491 3129 548 ﬁdei
3154 533 3168 556 ,
3198 474 3458 549 laudatur

290 584 347 631 et
388 575 645 647 negotiosi
687 576 943 642 homines,
971 591 1065 646 per
1094 589 1229 647 quos
1269 577 1616 631 multitudinis
1663 562 1829 629 admi-

209 669 217 675 '
290 666 552 720 nistratur
572 664 770 719 utilitas
786 706 799 728 ,
822 673 875 720 et
892 681 1117 735 quorum
1142 665 1430 719 auctoritas
1446 663 1649 734 populis
1667 663 1827 717 chara

288 752 754 816 est,testimonium
769 744 1047 821 perhibent
1059 752 1216 805 etiam
1227 752 1349 805 Vitas
1360 751 1586 819 propter
1597 749 1827 804 studium

290 842 732 911 conquirendae!
757 841 1170 910 contemplandas
1190 840 1467 904 veritatis,
1503 840 1671 893 otiose
1699 855 1830 908 quo-

284 932 575 988 dammodo
627 931 762 985 mala
790 931 1183 999 mandragorica
1213 922 1309 998 per
1333 928 1482 982 Liam
1522 928 1738 981 veniunt
1763 925 1841 979 ad

294 1021 511 1087 Rachel,
541 1021 607 1077 ad
632 1022 797 1089 ipsam
836 1032 962 1074 vero
1004 1019 1290 1099 Hammer
1317 1015 1831 1093 ﬁlium‘primogcni-

298 1118 433 1177 tum,
457 1111 510 1167 id
536 1088 760 1177 est,iper
804 1110 1061 1164 hunorem
1095 1088 1429 1163 fecunditatis
1471 1090 1830 1178 ejus,in'quo

286 1210 377 1258 est.
402 1202 574 1257 omnis
615 1200 815 1254 fructus
865 1199 1139 1276 laboriosae
1186 1184 1345 1267 atque
1375 1199 1514 1251 inter
1537 1196 1829 1259 certamina

294 1289 642 1345 tentationum
696 1287 1044 1358 periclitantis
1090 1287 1345 1350 actionis,
1386 1301 1545 1354 quam
1594 1285 1837 1354 plerique

291 1377 434 1434 bono
471 1373 683 1456 ingenio
731 1377 933 1445 przediti
961 1375 1237 1445 studioque
1260 1374 1565 1445 ﬂagrantes,
1590 1374 1831 1442 quamvis

295 1457 468 1521 idonei
516 1465 763 1536 regendis
796 1464 1002 1533 populis
1030 1477 1147 1517 esse
1169 1462 1401 1531 possint,
1432 1469 1606 1515 tamen
1632 1461 1842 1515 evitant

294 1562 519 1624 propter
560 1551 890 1606 turbuientas
941 1549 1333 1618 occupationes,
1375 1556 1429 1601 et
1475 1548 1529 1601 in
1579 1547 1834 1601 doctrinae

275 1645 459 1706 .otinm
512 1650 626 1697 toto
668 1648 913 1710 pectore,
932 1632 1194 1706 tauquam
1236 1637 1291 1690 in
1332 1636 1585 1705 speciosae
1633 1632 1834 1688 Rachel

290 1730 536 1786 feruntur
562 1730 849 1799 amplexus.
873 1727 939 1780 Et
956 1727 1078 1795 quia
1108 1726 1412 1779 bonum‘est
1438 1730 1496 1777 ut
1520 1724 1680 1777 etiam
1720 1723 1834 1776 haec

1924 575 2082 627 etiam
2112 591 2139 628 a
2168 578 2371 645 populis
2395 578 2481 631 illa
2508 580 2635 642 vita,
2661 576 2812 645 cujus
2836 593 3015 636 amore
3031 583 3458 650 conversi,_spem

1924 663 2102 721 saeculi
2129 665 2470 732 reliquerunt,
2494 675 2547 721 et
2573 681 2639 720 ex
2665 665 2817 732 cujus
2856 666 3180 740 professione
3207 672 3271 725 ad
3307 671 3462 740 mise-

1926 751 2205 806 ricordiam
2251 754 2492 820 regenda:
2538 754 2709 822 plebis
2756 738 3016 825 assumpti
3068 766 3206 812 sunt.
3238 738 3459 812 idenim

1925 851 2085 909 agunt
2102 842 2159 894 in
2183 836 2718 898 Omnibuslaboribus
2738 845 2867 909 suis,
2892 853 2949 899 ut
2978 845 3062 899 illa
3084 840 3341 914 professio
3357 862 3461 915 qua

1927 949 1983 987 se
2009 942 2397 999 converterant,
2429 936 2552 1003 quia
2598 936 2735 991 tales
2779 945 3014 993 rectores
3060 939 3245 1007 populi
3298 940 3460 1002 dedit,

1927 1022 2084 1075 latius
2108 1029 2162 1075 et
2188 1022 2382 1077 clarius
2407 1022 2747 1091 gloriﬁcetur,
2780 1032 3027 1092 tanquam
3081 1042 3185 1079 non
3216 1029 3463 1080 recuSan-

1929 1123 2007 1163 tes
2034 1119 2242 1164 noctem
2259 1109 2385 1175 Line,
2416 1118 2475 1164 ut
2499 1111 2695 1166 Rachel
2722 1101 2891 1178 pomis
2920 1128 3079 1167 suave
3107 1114 3393 1168 olentibus-
3409 1122 3464 1167 et

1929 1197 2071 1252 clare
2121 1198 2413 1253 nitentibus
2439 1188 2691 1267 potiatur.
2743 1199 2869 1265 Qua:
2904 1199 3185 1273 aliquando
3230 1212 3283 1254 et
3327 1184 3463 1269 ipsa,

1930 1286 2290 1340 misericordia
2340 1287 2434 1341 Dei
2482 1296 2785 1355 praestante,
2814 1303 2907 1356 per
2938 1289 3356 1358 seipsamparit,
3377 1293 3464 1349 vix

1900 1398 1905 1404 ’
1932 1374 2139 1428 tandem
2167 1375 2399 1442 quidem,
2426 1375 2547 1442 quia
2573 1376 2849 1444 perrarum
2894 1384 2976 1431 est
3008 1384 3066 1430 ut
3110 1368 3176 1430 In
3216 1378 3465 1447 principio

1908 1467 2040 1513 erat
2092 1458 2332 1524 Verbum,
2378 1469 2425 1513 et
2462 1460 2678 1516 Verbum
2729 1473 2839 1516 erat
2870 1463 3008 1531 apud
3035 1463 3225 1528 Deum,
3256 1464 3466 1522 etDeus

1879 1609 1885 1615 ,
1931 1558 2041 1602 erat
2074 1547 2297 1603 Verbum
2343 1548 2523 1619 (Joan.
2556 1551 2593 1617 l)
2616 1590 2629 1613 ,
2658 1559 2713 1606 et
2750 1552 3002 1619 quidquid
3046 1552 3115 1606 de
3163 1553 3263 1606 hac
3297 1567 3352 1606 re
3380 1553 3468 1622 pie

1917 1637 2297 1706 sapienterque
2350 1638 2580 1704 dicitur,
2649 1640 3191 1708 sine'phantasmate
3240 1642 3473 1695 carnalis

1935 1726 2269 1795 cogitationis
2292 1766 2308 1793 ,
2345 1734 2401 1782 et
2433 1727 2753 1793 salubriter,
2790 1728 2875 1785 vel
2916 1744 2977 1783 ex
3028 1737 3175 1797 parte
3212 1730 3466 1796 capiatur.

292 1824 401 1878 vita
431 1822 587 1876 latius
616 1820 946 1874 innotescens
964 1816 1271 1886 popularem
1295 1814 1513 1884 gloriam
1538 1818 1824 1877 mereatur,
1857 1813 1900 1870 B
1927 1804 2044 1867 Alio
2088 1829 2299 1885 quoque
2327 1823 2486 1870 sensu
2531 1815 2679 1870 Liam
2704 1824 2757 1870 et
2781 1816 2978 1873 Rachel
3003 1816 3301 1876 Victorinus
3330 1833 3473 1873 mar-

290 1909 545 1978 injustum
564 1915 646 1963 est
674 1915 849 1976 autem
878 1913 935 1958 ut
972 1918 1089 1958 eam
1124 1911 1499 1971 consequatur,
1529 1902 1574 1955 si
1622 1908 1827 1954 amato-

290 2016 405 2055 rem
441 2006 593 2053 suum
614 1995 1044 2053 administrandis
1074 1993 1450 2049 ecclesiasticis
1483 1993 1626 2047 curis
1650 1999 1828 2060 aptum

289 2099 344 2145 et
375 2090 619 2144 idoneum
649 2086 701 2141 in
722 2088 831 2141 otio
857 2087 1071 2152 detinet,
1100 2100 1198 2152 nec
1224 2066 1665 2155 gubernationem
1688 2099 1833 2153 enm—

290 2177 468 2233 munis
509 2175 753 2231 utilitatis
776 2175 1009 2244 impartit
1034 2189 1049 2241 ;
1082 2180 1365 2244 propterea
1390 2171 1487 2227 Lia
1515 2172 1684 2235 sorori
1721 2186 1831 2226 suae
1860 2170 1871 2177 “

289 2266 426 2323 dixit
447 2284 479 2319 τη

359 2350 587 2406 Paruum
605 2360 677 2405 est
697 2350 788 2403 tibi
812 2350 946 2420 quod
970 2350 1134 2403 virum
1154 2324 1323 2403 meum
1344 2349 1605 2417 accepisti,
1627 2344 1834 2417 inrupit-

288 2441 730 2510 et'mandragoras
760 2437 856 2509 ﬁlii
881 2440 980 2493 mei
1004 2440 1082 2493 eis
1110 2441 1339 2508 accipere
1361 2439 1385 2513 ἲ
1409 2438 1511 2492 Per
1553 2453 1717 2491 unum
1748 2437 1830 2491 vi-

292 2525 408 2585 rum
440 2530 747 2600 signiﬁcans
786 2545 878 2583 eos
896 2543 1082 2584 omnes
1102 2529 1193 2598 qui
1223 2543 1343 2582 cum
1373 2528 1482 2582 sint
1510 2528 1697 2598 agendi
1726 2527 1833 2581 vir-

291 2626 404 2674 tute
430 2617 633 2672 habiles
675 2624 731 2672 et
769 2618 910 2687 digni
936 2618 1128 2687 quibus
1154 2616 1389 2687 regimen
1422 2611 1845 2681 Ecclesize‘com-p

288 2707 532 2783 mittatur
548 2704 616 2759 ad
645 2706 1051 2775 dispensandum
1073 2704 1193 2759 ﬁdei
1222 2712 1636 2767 sacramentum,
1662 2702 1834 2757 studio

290 2792 543 2849 doctrinae
572 2792 805 2856 accensi,
832 2801 991 2860 atque
1015 2791 1320 2860 indaganda:
1347 2798 1400 2844 et
1421 2790 1835 2860 contemplandas

289 2881 667 2950 sapientiam-se
718 2881 785 2935 ab
840 2879 1082 2935 omnibus
1127 2878 1394 2934 actionum
1446 2878 1701 2933 molestiis
1752 2893 1836 2931 re-

290 2966 524 3038 movere,
552 2972 789 3041 atquein
828 2972 937 3025 otio
966 2970 1202 3035 discendi
1234 2979 1325 3023 aut
1374 2968 1598 3023 ducendi
1653 2967 1835 3021 volunt

293 3061 601 3116 Consedere.
650 3060 723 3112 lta
775 3074 900 3129 ergo
949 3059 1146 3113 dictum
1173 3067 1254 3112 est
1297 3074 1311 3111 :
1358 3056 1587 3111 Parvum
1631 3065 1705 3109 est
1744 3057 1835 3108 tibi

1930 1909 2014 1971 tyr
2031 1909 2086 1956 et
2109 1904 2287 1958 emteri
2308 1904 2361 1958 in
2379 1904 2782 1961 ~similitudinem
2806 1906 3053 1959 Ecclesia:
3079 1906 3161 1961 vel
3181 1906 3471 1981 Synagogte

1930 1990 2259 2060 interpretati
2294 1999 2436 2050 sunt.
2474 1990 2622 2046 Liam
2651 1991 3092 2061 enimt‘majorem
3136 2004 3281 2049 natur
3304 1995 3473 2065 Syna-

1928 2092 2073 2147 gogze
2114 2080 2351 2134 tenuisse
2393 2088 2570 2149 typum
2612 2081 3125 2149 aestimabant,quia
3182 2082 3328 2151 prior
3380 2083 3472 2137 Dei

1928 2166 2111 2234 genuit
2141 2166 2408 2234 populum.
2452 2167 2577 2221 Haec
2616 2168 2826 2235 quidem
2852 2169 3098 2248 etoeulis
3123 2169 3313 2240 legitur
3352 2187 3473 2240 gra-

1927 2252 2067 2317 vida,
2109 2255 2242 2322 quia
2277 2253 2357 2308 lex
2389 2268 2484 2323 per
2508 2254 2721 2325 Moysen
2764 2255 2887 2319 data
2926 2264 3173 2325 cooperta
3198 2265 3281 2311 est
3314 2266 3475 2326 atque

1929 2342 2152 2411 signata.
2185 2342 2380 2397 Rachel
2411 2354 2607 2406 autem,
2626 2343 2804 2411 junior
2838 2354 2892 2398 et
2916 2345 3135 2414 pulchra
3154 2386 3168 2409 ,
3191 2346 3336 2415 prius
3363 2355 3495 2412 stet

1930 2434 2042 2487 rilis
2066 2442 2120 2488 et
2144 2436 2477 2503 postmodum
2506 2433 2725 2488 fecunda
2745 2474 2759 2498 ,
2777 2434 3067 2489 similitudo
3086 2444 3168 2489 est
3188 2435 3436 2489 Ecclesize
3456 2452 3477 2488 ι

1924 2522 2103 2592 junior
2120 2523 2244 2592 quia
2268 2530 2509 2601 tempore
2535 2522 2830 2592 posterior;
2861 2524 3106 2593 pulchra,
3141 2525 3262 2593 quia
3290 2536 3483 2579 sancta.

1930 2603 2151 2679 corpore
2178 2620 2239 2666 et
2267 2612 2478 2679 spiritu.
2510 2612 2659 2668 Oculi
2699 2610 2814 2680 ejus
2847 2614 3043 2679 decori,
3071 2616 3191 2682 quia
3238 2614 3476 2685 Evange-

1930 2694 2057 2753 lium
2084 2701 2388 2769 perspicere
2414 2710 2754 2766 meruerunt;
2805 2717 2922 2771 qure
2956 2703 3116 2758 etiam
3141 2703 3321 2757 tandiu
3369 2712 3478 2776 stet

1931 2788 2042 2843 rilis
2071 2788 2203 2855 fuit,
2238 2804 2515 2859 quousque
2566 2789 2843 2861 Synagoga
2883 2791 3131 2859 populum
3178 2792 3472 2861 generavit.

1930 2877 2037 2932 Cur
2062 2886 2238 2932 autem
2265 2894 2360 2947 pro
2379 2878 2579 2933 Rachel
2606 2881 2849 2943 servivit,
2878 2880 3280 2947 etsupponitur.
3306 2880 3353 2933 ei
3380 2880 3477 2933 Lia

1931 2964 2115 3032 major.
2148 2966 2248 3020 nisi
2279 2966 2403 3035 quia
2445 2962 2720 3031 Dominus,
2747 2974 2806 3021 ut
2842 2960 3133 3022 Ecclesiam
3161 2976 3474 3032 assumeret,

1930 3054 2078 3125 prius
2099 3056 2429 3127 Synagogam
2453 3044 2553 3111 sibi
2576 3057 2885 3126 conjunxit?
2908 3056 3148 3112 Servitus
3170 3058 3345 3124 itaque
3368 3057 3479 3125 ipsa

290 3148 427 3218 quod
455 3148 695 3216 accepisti
742 3148 916 3200 uirum
944 3161 1135 3210 meum,
1162 3145 1370 3212 insuper
1409 3153 1455 3196 et
1497 3143 1831 3212 madragpras
1860 3131 1902 3192 C
1933 3144 2094 3201 Jaeob
2147 3143 2348 3215 septem
2398 3161 2656 3200 annorum
2696 3161 2801 3215 pro,
2822 3146 3025 3204 duabus
3054 3138 3481 3211 uxoribu'sliujus

291 3238 390 3308 ﬁlii
432 3239 531 3292 mei
574 3237 971 3306 uis-accipere?
1006 3234 1083 3288 Ac
1115 3235 1162 3288 si
1203 3234 1403 3287 diceret
1422 3233 1442 3284 Ξ
1472 3231 1701 3284 Parvum
1751 3238 1836 3284 est

292 3329 432 3399 quod
460 3328 701 3401 homines
722 3328 787 3379 ad
813 3324 1042 3378 laborem
1072 3338 1247 3377 rerum
1266 3321 1621 3392 regendarum
1646 3336 1837 3384 neces-

294 3418 462 3475 sarios
489 3418 541 3470 in
570 3417 683 3471 otio
733 3416 935 3470 detinet
972 3414 1078 3467 vita
1120 3414 1499 3487 studiosorum,
1537 3411 1754 3480 insuper
1782 3420 1835 3465 et

291 3507 605 3577 popularem
628 3505 845 3576 gloriam
899 3503 1155 3572 requirit?
1204 3496 1432 3555 PrOinde
1460 3508 1517 3554 ut
1552 3514 1670 3554 eam
1694 3501 1841 3569 justo

292 3603 582 3666 comparet,
640 3594 874 3663 impartit
939 3592 1137 3646 Rachel
1194 3591 1367 3644 virum
1413 3590 1580 3644 sorori
1613 3604 1721 3642 suae
1748 3589 1835 3641 illa

294 3694 466 3750 nocte,
487 3693 547 3740 ut
570 3685 790 3746 scilicet,
817 3683 906 3751 qui
936 3683 1129 3736 virtute
1168 3680 1431 3734 laboriosa
1464 3679 1709 3749 regimini
1735 3693 1834 3746 po-

292 3774 535 3843 pulorum
557 3771 937 3827 accommodati
957 3777 1099 3833 sunt,
1126 3770 1288 3823 etiam
1315 3768 1359 3821 si
1386 3768 1620 3821 scientiae
1644 3781 1837 3820 vacare

292 3862 569 3933 elegerint,
615 3861 907 3929 suscipiant
930 3857 1311 3927 experientiam
1347 3855 1719 3917 tentationum,
1750 3870 1838 3908 cu-

267 3964 472 4006 rarum
512 3963 721 4018 quoque
766 3947 1029 4001 sarcinam
1068 3960 1169 4015 pro
1192 3945 1421 3998 utilitate
1451 3942 1740 4005 communi,
1771 3955 1837 3995 ne

292 4041 405 4110 ipsa
436 4039 675 4093 doctrina
707 4036 994 4104 sapientiae,
1026 4034 1111 4088 cui
1139 4027 1330 4087 vacare
1368 4038 1696 4095 statuerant,
1720 4030 1832 4085 bla-

289 4134 621 4202 sphemetur,
650 4142 820 4196 neque
846 4126 1173 4194 adipiscatur
1201 4126 1268 4179 ab
1296 4121 1713 4192 imperitioribus
1746 4120 1835 4191 po-

290 4221 429 4293 pulis
448 4218 891 4275 existimationem
914 4216 1101 4279 bonam
1121 4250 1134 4277 ,
1163 4212 1303 4280 quod
1333 4212 1418 4265 illa
1442 4218 1598 4280 perna
1628 4210 1832 4278 signiﬁ-

289 4318 436 4374 cant,
487 4317 542 4363 et
595 4305 735 4376 quod
789 4303 1143 4359 necessarium
1197 4308 1279 4356 est
1315 4301 1380 4353 ad
1411 4298 1833 4367 exhortationem

290 4396 622 4453 discentium.
663 4392 984 4462 Sed_plane,
1022 4400 1081 4443 ut
1121 4390 1256 4443 itane
1282 4398 1465 4442 curam
1522 4388 1826 4456 suscipiant,

288 4488 344 4541 vi
372 4493 633 4555 coguntur
660 4483 810 4546 satis,
832 4488 887 4534 et
914 4482 1013 4534 hoc
1040 4474 1391 4547 signiﬁcatum
1418 4484 1521 4540 εει,
1547 4477 1686 4545 quod
1713 4490 1833 4528 cum

286 4575 496 4630 veniret
520 4574 584 4628 de
606 4587 733 4642 agro
754 4570 938 4639 Iacob,
964 4569 1199 4625 occurrit
1223 4568 1271 4622 ei
1295 4568 1413 4631 Lia,
1444 4581 1672 4635 eumque
1695 4564 1831 4618 deti-

287 4678 423 4718 nens
449 4663 557 4715 ait:
589 4660 669 4717 Ad
691 4676 770 4712 me
805 4658 1039 4722 intrabis,
1070 4657 1294 4712 conduxi
1318 4658 1450 4708 enim
1489 4664 1535 4707 te
1566 4670 1658 4722 pro
1687 4670 1834 4705 man-

288 4750 523 4819 dragoris
545 4749 640 4817 ﬁlii
669 4748 790 4801 mei.
829 4744 1098 4815 Tanquam
1123 4746 1326 4820 diceret
1351 4762 1363 4796 :
1402 4743 1653 4797 doctrinae
1673 4755 1834 4809 quam
1894 4758 1913 4778 ι

289 4840 468 4909 diligis
510 4840 591 4892 vis
634 4836 877 4892 conferre
904 4837 1092 4890 bonam
1116 4832 1475 4903 :opiniouem?
1504 4830 1608 4883 noli
1647 4828 1833 4898 fugere

289 4928 586 4983 ofﬁciosum
617 4926 868 4979 laborem.
921 4924 1041 4977 Haec
1081 4924 1133 4975 in
1191 4912 1424 4975 Ecclesia
1453 4917 1563 4983 geri
1589 4917 1829 4984 quisquis
1890 4972 1897 4978 ,

291 5014 581 5071 adverterit
604 4996 876 5075 cernit,‘et
900 5010 1175 5079 experitur
1195 5008 1246 5061 in
1268 5005 1524 5074 exemplis
1568 5004 1708 5072 quod
1755 5004 1833 5055 in—

292 5104 577 5173 telligimus
620 5104 685 5155 in?
702 5101 868 5167 libris.
912 5100 1040 5164 Quis
1079 5112 1181 5156 non
1231 5097 1408 5150 videat
1452 5094 1554 5148 hoc
1583 5093 1695 5161 geri
1723 5100 1833 5144 toto

292 5193 421 5248 orbe
455 5202 716 5244 terrarum
736 5227 749 5251 ,
772 5188 951 5241 venire
980 5186 1218 5239 homines
1262 5185 1328 5238 ab
1356 5183 1603 5251 operibus
1633 5181 1829 5242 saeculi,

291 5290 346 5335 et
376 5281 453 5334 ire
497 5279 550 5331 in
586 5278 750 5330 otium
775 5273 1151 5343 cognoscendae
1180 5280 1234 5325 et
1260 5269 1673 5337 contemplanda:
1692 5267 1833 5320 veri-

293 5369 440 5431 tatis,
494 5375 742 5434 tanquam
794 5379 847 5416 in
902 5362 1142 5429 amplexu
1188 5359 1407 5422 Rachel,
1451 5366 1507 5411 et
1548 5356 1720 5424 excipi
1768 5355 1832 5407 de

294 5468 596 5511 transverso
639 5450 998 5507 ecclesiastica
1050 5449 1363 5502 necessitate
1394 5486 1408 5511 ,
1473 5455 1633 5512 atque
1682 5443 1826 5496 ordi-

293 5546 408 5600 nari
438 5545 484 5597 in
507 5543 755 5605 laborem,
773 5550 1018 5607 tanquam
1034 5525 1127 5590 Lia
1148 5538 1370 5599 dicente,
1388 5534 1466 5586 Ad
1490 5550 1567 5586 me
1581 5532 1832 5586 intrabis?

291 5636 497 5703 Quibus
535 5632 671 5688 istud
720 5631 1025 5701 mysterium
1056 5629 1147 5682 Dei
1198 5624 1629 5705 dispetiantibus',
1659 5631 1717 5675 ut
1770 5622 1822 5675 in

1937 3234 2372 3302 vita3~praesentis
2418 3240 2623 3302 tempus
2670 3234 2955 3304 signiﬁcat,
2990 3234 3115 3303 quia
3144 3248 3245 3301 per
3275 3240 3481 3302 septem

1932 3324 2051 3378 dies
2074 3323 2353 3387 evolvitur,
2376 3324 2430 3379 in
2474 3337 2577 3392 qna
2599 3322 2855 3379 Dominus
2894 3322 3124 3377 formam
3146 3322 3480 3377 .servi.acce-

1934 3414 2029 3481 pit,
2078 3411 2250 3466 factus
2294 3408 2546 3466 obedieus
2599 3418 2840 3480 paterna:
2884 3395 3148 3466 voluntati
3200 3424 3368 3478 usque
3410 3410 3479 3463 ad

1935 3511 2178 3554 mortem.
2212 3500 2302 3554 llle
2328 3506 2466 3557 enim
2486 3514 2586 3568 pro
2610 3498 3121 3562 omnibnsservi‘vit,
3144 3496 3479 3560 etDominus

1936 3596 2113 3642 noster
2136 3573 2248 3640 ait:
2284 3586 2405 3641 Non
2423 3587 2559 3640 venit
2603 3585 2743 3653 ﬁlius
2776 3586 3000 3643 hominis
3039 3585 3342 3646 miuistrari,
3388 3584 3480 3635 sed

1933 3677 2225 3728 ministrare
2248 3673 2597 3746 (Μαιιιιίιχ).
2624 3674 2720 3729 ille
2759 3689 2887 3729 oves
2926 3674 3090 3743 pavit,
3122 3680 3193 3729 et"
3226 3672 3480 3726 Dominus

1934 3763 1988 3815 in
2019 3761 2299 3830 Evangelio
2336 3762 2464 3816 dicit
2489 3780 2503 3815 :
2538 3762 2787 3831 Ego-suns
2814 3770 2991 3830 pastor
3012 3746 3173 3817 bonus
3192 3757 3371 3829 (Joan.
3397 3758 3481 3828 ι).

1933 3851 2023 3905 Ille
2052 3851 2310 3905 mercedis
2335 3851 2482 3905 lucro
2502 3852 2705 3905 varium
2726 3851 3016 3917 sibi‘pecus
3042 3848 3262 3910 abstulit
3289 3846 3481 3901 :'Chr-i-

1934 3948 2047 3993 stus
2089 3939 2430 3993 diversarum
2481 3939 2715 4007 gentium
2763 3938 3072 4007 varietatem
3100 3936 3313 3989 sibimet
3351 3950 3480 3989 eon-

1933 4028 2191 4097 gregavit.
2242 4027 2335 4081 llle
2364 4034 2471 4087 tres
2499 4027 2676 4095 virgas
2723 4025 3009 4093 amputatis
3053 4024 3375 4087 corticibus,
3421 4023 3476 4082 in
3548 4034 3551 4035 '

1934 4118 2097 4174 alveis
2138 4132 2401 4191 aquarum
2450 4115 2717 4184 apposuit,
2750 4123 2806 4171 ut
2829 4128 3011 4173 earum
3039 4111 3478 4180 contemplatione

1932 4206 2408 4274 multiplicarentur
2454 4204 2569 4271 ejus
2613 4218 2761 4268 oves,
2799 4211 2854 4257 et
2892 4202 3146 4263 Dominus
3192 4210 3393 4255 noster.
3421 4200 3479 4255 in

1932 4309 2068 4363 aqua
2094 4293 2446 4363 baptismatis,
2472 4293 2630 4345 trium
2651 4304 2993 4359 personarum
3023 4288 3255 4352 nomina,
3278 4287 3477 4352 Patris,

1935 4392 1996 4451 et,
2020 4381 2175 4446 Filii;
2207 4390 2260 4435 et
2284 4380 2515 4449 Spiritus
2538 4379 2729 4442 sancti,
2757 4376 2950 4446 populo
2980 4376 3119 4430 ﬁdeli
3170 4375 3475 4443 proposuit,

1863 4438 1911 4497 Β
1938 4439 1996 4524 ui
2038 4438 2277 4538 quisqttis
2303 4438 2402 4522 hoc
2442 4469 2601 4537 pleno
2629 4438 2788 4521 corde
2818 4438 3187 4535 perspexerit;
3212 4438 3475 4517 efﬁciatur

1934 4560 2047 4613 ovis
2068 4557 2177 4611 Dei.
2204 4556 2441 4623 Qualiter
2458 4564 2635 4610 autem
2656 4555 2769 4607 hinc
2790 4567 2875 4613 res
2893 4551 3178 4613 secundum
3200 4551 3474 4610 historiam

1933 4646 2155 4715 intelligi
2184 4644 2393 4710 debeat,
2421 4658 2528 4696 non
2555 4641 3105 4712 est‘praetereundum.
3168 4709 3175 4715 _

2494 4749 2716 4806 CAPUT
2746 4748 2926 4803 XVlll.

1938 4848 2011 4901 De
2060 4847 2300 4899 servitute
2348 4842 2537 4906 Iacob,
2576 4838 2939 4961 guaﬂs‘erviuit
2964 4835 3277 4903 Laban'pro
3311 4835 3474 4903 gregi-

2606 4923 2669 4961 ιιι
2764 4922 2827 4959 ts.
3032 4920 3033 4923 ‘
3232 4931 3254 4959 ς

2606 4923 2669 4961 us
2700 4922 2827 4959 εαιι.
3232 4955 3236 4959 4
3251 4931 3254 4934 ’

2003 5002 2219 5055 Petente
2241 5000 2399 5068 igitur
2427 4997 2592 5052 Iacob
2625 5004 2777 5048 suum
2821 5002 3082 5052 socerum.
3108 4999 3168 5050 ut
3186 5004 3305 5050 cum
3343 5005 3473 5056 rixo-~

1935 5091 2081 5143 ribus
2109 5097 2163 5142 et
2199 5085 2512 5140 liberis'suis
2538 5083 2723 5137 liceret
2750 5080 2853 5134 sibi
2893 5080 2961 5133 ad
2988 5073 3245 5148 parentes,
3275 5079 3473 5141 redire,

1935 5177 2102 5231 suasit
2122 5176 2169 5229 ei
2199 5174 2403 5236 Laban,
2426 5179 2487 5226 ut
2523 5184 2705 5226 secum
2730 5174 2968 5221 maneret
2987 5163 3313 5234 aliquantum
3338 5173 3470 5219 tem-

1934 5266 2096 5334 poris,
2118 5264 2355 5330 dixitque
2381 5261 2429 5315 ei
2458 5278 2471 5313 :
2764 5310 2769 5314 .
3016 5305 3019 5309 ,
3066 5302 3067 5305 η
3246 5282 3249 5289 -

1994 5354 2138 5418 Quid
2163 5352 2296 5409 dabo
2325 5350 2453 5404 tibi?
2496 5350 2560 5402 At
2584 5349 2692 5417 ipse
2719 5345 2995 5415 respondit.
3027 5343 3174 5397 Nihil
3203 5343 3333 5398 odio.
3362 5338 3467 5399 Sed

1928 5446 1975 5499 si
1999 5444 2174 5510 feceris
2198 5441 2335 5511 quod
2352 5440 2593 5509 'postulo,
2626 5438 2811 5490 iterum
2858 5448 3085 5503 pascam,
3114 5443 3160 5487 et
3182 5432 3465 5487 custodiam

1928 5547 2110 5600 pecora
2131 5541 2240 5582 tua.
2269 5526 2405 5597 Cyre
2429 5542 2600 5580 omnes
2623 5540 2796 5593 greges
2825 5533 2961 5585 tuos,
2983 5532 3031 5575 et
3056 5531 3235 5590 separa
3256 5532 3463 5575 cunctas

1930 5638 2041 5674 oves
2067 5621 2257 5683 varias,
2284 5628 2329 5672 et
2345 5632 2534 5685 sparso
2562 5614 2819 5677 vellemet
2843 5612 3173 5682 quodcunque
3196 5610 3390 5679 fulvum
3414 5622 3460 5665 et
