3948 6314
473 415 578 468 603

477 522 794 578 maculosum
820 522 1115 585 variumque
1144 508 1319 582 fuerit,
1346 519 1451 561 tam
1484 510 1538 560 in
1569 506 1764 567 ovibus,
1788 519 1940 571 quant
1969 501 2018 551 in
2052 503 2093 557 Α

479 595 678 681 capris,
716 608 815 663 erit
842 621 1030 659 merces
1065 618 1210 660 mea;
1254 597 1674 667 respondebitque
1724 593 1847 645 mihi
1903 605 2019 642 cras

472 705 677 774 justitia
713 716 856 761 mea,
881 697 1087 767 quando
1129 692 1304 761 placiti
1328 701 1526 757 tempus
1555 685 1812 739 advenerit
1847 696 2020 774 coram

479 768 545 856 te,
573 776 681 846 etc.
707 787 926 842 Multum
951 783 1089 853 apud
1115 779 1461 849 Septuaginta
1497 777 1813 843 interpretes
1838 768 2024 825 confu-

480 896 571 934 sus
596 887 677 932 est
701 890 904 937 sensus,
937 882 991 926 et
1021 884 1187 939 usque
1214 870 1265 921 in
1295 870 1608 935 presenteut
1653 862 1791 917 diem
1821 858 2020 912 nullum

479 967 623 1037 potui
674 964 907 1017 invenire
938 968 1236 1013 nostrorum
1283 956 1374 1024 qui
1400 955 1465 1007 ad
1489 950 1772 1037 liquidum_
1794 946 1921 1037 quid
1967 945 2023 998 in

481 1034 581 1109 hoc
617 1054 733 1106 loco
758 1052 1022 1103 diceretur
1043 1052 1350 1114 exponeret.
1380 1040 1490 1104 Vis,
1522 1041 1719 1106 inquit,
1745 1034 1908 1089 Jaeob
1938 1049 2024 1087 me

480 1144 678 1198 servire
707 1142 797 1194 tibi
836 1140 993 1192 etiam
1039 1136 1170 1204 alios
1192 1142 1387 1201 septem
1410 1129 1607 1183 annos?
1635 1128 1738 1190 fac,
1764 1126 1902 1195 quod
1928 1139 2025 1193 po-

481 1231 637 1285 stulo.
671 1228 869 1295 Separa
900 1239 1084 1279 omnes
1123 1221 1409 1276 discolores
1447 1226 1501 1272 et
1530 1217 1704 1270 varias
1736 1221 1842 1267 tam
1873 1227 2023 1276 oves,

406 1378 409 1381 λ
480 1332 637 1388 quam
685 1329 889 1383 capras,
914 1321 968 1366 et
1015 1309 1161 1364 trade
1199 1309 1250 1361 in
1294 1320 1483 1359 manus
1532 1302 1759 1355 ﬁliorum
1791 1308 2021 1353 tuorum.

480 1409 815 1473 Rursumque
843 1419 904 1457 ex
952 1410 1175 1467 utroque
1203 1411 1363 1467 grege
1389 1395 1507 1449 alba
1534 1402 1586 1447 et
1616 1392 1765 1455 nigra
1796 1404 1985 1459 pecora
2007 1429 2021 1453 ,

480 1497 530 1551 id
556 1505 655 1557 est,
686 1493 841 1547 unius
878 1490 1071 1545 coloris
1098 1488 1163 1541 da
1194 1485 1341 1539 mihi.
1378 1482 1432 1537 Si
1464 1481 1588 1551 quid
1615 1480 1773 1548 igitur
1797 1492 1863 1531 ex
1893 1477 2026 1530 albis

478 1597 531 1641 et
551 1586 733 1655 nigris,
757 1599 873 1653 qua:
898 1584 1051 1638 unius
1070 1578 1281 1641 coloris,
1309 1582 1452 1638 sunt,
1472 1573 1677 1626 varium
1700 1577 1883 1623 natum
1905 1568 2024 1622 fue-

482 1676 568 1737 rit,
600 1689 775 1727 meum
802 1672 921 1726 erit.
972 1670 1027 1723 Si
1054 1668 1178 1737 quid
1206 1681 1332 1720 vero
1380 1664 1535 1716 unius
1580 1658 1794 1723 coloris,
1851 1664 2019 1711 tuum.

480 1763 611 1815 Rem
639 1776 741 1814 non
778 1757 1044 1813 difﬁcilem
1085 1753 1309 1823 postulo.
1339 1751 1535 1804 Tecum
1561 1746 1687 1801 facit
1715 1752 1904 1799 natura
1931 1757 2025 1813 pe-

1135 403 1191 454 Β.
1235 397 1481 452 BADA.“
1521 393 1733 449 JIAURI
1769 388 2075 443 ARCHIEP.
2118 383 2417 438 )lOCUNT.
2460 379 2738 435 Oi'iillUM
2777 378 2951 431 PARS
2990 378 3027 429 l.

3566 372 3673 423 liti-ft

2126 504 2301 547 utrttm
2354 508 2415 544 ex
2470 490 2623 543 unius
2670 486 2881 557 generis
2909 487 3048 555 ligno
3076 484 3349 536 varientur
3394 483 3577 549 \irga‘,
3605 498 3675 533 an

2119 582 2269 649 plura
2331 580 2439 632 sint
2487 578 2748 645 lignorum
2807 588 3022 643 genera,
3061 588 3181 626 cum
3234 572 3343 626 sola
3401 582 3675 640 quazrattzr

2121 671 2359 725 colorum
2406 668 2654 721 varietas.
2688 664 2763 717 Ac
2793 680 2887 731 per
2914 665 3013 716 hoc
3044 662 3238 729 inquiri
3270 661 3410 727 cogit
3443 660 3675 729 prophe-

2122 762 2269 821 tiam,
2301 767 2355 811 et
2374 758 2603 825 aliquam
2627 755 2907 823 ﬁguratam
2941 752 3382 822 signiﬁcationem
3413 765 3498 805 res
3522 752 3625 804 ista
3655 768 3669 801 :

2121 863 2279 917 quam
2326 847 2440 901 sine
2478 845 2638 899 dubio
2674 853 2733 897 ut
2764 844 3017 913 propheta
3064 840 3191 895 iecit
3217 840 3429 917 Iacob,
3464 850 3512 892 et
3550 840 3676 892 ideo

2120 950 2221 989 nec
2247 934 2447 991 fraudis
2490 933 2790 1003 arguendus
2837 940 2947 995 est,
2984 929 3099 986 Non
3146 930 3286 983 enim
3316 929 3419 983 tale
3446 929 3671 997 aliquid,

2120 1023 2223 1077 nisi
2251 1022 2512 1077 relatione
2541 1020 2802 1090 spirituali
2833 1035 2959 1076 eum
2984 1019 3175 1075 fecisse
3220 1018 3538 1073 credendum
3564 1026 3669 1070 est.

2123 1112 2409 1180 Postquam
2448 1118 2625 1163 autem
2652 1109 2762 1162 nati
2796 1107 3007 1163 fuerant
3032 1107 3153 1177 agni
3184 1116 3237 1160 et
3274 1106 3411 1161 haedi
3438 1106 3571 1158 varii
3618 1116 3675 1158 et

2124 1200 2414 1254 discolores
2437 1213 2501 1253 ex
2528 1198 2663 1252 albis
2681 1206 2746 1269 et
2773 1197 2929 1251 unius
2953 1196 3148 1251 coloris
3185 1194 3433 1263 gregibus
3450 1234 3465 1257 ,
3512 1208 3674 1262 sepa-

2124 1290 2276 1343 rabat
2320 1288 2438 1342 illos
2490 1285 2677 1352 Jacob,
2705 1295 2758 1341 et
2790 1286 2971 1356 procul
3000 1299 3118 1339 esse
3139 1284 3365 1338 faciebat
3390 1298 3420 1336 ιι
3444 1283 3679 1353 pristino

2122 1393 2302 1448 grege.
2354 1378 2410 1431 Si
2438 1378 2528 1446 qui
2568 1388 2745 1431 autem
2782 1376 3138 1431 nascebantur
3167 1377 3322 1429 unius
3363 1374 3591 1437 coloris,
3621 1374 3674 1427 id

2122 1475 2227 1531 est,
2255 1466 2356 1520 albi
2384 1468 2463 1520 vel
2486 1456 2643 1536 nigri,
2668 1467 2908 1520 tradebat
2932 1466 3191 1519 lnmanus
3214 1464 3440 1518 ﬁliorum
3469 1463 3674 1525 Laban,

2126 1562 2180 1608 et
2206 1554 2439 1623 ponebat
2486 1555 2684 1627 virgas,
2713 1569 2846 1622 quas
2884 1553 3296 1610 discoloraverat
3325 1553 3673 1624 [discon‘ave-

2127 1640 2232 1712 rat]
2264 1643 2317 1695 in
2346 1642 2640 1722 canalibus,
2670 1643 2760 1697 ubi
2789 1630 3194 1696 cllundebantur
3223 1657 3388 1710 aquce,
3413 1649 3465 1694 et
3493 1641 3676 1695 venie-

2126 1734 2254 1787 bant
2299 1732 2365 1786 ad
2392 1732 2679 1801 potandum
2697 1772 2711 1795 ,
2743 1740 2924 1785 contra
2944 1746 3162 1815 ~pecora
3181 1771 3194 1794 ,
3223 1739 3280 1783 ut
3333 1729 3675 1797 conciperent

479 1864 681 1912 corum,
718 1855 776 1900 ut
804 1844 918 1899 alba
949 1859 1013 1898 ex
1053 1815 1207 1905 albis,
1237 1848 1290 1894 et
1333 1838 1480 1908 nigra
1516 1842 1807 1890 nascantur
1844 1848 1908 1885 cx
1939 1831 2019 1885 ni-
2045 1815 2090 1873 Β
2214 1828 2452 1912 Αῑοηιρονθ
2478 1835 2597 1874 cum
2633 1820 2875 1912 νεηίΐεηιέ
2909 1819 2973 1871 δά
3020 1819 3333 1912 Ιιριῖλημδυπη·
3392 1817 3456 1869 Ει
3496 1818 3676 1870 conc.“

479 1941 615 2008 gris,
644 1922 849 2008 mecum
875 1936 978 1990 erit
1007 1934 1206 2004 iustitia
1237 1945 1351 1984 mea
1370 1969 1385 1993 ,
1415 1929 1538 1981 dum
1580 1925 1719 1978 Deus
1757 1921 2024 1977 humilita»

483 2002 607 2081 ient
634 2002 811 2079 meam
855 2002 1068 2091 respicit
1100 2028 1162 2075 et
1208 2019 1461 2073 laborem.
1512 2013 1788 2082 Optionem
1838 2010 2022 2064 Laban

479 2117 654 2170 datam
684 2114 903 2167 libenter
944 2110 1197 2179 arripuit,
1232 2115 1286 2161 et
1322 2107 1393 2159 ita
1429 2112 1487 2158 ut
1517 2102 1682 2157 Jacob
1724 2100 2025 2170 postulabat

476 2202 700 2265 faciens,
723 2202 880 2254 trium
908 2200 1111 2254 dierum
1136 2198 1236 2251 iter
1270 2196 1407 2248 inter
1442 2193 1606 2247 Jacob
1634 2200 1687 2245 et
1719 2206 1844 2245 suos
1884 2189 2021 2243 ﬁlios

482 2297 767 2366 separavit,
798 2311 862 2348 ne
900 2293 1017 2362 quis
1056 2307 1119 2344 ex
1157 2289 1427 2343 vicinitate
1456 2285 1664 2354 pecoris
1717 2290 2025 2338 nasceretur

478 2385 649 2438 dolus.
693 2383 870 2450 Itaque
922 2378 1085 2433 Jacob
1129 2391 1317 2431 novam
1369 2375 1640 2443 stropham
1689 2378 2022 2425 commentus

482 2482 582 2537 est,
610 2482 663 2525 et
698 2480 877 2524 contra
904 2477 1147 2521 naturam
1172 2465 1275 2518 albi
1304 2472 1357 2516 et
1384 2463 1519 2532 nigri
1546 2460 1753 2530 pecoris
1792 2457 2020 2513 naturali

482 2573 597 2618 arte
624 2561 891 2630 pugnavit.
940 2559 1072 2611 Tres
1088 2557 1226 2609 enim
1251 2556 1426 2622 virgas
1455 2552 1723 2621 pepuleas,
1756 2558 1809 2603 et
1836 2564 2017 2617 amyg-

480 2652 703 2712 dalinas,
731 2658 785 2702 et
810 2644 1161 2715 maligranati,
1190 2655 1493 2711 quanquam
1533 2636 1876 2706 Septuaginta
1905 2644 2021 2702 sty—

482 2752 693 2799 raceas,
718 2744 770 2790 et
796 2749 988 2788 nuceas
1007 2773 1020 2796 ,
1047 2742 1099 2785 et
1126 2729 1450 2800 plataninas,
1480 2726 1728 2785 habeant,
1760 2740 1824 2777 ex
1874 2730 2023 2791 parte

480 2828 832 2889 decorticans,
861 2824 1064 2876 varium
1098 2822 1362 2891 virgarum
1388 2816 1513 2871 fecit
1544 2817 1798 2877 colorem,
1821 2822 1880 2865 ut
1907 2813 2022 2866 ubi-

478 2929 688 2983 cunque
733 2913 784 2965 in
821 2912 966 2980 virga
1012 2896 1261 2963 corticem
1289 2904 1586 2973 reliquisset
1626 2903 1872 2968 antiquus
1898 2915 2019 2968 per-

479 3012 720 3058 maneret
761 3001 934 3064 color;
980 2999 1066 3053 ubi
1122 3012 1246 3050 vero
1308 2995 1511 3049 tulisset
1563 2992 1835 3053 corticem,
1876 2989 2022 3043 color

477 3094 729 3148 candidus
772 3092 1105 3160 panderetur.
1166 3087 1493 3143 Observabat
1544 3099 1671 3153 ergo
1720 3082 1921 3146 Iacob,
1966 3089 2020 3135 et

2124 1910 2341 1979 piabant
2371 1925 2563 1979 pecora
2602 1917 2788 1963 contra
2830 1909 3003 1978 virgas
3040 1906 3225 1969 Jacob,
3255 1920 3387 1974 quas
3423 1913 3672 1973 posuerat

2124 2009 2246 2054 ante
2291 2014 2482 2069 pecora
2512 1999 2884 2063 incanalibus
2925 1999 2990 2051 ad
3032 1997 3432 2067 concipiendum
3474 1997 3527 2051 in
3573 1997 3673 2059 eis,

2124 2096 2178 2142 et
2205 2088 2256 2140 in
2286 2086 2534 2140 serotinis
2559 2087 2746 2141 ovibus
2781 2102 2884 2141 non
2936 2087 3188 2153 ponebat,
3216 2094 3269 2139 et
3311 2084 3507 2138 ﬁebant
3530 2099 3675 2138 sero-

2126 2176 2233 2229 tina
2261 2174 2468 2237 Laban,
2496 2182 2550 2227 et
2594 2182 2931 2242 temporanea
2979 2173 3162 2227 Jacob.
3206 2172 3317 2227 Hoc
3364 2173 3415 2225 in
3448 2170 3674 2239 Septua-

2124 2265 2269 2333 ginta
2316 2265 2694 2333 intcrptetihus
2737 2279 2840 2317 non
2871 2264 3123 2327 habetur;
3158 2264 3247 2318 sed
3288 2278 3384 2333 pro
3425 2263 3675 2317 serotinis

2124 2365 2178 2410 et
2225 2356 2602 2425 temporaneis,
2630 2355 2771 2409 aliud
2801 2356 2979 2409 nescio
3004 2355 3149 2424 quid,
3176 2356 3315 2422 quod
3345 2354 3411 2408 ad
3454 2368 3669 2407 sensum

2125 2460 2230 2497 non
2267 2444 2515 2511 pertinet,
2550 2444 2953 2497 transtulerunt.
2988 2442 3135 2507 Quod
3167 2448 3344 2495 autem
3373 2442 3500 2495 dicit
3530 2440 3673 2495 Scri-

2122 2544 2297 2604 ptura,
2332 2535 2431 2588 hoc
2459 2543 2541 2587 est
2574 2552 2586 2586 :
2617 2534 2779 2587 Jacob
2808 2535 3040 2602 prudens
3061 2543 3113 2587 et
3136 2534 3388 2597 callidus,
3410 2533 3676 2600 justitiam

2123 2628 2175 2674 et
2222 2621 2577 2699 tequalitatem
2628 2622 2785 2674 etiam
2838 2621 2888 2674 in
2944 2636 3075 2673 nova
3123 2630 3237 2675 arte
3288 2624 3555 2676 servabat.
3612 2622 3673 2676 Si

2120 2713 2477 2765 enim'omnes
2504 2727 2665 2779 agnos
2688 2721 2741 2765 et
2776 2712 2953 2765 lendus
2986 2712 3161 2765 varios
3183 2726 3370 2779 pecora
3393 2727 3671 2779 procreas-

2121 2809 2259 2863 sent,
2290 2809 2403 2853 erat
2460 2801 2634 2867 aliqua
2681 2801 2910 2869 suspicio
2948 2801 3082 2861 doli,
3114 2810 3166 2853 et
3194 2808 3378 2871 aperte
3418 2801 3543 2853 huic
3595 2799 3677 2855 rei.

2121 2889 2301 2943 Laban
2339 2891 2547 2942 invntus
2585 2889 2921 2942 contraisset.
2968 2889 3112 2958 Ergo.
3156 2889 3235 2942 ita
3265 2889 3439 2941 omnia
3468 2897 3672 2955 tempe-

2124 2962 2287 3041 ravit;
2318 2988 2374 3031 ut
2418 2986 2471 3031 et
2524 2979 2635 3046 ipse
2690 2976 2919 3031 fructum
2968 2978 3056 3034 sui
3080 2977 3280 3033 laboris
3306 2979 3591 3044 acciperet,
3620 2986 3673 3030 et

2121 3068 2299 3121 Laban
2352 3084 2456 3121 non
2500 3069 2711 3136 penitus
2742 3069 3093 3137 spoliaretur;
3119 3070 3209 3123 sed
3237 3071 3279 3123 si
3312 3068 3521 3137 quando
3548 3084 3678 3123 oves

481 3190 713 3248 tempore
748 3156 852 3246 quo
896 3176 1314 3231 ascendebantur
1340 3188 1530 3241 pecora
1565 3182 1617 3226 et
1644 3183 1765 3240 post
1791 3172 2019 3225 calorem
2047 3156 2090 3217 C
2122 3166 2176 3211 οι
2203 3158 2574 3248 εθυνεελρνίηιο
2606 3166 2842 3248 toni-PP“?
2870 3158 3309 3221 ascendebantur.
3332 3158 3456 3227 ιιιιία
3488 3157 3674 3212 melior

479 3268 580 3321 diei
613 3268 677 3319 ad
705 3268 989 3334 potandum
1018 3265 1167 3318 avide
1197 3263 1503 3331 pergebant,
1536 3260 1822 3315 discolores
1842 3261 2020 3328 virgas

478 3358 704 3425 ponebat
731 3357 782 3409 in
810 3355 1100 3417 canalibus,
1124 3362 1177 3407 et
1198 3352 1441 3406 admissis
1464 3352 1717 3405 arietibus
1744 3359 1797 3404 et
1826 3351 2017 3415 hircis,

479 3444 531 3495 in
586 3444 697 3512 ipsa
732 3442 945 3511 potandi
1004 3442 1253 3495 aviditate
1299 3455 1425 3494 oves
1455 3450 1508 3494 et
1552 3454 1737 3509 capras
1795 3438 2021 3493 faciebat

479 3532 714 3593 ascendi,
744 3540 802 3583 ut
828 3546 891 3584 ex
917 3530 1108 3599 duplici
1132 3530 1412 3592 desiderio,
1443 3529 1564 3582 dum
1587 3538 1639 3581 et
1668 3528 1817 3582 avide
1838 3527 2022 3580 bibunt

480 3632 531 3674 et
582 3620 936 3673 ascenduntur
964 3634 993 3671 a
1037 3618 1290 3682 maribus,
1320 3618 1447 3670 tales
1476 3617 1612 3671 fetus
1662 3617 2018 3684 conciperent,

472 3709 659 3777 quales
693 3712 908 3763 umbras
937 3709 1158 3762 arietum
1183 3717 1237 3762 et
1262 3708 1529 3761 hircorum
1572 3708 1797 3774 desuper
1837 3722 2020 3761 ascen-

482 3799 716 3851 dentium
748 3798 799 3850 in
845 3812 1100 3865 aquarum
1135 3796 1346 3865 speculo
1390 3795 1883 3862 contemplabantur
1942 3795 2017 3847 Ex

480 3887 642 3955 virgis
687 3888 827 3940 enim
876 3888 928 3940 in
977 3887 1247 3941 canalibus
1289 3887 1475 3955 positis
1502 3888 1679 3940 varius
1721 3887 1875 3939 etiam
1908 3895 2024 3940 erat

481 3975 769 4045 imaginum
790 3975 953 4030 color.
978 3975 1085 4030 Nec
1111 3976 1302 4029 mirum
1336 3976 1473 4028 hanc
1503 3976 1552 4027 in
1583 3984 1838 4043 conceptu
1866 3974 2019 4028 femi-

480 4081 668 4119 narum
712 4080 828 4119 esse
874 4074 1139 4129 naturam,
1170 4073 1228 4118 ut
1264 4064 1445 4132 quales
1490 4065 1855 4133 perspexerint
1908 4065 2017 4118 sive

483 4162 660 4208 mente
698 4154 1068 4222 conceperint,
1093 4154 1143 4206 in
1174 4162 1412 4205 extremo
1437 4153 1716 4221 voluptatis
1738 4164 1887 4216 aestu,
1918 4168 2022 4221 quo

481 4243 801 4311 concipiunt,
827 4245 982 4297 talem
1008 4244 1237 4297 sobolem
1263 4252 1561 4312 procreent,
1589 4259 1706 4296 cum
1732 4243 1831 4297 hoc
1852 4243 2020 4311 ipsum

481 4331 720 4385 etiamin
771 4347 1024 4400 equarum
1062 4332 1307 4400 gregibus
1332 4333 1468 4401 apud
1511 4333 1770 4400 Hispanos
1817 4333 2022 4387 dicatur

482 4422 616 4485 ﬁeri,
645 4430 699 4475 et
721 4421 1074 4487 Quintilianus
1099 4422 1151 4473 in
1180 4436 1241 4475 ea
1284 4422 1644 4475 controversia
1671 4438 1773 4490 qua
1806 4437 2021 4476 accusa-

2121 3254 2202 3299 est
2225 3246 2452 3299 vernalis
2473 3245 2715 3317 {vernus}
2738 3246 2891 3312 fetus,
2917 3255 3047 3303 ante
3062 3248 3203 3317 ipsas
3223 3248 3452 3315 ponebat
3471 3248 3671 3316 virgas,

2122 3347 2180 3391 ut
2205 3338 2348 3390 varia
2382 3339 2588 3392 soboles
2615 3349 2942 3393 nasceretur.
2981 3340 3315 3409 Quaecunque
3339 3350 3514 3394 autem
3547 3356 3677 3397 oves

2123 3438 2176 3481 et
2200 3444 2370 3501 caprae
2396 3444 2516 3483 sero
2540 3429 2848 3497 quaarebant
2879 3445 3096 3494 marem,
3121 3439 3241 3483 ante
3271 3432 3458 3483 barum
3490 3431 3678 3485 oculos

2122 3530 2227 3568 non
2257 3517 2485 3584 ponebat
2525 3518 2699 3587 virgas
2724 3558 2737 3580 ,
2767 3527 2823 3571 ut
2857 3518 3013 3572 unius
3041 3518 3235 3573 coloris
3262 3508 3456 3589 pecora
3482 3534 3673 3574 nasce-

2124 3614 2354 3669 rentur;'
2373 3615 2426 3659 et
2451 3607 2702 3675 quidquid
2727 3608 3043 3663 nascebatur
3068 3610 3319 3677 primum,
3348 3625 3500 3663 suum
3530 3618 3668 3673 erat,

2122 3695 2243 3763 quia
2267 3695 2494 3750 discolor
2514 3706 2566 3773 et
2582 3698 2784 3751 varium
2808 3708 2950 3763 erat;
2976 3700 3225 3768 quidquid
3244 3709 3453 3769 postea,
3471 3699 3673 3755 Laban.

2124 3786 2291 3841 Unius
2315 3789 2454 3841 enim
2486 3799 2592 3841 tam
2623 3789 2674 3841 in
2700 3791 2852 3859 nigro
2876 3806 3034 3858 quam
3076 3792 3127 3845 in
3157 3791 3277 3843 albo
3298 3788 3489 3845 coloris
3512 3806 3677 3859 pecus

2122 3879 2409 3935 oriebatur.
2456 3880 2511 3933 in
2564 3895 2628 3934 eo
2670 3890 2843 3933 autem
2892 3881 3009 3935 loco
3047 3880 3135 3934 ubi
3182 3880 3436 3949 scriptum
3468 3890 3585 3943 est,
3617 3890 3678 3935 ut

2122 3970 2460 4038 conciperent
2490 3970 2541 4021 in
2568 3970 2750 4038 virgis,
2783 3970 2832 4021 in
2860 3968 3080 4023 Hebrmo
3112 3969 3293 4034 habet,
3309 3971 3675 4023 ieltammetma

2120 4066 2315 4115 natant.
2357 4058 2475 4111 Vim
2525 4058 2671 4111 verbi
2724 4056 2965 4111 liebraici
3001 4096 3015 4120 ,
3061 4057 3161 4110 nisi
3216 4058 3438 4111 circuitu
3490 4059 3676 4125 expri-

2122 4162 2269 4201 mere
2289 4164 2392 4202 non
2412 4154 2653 4216 possum.
2682 4147 3056 4201 lehammenna
3075 4147 3213 4200 enim
3234 4147 3455 4216 proprie
3480 4148 3677 4201 dicitur

2122 4246 2390 4290 extremus
2417 4238 2467 4289 in
2497 4237 2635 4291 coitu
2663 4236 2806 4290 calor
2834 4277 2847 4299 ,
2895 4252 3000 4305 quo
3030 4251 3221 4305 corpus
3250 4251 3411 4290 omne
3437 4238 3677 4295 concuti.-

2121 4335 2227 4393 tur,
2251 4337 2305 4381 et
2340 4328 2569 4397 patranti
2610 4327 2866 4397 voluptati
2914 4329 3117 4384 vicinus
3173 4336 3254 4383 est
3300 4328 3438 4383 ﬁnis.
3472 4328 3682 4401 (δι-ες.)

2121 4416 2305 4470 Potest
2343 4425 2517 4471 autem
2543 4426 2595 4471 et
2622 4418 2909 4471 secundum
2948 4418 3227 4487 mysticum
3280 4432 3492 4471 sensum
3517 4459 3532 4481 ,
3573 4421 3679 4473 hoc

481 4522 566 4563 tur
590 4474 826 4563 matrona
855 4511 994 4579 quod
1022 4509 1324 4577 IEthiopem
1354 4511 1575 4578 peperit,
1602 4474 1702 4578 prd
1717 4511 2020 4565 defensione
2047 4474 2096 4531 Ι)
2123 4505 2318 4559 iactum
2339 4515 2392 4559 et
2418 4506 2521 4560 alio
2550 4508 2705 4562 modo
2740 4507 2978 4577 intelligi.
3004 4474 3333 4562 ‘lntellectus
3381 4523 3519 4563 sacri
3566 4510 3676 4564 elo-

483 4598 623 4651 illius
658 4606 1054 4665 argumentetur
1098 4598 1233 4651 hanc
1263 4606 1611 4666 conccptuum
1643 4613 1757 4651 esse
1782 4606 2024 4652 naturam

480 4702 635 4753 quant
663 4702 819 4753 supra
844 4687 1091 4739 diximus.
1124 4686 1193 4739 Et
1216 4687 1465 4754 scriptum
1488 4687 1752 4755 reperitur
1790 4687 1841 4739 in
1875 4687 2026 4742 libris

482 4777 832 4843 antiquissimi
861 4783 913 4827 et
940 4776 1244 4842 peritissimi
1275 4776 1463 4829 medici
1490 4774 1856 4844 Hyppocratis,
1886 4776 2025 4843 quod

481 4864 670 4916 mulier
691 4865 929 4931 qumdam
956 4865 1253 4933 suspicione
1278 4864 1519 4918 adulterii
1542 4863 1713 4917 fuerat
1737 4864 2021 4933 punienda,

484 4966 598 5005 cum
626 4951 1036 5019 pulcherrimum
1063 4954 1370 5021 peperisset,
1398 4953 1606 5021 utrique
1640 4954 1839 5020 parenti
1867 4968 2024 5023 gene-

480 5040 630 5106 rique
659 5039 993 5101 dissimilem,
1027 5041 1127 5093 nisi
1172 5051 1493 5094 memoratus
1521 5041 1754 5095 medicus
1781 5040 2023 5095 solvisset

479 5127 847 5192 quaestionem,
879 5127 993 5179 illos
1022 5142 1239 5180 monens
1266 5142 1500 5194 quazrcre
1530 5143 1656 5181 num
1687 5128 1825 5181 forte
1845 5129 2021 5196 aliqua

481 5216 601 5267 talis
636 5228 836 5269 utetura
866 5224 1004 5269 esset
1051 5218 1099 5269 in
1130 5217 1393 5280 cubiculo,
1421 5234 1522 5285 qua
1559 5219 1791 5281 inventa,
1824 5218 2023 5287 ,mulier

479 5319 507 5355 a
540 5316 840 5370 snsptcwne
867 5302 1084 5356 liberati.
1120 5314 1217 5359 est.
1252 5305 1430 5376 (Λεία.)
1465 5306 1567 5360 Sed
1605 5306 1671 5359 ad
1698 5305 1836 5359 hanc
1883 5321 2016 5371 rem,

478 5406 637 5458 quam
682 5389 807 5443 fecit
850 5389 1032 5455 Jacob,
1065 5394 1330 5462 virgarum
1378 5411 1441 5449 ex
1480 5395 1703 5450 diversis
1743 5396 2020 5450 arboribus

479 5479 639 5531 trium
664 5480 925 5548 copulatio
962 5480 1087 5549 quid
1112 5484 1395 5539 contulerit
1424 5485 1684 5548 utilitatis,
1715 5484 1854 5552 quod
1900 5486 2022 5537 atti-

480 5577 572 5618 net
611 5568 677 5619 ad
724 5570 896 5623 varias
922 5570 1149 5637 pecudes
1180 5572 1625 5641 multiplicandas,
1650 5589 1753 5626 non
1798 5568 2037 5640 apparct‘

476 5657 710 5721 omnino,
747 5674 840 5715 nec
894 5661 1089 5730 aliquid
1140 5663 1204 5717 ad
1257 5665 1355 5718 hoc
1402 5665 1732 5720 mutulo-dum
1779 5666 2015 5727 interest,

2120 4594 2241 4662 quii‘
2281 4595 2417 4648 inter
2450 4604 2651 4649 textum
2683 4605 2737 4649 et
2770 4596 3079 4666 mysterium
3110 4604 3257 4651 tanta
3282 4605 3362 4649 est
3394 4596 3678 4653 libratione

2120 4686 2442 4753 pensandus,
2467 4682 2819 4754 ut’utriusque
2840 4685 3006 4754 partis
3033 4685 3182 4739 lance
3207 4685 3505 4748 moderata,
3529 4679 3693 4741 hunc:~

2122 4789 2293 4841 neque
2346 4774 2522 4828 nimiae
2566 4774 2911 4830 discussionis
2938 4776 3143 4841 pondus
3177 4774 3467 4841 deprimat,
3503 4789 3677 4843 nequo

2124 4879 2333 4917 rursum
2386 4874 2565 4933 torpor
2613 4866 2830 4919 incuriae
2878 4879 3100 4918 vacuum
3142 4864 3424 4931 relinquat.
3493 4864 3664 4918 Multat

2125 4956 2316 5023 quippe.
2344 4956 2455 5022 ejus
2477 4956 2749 5008 sententia:
2774 4962 2915 5007 tanta
2939 4954 3310 5021 allegoriarum
3328 4956 3672 5022 conceptione

2123 5052 2245 5095 sunt
2265 5042 2512 5110 gravidae,
2545 5050 2600 5094 ut
2637 5043 2875 5110 quisquis
2896 5058 2987 5095 eas
3009 5044 3072 5095 ad
3094 5042 3257 5096 solam
3291 5054 3471 5097 tenere
3503 5043 3668 5097 histo-

2125 5131 2258 5184 riam
2290 5131 2476 5183 nititnr
2501 5172 2515 5195 ,
2546 5147 2728 5185 carum
2758 5132 2941 5185 notitia
2970 5147 3063 5200 per
3086 5148 3235 5185 suam
3266 5132 3521 5185 incuriam
3560 5134 3667 5201 pri-

2123 5230 2293 5275 vetur.
2326 5219 2584 5275 Nonnulla
2613 5236 2739 5276 vero
2777 5224 2851 5277 ita
2896 5224 3247 5277 exterioribus
3267 5223 3545 5291 prmceptis
3588 5224 3669 5276 ἰιις

2122 5309 2375 5370 serviunt,
2409 5317 2467 5360 ιιι
2492 5309 2535 5361 si
2558 5310 2677 5377 quis
2704 5324 2796 5364 eas
2816 5310 3059 5364 subtilius
3084 5318 3360 5379 penetrare
3380 5310 3666 5372 desideret,

2123 5403 2262 5452 intus
2288 5400 2494 5467 quidem
2524 5400 2651 5451 nihil
2678 5400 2931 5465 inveniat,
2957 5401 3049 5453 sed
3078 5401 3180 5457 hoc
3208 5398 3306 5453 sibi
3335 5397 3497 5452 etiam
3526 5396 3663 5466 Quod

2121 5486 2255 5542 foris
2277 5489 2563 5556 loquuntur
2589 5489 2897 5543 abscondat.
2948 5490 3096 5544 Unde
3127 5489 3260 5542 bene
3299 5500 3509 5557 quoque
3537 5501 3662 5540 nar.

2124 5576 2327 5631 ratione
2360 5576 2609 5629 historica
2654 5591 2747 5643 per
2790 5576 3225 5646 signiﬁcationem
3247 5574 3482 5631 dicitur:

2194 5663 2393 5717 Tollcns
2408 5662 2568 5717 Iacob
2591 5666 2754 5734 virgas
2772 5664 3014 5733 populeas
3040 5664 3221 5718 virides
3245 5673 3291 5718 et
3309 5660 3663 5735 mygdalim
