3948 6320
244 351 348 407 605

1258 352 1603 408 COMMENT.
1643 352 1710 407 ῐΝ
1748 350 2066 408 UENESIM.
2102 382 2170 393 ——
2206 353 2330 407 LIB.
2373 353 2455 407 ΠΙ.

3337 358 3435 413 606

235 475 287 519 et
311 481 374 519 ex
392 466 637 535 platanis,
679 480 743 518 ea:
773 472 917 535 parte
936 464 1263 518 decortlcavit
1302 480 1386 516 eas
1409 504 1424 528 ,
1465 474 1519 517 et
1565 466 1787 532 reliqua.
1821 472 1867 523 Α
1896 462 2132 532 Denique
2160 472 2210 517 et
2235 479 2298 518 ex
2327 448 2777 534 consequentibus
2808 469 2895 523 hic
2934 470 3101 538 magis
3123 485 3310 525 sensus
3332 487 3443 540 pro-

235 556 374 621 Quid
402 562 483 607 est
512 554 685 623 virgas
712 553 906 606 virides
928 560 979 606 et
1002 552 1359 622 amygdalinas
1390 564 1547 620 atque
1591 570 1655 607 ex
1681 554 1788 621 pla-

236 646 376 699 lanis
405 651 527 697 ante
555 642 736 697 oculos
764 656 981 709 gregum
1008 657 1223 707 ponere,
1253 642 1353 695 nisi
1383 657 1477 710 per
1503 641 1791 711 Scriptura

230 738 428 791 seriem
459 742 793 803 anttquorum
827 734 1042 787 Patrum
1072 734 1207 785 vitas
1237 740 1394 800 atque
1419 734 1707 787 sententias
1737 734 1787 787 in

228 826 530 895 exemplum
551 824 754 895 populis
782 823 1053 891 pralrere?
1077 822 1202 887 Qua
1222 822 1474 875 nimirum
1497 824 1619 891 quia
1635 824 1789 892 juxta

225 916 454 971 rationis
482 929 701 968 examen
725 921 883 966 rectae
909 921 1049 971 sunt.
1080 912 1240 980 virga
1275 911 1630 965 nominantur.
1661 911 1788 977 Qui-

221 1008 329 1062 bus
348 1022 412 1061 ex
435 1016 585 1075 parte
608 1004 859 1059 corticem
885 1004 1169 1066 subtrahit,
1198 1011 1252 1055 ut
1279 1003 1329 1055 in
1355 1002 1437 1055 bis
1456 1018 1573 1070 qua
1597 1017 1791 1071 exspo—

222 1098 448 1161 liantur,
477 1096 694 1150 intimus
731 1093 931 1153 candor
959 1100 1245 1161 appareat;
1277 1101 1329 1146 et
1370 1107 1433 1145 ex
1476 1101 1626 1160 parte
1661 1107 1784 1146 cor-

222 1189 385 1243 licem
429 1194 645 1249 servat,
703 1186 748 1239 si
798 1193 856 1237 ut
908 1183 1119 1236 fuerant
1168 1183 1400 1237 exterius
1460 1184 1510 1235 in
1562 1184 1786 1237 veritate

216 1285 603 1347 permaneant;
635 1275 918 1341 variusque
940 1273 1205 1341 virgarum
1227 1272 1373 1326 color
1392 1270 1638 1335 ellicitur,
1660 1272 1782 1325 dum

216 1377 407 1425 cortex
450 1381 517 1421 ex
546 1375 695 1435 parte
723 1362 1071 1423 subtrahitur,
1106 1370 1159 1415 et
1197 1376 1260 1414 ex
1302 1369 1452 1429 parte
1500 1361 1778 1413 retinetur.

214 1457 355 1514 Ante
378 1455 817 1513 considerationis
864 1454 1005 1507 enim
1049 1462 1244 1506 nostra
1280 1450 1459 1505 oculos
1492 1450 1779 1519 pradican-

213 1550 351 1602 tium
378 1537 595 1602 Patrum
621 1544 895 1601 sententia
922 1543 1071 1613 quasi
1114 1543 1273 1612 virga
1296 1542 1456 1594 varia
1490 1548 1777 1609 ponuntur,

214 1638 271 1693 in
306 1635 655 1707 quibus_dum
700 1635 1012 1705 plerumque
1068 1632 1389 1687 intellectum
1435 1631 1620 1683 litterae
1649 1630 1782 1698 fugi-

213 1742 357 1789 mus,
390 1726 543 1796 quasi
571 1725 824 1780 corticem
868 1723 1258 1785 subtrabimus;
1298 1728 1349 1775 et
1394 1721 1517 1774 dum
1567 1719 1773 1772 intelle-

1892 551 2068 615 batur,
2098 556 2235 620 quod
2266 569 2362 622 per
2387 556 2624 625 singulos
2662 556 2797 611 fetus
2826 573 3034 625 semper
3070 559 3247 613 Laban
3270 560 3441 615 condi-

1890 641 2087 693 tionem
2124 644 2425 696 mutaverit.
2470 645 2526 698 Si
2572 646 2785 704 videbat
2830 648 3032 699 varium
3077 647 3220 702 nasci
3264 663 3447 718 pecus,

1886 740 2003 799 post
2040 732 2201 785 fetum
2232 733 2477 787 dicebat:
2503 734 2633 789 Volo
2661 744 2719 789 ut
2747 736 2798 789 in
2828 735 3007 789 futuro
3028 738 3158 791 mihi
3186 739 3331 791 varia
3356 754 3449 792 na-

1886 831 2125 875 scantur.
2150 821 2316 877 Jaeob
2336 824 2529 892 quippe
2548 824 2648 878 hoc
2667 826 2870 890 audito,
2897 826 3079 897 virgas
3099 828 3446 881 in‘canalibus

1885 925 1990 963 non
2013 911 2266 979 ponebat,
2292 920 2352 965 ut
2380 910 2587 966 futuros
2613 912 2749 968 fetus
2775 915 2872 968 sibi
2900 931 3093 984 pecora
3117 917 3272 969 unius
3300 916 3445 970 colo-

1884 998 1959 1053 ris
1985 1010 2351 1068 procrearent.
2396 1002 2627 1056 Rursum
2657 1018 2778 1057 cum
2820 1004 3036 1057 vidisset
3066 1005 3224 1058 unius
3251 1004 3445 1058 coloris

1883 1090 2031 1143 nasci
2071 1105 2265 1158 pecora
2298 1090 2499 1155 Laban,
2545 1106 2654 1145 sua
2691 1092 2859 1159 partis
2891 1108 2955 1146 ea
3004 1093 3115 1146 fieri
3146 1093 3341 1147 debere
3372 1094 3445 1147 di-

1881 1178 2054 1247 cebat.
2083 1178 2148 1230 Et
2168 1179 2292 1247 quid
2326 1180 2515 1247 plura?
2542 1196 2709 1249 usque
2750 1181 2817 1234 ad
2858 1182 3001 1236 vices
3025 1181 3206 1236 decem
3233 1198 3444 1251 semper

1882 1280 1911 1317 a
1940 1264 2119 1317 Laban
2165 1266 2373 1333 pecoris
2416 1267 2496 1319 sui
2540 1266 2704 1321 Iacob
2742 1276 2940 1321 mutata
2970 1269 3205 1323 conditio
3244 1278 3361 1333 est;
3388 1279 3442 1323 et

1880 1355 2232 1424 quodcunque
2258 1356 2359 1409 sibi
2388 1367 2735 1425 proposuerat
2773 1367 2831 1410 ut
2859 1368 3187 1426 nasceretur,
3222 1358 3272 1412 in
3306 1358 3442 1413 colo—

1881 1458 1993 1497 rem
2023 1445 2349 1498 contrarium
2369 1446 2689 1499 vertebatur.
2716 1444 2791 1499 Ne
2813 1447 2905 1515 cui
2924 1456 3102 1500 autem
3128 1448 3179 1501 in
3203 1463 3293 1501 sex
3339 1462 3439 1499 an-

1878 1533 1964 1586 nis
1985 1533 2168 1587 decem
2198 1535 2441 1602 pariendi
2465 1536 2608 1589 vices
2638 1537 2977 1591 incredibiles
3000 1537 3300 1605 videantur,
3322 1538 3439 1609 lege

1878 1620 2177 1691 Virgilium,
2204 1624 2255 1676 in
2280 1638 2386 1692 quo
2414 1623 2609 1677 dicitur
2634 1642 2647 1677 :

2122 1732 2203 1779 Bis
2222 1733 2427 1793 gravida
2455 1733 2684 1794 pecudes.

213 1826 359 1872 ctum
385 1818 575 1871 littera
599 1816 908 1884 plerumque
930 1813 1218 1881 sequimur,
1244 1812 1392 1880 quasi
1416 1810 1665 1864 corticem
1693 1824 1775 1862 re-

1880 1827 2078 1883 Natura
2104 1840 2280 1883 autem
2305 1830 2605 1885 Italicarum
2634 1832 2812 1885 ovium
2839 1839 2893 1886 et
2919 1831 3307 1903 Mesopotamia
3330 1848 3436 1887 una

213 1908 787 1981 servamus.unmque
817 1906 881 1957 ab
924 1904 1052 1972 ipsis
1102 1911 1283 1957 cortex
1330 1902 1521 1955 littera
1562 1899 1773 1954 subtra-

212 1997 384 2061 bitur,
430 1996 711 2067 allegorice
754 1993 952 2049 candor
992 1992 1213 2047 interior
1259 1993 1677 2052 demonstratur;
1723 1996 1777 2041 et

212 2102 337 2141 cum
359 2095 542 2141 cortex
564 2085 899 2153 relinquitur,
917 2084 1195 2137 exterioris
1220 2080 1577 2151 intelligentia:
1600 2080 1776 2132 viren-

210 2178 290 2232 tia
320 2177 559 2247 exempla
583 2182 965 2230 monstrantur.
990 2174 1132 2239 Quas
1159 2174 1294 2226 bene
1337 2170 1499 2225 Iacob
1551 2171 1602 2222 in
1627 2181 1777 2238 aqua

208 2267 492 2322 canalibus
511 2266 719 2335 posuit,
747 2265 872 2334 quia
894 2272 947 2318 et
975 2263 1297 2330 Redemptor
1330 2270 1513 2314 noster
1548 2260 1601 2312 in
1624 2260 1777 2312 libris

209 2371 309 2411 eas
336 2370 502 2411 sacra
541 2355 793 2418 scientia,
839 2353 1029 2423 quibus
1068 2368 1165 2406 nos
1199 2352 1515 2405 intrinsecus
1549 2347 1778 2402 infundi—

210 2460 358 2510 mur,
385 2444 521 2498 ﬁxit.
546 2444 653 2497 Has
673 2443 989 2512 aspicientes
1008 2443 1200 2494 arietes
1214 2455 1331 2493 cum
1354 2440 1543 2492 ovibus
1561 2446 1773 2499 coeunt,

210 2534 339 2605 quia
358 2533 646 2588 rationales
671 2526 838 2585 nostri
861 2531 1076 2598 spiritus
1101 2524 1420 2589 intellectus,
1449 2527 1572 2579 dum
1594 2541 1775 2578 earum

210 2613 514 2679 intentione
560 2621 719 2677 deﬁxi
774 2625 902 2677 sunt
976 2618 1197 2687 singulis
1237 2617 1429 2685 quibus
1482 2614 1778 2668 actionibus

204 2713 599 2784 permiscentur
624 2709 754 2763 tales
798 2708 937 2762 fetus
979 2716 1197 2776 operum
1228 2711 1549 2773 procreant,
1599 2701 1776 2770 qualia

202 2801 451 2871 exempla
481 2798 886 2870 pracedentium
927 2798 981 2849 in
1020 2796 1236 2849 vocibus
1279 2802 1663 2862 praceptorum
1698 2791 1774 2843 vi-

204 2894 365 2957 dent;
396 2902 451 2946 et
478 2892 746 2945 diversum
768 2888 999 2943 colorem
1029 2886 1194 2956 prolis
1225 2886 1347 2939 boni
1373 2883 1551 2954 operis
1576 2883 1777 2935 habent

201 2982 335 3053 quia
365 2994 742 3048 nonnunquam
777 2976 1047 3032 subtracta
1093 2976 1287 3029 littera
1317 2975 1536 3037 cortice,
1571 2972 1778 3025 acutius

203 3070 419 3124 interna
446 3068 804 3132 considerant,
831 3076 885 3121 et
907 3073 1181 3122 reservato
1204 3078 1581 3132 nonnunquam
1604 3062 1772 3116 histo-

205 3159 307 3214 ria
329 3158 579 3228 tegmine,
603 3157 738 3211 bene
759 3171 817 3211 se
834 3141 904 3211 in
930 3155 1283 3210 exterioribus
1307 3152 1557 3207 formant.

222 3268 233 3282 ι
284 3247 588 3316 Ditatusque
612 3256 684 3299 est
716 3246 865 3299 homo
898 3244 1038 3298 ultra
1064 3243 1304 3307 modum;
1330 3250 1377 3295 et
1399 3228 1577 3293 habuit
1596 3254 1771 3309 greges

202 3328 423 3399 multas,
446 3344 494 3388 et
514 3333 754 3398 ancillas,
780 3342 827 3387 et
856 3350 1049 3398 servos,
1074 3330 1297 3385 camelos
1328 3339 1375 3383 et
1402 3330 1598 3384 asinos.

790 3444 1011 3500 CAPUT
1052 3443 1189 3499 XIX.

204 3546 286 3603 De
311 3548 478 3600 reditu
531 3546 691 3600 Jacob
742 3562 806 3598 ea:
850 3544 1243 3614 Mesopotamia,
1277 3561 1393 3597 cum
1435 3541 1683 3614 uxoribus
1726 3550 1773 3591 et

333 3616 529 3679 liberis,
552 3625 601 3667 et
624 3628 772 3683 pacto
794 3615 928 3683 quod
953 3612 1068 3666 cum
1094 3613 1256 3667 Jacob
1282 3614 1421 3665 inivit
1444 3612 1643 3665 Laban.

280 3706 427 3776 (Car.
452 3706 626 3778 xxxx.)
667 3706 948 3775 Postquam
972 3715 1143 3759 autem
1164 3706 1359 3758 audivit
1382 3705 1529 3759 verba
1544 3704 1774 3773 ﬁliorum

205 3794 387 3849 Laban
407 3797 684 3849 dicentium
708 3810 723 3847 :
759 3795 895 3848 Tulit
917 3794 1081 3849 Jacob
1106 3796 1419 3869 omniaque?
1453 3796 1661 3863 fuerunt
1682 3812 1775 3863 pa-

206 3884 304 3937 tris
342 3884 532 3948 nostri,
575 3884 710 3937 etde
745 3884 886 3937 illius
936 3884 1181 3953 facultate
1223 3885 1451 3947 ditatus,
1485 3884 1654 3959 factus
1699 3893 1773 3937 est

203 3972 453 4042 inclytus,
482 3974 844 4026 animadvertit
867 3990 1064 4043 quoque
1088 3973 1273 4041 faciem
1298 3971 1476 4026 Laban
1517 3972 1652 4049 quod
1673 3988 1775 4024 non

204 4071 340 4117 esset
368 4076 489 4131 erga
518 4078 571 4115 se
604 4062 737 4115 sicut
770 4062 880 4114 lteri
918 4072 965 4113 et
1007 4061 1407 4125 nudiustertius,
1450 4062 1672 4113 maxime
1695 4061 1776 4111 di-

204 4159 353 4204 cente
372 4150 469 4203 sibi
482 4150 703 4204 Domino
718 4166 736 4203 :
758 4149 1021 4203 Revertere
1038 4150 1091 4202 in
1110 4158 1299 4202 terram
1320 4159 1525 4217 patrum
1546 4157 1770 4209 tuorum,

203 4249 257 4293 et
284 4239 353 4291 ad
378 4239 754 4309 generationem
784 4248 945 4301 tuam,
971 4254 1157 4306 eraque
1183 4246 1365 4290 tecum.
1393 4237 1533 4290 Misit
1555 4246 1602 4289 et
1625 4251 1776 4289 voca-

204 4330 278 4388 vit
299 4328 488 4383 Rachel
508 4338 556 4382 et
576 4327 727 4386 l-iam
763 4330 818 4381 in
857 4344 1058 4397 agrum,
1085 4328 1170 4380 ubi
1199 4328 1435 4395 pascebat
1466 4342 1671 4395 greges,
1695 4326 1776 4377 di-

202 4419 385 4485 xitque
410 4417 525 4469 eis:
571 4414 729 4468 Video
768 4414 952 4482 faciem
983 4415 1145 4481 patris
1187 4414 1359 4476 vestri,
1397 4414 1533 4481 quod
1573 4429 1674 4465 non
1706 4412 1775 4465 sit

202 4521 330 4573 erga
356 4520 435 4557 me
460 4503 593 4556 sicut
616 4504 728 4555 lteri
752 4513 798 4555 et
828 4502 1217 4555 nudiustertius.
1250 4502 1387 4554 Deus
1414 4512 1585 4553 autem
1603 4503 1766 4569 patris

203 4598 309 4651 mei
336 4597 435 4666 fuit
458 4612 674 4661 mecum,
704 4604 751 4647 et
772 4596 896 4663 ipsa:
924 4595 1083 4648 nostis
1126 4593 1261 4664 quod
1287 4593 1404 4645 totis
1430 4592 1620 4644 viribus
1642 4593 1767 4644 meis

204 4686 471 4745 servierint
509 4686 645 4754 patri
686 4694 865 4738 vestro.
912 4682 1016 4737 Sed
1050 4692 1197 4753 pater
1240 4691 1401 4736 vester
1443 4682 1768 4733 circumvenil

202 4791 309 4838 me,
334 4783 380 4827 et
415 4774 625 4827 mutavit
664 4772 943 4826 mercedem
980 4788 1145 4825 meam
1177 4772 1347 4825 decem
1375 4771 1584 4835 vicibus,
1609 4780 1663 4824 et
1690 4778 1777 4823 re-'

204 4865 377 4934 liqua.
406 4864 471 4917 Et
494 4872 645 4932 pater
684 4870 885 4926 vester,
930 4858 1133 4928 inquit,
1172 4861 1425 4913 mentitus
1454 4867 1536 4913 est
1565 4860 1696 4913 mihi
1720 4872 1774 4913 et

206 4956 436 5010 mutavit
462 4954 761 5009 mercedem
790 4968 958 5007 meam
993 4954 1174 5007 decem
1206 4952 1442 5016 vicibus;
1475 4962 1527 5005 et
1555 4966 1658 5004 non
1690 4952 1774 5004 de—

207 5045 293 5101 dit
314 5045 364 5098 ei
388 5045 526 5097 Deus
557 5052 613 5096 ut
635 5051 851 5097 noceret
879 5042 1027 5095 mihi.
1057 5042 1113 5096 Si
1142 5043 1348 5096 dixerat
1384 5041 1515 5095 hoc:
1549 5041 1767 5095 Varium

205 5148 374 5205 pecus
399 5133 502 5186 erit
530 5148 733 5187 merces
773 5141 893 5195 tua,
937 5132 1250 5185 nascebatur
1293 5124 1447 5183 omne
1481 5146 1641 5199 pecus
1674 5145 1769 5182 va-

208 5223 384 5287 rium;
410 5234 463 5278 et
493 5225 536 5277 si
574 5224 811 5277 dixerat:
846 5223 999 5275 unius
1043 5221 1233 5275 coloris
1276 5221 1377 5275 erit
1422 5235 1625 5275 merces
1658 5228 1767 5283 tua,

207 5313 527 5366 nascebatur
567 5326 723 5366 omne
764 5326 924 5379 pecus
953 5311 1108 5364 unius
1149 5311 1355 5364 coloris.
1400 5310 1504 5363 Pro
1533 5325 1596 5363 eo
1630 5311 1769 5380 quod

207 5419 309 5459 nos
331 5405 624 5473 posuimus,
643 5406 853 5457 mutavit
876 5405 1156 5456 mercedem
1174 5419 1336 5455 meam
1359 5402 1530 5455 decent
1552 5402 1765 5465 vicibus,

211 5492 558 5563 Septuaginta
590 5494 907 5562 interpretes
932 5499 1241 5561 posuerunt,
1273 5492 1444 5543 decem
1472 5491 1619 5557 agnis
1638 5530 1651 5552 ,
1684 5505 1760 5541 ne-

207 5585 323 5640 scio
368 5599 474 5652 qua
508 5582 757 5651 opinione
810 5582 985 5644 ducti,
1027 5596 1145 5634 cum
1184 5579 1404 5656 verbum
1452 5579 1766 5633 Hebraicum

206 5672 399 5726 nianim
434 5679 577 5729 τενεῖς
600 5711 611 5731 .
658 5684 931 5731 numerum
987 5670 1154 5739 magis
1188 5685 1341 5736 quam
1396 5685 1557 5739 agnos
1590 5677 1764 5722 sonet.

1797 4465 1849 4523 D

1875 1931 1993 1971 esse
2022 1918 2266 1971 traditur.

1942 2004 2327 2075 Responderunt
2355 2006 2550 2060 Rachel
2571 2016 2618 2061 et
2649 2006 2746 2062 Lia
2768 2025 2789 2062 :
2817 2007 3067 2079 Nunquid
3097 2010 3340 2065 habemus
3358 2026 3447 2065 re-'

1873 2093 2012 2146 sidui
2040 2094 2321 2163 quidquam
2352 2096 2406 2148 in
2447 2096 2786 2164 facultatibus
2832 2106 2879 2151 et
2910 2098 3211 2153 hareditate
3253 2101 3435 2154 domus

1873 2181 2035 2249 patris
2063 2182 2262 2234 nostri?
2287 2181 2475 2235 Nonne
2513 2184 2663 2252 quasi
2708 2184 2905 2237 alienas
2954 2188 3202 2256 reputavit
3245 2204 3357 2253 nos,
3389 2199 3436 2241 et

1876 2267 2121 2333 vendidit,
2148 2270 2474 2339 conceditque
2497 2270 2715 2338 pretium
2730 2274 3000 2325 nostrum!
3018 2274 3106 2327 sed
3149 2273 3283 2329 Deus
3317 2274 3437 2329 tulit

1875 2374 1992 2427 opes
2012 2360 2173 2428 patris
2201 2361 2381 2425 nostri,
2404 2369 2451 2413 et
2476 2360 2621 2413 nobis
2639 2377 2725 2414 eas
2757 2363 2969 2415 tradidit
2989 2381 3050 2416 ac
3070 2363 3193 2432 ﬁliis
3224 2366 3430 2419 nostris.

1878 2447 2023 2501 Unde
2044 2456 2215 2503 omnia
2238 2467 2351 2521 qua:
2371 2452 2608 2519 pracepit
2641 2452 2732 2505 tibi
2776 2451 3026 2507 Dominus
3063 2454 3167 2523 fac.
3198 2453 3433 2518 Surrexit

1874 2539 2043 2607 itaque
2083 2538 2267 2604 Jacob,
2315 2551 2360 2593 et
2404 2541 2654 2609 impositis
2706 2540 2879 2595 liberis
2906 2552 2955 2596 et
2995 2544 3299 2615 conjugibus
3324 2547 3433 2600 suis

1874 2643 2027 2695 super
2055 2627 2274 2680 camelos
2304 2628 2461 2692 abiit;
2493 2624 2708 2700 tulitque
2761 2647 2963 2684 omnem
2996 2634 3357 2700 substantiam,
3384 2646 3430 2689 et
3482 2618 3485 2619 ν

1873 2732 2068 2785 greges,
2093 2726 2138 2769 et
2161 2717 2411 2787 quidquid
2438 2718 2489 2771 in
2521 2717 2894 2789 Mesopotamia
2922 2722 3229 2791 acquisierat
3254 2762 3268 2786 ,
3311 2740 3431 2793 per-

1872 2822 1994 2874 gens
2021 2806 2088 2857 ad
2120 2804 2274 2859 Isaac
2316 2816 2514 2875 patrem
2540 2824 2691 2861 suum
2731 2809 2785 2861 in
2815 2818 3006 2862 terram
3045 2808 3318 2865 Chanaan.
3353 2811 3434 2865 Eo

1876 2902 2101 2961 tempore
2145 2891 2322 2945 Laban
2374 2894 2503 2946 ierat
2538 2895 2603 2947 ad
2633 2896 2919 2949 tondendas
2946 2913 3057 2950 oves
3080 2913 3221 2962 suas,
3260 2908 3304 2951 et
3332 2898 3436 2952 Ra-

1874 2982 1985 3035 cltel
2020 2983 2195 3052 furata
2218 2994 2290 3036 est
2330 2984 2471 3037 idola
2493 2987 2654 3053 patris
2674 2988 2790 3052 sui,
2817 2994 2871 3041 et
2906 2988 3124 3057 reliqua.
3166 2988 3265 3044 Ubi
3293 2993 3451 3046 nunc.

1876 3073 2015 3127 idola
2039 3074 2279 3143 legimus,
2303 3076 2356 3127 in
2384 3074 2602 3131 Hebrao
2621 3078 3161 3147 theraplzimmtsﬁn,
3177 3082 3433 3151 scriptum

1798 3146 1842 3208 Β
1873 3172 1973 3227 est,
2003 3178 2121 3231 qua
2142 3164 2329 3233 Aquila
2361 3168 2695 3239 μορφώματα,
2722 3146 2775 3220 id
2810 3164 2892 3221 εει
2929 3168 3161 3236 figuras,
3189 3170 3271 3225 vel
3284 3146 3433 3224 vima-

1873 3254 2038 3321 gines,
2089 3253 2491 3321 interpretatur.
2539 3254 2651 3310 Hoc
2701 3264 2881 3311 autem
2931 3257 3069 3323 ideo,
3106 3266 3164 3312 ut
3202 3260 3435 3316 sciamus

1875 3344 2000 3411 quid
2036 3343 2089 3395 in
2108 3341 2361 3397 Judicum
2393 3344 2529 3399 libro
2555 3346 2853 3415 theraphim
2881 3357 3055 3402 sonet.

1946 3431 2261 3486 Nuntiatum
2284 3442 2359 3485 est
2380 3432 2559 3486 Laban
2582 3434 2665 3487 die
2680 3436 2829 3487 tertio
2850 3437 2987 3505 quod
3008 3438 3205 3506 fugeret
3225 3436 3427 3503 Iacob;

1872 3524 1958 3592 qui
1986 3524 2258 3591 assumptis
2288 3522 2537 3592 fratribus
2556 3525 2686 3590 suis,
2707 3536 2999 3594 persecutus
3022 3538 3094 3581 est
3117 3545 3232 3581 eum
3250 3528 3429 3584 diebus

1873 3622 2081 3681 septem,
2124 3622 2169 3665 et
2213 3613 2592 3681 comprehendit
2632 3629 2750 3666 eum
2792 3615 2845 3667 in
2876 3626 3046 3669 monte
3073 3615 3298 3682 Galaad,
3322 3628 3427 3673 etc.

1874 3700 1989 3755 Non
2016 3702 2156 3769 quod
2204 3716 2269 3755 eo
2314 3710 2555 3771 tempore
2601 3702 2799 3757 Galaad
2846 3721 2997 3759 mons
3028 3707 3314 3771 diceretur,
3339 3709 3432 3761 sed

1872 3804 1968 3857 per
1990 3790 2452 3858 anticipationem,
2485 3800 2544 3844 ut
2568 3792 2872 3861 frequenter
2887 3794 3138 3859 diximus,
3166 3795 3254 3850 illo
3274 3810 3431 3850 voca-

1875 3887 1962 3932 tur
1987 3868 2217 3942 nomiite,
2251 3896 2356 3949 quo
2382 3890 2565 3949 postea
2593 3884 2978 3953 nuucupandus
3012 3892 3113 3939 est.

1945 3968 2066 4021 Non
2094 3985 2145 4020 es
2168 3985 2375 4037 passus,
2418 3970 2610 4037 inquit,
2636 3970 2813 4024 Laban
2840 3972 2907 4024 ad
2950 3972 3135 4037 Iacob,
3180 3982 3237 4025 ut
3278 3989 3430 4027 oscu-

1873 4058 2012 4111 larer
2037 4058 2172 4125 ﬁlios
2206 4075 2344 4111 meos
2375 4075 2437 4111 ac
2465 4058 2623 4126 filias,
2654 4068 2756 4115 etc.
2801 4060 2968 4115 Filios
2995 4076 3059 4115 ac
3084 4061 3221 4116 illius
3243 4061 3428 4127 Jacob,

1874 4147 2053 4201 laban
2106 4161 2231 4201 suos
2270 4161 2422 4200 more
2463 4137 2752 4216 Scriptura
2794 4160 2984 4213 sacra,
3027 4164 3134 4217 quo
3168 4147 3304 4204 ﬁlios
3336 4165 3431 4205 seu

1873 4234 2068 4289 fratres
2092 4242 2348 4305 cognatos
2368 4234 2615 4303 appellat,
2646 4235 2783 4289 sicut
2804 4235 2856 4288 in
2878 4238 3224 4306 sequentibus
3249 4246 3430 4293 osten-

1874 4325 2058 4389 detur,
2102 4326 2188 4380 ubi
2235 4327 2489 4395 scriptum
2520 4334 2602 4381 est
2637 4344 2648 4378 :
2680 4325 2926 4398 Dixitque
2968 4328 3131 4383 Iacob
3178 4331 3431 4399 fratribus

1874 4415 1981 4466 suis
2006 4431 2023 4466 :
2049 4417 2242 4484 A/forte
2271 4416 2491 4485 lapides,
2536 4417 2691 4482 ﬁlios,
2720 4416 2945 4471 fratrum
2981 4400 3193 4474 nomine
3219 4435 3431 4474 nuncu-

1873 4515 2104 4571 pans,_et
2130 4506 2181 4557 in
2211 4504 2497 4574 Evangelio
2527 4506 2665 4560 ﬁlios
2692 4506 2870 4559 Maria
2884 4517 3184 4562 matertera
3218 4508 3426 4563 Domini

1875 4595 2071 4649 fratres
2101 4595 2312 4649 Domini
2340 4597 2586 4664 appellat.
2622 4596 2748 4651 Post
2770 4598 2978 4667 longam
3002 4598 3161 4673 igitur
3201 4600 3429 4653 servitu-

1875 4691 1980 4735 tem
2007 4699 2166 4752 quam
2190 4683 2353 4739 Jacob
2394 4684 2530 4754 apud
2572 4700 2812 4741 socerum
2844 4702 2995 4741 suum
3033 4702 3130 4755 pro
3172 4689 3428 4745 uxoribus

1876 4774 1957 4828 vel
1986 4790 2082 4843 pro
2122 4777 2363 4831 mercede
2396 4778 2666 4841 sustinuit,
2713 4779 2963 4845 pracepit
2991 4778 3038 4831 ei
3084 4779 3223 4831 Deus
3252 4787 3308 4831 ut
3338 4794 3418 4833 re-

1873 4873 2169 4917 verteretur
2194 4868 2260 4920 ad
2296 4854 2719 4936 patriam’suam.
2754 4866 2933 4937 (Isid.)
2975 4867 3121 4920 Tunc
3150 4868 3428 4935 ignorante

1871 4969 2059 5007 socero
2088 4970 2203 5015 suo,
2254 4971 2373 5008 cum
2414 4955 2670 5009 uxoribus
2700 4956 2828 5018 suis,
2876 4970 2995 5009 cum
3024 4958 3275 5010 comitatu
3303 4971 3427 5025 pro—

1870 5043 2093 5110 peravit.
2118 5043 2300 5098 Laban
2329 5052 2505 5097 autem
2531 5051 2847 5099 consecutus
2880 5051 2964 5097 est
2994 5060 3114 5098 eum
3153 5046 3205 5097 in
3246 5056 3425 5100 monte

1874 5133 2073 5188 Galaad
2106 5149 2226 5187 cum
2274 5133 2474 5197 lurore,
2504 5142 2665 5202 atque
2692 5133 2830 5187 idola
2860 5148 2979 5201 qua
3007 5130 3203 5186 Rachel
3252 5130 3423 5187 furata

1874 5231 1984 5286 est,
2014 5220 2151 5289 apud
2181 5236 2303 5275 eum
2330 5222 2602 5290 requisivit
2626 5236 2725 5275 nec
2760 5222 2975 5289 reperit.
3009 5222 3143 5289 Quid
3171 5223 3297 5292 ergo
3325 5223 3423 5277 sibi

1875 5312 1977 5364 hoc
2000 5311 2168 5377 ipsum
2184 5310 2479 5380 ﬁguraliter
2498 5310 2622 5364 velit
2649 5310 2912 5365 dicamus.
2931 5310 3065 5365 Dum
3086 5312 3226 5365 enim
3243 5311 3422 5367 Laban

1873 5399 2117 5467 superius
2143 5399 2301 5452 aliam
2324 5408 2475 5469 gerat
2500 5414 2801 5468 personam,
2839 5415 2979 5454 nunc
3024 5408 3201 5455 tamen
3229 5401 3420 5456 diaboli

1873 5498 2050 5557 typum
2083 5488 2293 5557 figurat.
2320 5488 2499 5541 Laban
2524 5490 2718 5557 quippe
2744 5489 3122 5558 interpretatur
3140 5488 3419 5542 dealbatio.

1870 5576 2153 5638 Dealbatlo,
2178 5590 2353 5633 autem
2399 5580 2646 5635 diabolus
2680 5597 2782 5635 non
2814 5580 3250 5633 inconvenienter
3280 5583 3419 5635 acci-

1868 5674 2029 5741 pitur,
2064 5672 2185 5739 quia
2216 5686 2335 5724 cum
2362 5671 2430 5725 sit
2466 5672 2780 5725 tenebrosus
2802 5684 2863 5725 ex
2891 5679 3102 5734 mento,
3138 5669 3417 5737 transfigu-
