3948 6314
513 381 639 437 ,ὖοἿ

1160 380 1218 432 Β.
1263 377 1506 432 RABANI
1547 375 1757 431 MAURI
1793 371 2103 428 ARCHIEP.
2146 370 2445 430 MOGUNT.
2489 367 2766 461 OPERUM
2803 369 2976 424 PARS
3014 368 3054 422 Ι.

3616 365 3723 420 603

541 499 622 542 rat
649 503 704 542 se
729 491 870 543 velut
907 489 956 541 in
984 489 1226 571 angelum
1275 473 1591 542 lucisfHuic
1637 485 1854 539 servivit
1889 482 2073 545 Iacob,
2102 488 2152 543 Α
2177 482 2424 534 Acerbum
2480 481 2639 533 testis.
2683 479 2928 533 Traditur
2978 479 3047 532 ab
3096 479 3174 533 eis
3217 475 3306 547 qul
3354 486 3403 532 ct
3453 476 3644 547 Syram
3672 482 3726 529 et

539 577 590 630 id
612 586 718 640 est,
755 592 818 629 ex
866 584 1017 645 parte
1061 576 1408 644 reproborum
1453 573 1702 626 Iudaicus
1745 570 2081 639 populusuex

538 664 686 733 cujus
712 678 875 718 carne
900 664 1204 717 incarnatus
1229 663 1482 715 Dominus
1526 659 1697 713 venit.
1717 658 1893 713 Potest
1922 657 2082 712 etiam

536 767 630 820 per
666 752 845 806 Laban
873 752 1099 806 mundus
1129 752 1213 804 hic
1240 747 1486 828 exprimi,
1509 747 1597 816 qui
1625 763 1743 801 cum
1783 749 1963 801 furore
1989 747 2080 802 Ia-

535 839 634 891 cob
663 839 923 906 sequitur,
950 838 1070 906 quia
1096 836 1290 888 electos
1310 841 1568 900 quosque,
1599 833 1689 901 qui
1715 831 2082 904 Redemptoris

538 926 703 980 nostri
745 911 979 979 membra
1012 931 1152 986 sunt,
1188 922 1551 989 persequendo
1596 921 1894 989 opprimere
1924 925 2096 974 conas"

538 1025 642 1068 tur.
662 1013 836 1080 Hujus
882 1012 1059 1070 ﬁliam,
1094 1010 1145 1063 id
1179 1018 1278 1073 est,
1319 1023 1411 1066 seu
1466 1010 1667 1071 mundi,
1717 1009 1829 1063 sive
1865 1009 2077 1074 diaboli,

535 1100 697 1155 Iacob
724 1099 956 1161 abstulit,
988 1113 1108 1152 cum
1139 1097 1382 1153 Christus
1410 1098 1508 1152 sibi
1536 1098 1826 1159 Ecclesiam
1857 1096 2079 1164 conjun-

539 1192 614 1243 xit
643 1209 655 1243 :
683 1203 842 1258 quam
870 1196 924 1242 et
951 1187 1016 1241 de
1062 1187 1216 1240 domo
1246 1187 1413 1254 patris
1460 1187 1675 1241 abstulit
1701 1226 1715 1249 ,
1743 1187 1869 1256 quia
1911 1187 1957 1239 ei
1984 1201 2083 1255 per

543 1279 865 1346 Prophetatn
892 1277 1052 1344 dicit:
1088 1273 1395 1330 Obliviscere
1417 1275 1659 1343 populum
1686 1284 1853 1339 tuum,
1894 1283 1942 1328 et
1981 1275 2078 1328 do—

533 1383 671 1420 mum
698 1366 860 1435 patris
886 1367 960 1418 tui
992 1363 1158 1435 (Psal.
1190 1363 1354 1434 xuv).
1379 1363 1513 1430 Quid
1540 1378 1664 1417 vero
1682 1364 1748 1417 .in
1780 1364 1954 1429 idolis,
1976 1365 2080 1419 nisi

532 1455 754 1511 avaritia
797 1454 1138 1523 designatur?
1176 1455 1326 1519 Unde
1368 1464 1420 1520 et
1446 1469 1542 1523 per
1582 1453 1802 1508 Paulum
1850 1455 2075 1510 dicitur:

531 1541 597 1594 Et
622 1542 862 1606 avaritia,
889 1559 1004 1611 qua:
1024 1553 1097 1596 est
1123 1541 1378 1596 idolorum
1391 1543 1605 1597 servitus
1630 1539 1871 1613 (Galat.).
1894 1543 2077 1598 Laban

528 1645 656 1699 ergo
685 1630 902 1685 veniens
928 1623 1064 1699 apud
1087 1629 1272 1694 Iacob,
1306 1628 1504 1687 idolum
1542 1644 1644 1688 non
1676 1630 1899 1696 invenit,
1929 1632 2074 1700 quia,

527 1719 756 1772 ostensis
800 1719 980 1772 mundi
1027 1719 1310 1782 thesauris,
1354 1719 1595 1774 diabolus
1633 1719 1687 1772 in
1724 1719 2078 1788 Redemptore

526 1815 710 1860 nostro
737 1807 959 1876 vestigia
989 1807 1425 1886 concupiscentia:
1453 1816 1676 1870 terrenae
1704 1822 1808 1863 non
1855 1811 2071 1878 reperit,
2102 1802 2148 1860 Β

526 1895 618 1949 sed
640 1910 758 1967 quae
784 1891 947 1967 Iacob
968 1909 1069 1949 non
1103 1895 1304 1960 habuit,
1337 1900 1397 1949 ea
1419 1896 1620 1951 Rachel
1639 1898 1868 1953 sedendo
1891 1913 2078 1967 coope-

525 1984 651 2038 ruit.
691 1966 793 2037 Per
813 1963 1014 2052 Rachel
1041 1983 1252 2054 quippe,
1276 2000 1392 2054 qum
1422 1987 1512 2039 Dei
1534 1987 1648 2048 ovis
1663 1987 1878 2053 dicitur,
1897 1963 2079 2044 Eccle-

526 2072 603 2125 sia
635 2072 913 2140 ﬁguratur.
941 2070 1139 2128 Sedere
1168 2082 1368 2147 autem,
1408 2084 1489 2128 est
1527 2075 1881 2136 humilitatem.
1903 2077 2076 2146 poem-

525 2162 703 2216 tentia:
723 2170 994 2232 appetere,
1010 2163 1148 2217 sicut
1167 2164 1421 2231 scriptum
1443 2147 1525 2219 est
1551 2182 1563 2217 :
1582 2163 1786 2234 Surgite
1808 2177 2078 2237 postquam

522 2250 756 2325 sederitis
789 2246 958 2319 (Psal.
1010 2250 1212 2330 CX_XVI).
1251 2252 1450 2319 Rachel
1496 2267 1624 2323 ergo
1665 2254 1803 2308 idola
1848 2255 2092 2335 sedendo~

522 2338 773 2406 operuit,
819 2339 945 2407 quia
993 2339 1456 2403 sancta‘Ecclesia
1493 2341 1774 2396 Christum
1828 2356 2078 2410 sequens,

521 2427 707 2481 vitium
741 2429 1435 2498 terrenzeconcupjscentia:
1468 2445 1564 2499 per
1592 2431 1942 2485 humilitatem
1965 2445 2083 2502 pcn-

521 2515 759 2570 nitentia:
786 2519 1078 2585 coaperuit.
1115 2516 1189 2572 De
1217 2519 1321 2572 hac
1344 2520 1684 2587 coopertioue
1713 2520 1960 2574 vitiorum
1985 2536 2081 2590 per

519 2602 840 2673 Prophetam
873 2606 1101 2660 dicitur:
1131 2607 1277 2661 Beati
1315 2597 1534 2678 quorum
1572 2612 1803 2665 remissa:
1842 2625 1959 2665 sunt
1981 2613 2080 2666 ini-

517 2695 754 2762 qaitates,
780 2704 828 2748 et
869 2711 1086 2764 quorum
1121 2707 1253 2750 tecta
1292 2709 1412 2752 sunt
1444 2710 1654 2766 peccata
1687 2700 1855 2771 (Psal.
1903 2702 2073 2775 xxxx).

518 2781 628 2838 Nos
649 2780 810 2853 igitur
835 2784 1035 2839 Rachel
1061 2786 1148 2840 illa
1189 2787 1526 2857 significavit,
1560 2789 1650 2858 qui
1681 2791 1818 2863 idola
1847 2793 2079 2851 sedendo
2124 2779 2129 2786 “

519 2872 813 2941 premimus
832 2913 846 2937 ,
869 2872 914 2927 si
945 2873 1123 2942 culpas
1155 2864 1391 2943 avaritiae
1416 2879 1718 2945 paenitendo
1744 2879 2076 2935 damnamus.

523 2959 650 3024 Qua:
682 2961 863 3030 utique
904 2961 1140 3017 avaritia:
1187 2963 1543 3030 immunditia,
1576 2982 1680 3024 non
1707 2967 1809 3022 illis
1841 2970 1929 3038 qui
1955 2971 2080 3025 viri-

517 3047 642 3102 liter
665 3057 907 3113 eurrunt,
951 3049 1140 3128 quibus
1181 3052 1403 3116 dicitur,
1444 3052 1678 3114 Viriliter
1713 3057 1847 3129 agite
1875 3067 1923 3112 et
1961 3075 2082 3114 con-

519 3140 743 3207 fortetur
767 3155 858 3192 cor
876 3124 1096 3193 vestrum
1137 3138 1304 3211 (Psal.
1331 3141 1447 3214 xx),
1480 3144 1572 3198 sed
1601 3143 1684 3198 his
1705 3124 1934 3200 maxime
1958 3162 2079 3203 eve—
2106 3124 2150 3186 C

518 3226 618 3289 nit,
667 3227 953 3317 quiquasi
1002 3228 1307 3288 effeminato
1361 3247 1546 3301 gressu
1590 3234 1933 3304 gradientes,
1985 3253 2081 3307 per

516 3309 875 3374 blandimenta
899 3319 1076 3396 saeculi
1118 3322 1474 3391 resolvuntur.
1510 3321 1659 3378 Unde
1703 3332 1771 3383 et
1804 3325 1909 3386 illic
1936 3325 2078 3394 ejus-

516 3409 636 3462 dem
668 3407 913 3472 Rachelis
934 3409 1048 3463 haec
1069 3408 1229 3464 verba
1274 3419 1434 3464 sunt:
1468 3412 1625 3480 juxta
1660 3415 2078 3474 consuetudinem

517 3483 983 3567 feminarum'nunc
1005 3499 1191 3553 accidit
1221 3500 1376 3576 mihi”
1397 3499 1449 3554 id
1487 3510 1598 3576 est,
1621 3502 1769 3570 quasi
1801 3503 2080 3560 muliebria

517 3603 575 3642 se
599 3587 799 3642 habere
829 3589 1078 3642 innotuit.
1107 3587 1349 3659 Sumpsit
1371 3574 1544 3666 autem
1572 3574 1734 3643 Iacob
1764 3590 2007 3660 lapidem,
2033 3603 2080 3646 et

519 3680 782 3732 constituit
816 3696 931 3732 eum
961 3680 1015 3732 in
1042 3677 1270 3742 titulum,
1301 3689 1404 3746 etc.
1423 3669 1715 3750 Diligenter
1742 3681 2080 3736 animadver-

518 3769 735 3823 tendum
782 3779 867 3825 est
903 3770 1167 3840 quomodo
1215 3770 1343 3824 istos
1391 3756 1579 3824 titulos
1611 3770 1663 3823 in
1698 3771 1976 3838 cujuslibet
2004 3774 2081 3827 rei

519 3860 824 3914 testimonio
867 3861 1282 3924 constituebant,
1316 3877 1419 3915 non
1461 3870 1520 3915 ut
1538 3876 1640 3916 eos
1685 3877 1784 3932 pro
1809 3864 1911 3917 diis
1945 3864 2082 3918 cole-

523 3958 663 4012 rent,
696 3950 786 4004 sed
818 3959 875 4003 ut
899 3951 976 4004 eis
1007 3950 1216 4020 aliquid
1242 3947 1624 4021 significarent.
2075 4019 2080 4024 _

588 4037 733 4105 Dixit
772 4036 937 4100 Iacob
986 4039 1232 4108 fratribus
1256 4030 1362 4094 suis
1397 4058 1415 4094 :
1443 4039 1759 4113 Colligamus
1789 4043 2006 4113 lapides,
2033 4055 2081 4099 et

518 4125 836 4203 congregatis
867 4126 1124 4200 lapidibus
1149 4129 1377 4197 fecerunt
1405 4146 1642 4184 acervum
1674 4141 1719 4203 et
1749 4133 2078 4187 comederunt

517 4231 672 4285 super
697 4232 833 4268 eum.
864 4216 930 4269 Et
966 4220 1157 4272 vocavit
1186 4220 1332 4275 illum
1374 4220 1552 4284 Laban
1576 4223 1824 4276 Ac'ervum
1848 4225 2082 4278 testimo-

519 4305 612 4369 nii,
641 4316 686 4380 et
716 4305 878 4358 Iacob
901 4306 1146 4360 Acervum
1175 4310 1330 4362 testis.
1374 4309 1610 4364 Acervus
1643 4310 1821 4380 lingua
1859 4311 2079 4366 Hebrma

2183 569 2454 630 ilebraiam
2502 569 2733 639 linguam
2790 576 3069 630 noverunt,
3116 573 3330 635 propter
3376 565 3728 634 prOprietatcs

2181 656 2590 725 uniuscujusque
2631 655 2820 723 lingua-
2859 653 3077 709 factum.
3123 653 3264 707 Fieri
3309 653 3448 706 enim
3497 651 3632 705 solet
3669 661 3730 705 ut

2180 744 2280 798 alia
2308 745 2482 813 lingua
2512 759 2615 797 non
2644 744 2850 798 dicatur
2871 757 2977 796 uno
3004 742 3187 805 verbo,
3217 742 3354 809 quod
3378 740 3478 794 alia
3506 738 3728 801 dicitur,

2178 835 2521 903 ctvicinitate
2545 833 2943 903 signiﬁcationis
2982 832 3213 900 quidque
3244 832 3550 899 appelletur.
3592 830 3729 884 Nam

2178 934 2358 993 postea
2389 925 2619 982 dicitur:
2655 927 2874 994 Propter
2913 925 3015 980 hoc
3048 924 3362 993 appellatum
3408 932 3491 978 est
3533 939 3728 978 nomen

2175 1000 2414 1089 Acervus
2435 1017 2603 1072 testis.
2637 1017 2747 1072 Hoc
2784 1019 2924 1072 enim
2970 1017 3143 1072 medie
3190 1016 3417 1085 positum
3447 1024 3544 1078 est,
3587 1017 3730 1085 quod

2177 1105 2407 1173 utrique,
2439 1108 2761 1171 conveniret,
2794 1116 2847 1162 et
2867 1108 2913 1160 ei
2944 1107 3034 1174 qui
3065 1107 3292 1168 dixerat,
3326 1106 3546 1159 Acervus
3580 1108 3720 1165 testi-

2177 1197 2429 1263 monii,'et
2452 1196 2500 1250 ei
2521 1196 2611 1263 qui
2641 1195 2863 1258 dixerat,
2879 1195 3098 1248 Acerrus
3123 1194 3283 1248 testis.
3309 1192 3485 1263 (lsid.)
3509 1192 3731 1262 Mystice

2179 1289 2355 1342 autem
2391 1287 2530 1340 inter
2550 1283 2753 1348 ﬁdeles,
2776 1290 2882 1336 tam
2906 1280 3114 1338 Iudaeos
3134 1297 3292 1349 quam
3314 1280 3554 1350 gentiles,
3578 1281 3734 1334 testis

2176 1376 2257 1432 εει
2283 1378 2418 1446 lapis
2447 1375 2687 1430 eminens
2715 1374 2769 1430 in
2796 1365 3193 1442 similitudinem
3219 1370 3436 1433 Christi,
3479 1381 3533 1424 et
3579 1385 3732 1424 acer—

2170 1484 2275 1526 vus
2305 1467 2539 1536 lapidum
2563 1464 2653 1533 qui
2678 1472 2759 1519 est
2793 1463 3072 1517 multitudo
3109 1463 3456 1517 credentium.

2238 1558 2521 1612 'Intueatur
2567 1555 2814 1609 Dominus
2855 1562 2904 1606 et
2937 1552 3129 1620 iudicet
3172 1554 3304 1606 inter
3347 1569 3437 1605 nos
3462 1592 3476 1615 ,
3519 1550 3732 1621 quando

2177 1645 2530 1700 recesserimus
2568 1660 2598 1696 a
2641 1643 2803 1696 nobis.
2841 1640 2896 1695 Si
2930 1641 3172 1713 amiseris
3208 1621 3346 1708 filias
3380 1657 3520 1693 meas
3542 1679 3556 1703 ,
3603 1646 3654 1692 et
3685 1637 3733 1691 si

2176 1731 2521 1786 introduxeris
2545 1746 2726 1784 uxores
2748 1729 2880 1782 alias
2918 1745 3074 1798 super
3107 1745 3193 1803 eos
3220 1768 3234 1793 ,
3267 1727 3439 1782 nullus
3479 1727 3732 1781 sermonis

2176 1822 2337 1877 nostri
2365 1821 2503 1875 testis
2525 1830 2619 1881 est,
2644 1818 2831 1889 absque
2849 1816 2949 1870 Deo
2970 1818 3057 1886 qui
3068 1804 3303 1886 prwsens
3317 1817 3520 1885 aspicit.
3547 1815 3732 1886 (ᾼιθ.)

2177 1911 2439 1978 Οιιίᾶθεῑ,
2467 1911 2606 1978 quod
2635 1908 2814 1967 Lab’an
2847 1907 2976 1968 dicit
3003 1925 3014 1959 :
3047 1906 3239 1960 Nullus
3281 1906 3529 1961 sermonis
3550 1906 3732 1973 nostri

2175 2009 2247 2058 est
2268 2001 2432 2062 testis,
2456 1997 2555 2053 nisi
2600 1996 2735 2053 forte
2759 2010 2914 2052 nemo
2937 1993 3351 2049 extraneorum?
3378 1992 3482 2048 Aut
3515 1984 3728 2062 propter

2179 2087 2603 2151 testiﬁcationem
2637 2084 2731 2138 Dei
2765 2097 2919 2152 quem
2965 2083 3042 2135 ita
3070 2082 3268 2138 habere
3308 2082 3588 2146 deberent,
3613 2089 3730 2135 tan-

2178 2191 2336 2248 quam
2387 2190 2542 2231 ncmo
2589 2174 2708 2228 cum
2754 2173 2837 2240 eis
2864 2180 3026 2238 esset,
3075 2185 3232 2243 quem
3273 2169 3577 2224 testimonio
3621 2168 3730 2237 ejus

2179 2267 2551 2338 adiungerent.
3252 2261 3255 2264 ’
3449 2287 3453 2290 ν
3575 2255 3590 2274 ⁴

2249 2355 2316 2408 Et
2338 2355 2535 2424 juravit
2565 2351 2726 2409 Iacob
2752 2369 2843 2422 per
2863 2351 3093 2404 timorem
3119 2349 3282 2420 patris
3315 2349 3398 2417 sui
3432 2343 3728 2425 Isaac.chr

2179 2447 2425 2504 timorem
2454 2446 2636 2518 utique
2664 2458 2767 2513 quo
2795 2444 3026 2519 timebat
3064 2441 3260 2505 Deum;
3294 2455 3454 2509 quem
3487 2440 3729 2506 timorem

2179 2535 2338 2589 etiam
2385 2530 2628 2602 superius
2672 2530 3094 2594 commendavit,
3138 2544 3256 2596 eum
3301 2525 3503 2598 diceret
3545 2545 3556 2581 :
3598 2529 3728 2584 Deus

2179 2625 2346 2693 patris
2367 2623 2474 2678 mei
2504 2622 2748 2686 Abrahm,
2775 2631 2842 2685 et,
2857 2622 3020 2676 timor
3034 2621 3199 2690 patris
3227 2619 3331 2674 mei
3357 2618 3528 2688 Isaac.

2231 2711 2589 2780 ,Laban'rero,
2614 2712 2676 2764 de
2699 2721 2842 2771 nocte
2867 2727 3198 2781 consurgens,
3215 2708 3483 2774 osculatus
3500 2718 3573 2762 est
3596 2710 3727 2778 ﬁlio:

2180 2816 2241 2853 ac
2260 2799 2398 2867 ﬁlias
2425 2816 2566 2860 suas,
2597 2808 2643 2852 et
2669 2798 2918 2855 benedixit
2950 2797 3084 2864 illis;
3119 2810 3450 2867 reversusque
3487 2808 3560 2851 est
3580 2800 3634 2853 in
3662 2799 3725 2852 la

2181 2904 2296 2944 cum
2333 2904 2504 2940 suum.
2528 2885 2673 2952 Quod
2713 2893 2888 2942 autem
2917 2885 3095 2940 Laban
3130 2893 3183 2940 et
3211 2884 3372 2940 Iacob
3407 2887 3568 2940 ambo
3597 2886 3719 2940 vian

2182 2991 2301 3047 qua:
2327 2977 2471 3032 ducit
2502 2984 2650 3031 trans
2671 2976 2884 3035 ﬂuvium
2907 2978 2958 3030 in
2984 2974 3182 3032 terram
3208 2977 3636 3046 repromissionis
3662 2978 3722 3031 in

2181 3073 2479 3136 coeperunt,
2505 3066 2598 3120 sed
2622 3073 2797 3119 tamen
2822 3067 2975 3120 ambo
2998 3079 3166 3135 usque
3205 3065 3273 3122 ad
3313 3063 3635 3120 destinatum
3665 3065 3723 3121 lo

2182 3171 2303 3211 cum
2332 3170 2446 3232 non,
2478 3143 2854 3223 pervenerunt,
2893 3154 3020 3223 quia
3055 3153 3238 3208 Laban
3279 3162 3498 3222 accepto
3542 3154 3724 3208 itineri

2181 3243 2408 3311 destitit,
2441 3261 2545 3300 non
2583 3244 3017 3314 inconvenienter
3054 3242 3355 3325 significare
3402 3252 3580 3313 potest
3606 3242 3725 3298 dum

2181 3338 2402 3408 populos
2430 3344 2696 3394 tentantes
2722 3338 2802 3390 ire
2837 3350 2937 3406 per
2975 3333 3296 3403 baptismum
3324 3332 3390 3388 ad
3414 3341 3616 3388 terram
3641 3333 3722 3388 Ec-

2180 3429 2389 3493 clesiae;
2419 3428 2510 3482 sed
2533 3424 2694 3487 Iacob
2715 3425 2837 3479 illuc
2856 3424 3248 3498 progrediente,
3274 3423 3453 3478 Laban
3492 3438 3724 3477 reversu:

2179 3529 2280 3586 est,
2311 3519 2433 3590 quia
2460 3517 2585 3572 ﬂliis
2612 3516 2744 3570 lucis
2769 3516 2824 3569 in
2862 3512 3104 3584 profectu
3136 3515 3392 3568 virtutum
3431 3528 3526 3592 per
3561 3513 3710 3581 bapti

2181 3626 2352 3666 smum
2382 3610 2450 3664 ad
2477 3603 2709 3661 futuram
2734 3605 2959 3676 patriam
2984 3604 3413 3674 properantibus,
3438 3601 3653 3671 reprobi
3677 3601 3724 3656 da

2181 3701 2412 3768 incmpto
2444 3697 2618 3766 studio
2652 3705 2796 3749 retro
2816 3693 3158 3758 lahuntnr,et
3186 3692 3252 3747 ad
3275 3690 3529 3762 pristinas
3557 3691 3718 3746 sorde

2183 3777 2536 3842 revertuntur.
2563 3786 2712 3841 Unde
2743 3794 2797 3839 et
2825 3785 3107 3854 sequitur:

2249 3877 2396 3946 (CAP.
2428 3875 2622 3944 χχιιι.)
2654 3872 2815 3926 Iacob
2848 3872 3047 3943 quaque
3081 3870 3207 3926 abiit
3233 3872 3285 3924 in
3309 3871 3490 3926 itinere
3518 3885 3618 3940 quo
3640 3878 3719 3925 ea:

2179 3974 2356 4036 perat;
2379 3963 2590 4032 fuerunt
2618 3977 2715 4031 que
2733 3961 2780 4014 ei
2801 3960 3001 4014 obviam
3029 3958 3197 4029 angeli
3219 3949 3334 4012 Dei.
3357 3956 3499 4023 Quos
3521 3975 3635 4011 cum
3659 3961 3722 4012 ei-

2179 4058 2334 4118 disset
2364 4055 2435 4108 ait
2464 4066 2481 4104 :
2515 4051 2698 4106 Castra
2734 4051 2824 4105 Dei
2853 4059 2971 4104 sunt
2997 4043 3126 4104 lucc.
3159 4049 3228 4103 Et
3257 4049 3530 4120 appellavit
3556 4067 3722 4104 name:

2180 4147 2278 4203 loci
2325 4144 2465 4198 illius
2499 4142 2832 4205 Mahanaim,
2855 4150 3056 4207 omnia,
3093 4141 3144 4193 id
3177 4148 3279 4212 est,
3321 4149 3493 4193 castra
3523 4139 3708 4210 (Aug.)

2179 4233 2363 4305 Castra
2391 4231 2483 4286 Dei
2497 4245 2614 4300 quae
2637 4229 2767 4283 vidit
2793 4227 2955 4282 Iacob
2981 4228 3033 4281 in
3061 4229 3270 4291 itinere,
3299 4227 3441 4282 nulla
3465 4227 3720 4296 dubitatic

2178 4330 2261 4376 est
2301 4321 2443 4390 quod
2479 4317 2787 4390 angelorum
2833 4315 3007 4370 fuerat
3025 4315 3327 4373 multitudo.
3356 4315 3431 4370 Ea
3453 4312 3650 4384 quippe
3683 4314 3718 4367 ii

518 4391 624 4500 gat.
649 4377 743 4500 ‘31,
767 4393 982 4458 dicitur.
1013 4393 1096 4459 ed.
1127 4405 1220 4458 ππ,
1253 4411 1380 4450 vero
1403 4377 1784 4454 testimonium.
1820 4399 2074 4465 Rursum.
2107 4443 2155 4500 υ
2182 4377 2474 4478 Scripturis
2487 4377 2670 4461 militia
2683 4405 3208 4473 ctelinuncupantur.
3228 4404 3327 4459 Ubi
3346 4377 3520 4474 castra
3545 4377 3631 4457 hic
3650 4419 3718 4472 po

521 4482 655 4551 Syra
667 4482 848 4552 lingua
889 4498 1109 4539 acervus
1129 4487 1262 4556 igar,
1277 4495 1364 4548 ut
1387 4487 1700 4559 appellatur,
1720 4491 2078 4546 testimonium

521 4572 801 4637 saudutha,
831 4583 1072 4633 nam.
1101 4573 1266 4631 Iacob
1289 4577 1450 4645 igitur
1477 4592 1723 4632 acervum
1765 4580 2074 4642 testimonii,

523 4652 624 4717 hoc
651 4672 734 4721 est
773 4663 972 4739 Calaad
999 4706 1012 4729 ,
1059 4665 1260 4735 lingua,
1282 4668 1567 4738 appellavit
1595 4668 1846 4735 Hebrma;
1897 4669 2078 4726 Laban

525 4767 650 4806 vero
677 4753 740 4806 ad
772 4753 964 4821 ipsum,
1001 4755 1052 4808 id
1078 4764 1177 4820 est,
1215 4772 1461 4812 acervum
1490 4759 1797 4831 testimonii,
1824 4759 1939 4828 igar
1961 4776 2082 4816 saa-

523 4842 686 4894 dutba
717 4843 888 4911 gentis
916 4859 1024 4902 sua:
1047 4845 1291 4900 sermbne
1315 4847 1540 4916 vocavit.
1571 4848 1697 4901 Erat
1722 4849 1861 4902 enim
1889 4847 2075 4918 Syrus,
2135 4851 2144 4859 ’

526 4940 581 4986 et
607 4933 878 5000 antiquam
899 4933 1131 5003 linguam
1155 4945 1431 5003 parentum
1464 4937 1751 5004 provincia:
1774 4940 1824 4990 in
1852 4953 1956 5007 qua
1980 4939 2076 4992 ha-

505 5021 730 5082 ,bitabat
758 5038 1001 5078 sermone
1029 5033 1342 5080 mtitaverat.

597 5111 842 5191 Dixitque
878 5111 1062 5167 ~Laban
1083 5128 1102 5165 :
1130 5115 1376 5187 Tumulus
1407 5118 1501 5170 iste
1527 5118 1666 5191 testis
1708 5120 1801 5171 erit
1844 5119 1978 5172 inter
1997 5135 2077 5172 me

489 5209 575 5252 “et
606 5208 654 5254 te
672 5186 846 5269 hodie,
894 5208 941 5252 et
982 5201 1173 5255 idcirco
1219 5186 1592 5276 coappellatum
1633 5216 1707 5258 est
1751 5212 1932 5259 nomen
1963 5207 2075 5274 ejus

528 5286 773 5353 Galaad,
816 5286 868 5341 id
908 5295 1024 5351 est,
1064 5292 1296 5347 tumulus
1338 5291 1506 5362 testis.
1553 5293 1849 5349 Notandum
1896 5283 2076 5349 tamen

527 5367 680 5442 qu’od'
710 5391 963 5455 acervum
992 5376 1220 5448 lapidum
1249 5395 1403 5450 quem
1441 5383 1582 5436 inter
1607 5396 1663 5449 se
1687 5383 2079 5438 constituerant

469 5508 472 5512 .
530 5465 710 5546 Laban
737 5473 791 5520 et
813 5465 1000 5529 Iacob,
1026 5459 1294 5546 aliquanta
1330 5471 1637 5526 diversitate
1660 5460 2081 5541 appellaverunt,
2112 5521 2116 5526 ,

530 5544 666 5608 sient
689 5555 740 5608 in
761 5544 1077 5624 quibusdam
1098 5557 1487 5626 exemplaribus
1511 5563 1765 5631 scriptum
1791 5563 2076 5632 reperitur,

530 5654 590 5698 ut
629 5659 750 5699 eum
798 5647 1224 5703 vocaret‘Laban
1259 5647 1506 5702 Acervum
1565 5653 1840 5706 testimonii
1869 5689 1883 5715 .
1916 5653 2078 5709 Iacob

2179 4499 2279 4552 sita
2307 4507 2464 4560 sunt,
2495 4497 2546 4550 in
2572 4495 2791 4550 llebraw
2818 4495 2978 4549 habet
3005 4494 3332 4569 malianaim,
3370 4501 3444 4547 ur
3471 4494 3705 4548 Sciamus

2179 4587 2222 4640 si
2246 4586 2456 4656 quando
2486 4588 2886 4654 interpretatum
2926 4585 2978 4638 in
3026 4584 3132 4638 alio
3165 4584 3281 4637 loco
3309 4584 3548 4652 ponitur,
3578 4599 3716 4653 quen

2179 4673 2671 4749 locumsigniiicet;
2700 4681 2754 4727 et
2795 4673 3016 4742 pulchre
3059 4673 3126 4726 ad
3155 4671 3375 4725 fratrem
3417 4672 3596 4726 iturus
3633 4673 3716 4726 iui

2178 4763 2398 4829 micum,
2428 4763 2734 4832 angelorum
2765 4777 2822 4816 se
2844 4761 3211 4815 comitantium
3237 4760 3504 4830 excipitur
3534 4761 3715 4816 choris

2774 4869 2997 4930 CAPUT
3025 4868 3141 4923 XX.

2180 4964 2258 5020 De
2307 4982 2365 5034 eo
2409 4965 2546 5034 quod
2582 4979 2797 5017 munera
2839 4963 2978 5016 misit
3016 4961 3184 5034 Esau_
3206 4962 3360 5034 fratri
3399 4978 3494 5015 suo
3525 4977 3546 5026 ;
3581 4969 3633 5016 et
3671 4962 3716 5014 ά.

2319 5031 2594 5087 luctamine
2631 5034 2724 5086 viri
2751 5048 2864 5086 cum
2891 5047 2950 5084 eo
2974 5047 3005 5084 α
3035 5031 3136 5100 quo
3167 5031 3458 5083 benedictus
3495 5040 3589 5084 est.
3647 5051 3656 5054 ‘

2251 5122 2394 5175 Misit
2438 5132 2606 5174 autem
2656 5129 2700 5174 et
2732 5121 2936 5173 nuntios
2976 5128 3094 5171 ante
3140 5135 3196 5172 se
3239 5119 3306 5171 ad
3346 5111 3489 5171 Esau
3519 5118 3714 5186 fratrea

2179 5227 2329 5264 suum
2352 5210 2404 5263 in
2427 5220 2612 5262 terram
2635 5207 2990 5277 Seir-regionis
3004 5205 3204 5271 Edam;
3226 5208 3562 5277 praecepitque
3582 5206 3630 5260 ei
3651 5208 3714 5260 di-

2180 5313 2339 5353 cens:
2377 5298 2465 5373 Sic
2504 5297 2770 5367 loquimini
2803 5295 3010 5348 domino
3056 5307 3166 5347 meo
3203 5294 3348 5359 Esau
3384 5310 3403 5347 :
3448 5294 3578 5349 Hec
3607 5296 3712 5349 dici

2180 5388 2344 5456 frater
2370 5397 2486 5440 tuus
2510 5385 2704 5452 Iacob:
2741 5383 2889 5452 Apud
2928 5381 3110 5435 Laban
3132 5384 3486 5452 peregrinatus
3518 5398 3658 5462 sunt,
3681 5401 3710 5438 θ

2181 5476 2259 5544 fui
2278 5491 2438 5544 usque
2461 5476 2515 5527 in
2545 5482 2841 5544 prtesentem
2871 5472 3028 5524 diem.
3059 5469 3237 5525 Habeo
3263 5472 3409 5526 boues
3445 5482 3494 5527 et
3532 5475 3706 5528 asinos

2180 5579 2294 5618 ores
2334 5573 2380 5617 et
2416 5579 2620 5625 sentos,
2665 5570 2815 5632 atque
2843 5557 3098 5614 ancillas:
3128 5557 3370 5632 mutoque
3409 5577 3544 5616 nunc
3570 5561 3712 5632 lega-

2179 5654 2366 5707 tionem
2401 5652 2471 5705 ad
2509 5651 2773 5706 dominum
2820 5658 3011 5715 meum,
3042 5657 3097 5702 ut
3137 5648 3393 5704 inveniam
3418 5638 3644 5726 gratiam
3673 5654 3711 5706 ir
