3948 6356
321 298 425 356 609

1343 297 1687 353 COMMENT.
1725 295 1789 349 IN
1830 292 2143 349 GENESIM.
2176 326 2244 337 --
2274 296 2403 350 LIB.
2442 284 2534 350 ιιι.’

3387 298 3498 355 ’610

317 384 587 478 ~onspectu
612 416 719 461 tuo.
749 408 952 461 Iletersl
980 417 1094 485 sunt
1119 408 1283 461 nuntii
1302 408 1370 460 ad
1410 407 1573 459 Jacob
1599 408 1855 460 dicentes:
1884 425 1933 465 Α
1957 410 2099 458 salva
2126 407 2265 474 facta
2287 418 2362 463 est
2398 423 2575 460 anima
2616 408 2746 461 m'ea.
2781 404 2927 470 Quod
2961 409 3029 463 ab
3065 407 3223 463 Israel
3249 411 3504 465 vocabulo

333 496 575 553 Venimus
602 498 669 550 ad
710 496 851 550 Esau
876 497 1087 567 fratrem
1122 507 1291 562 tuum,
1314 507 1363 550 et
1396 513 1511 550 ecce
1534 506 1771 569 properat
1810 498 1863 548 in

1961 494 2251 560 derivatur,
2271 496 2551 564 principem
2592 504 2765 576 sonat.
2809 494 3012 551 Sensus
3058 497 3236 566 itaque
3268 498 3355 573 hic
3390 510 3505 555 est;

272 602 277 607 ·
323 599 592 641 occursum
615 586 870 650 tibi,-cum
890 584 1272 657 quadringentis
1294 584 1434 637 viris.
1476 582 1666 636 Timuit
1701 581 1864 635 Iacob
1897 615 1921 630 ς
1963 581 2077 634 Non
2101 583 2376 637 vocabitur
2415 600 2610 639 nomen
2654 593 2799 638 tuum
2841 584 3240 654 supplantator,
3280 587 3379 641 hoc
3405 597 3508 683 est,

321 672 488 737 ralde,
510 682 559 727 et
595 674 893 742 perterritus
928 672 1099 726 divisit
1138 670 1380 741 populum
1406 673 1495 741 qui
1530 686 1698 724 secum
1722 680 1864 731 erat;

322 777 496 831 greges
517 778 734 832 quoque,
778 771 823 815 ct
856 752 991 825 oves,
1032 770 1076 814 et
1115 760 1278 825 boves,
1309 772 1353 814 et
1382 760 1620 825 camelos,
1659 761 1714 812 in
1736 759 1865 811 duas

244 839 257 854 ’
322 861 545 916 turmas,
566 851 740 905 dicens
759 868 777 905 :
800 850 868 905 Si:
892 852 1078 905 venerit
1125 851 1261 905 Esau
1293 853 1360 906 ad
1384 870 1538 906 unam
1582 863 1803 905 turmam
1820 862 1866 903 et

322 922 629 992 percusserit
664 954 800 1003 eam,
830 938 936 992 alia
982 937 1151 993 turma
1177 956 1290 1010 qua:
1325 939 1519 1011 reliqua
1562 950 1658 1005 cst,
1698 939 1866 992 ‘salva-

322 1028 482 1080 bitur.
505 1025 757 1082 Nuntiato
779 1028 878 1082 sibi
902 1028 1064 1083 fratre
1087 1045 1183 1084 suo
1200 1028 1361 1084 Iacob
1387 1030 1633 1084 veniente
1657 1029 1865 1089 obviam

290 1170 293 1173 ,
322 1116 371 1167 ei
400 1130 520 1169 cum
541 1116 961 1187 quadringentis,
987 1118 1229 1172 turbatus
1260 1126 1341 1171 est
1360 1118 1592 1185 quidem,
1616 1127 1670 1172 et
1694 1129 1868 1171 mente

240 1247 250 1255 .
322 1203 598 1269 etinllssus,
628 1206 878 1274 quoniam
904 1206 1077 1259 timuit
1098 1205 1272 1271 valde,
1300 1215 1355 1260 et
1375 1207 1544 1261 visum
1567 1217 1649 1261 est
1668 1206 1867 1261 homini

322 1294 635 1362 perturbato
682 1294 903 1365 divisam
951 1293 1337 1350 multitudinem
1385 1311 1533 1351 suam
1571 1296 1625 1349 in
1652 1297 1755 1351 duo
1783 1310 1869 1350 ca-

324 1388 437 1435 stra
480 1380 706 1449 disponi.
739 1380 836 1437 Ubi
881 1383 1045 1451 quaeri
1089 1391 1261 1453 potest
1312 1385 1575 1452 quomodo
1625 1385 1866 1439 habuerit

327 1470 485 1525 fidem
517 1472 877 1541 depromissis
896 1474 1011 1537 Dei,
1052 1475 1470 1544 quandoquidem
1510 1477 1679 1531 dixit:
1715 1479 1872 1532 Sive-

326 1554 457 1615 nerit
473 1562 540 1615 ad
563 1572 735 1616 castra
751 1564 916 1633 prima
938 1565 1099 1633 frater
1122 1582 1265 1620 meus
1286 1576 1332 1620 et
1356 1568 1594 1621 occiderit
1618 1584 1701 1631 ea,
1721 1576 1869 1620 erunt

322 1651 550 1705 secunda
594 1652 650 1705 in
673 1652 909 1706 salutem.
948 1652 1052 1707 Sed
1097 1655 1257 1709 etiam
1302 1656 1404 1713 hoc
1436 1656 1547 1711 ﬁeri
1581 1657 1785 1727 'potuit,
1812 1667 1870 1712 ut

1960 670 2145 735 Iacob,
2178 673 2270 727 sed
2294 674 2568 728 vocabitur
2588 689 2779 729 nomen
2802 683 2947 728 tuum
2964 677 3215 763 princeps
3238 692 3355 731 cum
3380 670 3507 743 Deo,

1965 760 2065 812 hoc
2091 769 2194 824 est,
2238 759 2413 814 Israel.
2445 761 2716 827 Quomodo
2762 765 2907 818 enim
2945 759 3042 833 ego
3082 765 3325 833 princeps
3367 782 3523 830 sum,

1965 848 2043 900 sic
2071 858 2127 901 et
2157 857 2229 913 tu,
2255 850 2343 917 qui
2377 866 2583 904 mecum
2609 851 2805 905 luctari
2824 853 3059 919 potuisti,
3094 854 3336 922 princeps
3357 870 3512 909 voca-

1931 931 1940 935 ’
1964 937 2129 991 beris.
2162 937 2218 993 Si
2248 948 2421 993 autem
2446 931 2654 994 mecuin
2680 941 2769 1010 qui
2795 942 2931 996 Deus
2963 958 3102 1006 sum,
3126 944 3238 998 sive
3260 946 3507 1016 angelus;

1952 1027 2216 1095 quoniam
2265 1028 2505 1097 plerique
2561 1030 2707 1083 varie
2765 1029 3215 1098 interpretantur,
3278 1050 3514 1105 pugnare

1966 1119 2209 1187 potuisti,
2235 1130 2431 1187 quanto
2466 1120 2632 1189 magis
2658 1122 2777 1172 eum
2804 1120 3141 1173 hominibus?
3165 1122 3265 1176 hoc
3285 1133 3365 1177 cst
3390 1141 3510 1179 cum

1967 1206 2128 1269 Esau,
2156 1221 2313 1273 quem
2345 1206 2627 1260 formidare
2657 1222 2759 1260 non
2787 1207 2979 1261 debes.-
3003 1207 3133 1262 lllud
3170 1218 3347 1264 autem
3374 1213 3512 1280 quod

1969 1295 2023 1347 in
2060 1294 2195 1349 libro
2240 1294 2549 1357 Nominum,
2601 1294 2975 1362 interpretatur
3023 1296 3184 1351 Israel
3230 1298 3306 1351 vir
3342 1300 3514 1353 videns

1973 1382 2153 1446 Deum,
2178 1385 2290 1440 sive
2311 1400 2452 1436 mens
2470 1382 2643 1437 videns
2664 1383 2847 1447 Deum,
2871 1386 3105 1439 omnium
3119 1401 3251 1454 pene
3274 1403 3516 1443 sermone

1970 1469 2241 1533 detritum,
2268 1485 2371 1523 non
2400 1474 2508 1523 tam
2536 1486 2659 1525 vere
2683 1486 2841 1539 quam
2889 1472 3146 1527 violenter
3187 1465 3515 1532 mihi'iuler-

1969 1570 2232 1628 pretatum
2258 1561 2503 1614 videtur.
2552 1560 2650 1615 llic
2688 1562 2827 1615 enim
2849 1561 3007 1617 Israel
3031 1579 3148 1634 'per
3188 1566 3283 1618 has
3312 1554 3546 1623 litteras

1972 1650 2220 1705 scribitur
2245 1668 2258 1706 :
2285 1650 2387 1714 iod,
2421 1658 2461 1715 ν,
2504 1651 2605 1715 sin,
2649 1662 2719 1716 tv,
2754 1668 2852 1716 res,
2883 1653 3133 1724 1,-aleplt,
3157 1670 3214 1721 te,
3246 1644 3508 1723 lamcdﬁ,

326 1750 591 1795 everteret
617 1750 793 1800 castra
812 1743 930 1812 ejus
956 1743 1115 1809 Esau,
1139 1752 1193 1799 et
1222 1752 1344 1800 tunc
1386 1746 1525 1800 Deus
1565 1726 1686 1816 post
1727 1742 1866 1801 illam
1899 1726 1944 1785 Β
1971 1742 2109 1811 quod
2140 1742 2517 1811 interpretatur
2536 1742 2767 1813 Princeps
2782 1742 2945 1807 Deus,
2968 1744 3078 1798 sive
3104 1746 3326 1799 directus
3354 1748 3511 1802 Deus.

327 1830 688 1897 afﬂictionem,
720 1834 926 1898 adesset
955 1844 1011 1890 et
1038 1836 1287 1892 liberaret
1325 1853 1465 1903 eum,
1516 1848 1567 1893 et
1607 1855 1723 1908 quae
1750 1855 1870 1909 pro-

326 1921 472 1976 misit
494 1922 754 1991 impleret.
802 1925 865 1985 Et
890 1926 1205 1983 admonendi
1244 1928 1439 1985 fuimus
1484 1912 1584 1985 hoc
1609 1932 1868 2001 exemplo,

327 2021 387 2065 ut
414 2014 659 2082 quamvis
684 2016 965 2072 credamus
993 2018 1048 2071 in
1069 2018 1536 2084 Deum,faciamus
1560 2031 1733 2075 tamen
1755 2038 1872 2092 qua:

284 2129 303 2143 κ
326 2099 566 2155 facienda
596 2110 719 2156 sunt
740 2104 807 2159 ab
824 2104 1128 2183 hominibus
1156 2108 1534 2177 in‘pmsidium
1575 2110 1778 2173 Salutis,
1802 2126 1872 2167 ne

323 2192 791 2257 prmtermittentes
824 2208 908 2259 ea,
938 2194 1103 2250 Deum
1145 2204 1352 2251 tentare
1381 2197 1669 2252 videamur.
1718 2199 1872 2252 Deni-

314 2294 432 2349 que
462 2289 582 2350 post
608 2282 722 2337 haec
744 2297 860 2352 quas
880 2285 1046 2340 verla
1073 2284 1212 2339 dicat
1240 2286 1377 2340 idem
1404 2285 1587 2351 Iacob,
1626 2288 1871 2343 conside-

329 2369 555 2431 randum
575 2379 685 2433 est.

296 2508 304 2515 ,
396 2458 555 2524 Deus,
594 2460 783 2531 inquit,
812 2463 974 2531 patris
1012 2462 1109 2517 mei
1142 2463 1420 2528 Abraham,
1461 2474 1509 2517 et
1532 2464 1670 2519 Deus
1714 2468 1873 2520 vntris

329 2551 430 2604 mei
455 2549 633 2628 Isaac,
659 2551 899 2619 Domine,
944 2554 1033 2623 qui
1059 2552 1239 2609 dixisti
1264 2555 1409 2619 mihi,
1439 2554 1662 2609 Recurre
1690 2556 1742 2609 in
1772 2564 1873 2609 ter-

330 2654 442 2694 ram
468 2642 809 2716 generationis
845 2653 965 2709 tute,
993 2653 1041 2697 et
1073 2644 1386 2714 benefaciam
1424 2647 1535 2712 tibi,
1583 2647 1797 2701 idoneus
1821 2666 1872 2702 es

330 2732 459 2785 mihi
497 2732 559 2785 ab
587 2734 725 2786 omni
745 2734 953 2802 justitia
979 2744 1026 2790 et
1068 2733 1130 2788 ab
1157 2736 1294 2789 omni
1322 2736 1531 2789 veritate
1567 2752 1683 2805 qute
1708 2737 1873 2805 fecisti

329 2839 490 2893 puero
518 2832 626 2875 tuo.
665 2821 733 2876 In
762 2823 901 2894 virga
923 2824 1059 2878 enim
1082 2841 1192 2878 mea
1215 2826 1333 2889 ista,
1356 2828 1571 2881 transivi
1588 2825 1873 2881 Iordanem

328 2912 485 2965 hunc.
516 2911 875 2982 Nunc‘autem
910 2913 1079 2982 factus
1122 2930 1236 2968 sum
1267 2915 1318 2968 in
1363 2916 1465 2970 duo
1496 2924 1687 2970 castra.
1734 2915 1875 2970 Erue

329 3015 412 3053 me
454 2999 517 3053 de
556 3016 712 3054 manu
761 3001 940 3070 fratris
975 3005 1098 3067 mei,
1130 3004 1193 3058 de
1229 3021 1384 3065 manu
1434 3005 1598 3071 Esau,
1640 3008 1760 3077 quia
1783 3023 1873 3075 ego

328 3090 483 3143 timeo
516 3088 691 3155 illum,
729 3109 790 3145 ne
844 3109 960 3147 cum
999 3096 1185 3149 uenerit
1240 3095 1391 3163 feriat
1444 3114 1522 3150 me
1545 3137 1559 3160 ,
1604 3108 1650 3151 et
1687 3108 1873 3152 matres

331 3195 484 3248 super
510 3178 674 3247 ﬁlios.
727 3180 803 3234 Tu
846 3192 1015 3237 autem
1054 3184 1276 3237 dixisti:
1314 3184 1644 3254 Benefaciam
1688 3188 1800 3251 tibi,
1828 3199 1873 3241 et

323 3281 519 3334 ponam
547 3278 890 3331 semenetuum
920 3280 1164 3342 tanquam
1192 3290 1399 3343 arenam
1430 3276 1612 3340 maris,
1638 3293 1753 3345 qua:
1776 3294 1876 3331 non

330 3355 741 3440 dinumerabitur
763 3375 870 3429 pra:
904 3361 1251 3417 multitudine.
1283 3362 1422 3418 Satis
1466 3364 1519 3418 in
1567 3365 1650 3419 his
1701 3352 1878 3422 verbis

329 3453 387 3500 et
407 3446 638 3501 humana
658 3444 941 3503 infirmitas
977 3457 1029 3504 et
1056 3449 1185 3505 [Ides
1205 3452 1417 3519 pietatis
1445 3463 1683 3522 apparet.
1735 3457 1739 3461 ’
1794 3463 1797 3465 ‘

404 3537 784 3605 Praecesserunt
820 3540 992 3610 itaque
1036 3558 1250 3596 munera
1293 3554 1410 3596 ante
1449 3560 1600 3609 cum;
1630 3546 1736 3615 ipse
1764 3563 1877 3600 rero

333 3628 523 3681 mansit
548 3638 693 3682 nocte
716 3627 805 3690 illa
834 3628 887 3682 in
914 3631 1121 3692 castris.
1143 3628 1368 3701 Cumque
1407 3642 1608 3686 mature
1626 3636 1879 3687 surrexis-

334 3710 437 3779 set,‘
458 3715 571 3768 tulit
601 3716 730 3770 duas
760 3733 944 3771 uxores
995 3735 1136 3786 suas,
1180 3729 1226 3772 et
1267 3720 1472 3773 totidem
1513 3720 1737 3789 famulas
1761 3737 1874 3776 cum

331 3801 569 3856 undecim
597 3803 741 3871 filiis,
791 3814 837 3858 et
867 3807 1101 3859 transivit
1132 3808 1317 3869 vadum
1361 3808 1542 3862 Iaboc.
1583 3809 1749 3867 Jaboc
1782 3811 1878 3866 llu-

330 3890 452 3943 vius
475 3900 557 3945 est
598 3892 686 3961 qui
714 3892 825 3947 ﬂuit
854 3895 994 3949 inter
1023 3895 1324 3960 Ammaum,
1365 3897 1465 3951 hoc
1502 3908 1583 3953 est
1614 3899 1875 3955 Philadel-

329 3980 510 4049 phiam
531 3990 582 4035 et
603 3982 879 4047 Gerasam,
920 3984 972 4037 in
1018 3994 1208 4053 quarto
1251 3985 1365 4053 ejus
1392 3987 1636 4044 milliario
1662 4000 1715 4044 et
1740 3991 1876 4045 ultra

330 4072 640 4143 procedens.
686 4071 899 4127 Jordani
931 4074 1091 4128 ﬂuvio
1132 4077 1519 4132 commiscetur.
1566 4078 1677 4135 Hoc
1702 4070 1876 4135 autem

331 4176 488 4215 amne
517 4164 846 4225 transmisso,
898 4163 1128 4220 luctatus
1159 4172 1244 4220 est
1279 4164 1439 4220 Jacob
1470 4168 1726 4224 adversus
1756 4186 1876 4224 eum

329 4251 424 4319 qui
448 4250 549 4305 sibi
579 4261 917 4321 apparuerat,
946 4260 1266 4324 vocatusque
1293 4264 1375 4310 est
1414 4254 1599 4312 Israel.
1648 4257 1799 4314 Unde
1824 4268 1877 4315 et

332 4342 574 4411 sequitur
608 4360 621 4396 :

400 4422 1100 4501 ‘l‘ransductisqueomnibus
1121 4449 1236 4503 qua:
1261 4434 1329 4487 ad
1352 4452 1406 4490 se
1431 4428 1769 4504 pertinebant,
1796 4455 1878 4492 re-

330 4523 523 4593 mansit
562 4520 723 4585 solus,
768 4530 813 4576 et
860 4518 1093 4576 ecce-vir
1130 4522 1423 4576 luctabatur
1471 4540 1587 4577 cum
1623 4541 1682 4579 eo
1723 4543 1880 4596 usque

331 4628 502 4666 inane.
535 4610 635 4676 Qui
663 4628 777 4665 cum
807 4612 995 4669 rideret
1020 4613 1156 4682 quod
1177 4629 1289 4665 eum
1310 4629 1551 4682 superare
1573 4630 1670 4679 non
1691 4625 1877 4682 posset,

327 4701 493 4769 tetigit
519 4717 725 4754 nervum
753 4701 961 4769 femoris
990 4703 1123 4771 ejus,
1145 4712 1190 4755 et
1215 4704 1387 4755 statim
1409 4703 1677 4756 emarcuit.
1706 4704 1878 4757 Dixit-

328 4806 428 4859 que
457 4790 525 4843 ad
545 4806 658 4843 eum
682 4809 699 4844 .'
732 4790 944 4844 Dimitte
978 4810 1079 4857 me,
1102 4793 1213 4860 jam
1252 4793 1386 4845 enim
1417 4795 1643 4846 ascendit
1665 4810 1877 4848 aurora.

333 4877 611 4946 Respondit
636 4894 654 4930 :
694 4876 811 4931 Non
833 4879 1087 4933 dimittam
1135 4890 1216 4943 te,
1254 4881 1351 4933 nisi
1387 4881 1702 4935 benedixeris
1730 4884 1873 4936 mihi.

332 4966 419 5019 Ait
445 4982 564 5037 ergo
589 4980 605 5017 :
634 4966 783 5032 Quod
807 4985 987 5022 nomen
1016 4983 1088 5022 est
1110 4970 1239 5022 tibi?
1258 4968 1533 5038 Respondit
1559 4986 1577 5023 :
1599 4970 1783 5045 Iacob.
1816 4973 1877 5024 At

246 5054 257 5059 ”
332 5056 463 5110 ille:
504 5054 863 5129 Nequaquam,
903 5059 1087 5129 inquit,
1127 5058 1289 5112 Iacob
1329 5060 1669 5129 appellabitur
1699 5077 1879 5114 nomen

332 5146 604 5208 tuum,scd
627 5145 808 5210 Israel,
832 5149 1075 5223 quoniam
1098 5149 1141 5202 si
1160 5159 1334 5202 contra
1361 5150 1521 5203 Deum
1546 5152 1695 5219 fortis
1715 5150 1883 5219 fuisti,

332 5241 525 5302 quanto
548 5234 710 5302 magis
738 5244 913 5287 contra
930 5224 1158 5290 homines
1177 5237 1474 5306 prwoalebis
1492 5239 1515 5289 ?
1536 5238 1877 5308 Interrogavit

332 5335 451 5373 eum
501 5319 704 5373 Iacob:
747 5321 841 5374 Dic
874 5323 1000 5375 mihi
1035 5340 1135 5393 quo
1172 5323 1446 5393 appellaris
1492 5326 1738 5379 nomine?
1776 5327 1876 5381 Re-

336 5410 539 5478 spondit
562 5429 579 5466 :
603 5408 710 5463 Cur
735 5414 924 5481 qutcris
948 5430 1131 5470 nomen
1160 5416 1368 5469 meum?
1402 5416 1468 5469 Et
1493 5418 1746 5471 benedixit
1766 5402 1896 5472 eum.

336 5499 394 5551 in
422 5499 597 5569 eodem
639 5499 767 5552 loco.
821 5500 1131 5572 Vocavitque
1172 5503 1333 5556 Iacob
1368 5521 1549 5558 nomen
1596 5508 1694 5559 loci
1743 5508 1880 5562 illius

344 5587 597 5651 Phanuel,
621 5591 827 5644 dicens:
872 5590 989 5644 l'itli
1025 5593 1295 5647 Dominum
1340 5596 1470 5661 facie
1506 5598 1573 5649 ad
1604 5598 1807 5665 faciem,
1837 5612 1880 5653 et

1973 1831 2067 1884 Vir
2094 1845 2222 1885 vero
2258 1831 2445 1885 videns
2474 1830 2638 1886 Deum
2684 1832 2767 1886 his
2802 1833 2991 1888 litteris
3036 1835 3301 1903 scribitur,
3349 1846 3407 1892 ut
3436 1839 3516 1893 vir

1972 1935 2038 1975 ex
2067 1921 2237 1974 tribus
2267 1920 2467 1987 ,Iitteris
2507 1922 2791 1987 scribatur,
2840 1923 3006 1990 olenti,
3042 1939 3102 1990 si,
3131 1925 3238 1989 iod,
3260 1929 3421 1994 'I,sin,
3444 1940 3510 1993 ut,
3546 1992 3547 1995 η
3609 1946 3618 1957 ·

1972 2017 2034 2062 ιιι
2066 2010 2274 2063 dicatur
2300 2009 2400 2074 ais,
2427 2016 2566 2075 nm;
2596 2010 2775 2065 videns
2805 2013 3081 2077 extribus,
3117 2030 3214 2079 res,
3247 2015 3513 2083 aleph,lte,
3580 2039 3585 2042 τ

1974 2098 2180 2153 dicatur
2204 2100 2342 2163 ralte,
2365 2110 2501 2159 nim.
2523 2099 2688 2155 Porro
2717 2100 2784 2167 gl,
2814 2084 2903 2167 ΒΝ,
2947 2118 3013 2156 ex
3040 2103 3259 2168 duabus,
3286 2105 3432 2173 aleplt
3449 2090 3517 2160 (et

1974 2181 2165 2247 lamed,
2208 2190 2262 2236 ct
2301 2183 2680 2250 interpretatur
2725 2183 2884 2249 Deus,
2925 2187 3037 2241 sive
3071 2187 3237 2255 fortis.
3262 2187 3516 2256 Quamvis

1976 2271 2136 2342 igitur
2155 2271 2370 2340 grandis
2389 2272 2716 2326 auctoritatis
2742 2273 2849 2329 sint
2878 2283 2930 2328 et
2952 2274 3278 2344 eloquentim,
3305 2287 3357 2333 et
3378 2280 3517 2349 ipso-

1978 2377 2093 2416 rum
2109 2362 2295 2417 umbra
2317 2378 2411 2417 nos
2428 2363 2712 2433 opprimat,
2736 2366 2826 2434 qui
2848 2365 3008 2420 Israel
3036 2368 3206 2420 virum
3228 2369 3340 2423 sive
3364 2385 3514 2426 meu-

1977 2458 2084 2503 tem
2111 2451 2375 2505 videntem
2420 2452 2586 2505 Deum
2621 2452 3022 2519 transtulerunt,
3055 2469 3148 2510 nos
3188 2457 3358 2526 magis
3381 2456 3523 2512 Scri-

1977 2547 2146 2607 ptura:
2193 2547 2247 2593 et
2273 2555 2321 2593 at
2342 2539 2443 2611 geli
2467 2541 2546 2595 vel
2582 2541 2694 2605 Dei,
2730 2543 2818 2609 qui
2861 2543 3018 2596 Israel
3066 2545 3236 2613 ipsum
3289 2549 3515 2613 vocavit,

1978 2633 2682 2709 auctoritatemosequamur,
2704 2648 2862 2701 quam
2902 2634 3182 2702 cujuslibet
3203 2636 3519 2706 eloquentia:

1977 2719 2264 2775 smcularis.
2291 2719 2420 2775 Illud
2443 2736 2655 2791 quoque
2675 2724 2812 2791 quod
2848 2734 3028 2791 postea
3055 2726 3309 2793 sequitur.

2048 2805 2113 2860 Et
2134 2808 2389 2863 benedixit
2427 2826 2541 2863 eum
2586 2810 2675 2876 ibi,
2721 2821 2766 2864 et
2810 2813 2999 2865 vocavit
3026 2812 3188 2866 Iacob
3218 2830 3399 2871 nomen
3421 2816 3540 2872 loci.

1980 2896 2135 2961 illius,
2170 2895 2355 2953 Facies
2382 2898 2495 2970 Dei,
2521 2898 2732 2953 dicens:
2769 2887 2883 2954 Vidi
2910 2903 3042 2955 enim
3089 2903 3247 2958 Deum
3277 2909 3410 2975 facie
3451 2912 3518 2962 ad

1980 2988 2187 3055 faciem,
2216 3000 2263 3043 et
2291 2990 2431 3045 salva
2463 2992 2601 3059 facta
2633 3003 2716 3070 est
2740 2978 2915 3047 anima
2951 3013 3061 3049 mea
3093 2998 3294 3070 (Isid.),
3330 3001 3383 3054 in
3412 3001 3517 3055 lle-

1902 3054 1945 3114 C
1975 3054 2115 3134 hmo
2141 3079 2334 3156 dicitur
2357 3054 2601 3150 pltanuat,
2632 3067 2816 3168 Snus],
2846 3092 2906 3166 ut
2943 3054 3171 3141 sciamus
3200 3054 3371 3158 ipsum
3402 3107 3521 3146 esse

1976 3166 2147 3222 locum
2178 3171 2265 3237 qui
2295 3170 2347 3223 in
2376 3171 2581 3224 cazteris
2604 3166 2801 3225 sanctae
2820 3172 3120 3241 Scriptum,
3143 3177 3516 3243 voluminibus,

1976 3258 2047 3311 ita
2064 3266 2121 3312 ut
2140 3260 2193 3311 in
2208 3258 2429 3315 Hebraeo
2447 3262 2705 3329 scriptum
2732 3272 2833 3326 est,
2867 3265 3093 3332 phanuel
3114 3266 3321 3337 legitur.
3346 3270 3399 3323 In
3417 3286 3519 3339 quo

1974 3346 2678 3416 principaliterrsacramenli
2713 3349 2971 3406 Dominici
2992 3352 3163 3424 imago
3189 3358 3519 3428 prmligurata

1975 3445 2075 3491 est.
2108 3438 2201 3491 Vir
2245 3439 2387 3492 enim
2422 3438 2509 3494 ille
2546 3446 2725 3509 typum
2754 3439 2952 3520 Christi
2981 3444 3372 3510 evidentissime
3409 3464 3520 3518 ges-

1976 3538 2121 3582 serat
2143 3526 2165 3593 ;‘
2198 3529 2284 3582 cui
2333 3539 2507 3583 tamen
2562 3530 2679 3584 ideo
2719 3532 3067 3598 praevaluerat
3118 3533 3282 3590 Iacob
3337 3539 3519 3608 utique

1975 3616 2196 3682 volenti,
2236 3626 2295 3671 ut
2336 3619 2643 3686 mysterium
2692 3618 2943 3687 liguraret
2990 3622 3250 3689 passionis
3288 3625 3517 3681 Domini.

1978 3708 2079 3764 Ubi
2121 3710 2265 3762 visus
2293 3717 2373 3761 est
2417 3706 2582 3761 Iacob
2628 3708 2679 3761 in
2712 3707 3010 3762 Judzeorum
3050 3719 3190 3780 typo,
3224 3713 3325 3767 hoc
3354 3722 3437 3767 est
3465 3715 3519 3768 in

1977 3799 2215 3867 corporis
2262 3798 2342 3851 sui
2372 3797 2553 3852 sobole
2580 3798 2917 3867 prtevaluisse
2943 3799 3071 3862 Deo,
3119 3808 3172 3853 et
3202 3804 3354 3869 quasi
3398 3819 3517 3857 cum

1977 3889 2209 3951 infirmo,
2237 3888 2310 3940 ita
2336 3903 2456 3941 cum
2489 3902 2647 3941 carne
2679 3885 2792 3953 ejus
2819 3887 3080 3943 luctamen
3106 3890 3258 3955 inire,
3289 3901 3341 3944 et
3369 3892 3519 3970 inva-

1977 3979 2178 4033 lescere
2207 3979 2259 4031 in
2290 3978 2536 4045 passione
2567 3976 2701 4045 ejus,
2730 3978 2865 4031 sicut
2898 3979 3152 4046 scriptum
3179 3990 3261 4035 est
3282 3997 3401 4035 cum
3440 3984 3519 4037 dl-

1976 4078 2139 4132 ceret,
2170 4065 2426 4136 Cruci/Ege
2451 4064 2663 4135 (Matth.
2693 4065 2889 4135 xxv");
2921 4075 2975 4121 et
3020 4078 3194 4123 tamen
3241 4069 3405 4125 Iacob
3455 4074 3522 4125 ab

1928 4166 1929 4169 ‘
1975 4158 2160 4213 eodem
2189 4157 2376 4227 augt-Io
2405 4156 2825 4211 benedictionem
2861 4174 3015 4226 quem
3039 4161 3209 4213 victor
3235 4176 3522 4230 superave—
3584 4203 3592 4209 .

1978 4254 2059 4301 rat
2085 4247 2405 4315 impetravit.
2436 4244 2598 4311 Cujus
2631 4247 2860 4300 nominis
2899 4248 3164 4316 impositio
3206 4250 3386 4317 utique
3424 4250 3520 4304 be-

1906 4336 2210 4427 Dnedictio
2258 4334 2377 4389 fuit.
2428 4334 2814 4402 Interpretatur
2870 4335 3028 4392 Israel
3078 4336 3253 4417 videns
3321 4338 3516 4401 Deum,

1979 4430 2121 4499 quod
2149 4429 2251 4483 erit
2274 4429 2325 4482 in
2354 4427 2458 4481 line
2497 4427 2769 4496 prazmium
2798 4436 3104 4480 sanctorum
3134 4429 3390 4481 onmium.
3418 4428 3520 4483 Te-

1980 4520 2274 4589 tigitporro
2297 4518 2383 4572 ille
2412 4520 2548 4571 idem
2580 4516 2798 4585 angelus
2834 4516 3162 4571 latitudinem
3192 4517 3428 4583 femoris,
3469 4528 3523 4573 et

1979 4607 2219 4661 claudum
2249 4607 2494 4660 reddidit.
2525 4604 2718 4674 Sicque
2746 4611 2862 4657 erat
2904 4619 3039 4657 unus
3080 4613 3235 4663 atque
3262 4606 3399 4660 idem
3439 4605 3524 4661 .Ia-

1978 4698 2078 4751 cob
2106 4696 2413 4751 benedictus
2439 4703 2493 4749 et
2542 4693 2759 4750 claudus
2814 4711 2826 4745 :
2877 4693 3189 4747 benedictus
3221 4697 3275 4748 in
3317 4695 3397 4748 his
3430 4697 3519 4762 qui

1980 4789 2032 4843 in
2075 4788 2346 4844 Christum
2375 4803 2439 4842 ex
2468 4801 2531 4841 eo
2552 4786 2744 4855 popqu
2784 4785 3146 4848 crediderunt,
3180 4794 3335 4853 atque
3365 4787 3416 4838 in
3442 4788 3523 4839 iu-

1982 4865 2224 4934 fltlelibus
2253 4877 2490 4932 claudus.
2533 4874 2666 4929 Nam
2690 4875 2742 4927 in
2787 4874 3001 4929 femoris
3046 4887 3210 4932 nervo
3256 4874 3517 4939 valetudo,

1980 4970 2189 5038 generis
2244 4964 2521 5020 multitudo
2592 4973 2674 5018 est
2725 4982 2737 5015 :
2798 4964 2976 5031 plures
3025 4966 3217 5033 quippe
3285 4972 3407 5017 sunt
3465 4964 3518 5016 in

1983 5060 2147 5127 stirpe
2170 5057 2257 5127 qui
2284 5052 2670 5124 degenerantes
2694 5068 2722 5105 a
2746 5051 2848 5106 [ide
2872 5062 3102 5121 patrum,
3126 5063 3179 5107 et
3198 5068 3228 5106 a
3249 5054 3522 5122 praeceptis

1983 5145 2215 5200 auctoris
2251 5144 2331 5198 sui
2361 5144 2654 5207 deviantes,
2681 5141 2733 5193 in
2766 5156 3002 5196 errorem
3033 5144 3111 5196 sui
3140 5142 3357 5197 seminis
3378 5142 3523 5197 clau-

1978 5239 2178 5299 dieant,
2228 5237 2293 5291 de
2338 5234 2530 5304 quibus
2574 5235 2878 5302 prophetlce
2919 5236 3225 5302 praedictum
3278 5242 3361 5287 est
3400 5250 3413 5285 :
3455 5233 3522 5285 Et

1980 5329 2394 5383 claudicaveruut
2422 5342 2452 5377 a
2478 5326 2671 5378 semitis
2698 5326 2804 5378 suis
2832 5323 2999 5395 (Psal.
3032 5327 3181 5393 xvu).
3200 5321 3395 5393 (Greg.)
3422 5325 3520 5389 Qui

1982 5429 2158 5474 tamen
2186 5417 2410 5487 populus
2437 5427 2574 5485 post,
2607 5417 2759 5469 tactis
2808 5417 2907 5469 sibi
2936 5417 3155 5479 viribus,
3212 5431 3315 5468 non
3353 5416 3520 5469 solum

1984 5509 2263 5570 claudicat,
2295 5508 2387 5561 sed
2418 5516 2470 5559 et
2501 5505 2769 5573 torpescit,
2812 5520 2877 5558 ne
2901 5506 3033 5557 ultra
3058 5505 3167 5573 jam
3205 5504 3341 5556 ﬁlios
3366 5518 3522 5572 gene—

1988 5614 2106 5653 rare
2154 5599 2339 5667 possit.
2400 5597 2573 5649 Potest
2624 5606 2675 5649 et
2725 5595 3012 5650 secundum
3064 5594 3405 5662 lmpolugium
3469 5592 3521 5643 in
