3948 6340
488 187 588 244 6H

1149 184 1209 238 Β.
1251 180 1500 238 MBAN!
1541 179 1754 236 ιιΑυιιι
1793 177 2040 235 ARClllE

2144 178 2443 235 MOGUNT.
2485 180 2764 239 OPERUM
2803 182 2980 238 PARS
3018 183 3057 236 l.

3593 181 3702 235 6ιῖ

490 299 676 355 eadem
697 309 776 360 re,
806 293 1006 350 utiliter
1028 291 1228 363 aliquid
1253 289 1500 360 intelligi.
1526 288 1711 360 Magna
1734 297 1818 343 est
1837 288 1890 341 in
1913 303 2039 342 eon-
2071 297 2121 355 Α
2147 289 2304 343 homo
2342 299 2458 344 erat
2480 290 2687 346 futurus
2710 295 2941 361 quicum
2967 292 3131 348 Jacob
3158 294 3348 365 populo
3395 303 3700 349 uetaretur.

491 385 796 457 templativa
822 385 929 437 vita
973 380 1248 438 contentio
1285 379 1498 444 mentis,
1538 392 1658 431 cum
1688 391 1806 432 sese
1841 375 1908 430 ad
1929 388 2038 430 cu:-

492 476 643 530 lestia
671 473 848 544 erigit,
875 487 995 533 cum
1022 472 1077 525 in
1102 471 1262 525 rebus
1280 469 1646 540 spiritualibus
1671 469 1907 522 animum
1934 475 2041 521 ten~

490 568 587 631 dit,
618 581 738 620 cum
773 560 1068 632 transgredi
1094 562 1282 616 nititur
1305 574 1464 614 omne
1501 559 1644 629 quod
1688 558 2042 628 corporaliter

489 657 720 720 videtur,
754 669 878 712 cum
903 667 1020 708 sese
1043 659 1311 720 angustat,
1353 660 1409 705 et
1436 649 1646 713 dilatat,
1681 655 1735 703 et
1759 647 2040 716 aliquando

489 744 701 812 quidem
734 743 915 805 vincit,
945 750 1000 796 et
1026 740 1353 795 reluctantes
1381 740 1628 794 tenebras
1653 752 1763 792 sua:
1784 737 2043 791 caecitatis

489 842 792 902 exsuperat,
839 832 985 885 etde
1031 830 1496 896 incircumscripto
1543 827 1742 880 lumine
1787 826 2042 894 quiddam

488 925 682 993 partim
729 933 782 976 et
834 921 1098 976 subtiliter
1125 903 1367 990 attingit;
1417 919 1509 972 sed
1542 927 1717 970 tamen
1760 919 1825 969 ad
1850 927 2042 969 semet-

488 1017 655 1084 ipsam
704 1016 944 1085 protinus
995 1013 1388 1075 reverberatur,
1423 1019 1586 1078 atque
1626 1009 1694 1062 ab
1738 1023 1800 1062 ea
1829 1008 1946 1061 luce
1974 1007 2040 1060 ad

487 1120 648 1173 quam
679 1103 988 1172 respirando
1017 1099 1225 1154 transiit
1271 1099 1338 1152 ad
1371 1114 1481 1152 sua:
1517 1098 1774 1152 excitatis
1794 1097 2040 1151 tenebras

487 1193 802 1261 suspirando
853 1191 1032 1244 rediit.
1072 1188 1229 1255 Quod
1261 1188 1398 1242 bene
1441 1202 1592 1242 sacra
1639 1187 1863 1242 historia
1901 1187 2042 1241 desi-

486 1289 630 1350 gnat,
655 1294 772 1348 quae
796 1281 1012 1335 beatum
1029 1277 1194 1332 Jacob
1219 1293 1339 1331 cum
1369 1277 1556 1347 angelo
1583 1276 1874 1336 luctantem
1911 1293 2038 1330 nar-

487 1377 587 1423 rat.
618 1367 750 1423 Cum
779 1368 919 1421 enim
965 1367 1031 1421 ad
1059 1375 1306 1436 parentes
1335 1366 1576 1435 proprios
1604 1367 1819 1430 rediret,
1857 1365 1910 1418 in
1955 1365 2040 1418 via

485 1457 732 1528 angelum
782 1457 1003 1522 invenit,
1058 1471 1179 1511 cum
1208 1470 1312 1524 quo
1356 1456 1410 1509 in
1453 1454 1741 1510 luctamine
1792 1468 2041 1522 magnum

484 1558 753 1603 certamen
785 1548 988 1603 habuit.
1037 1547 1087 1602 1s
1119 1547 1260 1601 enim
1290 1546 1378 1615 qui
1424 1554 1596 1602 certat
1645 1547 1697 1600 in
1721 1546 2037 1612 luctamine,

485 1638 766 1708 aliquando
785 1637 1111 1706 superiorem
1138 1651 1217 1701 se,
1245 1635 1527 1706 aliquando
1546 1650 1611 1692 eo
1635 1650 1756 1690 cum
1780 1651 1887 1706 quo
1912 1651 2041 1691 con-

486 1730 653 1784 tendit
676 1727 982 1783 inferiorem
1023 1726 1242 1807 invenit.
1272 1724 1529 1796 Designat
1542 1739 1671 1795 ergo
1699 1725 1916 1793 angelus
1940 1725 2044 1778 Do-

484 1821 707 1883 minum,
758 1827 812 1873 et
839 1815 1004 1872 Jacob
1046 1816 1138 1885 qui
1167 1831 1289 1871 cum
1317 1816 1506 1886 angelo
1534 1816 1826 1881 contendit,
1862 1817 2044 1871 unius-

481 1910 764 1981 cujusque;
778 1908 999 1981 perfecti
1026 1908 1148 1973 viri,
1191 1915 1247 1962 et
1280 1907 1333 1960 in
1363 1907 1809 1977 contemplatione
1859 1907 2040 1976 positi,

481 2001 712 2055 animam
734 1999 1006 2070 exprimit,
1028 2001 1155 2068 quia
1174 1997 1424 2052 videlicet
1449 1997 1628 2051 anima
1657 2013 1778 2051 cum
1807 2005 2042 2052 eontem-

480 2088 616 2158 plari
645 2088 812 2142 Deum
851 2088 1059 2152 nititur,
1087 2085 1232 2140 velut
1276 2086 1330 2140 in
1359 2087 1587 2155 quodam
1619 2087 1912 2141 certamine
1947 2101 2043 2154 po-

480 2179 606 2243 sita,
633 2178 789 2231 modo
815 2177 966 2247 quasi
1005 2177 1283 2239 exuberat,
1312 2177 1438 2244 quia
1466 2175 1807 2247 intelligendo
1836 2185 1891 2231 et
1916 2192 2039 2231 sen-

483 2267 661 2322 tiendo
685 2267 753 2322 de
799 2265 1261 2335 incircumscripto
1289 2265 1488 2319 lumine
1539 2265 1739 2336 aliquid
1765 2266 2037 2336 degustat;

481 2359 638 2412 modo
673 2370 801 2410 vero
822 2359 824 2364 “
846 2355 1162 2419 succumbit,
1192 2353 1316 2423 quia
1343 2353 1672 2424 degustando
1696 2355 1887 2409 iterum
1913 2355 2041 2408 dili-

478 2429 572 2503 cit.
604 2445 766 2514 Quasi
803 2461 930 2516 ergo
960 2445 1191 2499 vincitur
1237 2443 1475 2522 angelus,
1525 2445 1737 2513 quando
1773 2445 2039 2501 intellectu

481 2539 669 2593 intimo
717 2538 1132 2608 apprehenditur
1181 2538 1338 2592 Deus.
1403 2536 1508 2592 Sed
1564 2535 1854 2609 optandum
1897 2535 2040 2604 quod

480 2632 619 2684 idem
647 2630 819 2684 victus
852 2628 1072 2698 angelus
1126 2643 1348 2683 nervum
1399 2626 1616 2681 femoris
1650 2625 1815 2681 Iacob
1847 2627 2036 2696 tetigit,

478 2733 707 2786 eumque
736 2730 1079 2771 marcescere
1110 2717 1292 2770 statim
1337 2715 1483 2780 fecit,
1515 2724 1675 2784 atque
1704 2715 1772 2770 ab
1790 2732 1853 2771 eo
1875 2699 2040 2771 lacob

479 2813 718 2878 tempore
763 2822 867 2861 uno
905 2806 1220 2861 claudicavit
1247 2806 1399 2875 pede,
1427 2806 1553 2875 quia
1573 2805 1776 2861 scilicet
1797 2806 2039 2874 omnipo-

479 2907 598 2952 tens
627 2898 784 2961 Deus,
837 2912 960 2951 cum
999 2896 1111 2964 jam
1155 2911 1252 2965 per
1278 2894 1600 2950 desiderium
1625 2903 1680 2949 tet
1711 2895 2036 2950 intellectum

2146 376 2346 448 (Greg.)
2388 379 2654 446 Quaeritur
2697 381 2822 436 dum
2874 383 2984 452 ipsa
3039 396 3134 452 per
3187 399 3246 438 se
3287 382 3493 438 Veritas
3520 384 3699 437 dicit:

2144 466 2309 520 Nemo
2337 469 2464 521 vidit
2507 469 2694 538 faciem
2743 487 2909 524 meam
2939 488 3186 540 unquam,
3217 473 3484 541 quomodo
3533 469 3702 524 Iacob

2143 565 2368 610 testatur
2413 559 2639 612 dicens:
2683 559 2801 612 Vidi
2842 560 3126 613 Dominum
3173 562 3309 629 facie
3358 565 3426 614 ad
3468 561 3706 630 faciem?

2141 644 2334 712 (Exod.
2367 649 2579 716 xxxiii.)
2611 647 2870 702 Humana:
2915 641 3111 704 etenim
3160 651 3356 704 mentis
3389 651 3543 704 oculo
3567 651 3702 703 inte-

2140 734 2280 788 riore
2307 745 2551 805 purgato,
2591 738 2716 791 dum
2760 738 3009 791 vitiorum
3056 739 3294 791 omnium
3341 738 3702 808 tribulationis

2141 824 2259 890 igne
2280 840 2443 893 crugo
2479 825 2638 879 fuerit
2659 835 3017 889 concremata,
3044 836 3189 892 tunc,
3234 827 3503 880 mundatis
3529 826 3703 880 oculis

2141 917 2343 980 cordis,
2389 917 2479 970 illa
2507 916 2686 970 laetitia
2720 918 2904 986 patria:
2924 919 3158 972 caelestis
3193 918 3450 986 aperitur,
3483 925 3540 969 ut
3567 933 3698 985 pur-

2140 1022 2325 1076 genius
2367 1007 2594 1076 lugendo
2631 1008 2779 1074 prius
2827 1007 2965 1074 quod
2999 1006 3238 1070 fecimus,
3267 1014 3322 1060 et
3359 1007 3700 1074 postmodum

2141 1095 2472 1149 manifestius
2513 1096 2932 1164 contemplemur
2984 1111 3078 1165 per
3123 1096 3318 1166 gaudia
3359 1095 3502 1163 quod
3561 1109 3703 1163 qua:-

2143 1202 2341 1240 ramus.
2368 1187 2524 1241 Prius
2560 1188 2700 1241 enim
2727 1203 2756 1240 a
2786 1189 2980 1242 mentis
3009 1188 3146 1253 acie,
3170 1195 3427 1242 exurente
3457 1186 3698 1250 tristitia,

2139 1278 2451 1348 interposita
2502 1279 2760 1334 malorum
2813 1280 2985 1348 caligo
3038 1279 3326 1349 detegitur,
3361 1289 3418 1334 et
3452 1287 3582 1331 tunc
3621 1292 3704 1330 re-

2139 1370 2671 1440 splendente.raptim
2720 1371 3114 1435 coruscatione,
3140 1368 3596 1437 incircumscripti
3626 1367 3702 1421 lu-

2140 1459 2300 1512 minis
2326 1459 2638 1524 illustratur,
2662 1474 2769 1527 quo
2798 1467 3068 1528 utcunque
3096 1466 3380 1528 conspectu
3417 1458 3470 1511 in
3504 1457 3704 1527 gaudio

2140 1549 2416 1618 cujusdam
2463 1550 2766 1604 securitath
2810 1549 3145 1612 absorbetur,
3181 1558 3235 1602 et
3270 1549 3422 1617 quasi
3464 1556 3586 1617 post
3615 1547 3706 1600 de-

2072 1637 2117 1696 B
2146 1639 2340 1695 fectum
2372 1641 2494 1693 vitae
2519 1640 2795 1709 pnesentis
2817 1639 2954 1692 ultra
2989 1653 3046 1694 se
3076 1649 3248 1708 rapta,
3278 1638 3620 1707 aliquomodo
3652 1638 3705 1691 in

2142 1730 2371 1798 quadam
2414 1730 2649 1784 novitate
2701 1739 2993 1784 recreatur.
3033 1730 3108 1784 lbi
3136 1743 3287 1783 mens
3331 1743 3395 1782 ex
3441 1729 3708 1781 immenso

2142 1819 2286 1874 fonte
2320 1818 2602 1874 infusionis
2628 1820 2846 1890 superni
2877 1819 3015 1873 roris
3043 1819 3376 1888 aspergitur;
3405 1817 3479 1871 ibi
3515 1832 3622 1871 non
3647 1831 3706 1869 se

2141 1908 2383 1962 sutlicere
2411 1909 2478 1962 ad
2507 1908 2559 1962 id
2589 1909 2731 1979 quod
2759 1919 2910 1977 rapta
2935 1916 3019 1962 est
3042 1907 3468 1984 contemplatur;
3491 1915 3548 1960 et
3569 1906 3725 1960 veri»

2143 2007 2305 2054 tatem
2335 1997 2612 2053 sentiendo
2650 1998 2812 2060 videt,
2843 1998 2966 2066 quia
3005 2004 3205 2071 quanta
3233 1994 3316 2052 est
3341 1997 3454 2066 ipsa
3478 1997 3704 2058 veritas,

2140 2103 2246 2143 non
2286 2088 2448 2142 videt.
2478 2086 2575 2141 Cui
2600 2086 2813 2141 veritati
2855 2095 3002 2140 tanto
3041 2087 3209 2156 magis
3234 2100 3295 2141 se
3330 2085 3485 2155 longe
3512 2085 3703 2138 existi-

2139 2184 2269 2241 mat,
2316 2184 2517 2245 quanto
2553 2175 2724 2244 magis
2771 2175 3181 2244 approliinquat,
3238 2175 3366 2242 quia
3411 2174 3516 2228 nisi
3556 2172 3704 2226 illam

2139 2263 2411 2335 utcunque.
2461 2266 2882 2334 concupisceret,
2940 2279 3280 2335 nequaquam
3328 2278 3449 2318 eam
3504 2278 3706 2318 concu-

2140 2356 2347 2425 piscere
2401 2369 2506 2408 non
2551 2368 2709 2423 posse
2757 2354 3001 2408 sentiret.
3060 2354 3291 2408 Aunisus
3318 2367 3446 2422 ergo
3488 2353 3705 2418 animai,

2143 2449 2268 2502 dum
2298 2447 2350 2500 in
2388 2445 2474 2500 illa
2503 2447 2817 2511 attenditur,
2842 2447 3220 2501 immensitatis
3239 2447 3356 2517 ejus
3384 2453 3708 2500 coruscante

2140 2539 2542 2594 circumstantia
2573 2538 2962 2593 reverberatur.
2999 2537 3116 2607 Ipsa
3159 2538 3352 2608 quippe
3380 2543 3574 2591 cuncta
3603 2535 3707 2588 im—

2140 2631 2312 2701 pleas,
2344 2639 2534 2684 cuncta
2565 2629 2917 2692 circumstat;
2964 2637 3018 2684 et
3066 2629 3267 2684 idcirco
3320 2642 3472 2681 mens
3520 2635 3707 2679 nostra

2139 2735 2480 2790 nequaquam
2521 2735 2578 2774 se
2625 2719 2691 2772 ad
2723 2719 3279 2787 comprehendendam
3312 2715 3710 2770 incircumscri-

2140 2818 2283 2880 ptam
2312 2809 2660 2862 substantiam
2686 2808 2896 2871 dilatat,
2927 2808 3051 2876 quia
3082 2821 3200 2860 eam
3230 2805 3420 2874 inopia:
3461 2818 3574 2856 sua:
3599 2803 3709 2856 cir-

2142 2900 2488 2969 cumscriptio
2514 2907 2785 2969 angustat.
2825 2898 2973 2954 Unde
3002 2906 3057 2951 et
3091 2897 3157 2950 ad
3181 2895 3525 2964 semetipsam
3546 2893 3710 2946 citius

479 2988 842 3056 cognoscitur,
865 2998 1077 3041 omnem
1109 2977 1164 3038 in
1190 2985 1343 3041 nobis
1371 2983 1694 3054 voluptatem
1722 2985 1900 3040 carnis
1925 3000 2040 3040 are-

2145 2961 2418 3054 relabitur,
2463 2999 2517 3043 et
2561 2961 2854 3058 prospectis
2896 2989 3047 3057 quasi
3092 2961 3408 3055 quibusdam
3460 2983 3709 3038 veritatis

480 3075 638 3141 facit;
675 3085 728 3128 et
767 3068 901 3144 quia’
937 3075 1107 3143 prius,
1149 3073 1301 3142 quasi
1328 3073 1542 3127 duobus
1567 3071 1790 3142 pedibus
1815 3074 2042 3127 inniten-

481 3174 580 3230 tes,
605 3173 662 3219 et
705 3163 870 3218 Deum
918 3162 1232 3218 videbamur
1275 3177 1537 3232 quaerere,
1591 3172 1646 3216 et
1673 3163 1926 3220 saeculum
1964 3174 2040 3218 te-

479 3267 630 3316 nere,
660 3260 781 3320 post
819 3251 1144 3320 agnitionem
1172 3250 1451 3304 suavitatis
1495 3250 1609 3314 Dei,
1638 3266 1777 3306 unus
1808 3252 1862 3304 in
1891 3251 2043 3306 nobis

478 3355 575 3414 pes
617 3356 779 3396 sanus
806 3339 1084 3404 remansit,
1113 3347 1272 3408 atque
1297 3339 1434 3392 alius
1462 3338 1758 3404 claudicat;
1798 3341 1922 3410 quia
1951 3357 2043 3394 ne-

480 3446 631 3488 cesse
665 3440 747 3486 est
789 3439 864 3496 ut,
898 3431 1176 3486 debilitato
1217 3444 1400 3485 amore
1427 3430 1624 3493 saeculi,
1652 3435 1795 3485 solus
1817 3432 1868 3485 in
1892 3432 2042 3486 nobis

480 3523 818 3598 convalescat
860 3536 1012 3576 amor
1043 3521 1160 3576 Dei.
1212 3515 1432 3591 Si'ergo
1484 3530 1726 3576 tenemus
1772 3523 2040 3594 angelum,

479 3627 587 3666 uno
628 3611 988 3666 claudicamus
1031 3611 1184 3679 pede,
1223 3610 1344 3678 quia
1399 3612 1525 3665 dum
1568 3613 1761 3666 crescit
1798 3613 1852 3666 in
1891 3615 2043 3672 nobis

481 3699 736 3756 fortitudo
760 3699 958 3754 amoris
986 3698 1178 3763 intimi,
1206 3697 1509 3752 inﬁrmatur
1534 3689 1719 3769 procul
1744 3701 1905 3755 dubio
1935 3701 2042 3756 for-

482 3790 653 3846 titudo
679 3791 876 3845 carnis.
909 3788 1094 3844 Omnis
1126 3789 1320 3857 quippe
1351 3788 1441 3856 qui
1469 3804 1576 3843 uno
1597 3789 1732 3858 pede
1757 3790 2039 3856 claudicat,

482 3882 581 3937 soli
609 3882 685 3936 illi
712 3881 832 3952 pedi
861 3881 1108 3935 innititur
1134 3889 1293 3949 quem
1317 3866 1509 3934 sanum
1529 3880 1705 3944 habet,
1733 3881 1856 3950 quia
1885 3890 1938 3936 et
1957 3883 2042 3936 cui

481 3971 812 4035 desiderium,
836 3968 948 4038 jam
1001 3979 1273 4024 terrenum
1314 3967 1607 4024 arefactum
1641 3968 1821 4044 fuerit,
1848 3972 1900 4025 in
1930 3972 2042 4027 solo

481 4063 616 4131 pede
641 4061 840 4116 amoris
884 4059 978 4114 Dei
1029 4069 1139 4115 tota
1184 4075 1243 4116 se
1267 4060 1466 4116 virtute
1489 4061 1737 4126 sustinet,
1760 4071 1814 4116 et
1840 4063 1892 4115 in
1930 4063 2044 4132 ipso

484 4161 609 4216 stat,
640 4153 765 4220 quia
801 4152 992 4220 pedem
1040 4152 1240 4207 amoris
1290 4152 1492 4218 saeculi,
1546 4168 1706 4222 quem
1750 4169 1947 4223 ponere
1987 4155 2042 4208 in

483 4248 682 4294 terram
709 4248 1077 4305 consueverat,
1115 4239 1226 4308 jam
1256 4256 1286 4294 a
1327 4249 1468 4296 terra
1492 4256 1808 4311 suspensum
1840 4251 2036 4313 portat.

483 4330 549 4384 Et
576 4345 673 4383 nos
695 4345 822 4397 ergo
858 4329 904 4382 si
927 4330 992 4384 ad
1013 4338 1264 4398 parentes
1285 4330 1551 4399 proprios,
1582 4332 1634 4386 id
1658 4340 1758 4397 est,
1791 4334 1856 4386 ad
1883 4333 2039 4401 spiri-

486 4421 651 4475 tuales
673 4429 850 4489 patres
884 4420 1139 4486 redimus,
1161 4429 1439 4476 teneamus
1469 4422 1521 4475 in
1571 4424 1657 4476 via
1685 4423 1949 4492 angelum,
1981 4431 2040 4475 ut

484 4512 740 4566 suavitate
771 4511 957 4565 intima
983 4513 1442 4580 apprehendamus
1483 4514 1666 4567 Deum.
1702 4511 2040 4582 Contempla-

487 4603 606 4655 tivae
631 4602 827 4656 etenim
850 4602 972 4656 vita:
1001 4601 1246 4657 amabilis
1267 4603 1418 4658 valde
1444 4603 1667 4658 dulcedo
1687 4615 1788 4668 est,
1818 4618 2041 4673 quaeque

486 4707 644 4761 super
689 4694 1029 4762 semetipsum
1065 4695 1301 4746 animum
1351 4693 1509 4762 rapit,
1535 4694 1773 4748 caelestia
1818 4695 2037 4762 appetit,

488 4794 697 4836 terrena
728 4793 904 4836 autem
935 4784 1128 4837 debere
1151 4797 1270 4836 esse
1297 4783 1623 4851 contemptui
1653 4784 1903 4848 ostendit,
1934 4784 2041 4852 spi-

488 4869 695 4923 ritualia
746 4871 936 4923 mentis
986 4871 1156 4924 oculis
1181 4869 1453 4940 patefacit,
1495 4871 1790 4940 COrporalia
1817 4872 2040 4925 abscon-

488 4961 582 5013 dit.
616 4960 764 5014 Unde
791 4961 925 5016 bene
961 4962 1018 5014 in‘
1052 4963 1288 5016 Cantieis
1337 4964 1664 5018 canticorum
1714 4964 1842 5017 dicit
1883 4980 1897 5016 :
1928 4963 2038 5032 Ego

488 5050 710 5112 dormio,
750 5058 796 5101 et
823 5062 910 5101 cor
939 5066 1106 5104 meum
1131 5051 1307 5120 vigilat
1349 5049 1522 5120 (Cant.
1556 5053 1630 5121 v).
1665 5052 1929 5120 Vigilante
1967 5062 2043 5105 et-

486 5155 628 5194 enim
657 5139 818 5194 corde
843 5139 1058 5204 dormit,
1100 5143 1189 5209 qui
1219 5157 1313 5210 per
1351 5143 1453 5196 hoc
1477 5144 1616 5211 quod
1662 5143 1886 5197 interius
1908 5138 2054 5196 ’con-t

488 5231 790 5300 templando
837 5230 1072 5299 proficit,
1118 5247 1146 5284 a
1194 5247 1358 5299 pravo
1408 5232 1535 5288 foris
1587 5246 1747 5301 opere
1792 5234 2035 5301 quiescit.

491 5321 725 5389 Denique
772 5328 912 5388 quod
964 5319 1158 5386 adjecit
1201 5321 1344 5374 idem
1398 5324 1699 5390 patriarcha
1746 5323 1940 5377 vidisse
1983 5339 2039 5377 se

490 5412 654 5466 Deum
701 5411 834 5468 facie
881 5411 946 5466 ad
987 5412 1197 5477 faciem,
1235 5427 1357 5466 cum
1385 5415 1627 5483 superius
1652 5416 1821 5468 virum
1857 5431 2035 5470 secum

491 5511 670 5554 narret
698 5499 856 5556 fuisse
899 5501 1173 5567 lactatum,
1216 5502 1265 5556 id
1295 5502 1557 5570 significat
1585 5505 1708 5572 quia
1737 5505 1872 5558 idem
1900 5505 2036 5559 Deus

2140 3080 2397 3151 vestigiis,
2450 3079 2517 3132 atl
2562 3094 2714 3134 suam
2762 3079 3044 3148 imaginem
3076 3085 3376 3131 revocatur.
3426 3075 3551 3128 litae
3590 3075 3707 3141 ipsa

2144 3181 2437 3241 tamenper
2467 3168 2970 3236 contemplationem
2994 3165 3153 3231 facta,
3187 3180 3292 3219 non
3320 3163 3485 3220 solida
3507 3173 3561 3216 et
3583 3178 3707 3232 per-

2143 3275 2363 3314 manens
2378 3259 2529 3324 visio,
2553 3257 2666 3323 sed,
2684 3267 2740 3309 ut
2765 3257 3011 3321 dixerim,
3031 3255 3184 3325 quasi
3211 3255 3453 3324 quadam
3486 3253 3708 3307 visionis

2142 3355 2390 3419 imitatio,
2439 3353 2533 3407 Dei
2590 3351 2752 3406 facies
2774 3351 2986 3405 dicitur.
3037 3349 3172 3415 Quia
3198 3348 3341 3402 enim
3367 3362 3464 3416 per
3510 3346 3704 3400 faciem

2142 3445 2435 3514 quemlibet
2477 3443 2832 3513 agnoscimus,
2891 3456 2996 3494 non
3045 3439 3310 3514 immerito
3345 3437 3706 3507 cognitionem

2143 3531 2238 3586 Dei
2293 3531 2484 3585 faciem
2526 3544 2793 3584 vocamus.
2845 3527 2979 3581 Hinc
3025 3541 3150 3594 ergo
3207 3525 3375 3580 Jacob
3420 3531 3705 3594 postquam

2142 3621 2373 3676 luctatus
2397 3629 2479 3675 est
2501 3635 2621 3674 cum
2650 3619 2837 3689 angelo
2865 3618 2940 3670 ait
2971 3635 2984 3670 :
3026 3615 3142 3669 Vidi
3164 3615 3446 3669 Dominum
3471 3613 3606 3683 facie
3635 3614 3706 3665 ad

2143 3708 2352 3777 faciem,
2394 3723 2457 3762 ac
2511 3707 2557 3761 si
2606 3707 2809 3761 diceret
2851 3724 2863 3758 :
2903 3704 3136 3775 Cognovi
3188 3703 3371 3767 Deum,
3423 3702 3549 3770 quia
3617 3717 3708 3756 me

2143 3811 2464 3867 cognoscere
2519 3797 2632 3866 ipse
2678 3796 2925 3866 dignatus
2971 3802 3072 3849 est.
3122 3794 3293 3860 Quam
3343 3791 3706 3861 cognitionem

2143 3885 2448 3955 plenissime
2473 3883 2586 3938 fieri
2613 3883 2810 3937 Paulus
2841 3883 2894 3936 in
2921 3881 3026 3938 fine
3048 3890 3274 3937 testatur
3295 3881 3480 3935 dicens
3511 3897 3524 3931 :
3560 3878 3708 3932 Tunc

2144 3989 2444 4044 cognoscam
2472 3972 2602 4026 sicut
2630 3982 2676 4024 et
2709 3972 2942 4041 cognitus
2969 3987 3083 4025 sum
3117 3970 3168 4042 (Ι
3198 3969 3320 4024 Cor.
3346 3971 3488 4040 xm).

2725 4059 2948 4136 C'APUT
2988 4082 3127 4135 xm.

2431 4153 2508 4206 De
2532 4153 2870 4207 collocatione
2901 4152 3040 4205 Esau
3081 4169 3197 4205 cum
3231 4151 3416 4206 Iacob.

2215 4245 2362 4318 (CAP.
2390 4243 2603 4313 χχχιιι.)
2627 4241 2822 4296 Levans
2853 4253 3022 4295 autem
3047 4243 3209 4296 Jacob
3234 4241 3409 4295 oculos
3433 4258 3558 4294 suos
3578 4241 3706 4294 vidit

2142 4337 2422 4389 venientem
2460 4334 2622 4398 Esau,
2652 4344 2698 4386 et
2729 4349 2843 4386 cum
2882 4350 2940 4385 eo
2968 4334 3369 4403 quadringentos
3408 4334 3576 4396 uiros;
3615 4334 3704 4386 di-

2144 4430 2356 4497 uisitque
2382 4427 2517 4495 ﬁlios
2541 4425 2646 4480 Litt:
2667 4435 2713 4479 et
2739 4425 2928 4478 Rachel
2964 4424 3379 4494 famularumque
3407 4426 3704 4486 ambarum,

2144 4530 2188 4573 et
2219 4519 2384 4584 posuit
2421 4528 2689 4586 utramque
2713 4515 2954 4569 ancillam
2980 4526 3025 4569 et
3050 4516 3234 4569 liberos
3261 4534 3439 4569 eurum
3467 4519 3520 4568 in
3552 4519 3702 4585 prin-

2145 4611 2298 4678 cipio,
2328 4609 2474 4660 Liant
2507 4624 2619 4660 vero
2657 4619 2701 4659 et
2730 4606 2913 4659 liberos
2945 4607 3056 4674 ejus
3084 4607 3136 4659 in
3167 4607 3389 4659 secundo
3421 4606 3554 4670 loco,
3593 4606 3704 4658 Ra-

2145 4699 2254 4753 chel
2283 4709 2451 4751 autem
2480 4707 2527 4749 et
2570 4696 2759 4764 Joseplt
2792 4697 3124 4759 novissimos;
3149 4707 3193 4748 et
3226 4697 3331 4765 ipse
3373 4697 3705 4765 progrediens

2146 4789 2380 4841 adoravit
2405 4803 2595 4855 pronus
2623 4788 2673 4838 in
2720 4795 2857 4838 terra
2886 4788 3091 4854 septies,
3125 4787 3286 4838 donec
3315 4787 3702 4854 appropinqua-

2147 4890 2218 4932 ret
2244 4880 2404 4947 frater
2429 4879 2562 4945 ejus,
2618 4887 2722 4930 etc.
2755 4877 2888 4939 Nou,
2920 4887 2979 4931 ut
3007 4878 3243 4946 plerique
3280 4878 3562 4936 restituant,
3598 4889 3706 4931 trcs

2148 4979 2348 5023 turmas
2391 4969 2534 5030 fecit,
2571 4970 2662 5021 sed
2713 4970 2864 5023 duas.
2904 4970 3140 5036 Denique
3183 4968 3270 5021 ubi
3315 4984 3410 5022 nos
3445 4970 3706 5024 habemus

2146 5061 2336 5122 divisit,
2389 5059 2577 5127 Aquila
2629 5059 2803 5125 posuit
2846 5062 3113 5128 ἡμίσυσεν,
3147 5059 3198 5111 id
3240 5041 3340 5119 est,
3391 5058 3698 5119 dimidiarit,

2146 5159 2201 5202 ut
2231 5164 2394 5201 unum
2445 5163 2666 5201 cuneum
2709 5146 2906 5199 faceret
2944 5147 3256 5202 ancillarum
3299 5163 3418 5200 cum
3467 5148 3705 5215 parvulis

2145 5239 2275 5300 suis,
2305 5249 2358 5291 et
2393 5237 2554 5290 alium
2578 5237 2682 5290 Lizc
2714 5245 2767 5289 et
2789 5236 3008 5302 Rachel,
3042 5254 3159 5306 qua:
3189 5238 3367 5291 liberte
3395 5248 3553 5292 erant
3581 5253 3704 5291 cum

2145 5330 2267 5383 filiis
2288 5344 2492 5383 earum.
2522 5328 2830 5394 Primusque
2854 5329 2929 5380 ire
2954 5327 3151 5381 faceret
3174 5328 3414 5391 ancillas,
3440 5327 3708 5381 secundas

2144 5421 2353 5474 liberas.
2383 5419 2497 5487 Ipse
2532 5428 2709 5471 autem
2753 5428 2872 5471 ante
2908 5427 3191 5488 utrumque
3213 5433 3424 5489 gregem
3456 5430 3709 5472 occurre—

2145 5518 2222 5561 ret
2249 5507 2466 5561 fratrem
2493 5509 2825 5561 adoraturus.
