3948 6362
317 257 418 311 015

1332 241 1677 295 COMMENT.
1721 240 1783 293 IN
1823 239 2135 293 GENESIM.
2178 269 2241 279 -—
2282 240 2404 293 Llll.
2446 240 2525 295 111.

3402 238 3499 293 616

393 368 538 419 Etait
560 365 696 417 lis-au
716 379 731 415 :
753 362 1003 425 Quantam
1029 366 1145 412 sunt
1175 358 1285 409 ista:
1311 372 1514 417 turum,
1541 372 1669 424 quas
1690 354 1860 406 obvius
1890 366 1934 420 Α
1965 354 2124 412 salem
2147 354 2282 405 dicta
2304 363 2405 432 est,
2428 355 2695 423 paciﬁcans
2726 366 2905 409 nostro
2936 370 3178 411 sermone
3206 352 3499 407 transferri.

318 460 513 515 habui?
540 456 816 521 Respondit
835 470 852 505 :
876 450 941 504 Ut
967 450 1241 504 invenirent
1258 448 1481 516 gratiam
1504 462 1675 498 coram
1699 444 1864 496 domi-

317 565 383 599 no
413 561 544 597 meo.
578 546 640 595 At
661 542 746 594 ille
778 558 795 593 :
819 540 1017 603 Habeo,
1058 539 1151 601 ait,
1182 537 1426 605 plurima,
1453 536 1614 603 frater
1643 534 1735 596 mi,
1765 534 1864 585 sint

315 647 409 687 tua
438 634 546 685 tibi.
575 633 713 684 Dixit
742 630 904 683 Iacob
934 643 951 680 .'
987 627 1113 681 Noli
1145 628 1241 690 ita,
1268 625 1494 687 obsecro,
1518 625 1606 676 sed
1631 624 1674 674 si
1697 624 1865 675 inveni

315 726 536 791 gratiam
561 724 613 774 in
633 722 794 775 oculis
814 720 937 781 tuis,
963 718 1134 785 accipe
1158 713 1519 768 munusculum
1545 714 1608 765 de
1630 714 1865 766 manibus

316 813 443 862 nmis
495 810 577 863 Sic
602 810 735 863 enim
763 808 866 862 vidi
897 807 1080 874 faciem
1128 814 1292 868 luant,
1324 804 1473 872 quasi
1510 803 1727 855 viderem
1760 800 1864 855 vul-

315 912 330 947 ι
357 916 427 952 un
471 900 580 961 Dei,
618 908 721 951 etc.
757 896 934 964 (Aug)
982 894 1117 959 Quid
1146 893 1246 946 sibi
1294 892 1405 945 vult
1434 892 1571 959 quod
1602 890 1767 945 Jacob
1794 892 1864 943 ait

318 981 471 1036 fatri
509 1001 604 1038 suo
635 1003 646 1035 :
685 984 904 1050 Propter
933 982 1031 1035 hoc
1066 981 1170 1033 vidi
1200 980 1386 1033 faciem
1419 986 1583 1039 tuam,
1614 980 1865 1046 quemad-

318 1073 532 1125 modum
564 1086 681 1123 cutu
706 1071 844 1122 videt
870 1069 1059 1137 aliquis
1085 1066 1274 1120 faciem
1308 1066 1439 1119 Dei?
1466 1075 1641 1117 utrum
1671 1078 1865 1132 paven-

318 1161 390 1212 tis
424 1170 479 1213 et
513 1160 801 1228 perturbati
848 1158 1011 1210 animi
1045 1150 1222 1217 v'erba,
1249 1170 1415 1223 usque
1444 1155 1496 1207 in
1523 1155 1660 1207 hanc
1679 1154 1863 1207 adula-

320 1227 932 1314 tioneinproruperunt?
980 1258 1048 1295 an
1074 1240 1362 1297 secundum
1402 1238 1636 1310 aliquem
1663 1241 1866 1295 intelle-

317 1344 463 1387 ctum
512 1335 624 1387 sine
665 1342 883 1403 peccato
912 1332 1049 1386 dicta
1089 1331 1256 1398 accipi
1304 1331 1555 1399 possunt?
1602 1330 1867 1384 Fortassis

316 1424 462 1476 enim
492 1423 615 1491 quia
640 1422 765 1476 dicti
795 1430 919 1476 sunt
953 1430 1005 1475 et
1031 1422 1267 1490 gentium
1294 1420 1387 1483 dii,
1415 1420 1504 1487 qui
1530 1428 1655 1473 sunt
1671 1418 1869 1473 daemo-

318 1510 428 1573 nia,
480 1524 583 1563 non
615 1509 986 1577 pmiudicetur
1013 1522 1079 1561 ex
1124 1506 1207 1560 his
1256 1506 1433 1559 verbis
1480 1506 1681 1559 homini
1731 1504 1863 1570 Dei;

317 1599 457 1666 quod
482 1607 534 1651 et
560 1598 602 1652 si
632 1598 857 1667 benigno
886 1596 1064 1650 animo
1107 1596 1247 1649 dicta
1276 1596 1390 1649 haec
1427 1595 1589 1649 verba
1629 1593 1863 1649 fraterna

1968 443 2257 509 Utrumque
2310 444 2468 501 enim,
2517 454 2732 497 accentu
2774 445 3041 511 paululum
3079 445 3361 505 declinato,
3402 442 3503 494 hoc

1962 531 2273 585 vocabulum
2298 543 2469 586 sonat.
2491 534 2728 587 Tradunt
2758 533 2962 587 Hebraei
2993 535 3130 602 quod
3158 526 3503 586 claudicantis

1963 620 2133 674 femur
2168 620 2331 675 Jacob
2380 622 2450 675 ibi
2487 624 2813 676 convaluerit
2857 632 2909 676 et
2961 632 3200 677 sanatum
3240 623 3326 683 sit,
3376 636 3503 688 pro-

1961 716 2141 776 pterea
2163 706 2406 760 eamdem
2441 708 2706 761 civitatem
2737 710 2904 763 curati
2931 719 3088 777 atque
3114 708 3331 781 perfecti
3356 723 3505 761 voca-

1963 795 2142 850 bulum
2166 804 2535 869 consecutam.

2514 905 2733 961 CAPUT
2784 908 2947 961 XXII.

1962 994 2038 1046 Dc
2069 1005 2219 1063 raptu
2256 993 2406 1047 Dinm
2430 994 2556 1062 ﬁlim
2588 993 2693 1045 Litc
2728 1012 2818 1061 per
2872 996 3075 1049 Sichem
3102 996 3265 1061 [ilium
3318 995 3506 1049 Hcmor

2345 1063 2539 1126 lleva'i,
2563 1073 2609 1115 ct
2634 1065 2696 1115 de
2727 1064 2918 1116 ultione
2949 1066 3130 1132 stupri.

2030 1150 2178 1221 (CAP.
2210 1153 2414 1223 xxxn'.)
2456 1152 2679 1221 Egressa
2708 1162 2781 1204 est
2812 1162 2978 1205 autem
3001 1152 3139 1205 Dina
3163 1152 3274 1220 ﬁlia
3302 1154 3426 1217 Luc,
3453 1164 3505 1206 ut

1963 1241 2150 1293 videret
2180 1242 2416 1293 mulieres
2450 1242 2666 1309 regionis
2716 1242 2877 1292 illius.
2931 1241 3098 1304 Quam
3144 1257 3258 1293 cum
3296 1238 3509 1293 vidisset

1966 1327 2170 1381 Sichem
2191 1328 2333 1396 ﬁlius
2366 1327 2563 1381 llemor
2596 1328 2769 1381 Πευωὶ
2792 1329 3026 1397 princeps
3050 1338 3199 1380 terra:
3236 1329 3399 1393 illius,
3422 1328 3513 1380 ad-

1964 1418 2152 1470 amavit
2184 1427 2231 1470 et
2268 1419 2459 1486 rapuit,
2488 1426 2534 1470 et
2577 1418 2811 1471 dormivit
2839 1435 2953 1470 cum
2996 1418 3108 1482 illa,
3147 1419 3193 1470 vi
3224 1419 3511 1486 opprimens

1963 1506 2240 1575 virginem;
2273 1516 2319 1560 et
2346 1492 2699 1575 conglutinata
2720 1514 2795 1558 est
2824 1507 2999 1558 anima
3032 1506 3143 1574 ejus
3165 1522 3280 1557 cum
3306 1522 3389 1569 ea,
3415 1506 3511 1557 tri-

1932 1604 2187 1664 ,stcmque
2223 1593 2484 1648 blanditiis
2506 1583 2746 1659 dilinivit,
2775 1605 2878 1648 etc.
2908 1595 3122 1665 (Albim)
3162 1594 3292 1647 Dina
3323 1596 3515 1663 quippe

318 1698 461 1751 sunt,
498 1689 744 1759 quoniam
785 1695 838 1741 et
879 1694 1000 1755 post
1042 1686 1235 1739 bonam
1265 1686 1651 1753 susceptionem
1696 1694 1867 1739 metus
1895 1686 1941 1743 B
1969 1692 2025 1737 ut
2066 1684 2317 1739 mulieres
2365 1683 2569 1737 videret
2613 1693 2881 1737 extranea:
2932 1684 3162 1753 regionis
3226 1683 3510 1752 egreditur,

318 1777 769 1844 ipse‘trausierat,
816 1776 990 1845 potuit
1033 1775 1111 1829 sic
1160 1774 1283 1838 dici,
1315 1774 1757 1843 quemadmodum
1811 1782 1866 1829 et

317 1866 537 1937 Moyses
567 1865 830 1918 Pharaoni
876 1864 1009 1918 deus
1037 1864 1209 1917 dictus
1240 1870 1353 1927 est,
1392 1863 1681 1917 secundum
1727 1864 1868 1932 quod

316 1954 751 2025 dicitApostolus
784 1973 797 2007 :
827 1953 894 2006 Et
930 1954 973 2006 si
1000 1961 1118 2006 sunt
1154 1954 1242 2022 qui
1270 1952 1515 2005 dicuntur
1549 1952 1644 2017 dii,
1672 1954 1777 2007 sive
1812 1954 1867 2006 in

316 2046 466 2110 caelo,
514 2046 618 2099 sive
646 2043 701 2097 in
752 2054 917 2107 terra,
952 2045 998 2096 si
1021 2042 1226 2113 quidem
1271 2052 1389 2095 sunt
1424 2042 1498 2096 dii
1524 2043 1672 2096 multi
1694 2052 1744 2097 et
1769 2044 1867 2096 do-

316 2138 445 2190 mini
466 2133 612 2189 multi
642 2131 691 2205 (1
721 2132 840 2188 Cor.
870 2132 1008 2205 vnt),
1034 2133 1260 2186 maxime
1285 2133 1407 2201 quia
1436 2133 1549 2186 sine
1568 2133 1791 2188 articulo
1815 2135 1866 2187 in

316 2223 504 2277 Grzeco
533 2222 729 2276 dictum
773 2228 875 2283 est,
911 2236 1015 2289 quo
1057 2219 1282 2274 articulo
1308 2220 1703 2275 evidentissime
1735 2221 1869 2276 solet

286 2312 414 2381 ,Dei
451 2311 560 2365 veri
606 2310 764 2363 unius
801 2308 916 2373 fieri
963 2307 1299 2378 significatio.
1361 2307 1476 2362 Non
1523 2312 1664 2363 enim
1712 2310 1865 2375 dixit,

316 2404 586 2479 πρόσωπον
626 2407 714 2457 τοῦ
739 2406 890 2464 Θεοῦ,
938 2399 1030 2453 sed
1071 2396 1202 2453 dixit
1227 2399 1498 2473 πρόσωπον
1518 2408 1664 2455 Θεοῦί
1696 2399 1871 2454 Facile

317 2499 497 2543 autem
521 2490 622 2542 hoc
638 2487 938 2556 intelligunt
956 2500 1059 2554 qua
1087 2486 1335 2540 distantia
1362 2486 1588 2550 dicatur,
1612 2488 1700 2555 qui
1722 2487 1869 2541 (ἰκε-

314 2595 438 2635 cum
469 2577 731 2647 eloquium
752 2577 938 2640 audire
958 2585 1117 2645 atque
1151 2574 1445 2645 intelligere
1465 2577 1656 2631 solent.

403 2668 498 2721 Vix
532 2667 693 2736 fratre
720 2664 1048 2735 compellente
1093 2664 1374 2733 suscipiens
1401 2666 1471 2718 ait
1509 2679 1528 2715 :
1556 2662 1872 2718 Gradiamur

316 2757 503 2821 simul;
547 2772 731 2826 eraque
766 2756 934 2809 socius
980 2754 1177 2807 itineris
1223 2755 1320 2807 tui.
1377 2752 1612 2824 Dixitque
1663 2753 1868 2806 Iacob:

320 2846 496 2909 Nessi,
524 2844 727 2897 domine
752 2843 844 2906 mi,
879 2842 1016 2911 quod
1040 2842 1281 2911 parvulos
1308 2840 1533 2905 habeam
1579 2850 1796 2905 teneros,
1822 2850 1869 2893 et

317 2952 434 2989 oves
464 2951 525 2988 ac
550 2936 695 2986 boves
716 2934 847 3002 fetas
877 2946 1092 2993 mecum,
1116 2947 1247 3000 quas
1274 2931 1319 2984 si
1341 2930 1455 2999 plus
1478 2931 1530 2982 in
1556 2930 1869 2983 ambulando

1968 1773 2179 1841 quando
2239 1788 2571 1842 unaquaeque
2629 1785 2798 1837 mens,
2847 1787 2941 1825 sua
3000 1771 3175 1825 studia
3225 1771 3511 1841 negligens,

1967 1865 2204 1918 aetiones
2247 1863 2448 1916 alienas
2488 1876 2701 1926 curans,
2727 1863 2878 1914 extra
2920 1861 3157 1914 habitum
3185 1868 3341 1927 atque
3364 1868 3516 1913 extra

1967 1951 2208 2005 ordinem
2234 1950 2505 2020 preprium
2535 1961 2806 2019 evagatur.
2832 1948 3001 2016 Quam
3031 1947 3242 2001 Sichem
3272 1949 3516 2016 princeps

1968 2050 2123 2096 terra:
2149 2040 2420 2110 opprimit,
2466 2040 2589 2107 quia
2616 2038 2863 2093 videlicet
2901 2038 3166 2091 inventam
3205 2037 3348 2091 curis
3371 2047 3516 2091 exte-

1968 2132 2198 2186 rioribus
2226 2129 2464 2184 diabolus
2498 2128 2809 2197 corrumpit.
2840 2128 2905 2181 Et
2933 2127 3255 2197 agglutinata
3299 2135 3381 2180 est
3405 2127 3518 2180 ani-

1967 2238 2054 2276 ma
2097 2219 2211 2288 ejus
2237 2235 2356 2275 cum
2401 2235 2485 2283 ea,
2513 2220 2638 2288 quia
2663 2218 2865 2273 unitam
2917 2218 3015 2273 sibi
3043 2232 3138 2288 per
3185 2216 3517 2286 iniquitatem

1969 2310 2201 2377 respicit.
2237 2308 2303 2362 Et
2321 2308 2444 2377 quia
2483 2322 2605 2362 cum
2631 2322 2782 2361 mens
2807 2322 2837 2360 a
2862 2306 3015 2376 culpa
3058 2307 3337 2375 resipiscit,
3358 2304 3517 2360 allici-

1968 2405 2075 2460 tur,
2104 2406 2263 2464 atque
2290 2396 2579 2467 admissum
2618 2395 2745 2448 ﬂere
2768 2404 3013 2460 conatur,
3042 2404 3322 2464 corruptor
3341 2405 3516 2449 autem

1968 2502 2089 2557 spes
2108 2502 2169 2540 ac
2207 2487 2520 2541 securitates
2549 2501 2746 2540 vacuas
2772 2494 2896 2540 ante
2918 2486 3102 2541 oculos
3126 2495 3301 2552 vocat,
3330 2496 3516 2555 quate-

1969 2592 2067 2629 nus
2099 2576 2383 2628 utilitatem
2414 2575 2641 2629 tristitia:
2669 2576 2973 2639 subtrahat,
3003 2583 3149 2629 recte
3169 2575 3276 2629 illic
3302 2575 3519 2641 subjun-

1969 2667 2147 2737 gitur:
2178 2666 2493 2737 Tristemque
2514 2664 2757 2719 blanditis
2782 2665 3027 2719 delinivit.
3051 2665 3204 2719 Modo
3225 2667 3364 2719 enim
3392 2667 3518 2719 alio-

1971 2772 2087 2810 rum
2118 2756 2255 2810 facta
2281 2757 2548 2826 graviora,
2577 2756 2733 2809 modo
2759 2755 2890 2809 nihil
2914 2770 3031 2809 esse
3063 2757 3202 2824 quod
3247 2766 3517 2826 perpetra—

1936 2906 1937 2909 η
1971 2854 2081 2899 tum
2111 2855 2213 2910 est,
2241 2847 2396 2899 modo
2434 2846 2831 2899 misericordem
2861 2845 3025 2899 Deum
3061 2845 3315 2915 loquitur,
3365 2847 3545 2901 modo‘

1970 2939 2143 2993 adhuc
2167 2949 2374 3008 tempus
2397 2940 2724 3009 subsequens
2745 2940 2811 2993 ad
2834 2939 3206 3021 pmniteatiam.
3220 2939 3518 3008 pollicetur,

317 3026 487 3093 [θεετο
542 3022 797 3086 ιαὺοΐανει
844 3022 1130 3075 morientur
1177 3035 1281 3074 uno
1345 3022 1428 3074 die
1470 3021 1639 3074 cuncti
1672 3037 1865 3091 greges.
1896 3016 1940 3077 C
1972 3038 2029 3080 ut
2059 3031 2179 3081 dum
2206 3043 2299 3096 per
2330 3030 2440 3081 lucc
2470 3029 2685 3097 decepta
2716 3043 2865 3082 mens
2893 3030 3120 3093 ducitur,
3144 3016 3209 3082 ab
3228 3030 3521 3083 intentione

319 3111 597 3166 Prwcedat‘
614 3110 852 3164 dominus
873 3124 1015 3163 meus
1039 3119 1158 3162 ante
1181 3126 1378 3163 servum
1400 3125 1569 3173 suum,
1604 3119 1650 3163 et
1680 3126 1770 3178 ego
1794 3127 1871 3163 se-

316 3217 452 3271 quar
477 3199 731 3271 paulatim
750 3199 957 3269 vestigia
979 3198 1111 3268 ejus,
1142 3200 1272 3252 sicut
1303 3198 1476 3252 videro
1500 3215 1647 3267 posse
1670 3214 1864 3269 parvu-

248 3288 253 3295 ’
317 3292 397 3345 los
422 3307 579 3355 meos,
604 3290 765 3343 donec
792 3290 991 3342 veniam
1020 3289 1087 3340 ad
1130 3288 1393 3341 dominum
1422 3304 1591 3341 meum
1629 3289 1681 3341 in
1728 3287 1868 3343 Seir.

317 3378 588 3444 Quaeritur
611 3384 788 3431 utrttm
829 3377 1156 3431 mendaciter
1181 3376 1487 3444 promiserit
1512 3375 1675 3430 Jacob
1721 3375 1873 3429 fratri

286 3521 293 3527 ,
318 3483 419 3522 suo
467 3467 608 3537 quod
653 3480 880 3535 sequens
909 3466 1069 3534 pedes
1095 3480 1311 3519 suorum
1338 3465 1389 3518 in
1422 3464 1630 3529 itinere,
1658 3471 1875 3533 propter

318 3570 457 3624 quos
490 3556 879 3619 immoraretur,
910 3561 1166 3607 venturus
1199 3560 1341 3607 esset
1381 3552 1434 3606 in
1486 3552 1604 3606 Seir
1638 3553 1706 3605 ad
1730 3568 1871 3607 eum.

321 3644 437 3699 Hoc
469 3644 631 3706 enim,
684 3642 821 3696 sicut
868 3641 1144 3710 Scriptura
1183 3641 1278 3694 Dei
1305 3640 1496 3697 deinde
1537 3650 1738 3707 narrat,
1768 3657 1873 3695 non

319 3734 469 3797 fecit,
500 3732 593 3786 sed
634 3746 697 3786 eo
730 3730 964 3799 perrexit
992 3730 1045 3783 in
1089 3730 1281 3783 itinere
1326 3731 1465 3799 quod
1508 3730 1769 3798 dirigebat
1808 3730 1874 3783 ad

319 3839 466 3879 suos.
512 3823 595 3876 An
640 3820 775 3876 forte
802 3820 978 3895 veraci
1023 3820 1201 3876 animo
1233 3820 1572 3889 promiserat,
1601 3820 1694 3873 sed
1732 3818 1873 3872 aliud

318 3922 505 3983 postea
534 3910 814 3981 cogitando
837 3910 1026 3979 elegit?

397 4000 646 4053 Reversus
668 4008 743 4052 est
769 4000 938 4068 itaque
959 3998 1049 4052 illo
1074 3999 1157 4052 die
1181 3998 1324 4052 Esau
1352 3999 1531 4052 itinere
1549 4015 1648 4068 quo
1670 4007 1873 4051 venerat

318 4090 374 4143 in
397 4088 535 4150 Seir,
560 4097 608 4141 et
629 4086 790 4141 Jacob
820 4087 951 4141 venit
979 4088 1032 4139 in
1073 4085 1284 4151 SOCOllt,
1317 4088 1422 4150 ubi,
1447 4087 1703 4154 mdiﬁcata
1722 4087 1873 4140 domo

320 4188 370 4231 et
392 4177 516 4244 ﬁxis
544 4176 791 4238 tentoriis,
823 4174 1092 4245 appellavit
1137 4192 1321 4229 nomen
1361 4176 1460 4229 loci
1495 4168 1635 4230 illius
1662 4175 1873 4241 Socotlt,

321 4266 496 4330 idest,
538 4264 888 4319 tabernacula.
924 4263 1024 4319 Ubi
1074 4278 1170 4317 nos
1213 4263 1546 4317 tabernacula
1594 4265 1873 4330 habemus,

323 4356 378 4409 in
396 4354 620 4409 Hebraeo
634 4353 825 4423 legitur
846 4352 1055 4417 Socoth,
1079 4362 1254 4411 nuto.
1273 4353 1367 4407 Est
1387 4363 1561 4407 autem
1581 4370 1750 4423 usque
1777 4356 1873 4409 ho—
1898 4339 1949 4398 Ῑ)

322 4447 413 4499 die
462 4445 651 4499 civitas
704 4452 851 4497 trans
882 4441 1165 4497 Jordanem
1217 4444 1319 4499 hoc
1343 4444 1598 4498 vocabulo
1638 4446 1693 4498 in
1724 4454 1874 4515 parte

324 4536 728 4607 Scythopoleos.

399 4624 752 4693 Transivitque
772 4624 825 4675 in
855 4621 1026 4676 Solem
1056 4620 1231 4673 urbem
1266 4619 1633 4683 Sicltimorum,
1658 4636 1773 4689 qua:
1797 4629 1872 4673 est

322 4718 379 4771 in
410 4726 548 4769 terra
574 4712 841 4775 Chanaan,
869 4720 1136 4780 postquam
1167 4726 1394 4763 reversus
1427 4719 1500 4763 est
1541 4710 1604 4761 de
1636 4708 1871 4778 Mesopo-

323 4808 489 4861 tamia
519 4803 681 4875 Syria!
706 4813 751 4855 et
777 4803 1021 4854 habitavit
1041 4802 1199 4869 juxta
1221 4800 1482 4870 oppidum,
1507 4806 1610 4853 etc.
1637 4798 1868 4864 Qutestio

323 4898 593 4960 oboritur,
618 4894 879 4964 quomodo
907 4891 1081 4945 Salem
1105 4890 1313 4944 Sichem
1344 4890 1530 4944 civitas
1557 4889 1866 4958 appelletur,

326 4984 779 5060 cumJerusalerp,
809 4984 974 5051 inqua
1002 4980 1241 5051 regnavit
1269 4979 1670 5042 Melchisedech,
1696 4978 1870 5032 Salcm

326 5088 452 5130 ante
482 5077 552 5129 sit
583 5075 741 5128 dicta.
764 5073 867 5124 Aut
894 5071 1054 5141 igitur
1075 5069 1228 5123 unius
1251 5070 1376 5122 urbs
1402 5078 1624 5137 utraque
1644 5068 1872 5122 nominis

324 5178 428 5227 est,
460 5163 600 5233 quod
625 5162 783 5215 etiam
826 5160 890 5213 de
929 5158 1168 5227 pluribus
1200 5155 1393 5210 Judrea:
1440 5156 1567 5210 locis
1593 5172 1872 5225 possumus

328 5252 589 5314 invenire,
621 5260 679 5302 ut
728 5249 865 5302 idem
907 5247 1055 5300 urbis
1081 5254 1131 5298 et
1155 5246 1251 5299 loci
1282 5261 1471 5299 nomen
1515 5246 1566 5298 iu
1590 5246 1689 5298 alia
1716 5255 1875 5314 atque

330 5345 431 5399 alia
460 5344 596 5396 tribu
628 5343 715 5405 sit,
753 5349 845 5394 aut
885 5347 1027 5393 certe
1054 5339 1206 5390 istam
1250 5336 1425 5389 Salem
1462 5352 1577 5404 qua:
1607 5353 1745 5391 nunc
1780 5352 1875 5406 pro

331 5435 545 5485 Sichem
567 5432 890 5492 nominatur,
913 5430 1148 5482 dicemus
1174 5428 1259 5480 hic
1280 5428 1615 5495 interpretari
1643 5444 1877 5480 consum-

333 5538 522 5579 malum
584 5524 1057 5594 atquepcrfectam,
1104 5531 1156 5574 et
1182 5522 1321 5575 illam
1376 5538 1492 5593 qum
1517 5531 1702 5593 postea
1728 5524 1877 5579 lcru-

1969 3118 2292 3188 pmnitentia:
2333 3117 2709 3187 suspendatur,
2742 3126 3001 3185 quatenus
3049 3126 3173 3170 tunc
3212 3118 3345 3169 bona
3377 3116 3518 3170 nulla

1967 3208 2243 3276 percipiat,
2269 3222 2427 3275 quam
2453 3221 2592 3259 nunc
2617 3206 2759 3259 nulla
2783 3205 2922 3259 mala
2948 3207 3280 3270 contristant,
3305 3214 3358 3259 et
3396 3214 3520 3260 tunc

1970 3297 2176 3366 plenius
2205 3296 2517 3349 absorbetur
2545 3294 2837 3363 suppliciis,
2880 3308 2995 3361 quae
3036 3294 3229 3362 gaudet
3264 3293 3423 3347 etiam
3451 3294 3509 3347 in

1943 3388 2195 3440 .delictis.
2246 3386 2530 3454 Postquam
2558 3400 2685 3455 ergo
2728 3384 3001 3453 Scriptura
3033 3394 3218 3437 narrat
3255 3385 3319 3437 de
3362 3392 3519 3453 pacto

1972 3476 2110 3543 quod
2160 3474 2355 3529 Hemor
2386 3482 2440 3527 et
2477 3472 2613 3526 filius
2638 3472 2751 3540 ejus
2785 3472 2998 3526 Sichem
3045 3487 3165 3525 cum
3212 3472 3333 3525 filiis
3353 3469 3517 3527 Jacob

1970 3566 2303 3636 pepigerunt,
2349 3563 2618 3632 subiungit
2658 3564 2723 3618 de
2750 3563 3153 3617 circumcisione
3194 3562 3267 3614 ita
3292 3560 3474 3615 dicens
3502 3578 3515 3613 :

2042 3653 2252 3706 Assensi
2278 3661 2395 3705 sunt
2419 3666 2591 3703 omnes
2621 3650 2936 3702 circumcisis
2962 3648 3187 3701 maribus
3210 3648 3424 3701 cunctis.
3448 3647 3517 3701 Et

1972 3758 2086 3797 ecce
2131 3742 2213 3795 die
2249 3743 2398 3795 tertio
2427 3740 2634 3809 quando
2672 3739 3004 3808 gravissimus
3055 3736 3205 3789 dolor
3253 3736 3515 3790 vulnerum

1973 3842 2067 3895 est,
2107 3832 2323 3901 arreptis
2361 3830 2463 3883 duo
2508 3830 2670 3882 Jacob
2717 3829 2814 3895 ﬁlii
2845 3827 3052 3881 Simeon
3088 3836 3135 3878 et
3174 3825 3291 3878 Levi
3327 3826 3514 3893 fratres

1974 3921 2123 3974 Dina:
2143 3920 2346 3991 gladiis,
2380 3920 2595 3989 ingressi
2621 3929 2738 3971 sunt
2784 3918 2955 3969 urbem
3001 3917 3333 3984 conﬁdenter,
3361 3916 3517 3969 inter-

1974 4010 2220 4080 lectisque
2242 4008 2472 4061 omnibus
2494 4008 2760 4069 masculis,
2802 4004 2994 4058 Hemor
3013 4003 3291 4057 et‘SicItem
3325 4004 3519 4072 pariter

1946 4092 1952 4098 ’
1975 4108 2299 4161 necaverunt,
2324 4097 2554 4150 tollentes
2600 4096 2786 4148 binum
2812 4094 2874 4147 de
2898 4094 3047 4145 domo
3072 4091 3273 4145 Sichem
3296 4106 3519 4143 sororem

1972 4205 2140 4242 suam.
2176 4185 2371 4251 Quibus
2408 4186 2643 4253 egressis,
2672 4184 2927 4235 irruerunt
2954 4195 3105 4249 super
3129 4179 3321 4231 occisos
3346 4177 3517 4230 atteri

1973 4277 2275 4348 ﬁliilacob,
2309 4286 2355 4329 et
2382 4273 2675 4344 depopulati
2720 4282 2835 4325 sunt
2860 4270 3030 4323 urbem
3056 4270 3107 4321 in
3136 4268 3381 4320 ultionem
3412 4282 3521 4320 stu-

1977 4374 2099 4443 pri:
2128 4387 2242 4423 oves
2287 4384 2488 4431 eorum,
2536 4376 2582 4419 et
2614 4374 2865 4426 armenta,
2910 4373 2954 4415 et
2997 4364 3188 4425 asinos,
3240 4369 3520 4429 cunctaque

1978 4470 2255 4520 vastantes,
2293 4474 2407 4527 qua:
2458 4458 2509 4508 in
2541 4456 2674 4524 agris
2708 4463 2754 4505 et
2792 4451 3025 4504 domibus
3071 4459 3235 4513 erant,
3282 4449 3519 4517 parvulos

1975 4563 2176 4617 quoque
2204 4557 2250 4599 et
2275 4561 2458 4598 uxores
2488 4545 2680 4596 duxere
2716 4543 2958 4609 captivos.
2992 4539 3187 4603 Quibus
3220 4540 3519 4606 perpetratis

1977 4642 2243 4695 audacter,
2274 4632 2437 4685 Jarob
2479 4632 2607 4683 dixit
2636 4631 2701 4681 ad
2751 4629 2955 4682 Simeon
2984 4637 3028 4679 et
3061 4626 3177 4679 Levi
3203 4642 3220 4678 :
3255 4625 3518 4678 Turbastis

1976 4742 2054 4779 me
2075 4736 2121 4778 et
2151 4724 2385 4776 odiosum
2418 4722 2609 4791 fecistis
2656 4718 2966 4771 Clmuanwis
2989 4727 3035 4769 et
3063 4714 3349 4768 Pheresa’is
3376 4716 3519 4768 habi-

1976 4811 2227 4864 tatoribus
2280 4821 2430 4862 terra:
2469 4808 2644 4875 hujus,
2682 4816 2735 4859 et
2765 4814 2975 4859 cmtera.
3030 4804 3159 4856 Cum
3213 4803 3366 4866 paulo
3399 4812 3520 4855 ante

1978 4902 2202 4971 loquens
2226 4900 2390 4955 Jacob
2434 4914 2554 4953 cum
2603 4897 2765 4949 fratre
2794 4910 2889 4948 suo
2918 4895 3076 4957 Esau,
3122 4882 3349 4945 infantes
3386 4892 3519 4945 ﬁlios

1977 5008 2096 5047 esse
2162 5007 2285 5045 suos
2336 4988 2615 5057 signiﬁcet,
2657 4986 2744 5053 qui
2791 4984 2971 5037 Grzece
3016 4984 3262 5036 dicuuutr
3316 4980 3518 5046 παῖδας,

1978 5082 2142 5149 (ιυτρνί
2170 5088 2343 5148 potest
2362 5076 2623 5145 quomodo
2652 5081 2937 5142 potuerunt
2966 5072 3139 5124 facere
3162 5078 3361 5123 tantam
3388 5079 3521 5122 stra-

1979 5186 2119 5241 gem,
2153 5169 2604 5236 direptionemque
2650 5164 2898 5225 civitatis,
2950 5160 3239 5214 interfectis
3280 5159 3520 5227 quamvis

1978 5262 2028 5313 in
2076 5258 2254 5313 dolore
2282 5254 2699 5309 circumcisionis
2745 5251 3063 5311 constitutis,
3091 5265 3184 5318 pro
3216 5264 3397 5301 sorore
3426 5262 3517 5300 sua

1980 5349 2129 5401 Dina.
2181 5346 2284 5397 Sed
2325 5344 2713 5411 intelligendum
2743 5351 2822 5393 est
2849 5340 2935 5393 diu
2987 5340 3089 5391 illic
3123 5340 3388 5391 habitasse
3432 5337 3519 5389 Ja-

1980 5438 2101 5500 cob,
2147 5436 2311 5487 donec
2354 5442 2405 5484 et
2444 5432 2547 5483 ﬁlia
2578 5430 2692 5497 ejus
2716 5430 2863 5498 virgo
2905 5428 3051 5481 fieret
3075 5436 3127 5479 et
3156 5426 3244 5478 lilii
3276 5425 3514 5492 juvenes.
3566 5453 3567 5457 η

1980 5526 2112 5580 Nam
2154 5510 2221 5577 ita
2247 5522 2501 5588 scriptum
2543 5528 2620 5573 est
2655 5537 2666 5570 :
2702 5518 2768 5571 Et
2795 5517 3036 5571 habitavit
3067 5516 3222 5581 juxta
3258 5514 3518 5581 Oppidum,
