3948 6330
499 281 618 336 ‘6l5

1141 273 1200 322 Β.
1246 261 1493 320 uanam
1533 259 1746 315 usum
1782 254 2092 311 ARCiiiEP.
2139 247 2440 308 uocum.
2480 228 2760 300 OPERUM
2797 239 2974 295 rans
3013 241 3054 293 l.

3615 234 3720 288 GlG

497 388 733 457 emitque
754 391 952 454 partem
996 381 1130 450 agri.
1176 380 1231 432 in
1265 393 1367 447 qua
1398 375 1584 444 ﬁxerat
1619 369 1971 449 tabernacula,
2024 385 2054 420 a
2084 374 2133 428 Α
2159 367 2375 418 inaures
2401 360 2677 429 Scriptura
2700 357 2966 456 accepisse
2991 361 3236 457 testati":
3269 352 3409 421 quod
3437 365 3550 457 non.
3574 349 3725 405 fleret

515 437 861 549 filiisjﬂeiuor
886 437 1053 543 patri;
1095 437 1298 523 Sichem
1345 437 1548 519 centum
1587 463 1733 531 agnis
1757 445 1784 524 ¹;
1813 468 1863 512 et
1900 466 2070 510 erecto
2167 455 2212 506 si
2251 454 2330 506 eis
2373 450 2584 502 inaures
2620 445 2921 500 ornamenti
2951 442 3122 549 gratia
3151 440 3350 549 habere
3384 454 3489 493 nun
3518 437 3724 549 liceret.

516 529 1091 630 ibi-altaruinuocarit
1133 566 1291 630 super
1338 560 1468 612 illud
1523 529 1857 624 fortissimum
1905 552 2065 604 Deam
2167 544 2308 613 Ergo
2328 542 2428 595 illae
2449 541 2662 594 inaures
2683 549 2800 606 qua:
2820 534 3115 630 cumAidolis
3135 533 3272 586 datae
3289 529 3728 597 sunt,ut-dietum

520 623 706 712 feruet.
1097 623 1280 703 autem
1311 648 1450 701 Dina
1483 623 1596 714 filia
1623 644 1751 707 Line,
1783 652 1840 701 ut
1878 640 2070 694 videret
2169 642 2278 723 est,
2298 631 2555 687 idolorum
2584 627 2911 698 phylacteria
2939 623 3172 677 fuerunt.
3204 712 3238 723 ﬁ
3281 713 3290 723 .
3484 714 3496 723 -
3666 646 3669 647 ν

516 741 756 802 Mulieres
785 739 1008 809 apiariis
1026 736 1186 790 illius.
1219 736 1454 805 Apparet
1473 745 1602 802 ergo
1629 732 1714 786 his
1743 729 2071 793 verbis,'non

519 838 858 889 transeunter
895 829 1033 882 sicut
1059 827 1230 880 viator
1258 825 1414 886 solet,
1441 823 1548 877 illic
1596 820 1857 875 mansisse
1881 817 2069 882 Jacoh,

521 925 615 980 sed
662 938 843 993 agrum
893 921 1111 983 emisse,
1153 926 1210 972 et
1262 914 1663 971 tabernaculum
1710 910 2071 972 constituisse,

494 1011 671 1066 Taram
696 1009 1028 1071 instruxisse,
1053 1022 1117 1060 sc
1138 1019 1234 1074 per
1251 1005 1369 1058 hoc
1402 1002 1603 1057 diutius
1629 1000 1917 1054 habitasse.
1942 997 2075 1050 Filia

2239 721 2468 791 Cumque
2506 719 2724 788 profecti
2766 725 2961 777 essent,
3004 725 3169 766 terror
3194 712 3290 765 Dei
3331 714 3516 765 invasit
3557 722 3736 763 omnes

2171 831 2263 884 per
2303 813 2572 866 circuitum
2615 809 2845 862 civitates
2873 848 2887 870 ,
2934 815 2980 859 et
3025 821 3133 860 non
3170 812 3289 860 sunt
3336 804 3453 856 ausi
3499 799 3735 870 persequi

2173 903 2480 970 recedentes.
2497 901 2816 968 Incipiamus
2836 898 2974 952 enim
2998 896 3274 967 advertere
3290 891 3736 964 quemadmodum

2177 995 2316 1048 Deus
2351 998 2603 1062 operetur
2636 990 2692 1043 in
2730 988 3004 1042 hominum
3045 985 3333 1038 mentibus.
3386 983 3429 1035 Α
3458 996 3564 1049 quo
3592 980 3738 1034 enim

521 1117 651 1156 vero
679 1101 820 1156 illius
847 1115 968 1153 cum
1008 1063 1073 1151 ad
1111 1063 1229 1149 eam
1268 1096 1503 1150 venisset
1529 1099 1757 1152 atatem,
1793 1097 1850 1143 ut
1879 1089 2079 1142 amicas
2179 1080 2338 1138 timor
2365 1084 2455 1137 Dei
2485 1081 2657 1135 factus
2697 1085 2795 1132 estv
2821 1078 2876 1131 in
2916 1073 3024 1143 illis
3067 1063 3391 1136 civitatibus,
3422 1072 3525 1126 nisi
3554 1071 3624 1126 ab
3650 1069 3742 1124 illo

517 1191 628 1260 jam
671 1191 868 1247 habere
907 1188 1186 1258 potuisset,
1211 1185 1524 1239 condiscere
1554 1181 1794 1235 voluisse.
1833 1176 1970 1231 ﬁlias
2005 1177 2080 1230 ci-

524 1284 669 1336 vium
704 1279 826 1343 loei,
853 1287 1012 1347 atque
1035 1278 1106 1330 ita
1144 1275 1340 1330 factam
1366 1287 1486 1328 esse
1519 1287 1618 1341 pro
1657 1269 1746 1324 illa
1777 1268 2083 1325 cruentissi—

505 1360 669 1425 mam
706 1369 906 1424 aedem
951 1376 1005 1422 et
1025 1363 1502 1434 depraedationem,
1527 1376 1644 1430 quae
1663 1361 1794 1429 jam,
1843 1365 1903 1409 ut
1935 1364 2079 1434 puto,

527 1453 872 1528 quaestionem
901 1469 1029 1508 -non
1071 1453 1246 1507 habet.
1281 1450 1565 1504 Multitudo
1622 1448 1768 1501 enim
1813 1447 1927 1499 erat
1975 1457 2084 1496 non

526 1551 696 1616 parva”
717 1559 837 1599 cum
859 1535 1044 1617 Jacob‘,
1066 1541 1160 1612 qui
1187 1541 1471 1610 plurimum
1495 1538 1692 1592 ditatus
1721 1535 1849 1598 fuit;
1875 1532 1967 1588 sed
1991 1531 2086 1584 lilii

528 1637 644 1706 ejus
693 1637 744 1688 in
801 1632 920 1687 hac
947 1631 1088 1686 facto
1134 1630 1502 1690 nominantur,
1526 1621 1668 1694 ,quia
1697 1618 2086 1695 ejusdemfacti

527 1725 796 1794 principes
815 1730 973 1790 atque
997 1728 1242 1774 auctores
1268 1716 1500 1770 fuerunt.

600 1814 798 1879 Quibus
827 1811 1048 1880 patratis
1081 1809 1348 1870 audacter,
1369 1798 1531 1859 Iacob
1553 1799 1685 1856 dixit
1709 1799 1776 1855 ad
1803 1800 2007 1854 Simeon
2037 1809 2082 1851 et

528 1902 647 1956 Levi
671 1919 687 1955 :
708 1900 985 1954 'Turbastis
1005 1914 1104 1960 me,
1131 1890 1178 1950 et
1205 1897 1437 1950 odiosum
1474 1892 1667 1961 fecistis
1708 1888 2016 1943 Chanana'is
2040 1897 2085 1940 et

530 1991 803 2046 Plterezeis
844 1987 1216 2042 habitatoribus
1255 1993 1406 2039 terra:
1444 1983 1621 2051 hujus.
1671 1980 1783 2034 Nos
1811 1976 1968 2049 pauci
1993 1969 2086 2031 su-

530 2097 666 2144 mus,
698 2079 775 2135 illi
814 2077 1107 2147 congregati
1132 2075 1413 2151 percutient
1442 2089 1540 2136 me,
1583 2081 1631 2124 et
1668 2068 1872 2124 delebor
1921 2084 2010 2136 ego
2040 2076 2087 2119 et

487 2189 491 2192 ν
529 2169 714 2222 domus
757 2181 888 2220 mea.
914 2165 1157 2233 'Propter
1204 2163 1343 2217 bella
1389 2160 1618 2230 plurium
1653 2158 1741 2227 qui
1769 2169 2089 2224 consurgere

525 2262 795 2326 poterant,
829 2270 886 2308 se
925 2253 1059 2307 dixit
1091 2266 1312 2306 numero
1341 2251 1614 2319 exiguum,
1663 2261 1767 2300 non
1817 2244 1958 2313 quod
1997 2245 2091 2297 mi-

529 2357 632 2398 nus
661 2343 856 2398 multos
905 2342 1132 2396 haberet
1175 2354 1334 2409 quam
1384 2342 1601 2406 possent
1655 2330 1894 2388 sullicere
1933 2345 2092 2398 expu-

503 2433 767 2504 gnationi
791 2431 1025 2486 civitatis
1053 2429 1215 2482 illius.

590 2525 1090 2595 ‘Responde'runtque
1141 2520 1240 2590 ﬁlii
1281 2515 1446 2573 latob
1496 2533 1512 2571 :
1547 2516 1796 2586 Nunquid
1836 2524 1890 2568 ut
1923 2523 2089 2593 scorto

531 2615 672 2668 abuti
699 2612 917 2667 debuere
959 2617 1133 2667 sarcre
1173 2609 1390 2663 nostra”?
1413 2607 1569 2663 Zelus
1604 2621 1762 2676 quem
1790 2605 2093 2660 habuerunt

530 2702 624 2757 lilii
649 2701 814 2756 Jacbb
849 2699 1238 2755 in'ulciseendo
1264 2694 1456 2766 Stupro
1498 2695 1698 2751 sororis
1727 2708 1835 2748 sum
1883 2691 2095 2746 morali-

507 2798 618 2861 ter
647 2771 961 2848 commonet
1003 2797 1245 2861 pastores
1277 2787 1509 2856 ﬁdelium
1549 2783 1811 2854 quatenus
1862 2784 2095 2837 habeant

536 2869 1062 2940 curam‘ahiin'arum
1120 2878 1220 2933 sibi
1263 2876 1690 2939 commissarum,
1727 2871 2096 2938 aeviolentur

509 2976 629 3026 rant
650 2966 911 3036 corporali
939 2966 1155 3034 delicto,
1179 2974 1281 3018 aut
1304 2963 1655 3018 fornicatione
1691 2959 1984 3030 spirituali,‘
2002 2974 2089 3028 pa-

2179 1171 2268 1242 qni
2295 1186 2390 1225 sua
2415 1163 2674 1239 promissa
2705 1167 2755 1220 iu
2782 1164 2944 1220 Iacob
2974 1163 3204 1230 filiisque
3226 1159 3498 1214 tuebatur.

2256 1260 2405 1317 Vettii
2443 1263 2603 1332 igitur
2635 1259 2797 1314 Iacob
2839 1257 3040 1319 Luaan,
3077 1271 3193 1324 qua:
3230 1262 3304 1307 est
3341 1253 3395 1304 in
3434 1261 3579 1304 terra
3605 1246 3746 1302 Cha-

2184 1370 2322 1422 naan
2348 1357 2680 1420 cognomento
2712 1347 2912 1413 Bethel,
2949 1348 3055 1416 ipse
3089 1356 3134 1400 et
3172 1346 3339 1398 omnis
3374 1341 3597 1412 populus
3627 1355 3744 1392 cum

2184 1457 2275 1506 eo;
2314 1440 2689 1509 wdiﬁcavitque
2722 1440 2792 1491 ibi
2824 1437 3010 1501 altare,
3046 1445 3094 1488 et
3128 1433 3399 1506 appellavit
3425 1446 3614 1510 nomen
3643 1429 3746 1480 loci

2188 1521 2544 1584 Do’mus'Dei.
2581 1527 2664 1593 Ibi
2705 1529 2839 1580 enim
2861 1526 3107 1596 apparuit
3144 1525 3190 1577 ei
3219 1511 3515 1576 Deusicum
3544 1520 3747 1588 fugeret

2190 1620 2402 1689 fratrem
2453 1607 2624 1673 suum.
2697 1618 2836 1670 Ecce
2887 1613 3316 1669 manifestissime
3365 1610 3750 1678 comprobatur

2113 1705 2158 1762 B
2186 1711 2370 1766 Bethel
2390 1727 2494 1766 non
2508 1709 2669 1764 Usam
2688 1708 2819 1769 Luz,
2836 1716 2892 1761 ut
2912 1715 3068 1776 supra
3089 1706 3290 1759 dictum
3309 1711 3410 1767 est,
3426 1703 3519 1757 sed
3540 1702 3743 1764 Luzan,

2188 1801 2240 1877 id.
2265 1809 2368 1864 est,
2395 1798 2744 1872 Amygdalon,
2773 1808 2897 1852 ante
2926 1798 3229 1850 vocitatam.

2255 1886 2452 1942 Eodem
2471 1887 2700 1957 tempore
2721 1896 2923 1940 mortua
2953 1894 3025 1939 est
3051 1884 3252 1938 Debora
3278 1882 3457 1936 nutrix
3481 1879 3746 1936 Πείθεσθε.

2164 1973 2233 2032 et
2260 1978 2460 2048 sepulta
2492 1977 2559 2032 ad
2590 1977 2788 2031 radices
2819 1976 2996 2031 Bethel
3023 1976 3196 2030 subter
3220 1990 3487 2045 quercum.
3519 1973 3576 2027 Si
3604 1988 3751 2026 mor-

2170 2078 2279 2124 tua
2308 2076 2389 2145 est
2417 2068 2594 2122 nutrix
2625 2067 2879 2121 Rebeccae
2908 2065 3122 2120 nomine
3148 2063 3386 2127 Debora,
3433 2069 3492 2116 ut
3521 2060 3750 2131 Septua-

2188 2161 2334 2230 ginta
2376 2156 2587 2229 quoque
2635 2160 2956 2228 interpretes
3004 2157 3429 2221 transtulerunt,
3476 2164 3533 2210 et
3577 2156 3750 2226 ipsum

2189 2249 2408 2303 verbum
2444 2257 2527 2303 est
2562 2247 2880 2327 llebraicum
2910 2247 3167 2311 meneltet,
3201 2253 3411 2328 mpura.
3464 2245 3606 2299 scire
3645 2258 3752 2297 non

2189 2352 2472 2408 possumus
2497 2377 2511 2403 ,
2561 2353 2726 2407 quare
2768 2336 2840 2392 ibi
2883 2331 3237 2392 substantiam
3281 2333 3617 2405 posuerunt',
3663 2331 3754 2397 hic

2192 2427 2472 2482 nutricem.
3019 2468 3022 2469 ν
3099 2420 3103 2423 ’

2260 2516 2514 2585 Apparuit
2541 2517 2924 2573 autemiterum
2956 2515 3097 2569 Deus
3125 2513 3313 2579 Iacob,
3351 2522 3625 2584 pastquam
3670 2531 3756 2568 re-

2191 2619 2364 2658 versus
2407 2590 2586 2657 estde
2626 2603 2999 2673 Mesopotamia
3045 2602 3249 2673 Syriis;
3300 2603 3661 2672 benedixitque
3706 2602 3758 2654 ei

2192 2693 2365 2747 dicens
2390 2707 2408 2744 :
2448 2692 2569 2746 Non
2606 2694 2866 2747 vocaberis
2909 2693 3046 2770 ultra
3085 2691 3272 2756 Iacob,
3316 2693 3404 2746 sed
3445 2691 3617 2746 Israel
3656 2693 3759 2744 erit

2195 2800 2377 2837 nomen
2404 2794 2566 2846 tuum,
2591 2794 2639 2837 et
2661 2783 2933 2854 appellavit
2960 2771 3289 2838 eumilsrael;
3322 2783 3530 2837 Dudum
3556 2798 3762 2852 nequa-

2139 2910 2153 2915 κ
2194 2888 2353 2958 quam
2390 2873 2440 2928 ei
2470 2873 2538 2928 ab
2562 2873 2748 2958 angelo
2780 2889 2974 2929 nutuen
3006 2873 3316 2942 imponitur,
3358 2873 3451 2927 sed
3479 2872 3624 2941 quod
3651 2872 3758 2925 im-

2195 2951 2496 3032 ponendum
2537 2964 2608 3017 sit
2640 2951 2687 3016 ‘a
2735 2965 2842 3018 Deo
2887 2963 3227 3032 praedicatur.
3283 2961 3446 3027 Quod.
3480 2963 3643 3032 igitur
3683 2961 3762 3016 ibi

505 3059 510 3068 '
533 3033 869 3138 ratiquev‘sint
883 3054 982 3122 ipsi
996 3033 1207 3122 semper
1227 3052 1517 3107 secundum
1538 3049 1847 3119 Apostolum
1869 3048 1952 3117 (II
1968 3047 2088 3102 Cor.
2121 3033 2165 3099 Ο
2197 3052 2434 3108 futurum
2455 3054 2802 3124 promittitur,
2822 3055 2907 3109 hic
2927 3055 3147 3112 docetur
3166 3049 3458 3129 espletum.
3487 3052 3766 3120 Quaeritur

523 3143 598 3215 si)
613 3135 803 3208 ulcisci
821 3136 1032 3200 omnem
1053 3141 1466 3196 inohedientiam
1498 3140 1834 3194 resistentem
1861 3139 2091 3200 veritati,

519 3233 1284 3304 ‘atqne'excommunicationis
1311 3223 1486 3302 gladio
1507 3229 1698 3296 feriant
1717 3237 2095 3299 stupratorem,

519 3341 608 3380 ne
637 3337 732 3393 pro
750 3331 909 3378 ‘tanto
937 3313 1226 3384 commisso
1251 3321 1542 3390 impunitus
1571 3320 1779 3374 evadat.

1075 3425 1328 3488 'CAPUT
1364 3431 1546 3508 xxtu.

542 3517 807 3579 Ubi‘Deus
838 3524 905 3577 ad
933 3523 1096 3578 Iacob
1126 3519 1659 3592 loquitu_r.rmandans
1683 3521 1728 3574 ei
1755 3519 1818 3573 de
1841 3520 2100 3573 idolorum

1123 3590 1512 3659 disperditione.
1731 3591 1734 3594 ’

606 3682 757 3754 (Car.
774 3680 957 3751 xxxv.)
993 3679 1198 3733 Interea
1222 3679 1422 3731 locutus
1448 3686 1521 3731 est
1544 3676 1794 3730 Dominus
1815 3677 1882 3730 ad
1903 3678 2098 3731 Iacob:

542 3774 705 3844 Surge
729 3783 776 3826 et
802 3773 1019 3826 ascende
1042 3759 1220 3823 Bethel
1241 3777 1288 3822 et
1310 3763 1484 3821 habita
1510 3768 1613 3832 ibi;
1641 3770 1822 3838 fasque
1846 3767 1915 3820 ibi
1936 3768 2101 3822 altare

539 3866 634 3918 deo
671 3864 758 3932 qui
807 3862 1049 3932 apparuit
1089 3859 1180 3927 tibi
1212 3859 1419 3928 quando
1457 3856 1686 3927 fugiebas
1714 3858 1858 3912 Esau
1890 3858 2102 3925 fratrem

540 3961 707 4005 tuum.
757 3947 1022 4020 (August.)
1057 3947 1196 4014 Quid
1226 3955 1310 4000 est
1336 3945 1479 4014 quod
1506 3961 1610 4000 non
1640 3946 1803 4010 dixit,
1834 3955 1888 3998 et
1915 3946 2000 3999 fac
2029 3946 2102 4000 ibi

527 4035 868 4102 aram-mihi,
891 4035 990 4104 qui
1017 4033 1239 4104 apparui
1267 4022 1394 4097 tibi,
1429 4033 1522 4087 sed
1543 4032 1707 4098 dicit,
1739 4033 1824 4088 fac
1849 4034 1920 4091 ibi
1950 4050 2101 4088 aram

520 4126 768 4195 'Deo'qui
796 4124 1041 4194 apparuit
1071 4123 1213 4178 tibi?
1247 4122 1436 4177 Utrum
1466 4121 1633 4176 Filius
1657 4123 1902 4196 apparuit
1923 4124 2017 4183 ibi,
2048 4131 2102 4177 et

541 4216 682 4272 Deus
705 4216 862 4270 Pater
887 4215 989 4269 hoc
1015 4213 1181 4269 dicit?
1209 4211 1292 4266 An
1319 4213 1375 4266 in
1399 4212 1577 4282 aliquo
1603 4227 1798 4283 genere
1821 4211 2102 4269 loeutionis

543 4290 1001 4359 annumerandum
1021 4302 1044 4355 i

611 4391 940 4455 Jacob'vero,
967 4393 1246 4444 canvocata
1271 4391 1410 4444 omni
1436 4391 1589 4442 domo
1617 4407 1733 4457 sua,
1756 4392 1828 4445 ait
1845 4405 1863 4444 :
1880 4389 2098 4460 Abjicite

541 4476 663 4535 deos
708 4481 904 4534 alienos
930 4481 1016 4549 qui
1045 4481 1098 4532 in
1123 4478 1290 4532 medio
1319 4479 1470 4532 vestri
1496 4489 1638 4543 sunt,
1677 4489 1724 4533 et
1751 4480 2096 4544 mundamiui,
2121 4543 2134 4552 I

541 4587 605 4626 ac
635 4580 825 4624 mutate
858 4560 1156 4623 vestimenta
1193 4578 1378 4622 vestra.
1431 4563 1641 4638 Surgite
1677 4575 1723 4622 et
1760 4562 2100 4624 ascendamus

542 4659 594 4712 in
624 4657 821 4722 Bethel,
864 4667 918 4710 ut
949 4658 1203 4727 faciamus
1234 4657 1302 4710 ibi
1329 4657 1495 4711 altare
1522 4658 1766 4721 Domino,
1808 4659 1898 4727 qui
1935 4673 2097 4711 exau-

543 4748 666 4800 diuit
706 4763 787 4799 me
825 4747 878 4803 in
915 4746 997 4800 die
1039 4745 1386 4799 tribulationis
1413 4763 1560 4812 mea,
1602 4757 1648 4800 et
1682 4748 1780 4816 fuit
1811 4749 1980 4801 tocius
2015 4749 2101 4801 iti-

544 4837 679 4889 neris
709 4837 826 4889 mei.
876 4834 1141 4889 Dederunt
1167 4850 1285 4904 ergo
1313 4835 1361 4888 ei
1389 4849 1560 4888 omnes
1587 4836 1708 4888 deos
1739 4833 1930 4889 alienos
1967 4854 2094 4902 quos

541 4924 817 4989 habebant,
849 4936 895 4976 et
921 4926 1126 4978 inaures
1156 4941 1273 4996 qua?
1301 4933 1446 4978 erant
1476 4925 1530 4978 in
1559 4925 1772 4978 auribus
1799 4931 1997 4980 eorum.
2030 4927 2096 4979 At

439 5009 450 5016 ³
541 5013 628 5068 ille
653 5014 839 5084 infudit
867 5031 952 5070 eos
983 5015 1156 5068 subter
1183 5014 1519 5069 terebinthum
1545 5032 1660 5086 qua:
1685 5025 1758 5070 est
1781 5028 1891 5085 post
1920 5017 2097 5070 urbem

543 5105 770 5183 Sichem.
801 5105 952 5172 Quod
980 5114 1158 5164 autem
1185 5107 1397 5172 dicitur,
1421 5115 1474 5161 et
1501 5107 1758 5162 dederunt
1781 5107 1946 5162 Iacob
1970 5109 2098 5164 deos

540 5192 745 5249 alienos
770 5194 859 5263 qui
884 5202 1039 5250 erant
1066 5195 1118 5248 in
1144 5196 1391 5251 manibus
1416 5211 1598 5252 eorum
1619 5236 1632 5260 ,
1659 5205 1714 5250 et
1740 5192 1952 5261 inaures
1977 5215 2095 5267 quae

542 5292 699 5340 erant
727 5284 781 5339 in
809 5285 1031 5341 auribus
1060 5301 1246 5361 eorum
1264 5326 1278 5350 ,
1321 5285 1580 5358 quaeritur
1607 5302 1774 5355 quare
1803 5297 1858 5342 et
1884 5291 2096 5342 inaures

542 5388 662 5445 quae
690 5374 733 5429 si
759 5385 1074 5431 ornamenta
1103 5384 1284 5441 erant,
1325 5378 1392 5433 ad
1420 5378 1773 5433 idololatriam
1803 5387 1906 5433 non
1933 5381 2097 5449 perti-

544 5464 761 5532 hebant,
789 5467 889 5521 nisi
917 5469 1039 5538 quia
1061 5467 1459 5539 intelligendum
1481 5478 1564 5525 est
1589 5471 1912 5541 pbylaeteria
1936 5472 2096 5528 fuisse

546 5551 767 5608 deorum
794 5555 1085 5612 alienorum
1103 5555 1287 5612 t'Nam
1313 5555 1609 5614 Rebeccam
1639 5576 1667 5613 a
1695 5576 1847 5625 servo
1869 5562 2095 5616 Abralia:

2199 3154 2398 3210 autem,
2423 3154 2546 3201 cum
2577 3145 2742 3200 semel
2758 3146 2976 3204 dixerat
3003 3145 3075 3215 ad
3094 3145 3292 3200 Iacob:
3321 3143 3439 3199 Iam
3467 3161 3574 3199 non
3599 3161 3766 3199 voca-

2196 3234 2339 3290 beris
2363 3233 2546 3298 Jacob,
2575 3233 2666 3288 sed
2694 3233 2856 3287 Israel
2884 3233 2988 3286 erit
3017 3247 3208 3287 nomen
3240 3241 3418 3298 tuum,
3452 3248 3552 3286 cur
3575 3241 3764 3302 postea

2197 3322 2392 3392 legitur
2427 3323 2613 3376 eodem
2653 3313 2867 3377 nomine
2897 3322 3034 3376 idem
3079 3319 3245 3375 Iacob
3291 3322 3570 3382 vocitatus,
3617 3319 3766 3389 quod

2200 3411 2250 3464 in
2281 3409 2728 3480 frequentissimis
2757 3409 2885 3464 locis
2913 3417 3219 3469 sanctarum
3249 3408 3652 3479 Scripturarum
3681 3409 3760 3461 ita

2197 3507 2429 3575 positum
2472 3505 2791 3564 invenimus.
2845 3503 3104 3557 Nimirum
3147 3519 3274 3573 ergo
3311 3517 3505 3557 nomen
3549 3503 3654 3557 hoc
3692 3502 3770 3569 ad

2200 3595 2344 3648 illam
2374 3601 2522 3648 recte
2549 3592 2857 3664 intelligitur
2884 3593 3152 3662 pertinere
3168 3591 3622 3660 promissionem,
3670 3592 3764 3646 ubi

2199 3681 2278 3736 sic
2301 3680 2566 3735 videbitur
2594 3679 2753 3745 Deus,
2793 3679 3058 3749 quomodo
3088 3693 3192 3732 non
3221 3686 3306 3733 est
3333 3688 3489 3731 antea
3518 3679 3767 3746 patribus
3799 3733 3804 3737 _

2201 3773 2364 3835 visus,
2389 3771 2477 3824 ubi
2501 3786 2605 3825 non
2629 3771 2733 3824 erit
2755 3786 2946 3825 nomen
2967 3778 3138 3829 vetus.
3163 3770 3285 3839 quia
3306 3769 3437 3824 nihil
3462 3769 3785 3825 remanebit.

2199 3859 2283 3912 vel
2311 3859 2509 3928 invipso
2534 3873 2759 3927 corpore
2783 3859 3082 3921 vetuSta‘tis,
3111 3866 3168 3912 et
3203 3857 3298 3913 Dei
3325 3859 3461 3914 visio
3489 3873 3764 3913 summum

2198 3950 2302 4004 erit
2327 3950 2623 4019 praemium.
3200 3962 3212 3973 ·

2270 4038 2516 4108 Dixitque
2543 4039 2590 4092 ei
2613 4054 2633 4093 :
2669 4037 2791 4108 Ego.
2817 4039 3067 4094 Dominus
3098 4038 3414 4108 omnipotens
3439 4056 3458 4092 :
3499 4037 3686 4093 Cresae
3713 4048 3763 4092 et

2200 4127 2574 4196 multiplicare;
2611 4138 2855 4196 genteset
2881 4128 3056 4198 populi
3094 4131 3359 4182 nationum
3395 4137 3545 4182 erunt
3579 4144 3644 4181 ea:
3678 4141 3760 4193 te;

2202 4234 2340 4287 reges
2381 4217 2448 4271 de
2494 4214 2687 4271 lumbis
2730 4220 2831 4272 tuis
2875 4219 3228 4287 egredientui';
3275 4228 3566 4288 terramque
3601 4235 3760 4286 quam

2200 4308 2318 4362 dedi
2347 4307 2609 4364 Abraham
2643 4319 2689 4362 et
2715 4307 2892 4375 Isaac,
2928 4310 3062 4364 dabo
3099 4311 3192 4364 tibi
3234 4319 3280 4364 et
3315 4311 3498 4363 semini
3527 4320 3617 4362 tuo
3644 4320 3760 4378 post

2201 4405 2279 4462 te;
2314 4406 2360 4449 et
2400 4398 2604 4452 recessit
2633 4397 2695 4449 ab
2735 4414 2814 4452 eo.
2872 4398 2998 4456 Haec
3036 4400 3321 4467 promissio
3369 4399 3435 4456 ad
3481 4399 3762 4468 Spirituale

2202 4485 2575 4552 semenJacob
2604 4481 2867 4555 pertinet,
2915 4489 3056 4543 sicut
3095 4490 3160 4544 de
3188 4490 3456 4544 Abraham
3485 4500 3613 4545 ante
3644 4488 3759 4556 jam

2202 4576 2400 4630 dictum
2436 4587 2536 4630 est.
2591 4575 2787 4632 Omnes
2821 4579 2963 4635 enim
2993 4579 3084 4648 qui
3119 4579 3460 4649 supplantant
3490 4580 3654 4643 vitia,
3705 4588 3759 4632 et

2200 4673 2434 4719 veterem
2467 4665 2734 4742 hominem
2764 4680 2886 4720 cum
2917 4667 3125 4721 actibus
3150 4667 3264 4734 ejus
3287 4668 3580 4736 deponunt;
3608 4683 3757 4721 men-

2200 4755 2373 4822 tisque
2415 4769 2523 4808 sua:
2563 4755 2746 4814 oculos
2779 4757 2845 4809 ad
2872 4755 3154 4813 videndum
3184 4757 3347 4810 Deum
3389 4757 3622 4811 intentos
3656 4756 3755 4809 ha-

2201 4845 2328 4898 bent
2346 4831 2493 4908 ,‘rite
2519 4846 2585 4902 ad
2611 4844 2776 4899 Jacob
2803 4847 3100 4914 pertinent,
3132 4846 3282 4914 cujus
3308 4845 3466 4899 ﬁdem
3508 4852 3563 4898 et
3589 4855 3758 4900 .actus

2203 4936 2510 4999 imitantur;
2571 4949 2830 5004 regesque
2879 4937 2946 4989 de
2992 4935 3184 5011 lumbis
3231 4933 3346 5003 ejus
3391 4934 3752 5004 egredientur,

2204 5025 2302 5081 hoc
2343 5035 2423 5081 est
2461 5027 2660 5098 sancti,
2705 5026 2794 5094 qui
2835 5041 2961 5080 vere
2999 5035 3159 5095 reges
3195 5025 3459 5088 dicuntur,
3507 5039 3572 5081 eo
3613 5026 3754 5096 quod

2202 5115 2467 5170 veraciter
2505 5116 2793 5170 secundum
2836 5116 2928 5169 Dei
2967 5114 3291 5172 voluntatem
3329 5116 3644 5185 semetipsos
3691 5131 3754 5172 ac

2202 5206 2311 5263 sibi
2352 5208 2592 5264 subditos
2643 5214 2850 5276 regunt.
2918 5207 2994 5262 De
3039 5207 3165 5277 ejus.
3195 5209 3402 5263 semine
3447 5208 3709 5277 θυῖε-ἣκειιὶ
3737 5238 3770 5271 ,ι

2199 5295 2302 5349 hoc
2337 5304 2420 5349 est
2458 5294 2581 5349 ﬁdei
2621 5296 2918 5353 imitatione
2971 5296 3025 5350 in
3072 5297 3226 5351 bouis
3267 5297 3520 5365 operibus
3565 5296 3752 5350 fecun-

2201 5383 2413 5438 dantur.
3252 5396 3255 5403 ‘

2270 5476 2369 5530 Ille
2408 5487 2526 5530 vero
2564 5476 2723 5530 erexit
2763 5475 2970 5530 titulum
3011 5476 3268 5545 lapideum
3311 5478 3364 5529 in
3411 5475 3533 5530 loco
3563 5493 3663 5544 quo
3708 5483 3757 5531 ei

2200 5566 2398 5620 locutus
2435 5565 2605 5633 fuerat
2642 5563 2802 5630 Deus,
2849 5563 3014 5618 libans
3059 5581 3211 5634 super
3245 5582 3360 5618 eum
3412 5565 3660 5619 libamina
3706 5575 3770 5619 et
