3948 6314
502 259 601 310 αις)

1133 259 1194 314 Β.
1235 257 1484 316 BABANI
1523 258 1741 316 MAURI
1781 255 2090 311 ARCHIEP.
2135 217 2436 309 MOGL'NT.
2477 255 2754 313 OPEleM
2788 258 2968 312 PARS
2999 258 3038 312 1.

3599 259 3701 312 6‘20

471 394 612 443 lnam
641 392 730 428 eos
755 375 1130 443 sexagenarius
1155 377 1410 443 suscepit,
1434 384 1485 427 et
1513 374 1641 426 vixit
1669 384 1852 425 omnes
1880 384 2050 421 annos
2079 367 2124 424 A
2151 365 2313 420 Multa
2342 377 2396 422 et
2425 355 2565 422 varia
2597 371 2731 438 apud
2769 369 3016 425 Hebraeos
3045 373 3108 426 de
3136 374 3236 427 hoc
3267 372 3494 442 capitulo
3523 374 3698 439 dispno

490 470 610 519 vita:
637 481 746 521 suae
770 473 980 519 centmn
1007 466 1293 532 octoginta.

565 557 771 625 Peperit
800 564 970 620 autem
1000 554 1110 605 Atla
1145 552 1379 620 Eliphaz.
1412 550 1516 603 iste
1543 558 1624 604 est
1645 548 1861 618 Eliphaz
1889 547 2043 620 cujus

491 649 768 714 Scriptura
798 645 850 696 in
877 641 974 696 Job
1000 640 1262 693 volumine
1292 639 1619 691 recordatur.

563 736 701 788 Tulit
743 742 911 786 autem
957 731 1093 781 Esau
1146 745 1330 781 uxores
1367 744 1488 782 suas
1529 738 1574 782 et
1615 727 1752 794 ﬁlios
1793 737 1842 781 et
1880 727 2044 796 ﬁlias,

491 837 534 878 et
585 839 783 876 omnem
830 822 1056 873 animum
1095 818 1280 870 domus
1324 834 1460 890 suat,
1498 826 1543 870 ct
1590 815 1954 878 suﬁstantiam,
2000 824 2048 868 et

490 931 690 981 pecora,
729 922 773 964 et
811 919 995 974 cuncta
1031 925 1144 977 qua'
1179 908 1365 960 habere
1403 916 1623 975 poterat,
1665 907 1719 959 in
1757 916 1892 958 terra
1917 904 2068 981 Cha-_

490 1018 660 1063 naan,
709 1009 754 1052 et
806 998 930 1051 abiit
972 993 1024 1051 in
1066 996 1279 1048 alterunt
1331 996 1619 1062 regionem,
1671 997 1972 1062 recessitque
2017 1013 2047 1048 α

487 1093 648 1157 fratre
685 1102 777 1140 suo
807 1085 990 1138 Jacob.
1040 1083 1227 1135 Dit‘ites
1263 1082 1394 1135 enim
1430 1092 1576 1134 erant
1615 1083 1781 1144 valde,
1813 1093 1858 1134 et
1893 1082 2049 1136 simul

486 1180 722 1232 habitare
767 1193 865 1230 non
910 1182 1181 1244 poterant;
1223 1188 1313 1224 nec
1353 1171 1637 1228 sustinebat
1673 1188 1756 1224 eos
1793 1182 1929 1222 terra
1956 1187 2044 1239 pc-

486 1266 848 1334 regriuationis
891 1278 1090 1325 eorum,
1132 1277 1240 1330 pra:
1281 1258 1609 1312 multitudine
1645 1275 1873 1327 gregum.
1930 1257 2045 1310 Ila-

487 1359 760 1424 l:i:r:vitque
819 1351 961 1404 Esau
1019 1352 1072 1402 in
1131 1359 1301 1402 monte
1353 1348 1502 1413 Seir,
1564 1349 1673 1418 ipse
1724 1359 1797 1402 est
1854 1349 2041 1401 Edam.

487 1444 717 1510 Qnu‘stio
749 1449 831 1495 est
859 1439 1121 1509 quomodo
1158 1438 1433 1506 Scriptura
1463 1437 1634 1498 dicat,
1669 1445 1788 1506 post
1817 1444 2040 1490 mortem

484 1535 630 1586 Isaac
661 1530 830 1600 patris
863 1513 943 1583 sui
975 1524 1111 1582 Esau
1145 1527 1465 1580 abscessisse
1495 1525 1560 1580 de
1591 1533 1729 1579 terra
1762 1525 2038 1589 Chanaan,

483 1630 537 1675 et
565 1619 835 1674 habitasse
873 1617 925 1668 in
963 1613 1140 1668 monte
1169 1613 1307 1677 Seir,
1345 1630 1464 1668 cum
1497 1612 1744 1675 veniente
1773 1617 1838 1669 de
1867 1615 2036 1669 Meso-

2147 463 2343 510 tantur.
2395 456 2546 524 Apud
2574 457 2785 512 Graacos
2814 460 3005 528 quippe
3042 470 3094 512 et
3125 456 3334 516 nostrOs
3354 503 3366 524 ,
3415 479 3574 532 super
3603 465 3700 519 hoc

2149 541 2420 600 silentium
2469 557 2566 602 est.
2618 549 2717 603 Alii
2758 561 2977 619 putant.
3010 554 3199 626 iamint
3215 558 3382 609 maria
3414 557 3700 627 appellata,

2145 635 2332 689 iisdem
2355 638 2496 690 enim
2522 640 2829 694 scribuntur
2851 641 3044 695 litteris
3070 643 3236 695 maria
3263 646 3453 711 quibus
3479 656 3532 699 et
3561 662 3700 702 nunc

2146 726 2232 780 hic
2259 740 2432 782 sermo
2455 726 2750 806 descriptus
2775 740 2877 795 est,
2900 739 2953 784 et
2974 732 3155 785 volunt
3184 733 3348 797 illum,
3379 735 3502 786 dum
3531 736 3703 803 pascit

2147 815 2326 870 asinos
2353 818 2517 885 patris
2547 819 2650 882 sui,
2681 819 2732 872 in
2763 821 2972 873 deserto
3001 837 3256 889 aquarum
3291 825 3375 877 hic
3406 840 3701 894 congrega-

2149 907 2319 960 tioncs
2351 909 2628 976 reperisse.
2662 925 2778 977 qua:
2803 909 2950 975 juxta
2984 912 3174 965 idioma
3209 914 3396 982 linguae
3425 914 3701 970 llebraicm

2147 993 2314 1045 maria
2344 1003 2730 1062 nuncupantur,
2755 997 2893 1063 quod
2922 998 3121 1051 SCllltCl
3150 1009 3390 1066 stagnum
3420 1003 3698 1069 repererit,

2149 1079 2298 1148 cujus
2340 1082 2413 1133 rei
2463 1081 2694 1135 inventio
2741 1083 2791 1135 in
2839 1100 3016 1138 eremo
3043 1085 3267 1140 diliicilis
3297 1099 3394 1140 est.
3451 1088 3699 1143 Nonnulli

2147 1179 2333 1237 putum
2357 1186 2521 1238 aquas
2542 1171 2762 1234 calidas,
2787 1173 2937 1239 juxta
2967 1174 3177 1229 Punica:
3203 1176 3392 1246 linguze
3423 1180 3697 1238 viciniam,

2146 1274 2264 1325 qua:
2294 1257 2561 1313 llehraicae
2585 1263 2908 1315 contermina
2941 1270 3046 1322 est,
3081 1264 3181 1317 hoc
3212 1265 3463 1318 vocabulo
3499 1267 3702 1336 signiti-

2147 1349 2276 1400 cari.
2329 1347 2462 1400 Sunt
2491 1350 2578 1418 qui
2609 1350 2933 1404 arbitrantur
2961 1367 3187 1420 onagros
3213 1355 3277 1406 ab
3308 1355 3405 1408 hoc
3434 1357 3701 1408 admissos

2144 1450 2261 1490 esse
2289 1438 2352 1490 ad
2381 1437 2576 1501 asinas,
2609 1449 2659 1492 et
2693 1440 2860 1507 ipsum
2889 1441 3182 1495 istiusmodi
3212 1444 3473 1512 reperisse
3501 1459 3705 1498 concu-

2142 1526 2342 1590 bitum,
2378 1538 2435 1580 ut
2463 1527 2776 1582 velocissimi
2815 1546 2876 1582 ex
2918 1531 3000 1585 his
3037 1532 3168 1584 asini
3203 1541 3571 1596 nascerentur,
3607 1534 3702 1601 qui

2142 1627 2400 1683 vocantur
2435 1618 2630 1672 iamim.
2654 1617 2896 1687 Plerique
2921 1629 3102 1688 putant
3133 1623 3267 1689 quod
3298 1637 3554 1690 equarum
3582 1639 3701 1692 gre-

485 1712 716 1782 potamia
757 1708 921 1761 Jacob
966 1708 1129 1761 fratre
1171 1699 1304 1774 ejus,
1352 1705 1562 1775 legatur
1598 1700 1885 1776 quod'jam
1935 1706 2041 1762 illic
2070 1706 2115 1764 B
2144 1719 2235 1774 ges
2266 1708 2331 1759 ab
2358 1705 2521 1760 asinis
2552 1707 2603 1760 in
2629 1707 2838 1762 deserto
2870 1710 2978 1777 ipse
3011 1709 3195 1763 fecerit
3222 1712 3423 1779 primus
3453 1714 3696 1776 escendi,

486 1804 778 1856 habitabat.
810 1799 1037 1852 Proinde
1066 1799 1188 1866 quid
1224 1797 1345 1850 inde
1376 1796 1492 1850 ﬁeri
1520 1799 1788 1866 "potuerit,
1818 1807 1872 1850 nt
1902 1798 2042 1851 Scri-

485 1907 637 1966 ptura
676 1893 782 1945 falli
812 1892 891 1944 vel
927 1890 1108 1943 fallere
1147 1905 1250 1942 non
1283 1890 1548 1952 credatur,
1593 1888 1643 1940 in
1680 1895 1924 1957 promptu
1962 1896 2041 1943 est

485 1986 753 2054 rogitare:
789 1982 928 2050 quod
962 1978 1162 2033 scilicet
1204 1979 1340 2032 Esau
1384 1986 1563 2048 postea
1595 1993 1751 2059 quam
1783 1980 1836 2030 in
1867 1976 2042 2059 Meso-

482 2074 770 2142 potamiam
801 2069 1106 2135 frater'ejns
1136 2070 1412 2132 abscessit,
1441 2068 1608 2123 noluit
1649 2068 1889 2123 habitare
1918 2075 2040 2122 cuin

484 2163 789 2231 patentibus
817 2162 946 2220 suis,
973 2161 1081 2211 sive
1112 2175 1174 2212 cx
1208 2159 1294 2211 illa
1325 2142 1677 2214 commotione
1705 2173 1805 2228 qua
1835 2157 2044 2213 dolebat

483 2268 539 2303 .«ze
571 2253 937 2305 benedictione
963 2248 1282 2309 fraudatum,
1303 2248 1413 2301 sive
1443 2248 1618 2317 aliqua
1649 2264 1807 2302 causa
1841 2265 1932 2301 sua
1966 2249 2042 2301 vcl

485 2359 708 2394 uxorum
737 2357 951 2394 suarum
971 2378 984 2400 ,
1024 2355 1158 2408 quas
1187 2339 1397 2392 odiosas
1427 2339 1638 2392 videbat
1665 2352 1781 2391 esse
1811 2323 2043 2406 parenti-

485 2435 599 2492 bus.
632 2430 709 2480 vel
744 2429 971 2496 qnahtcr
1003 2429 1125 2487 alia,
1160 2439 1210 2479 et
1244 2435 1480 2495 cmpcrat
1510 2427 1748 2480 habitare
1779 2427 1831 2479 in
1863 2435 2044 2478 monte

484 2519 621 2572 Scir.
673 2513 870 2570 Deinde
912 2525 1032 2585 post
1074 2514 1299 2568 reditum
1329 2513 1493 2568 Jacob
1523 2512 1705 2567 fratris
1735 2513 1848 2576 sui,
1901 2511 2042 2564 facta

486 2610 620 2662 inter
650 2624 740 2661 eos
782 2607 1095 2666 concordia,
1144 2619 1390 2657 reversus
1419 2610 1500 2657 est
1532 2610 1583 2657 et
1611 2595 1726 2671 ipse
1752 2602 1822 2654 ad
1847 2616 2040 2670 paren-

485 2710 582 2763 tes,
611 2707 804 2752 etcum
838 2708 1104 2750 mortuum
1138 2705 1344 2764 patrem
1377 2693 1534 2746 simul
1563 2689 1888 2762 sepelissent,
1916 2693 2041 2760 quia

483 2807 572 2844 ι’ος
599 2776 883 2859 plurimum
920 2789 1118 2841 ditatos
1151 2771 1292 2840 terra
1324 2785 1442 2851 illa,
1477 2786 1612 2840 sicut
1642 2785 1896 2854 scriptum
1925 2795 2004 2837 est
2025 2826 2039 2847 ,

485 2882 704 2935 minime
743 2880 1022 2946 capiebat,
1077 2878 1333 2931 abscessit
1373 2891 1558 2929 rursus
1595 2875 1645 2928 in
1681 2874 1817 2941 Seir,
1864 2877 1923 2928 'et
1969 2871 2040 2926 ibi

481 2971 790 3041 propagavit
820 2977 1028 3038 gentem
1062 2968 1428 3020 Nummorum.

2147 1802 2204 1846 nt
2247 1794 2510 1848 mulorum
2564 1795 2683 1850 inde
2731 1813 2862 1849 nova
2912 1809 3098 1852 contra
3151 1806 3397 1853 naturam
3444 1800 3697 1854 animalia

2147 1894 2511 1938 nascerentur.
2546 1885 2731 1954 Aquila
2763 1887 2902 1939 hunc
2931 1887 3101 1939 locum
3134 1888 3205 1940 ita
3239 1888 3543 1942 transtulit:
3579 1888 3701 1958 Ipse

2148 1984 2218 2024 est
2249 1973 2392 2036 Ana,
2416 1975 2518 2043 qui
2549 1974 2735 2026 invenit
2767 1980 2858 2029 σὺν
2881 1982 2969 2029 τοῦ
2998 1976 3193 2046 modo.
3245 1977 3309 2028 Et
3347 1978 3700 2046 Symmachus

2148 2065 2391 2118 similiter
2418 2083 2428 2117 :
2460 2065 2561 2131 Qui
2586 2067 2771 2119 invenit
2799 2072 2917 2127 τοὺς
2943 2068 3136 2138 σιμεῖμ.
3180 2069 3306 2135 Qua:
3333 2070 3701 2137 interpretatio

2145 2155 2402 2222 pluralem
2435 2171 2708 2211 numerum
2750 2160 3031 2227 signiﬁcat.
3086 2160 3429 2229 Septuaginta
3474 2176 3602 2215 vero
3644 2171 3702 2214 et

2149 2243 2478 2299 Theodotion
2524 2247 2798 2315 :eqnaliter
2847 2250 3229 2302 transtulerunt
3279 2251 3561 2304 dicentes:
3614 2254 3697 2307 τὸν

2147 2337 2324 2404 ἰαμείν,
2357 2335 2496 2402 quod
2525 2338 2720 2390 indicat
2750 2354 3026 2391 numerum
3057 2341 3397 2407 singularem.

2219 2420 2378 2491 Reges
2422 2434 2590 2477 autem
2649 2427 2735 2494 qui
2801 2439 3134 2495 regnaverunt
3196 2430 3250 2480 in
3310 2440 3448 2482 terra
3493 2430 3698 2492 Edam,

2145 2523 2420 2582 antequam
2463 2516 2932 2586 lmberentwegcm
2985 2520 3081 2586 ﬁlii
3127 2519 3290 2572 Israel
3349 2521 3558 2588 fuerunt
3602 2523 3700 2575 hi:

2145 2607 2272 2660 Belo
2315 2609 2456 2675 ﬁlius
2499 2609 2670 2673 Be‘or;
2729 2621 3008 2681 nomenque
3063 2612 3201 2664 urbis
3255 2613 3487 2666 Donabo.
3551 2614 3701 2679 Quod

2146 2698 2402 2766 scriptum
2436 2708 2550 2752 est:
2586 2700 2649 2753 Et
2684 2701 2733 2752 hi
2769 2714 2919 2770 reges
2955 2703 3040 2770 qui
3079 2714 3432 2769 regnaverunt
3458 2706 3508 2757 in
3536 2706 3701 2760 Edoni

2144 2795 2430 2856 antequam
2465 2798 2711 2856 regnaret
2751 2806 2842 2843 rex
2883 2791 2933 2843 in
2971 2791 3145 2853 Israel,
3177 2809 3279 2845 non
3319 2794 3394 2847 sic
3437 2794 3706 2861 accipiet]-

2147 2876 2268 2929 dum
2296 2884 2377 2928 est
2425 2883 2674 2944 tanquam
2709 2890 2893 2931 omnes
2932 2891 3085 2947 reges
3113 2880 3370 2932 nominati
3400 2881 3504 2933 sint
3534 2897 3701 2950 usque

2147 2967 2212 3019 ad
2256 2982 2315 3018 ea
2360 2975 2599 3034 tempora
2637 2967 2826 3034 quibus
2862 2977 3137 3036 cmpernnt
3172 2985 3323 3039 reges
3361 2960 3543 3033 Israel,
3572 2987 3702 3038 quo—

553 3064 650 3117 lsti
690 3062 787 3131 ﬁlii
825 3060 1000 3122 Esau,
1044 3069 1090 3111 et
1133 3057 1287 3110 duces
1326 3071 1523 3109 eorum.
1577 3054 1698 3123 Ipse
1737 3060 1821 3128 est,
1851 3051 2037 3104 Edam.
2071 3048 2112 3108 C
2148 3074 2263 3110 rum
2311 3057 2516 3127 primus
2556 3056 2654 3111 fuit
2696 3056 2841 3111 Saul.
2893 3059 3050 3112 Multi
3087 3059 3298 3113 fucrtmt
3338 3063 3478 3115 enim
3520 3063 3571 3115 in
3609 3079 3700 3117 co-

485 3155 579 3205 Isti
624 3151 722 3218 ﬁlii
772 3150 890 3202 Seir
922 3147 1128 3200 Ilorra’i
1169 3147 1485 3198 habitatores
1527 3154 1696 3197 terra'.
1760 3143 1956 3204 Lotan,
1998 3149 2042 3192 et

485 3240 664 3302 .‘Inhal,
705 3250 750 3292 et
793 3237 1010 3302 Sebcon,
1053 3247 1097 3289 ct
1129 3234 1262 3296 Ana,
1300 3235 1459 3287 Dison
1499 3244 1543 3286 et
1587 3233 1738 3295 Escr,
1783 3241 1830 3283 et
1859 3227 2042 3283 Disan.

487 3339 620 3388 iisan
642 3376 653 3397 ,
688 3344 740 3386 ct
770 3335 934 3386 Edoni
957 3373 968 3393 ,
1007 3339 1058 3383 et
1090 3331 1227 3390 Seir,
1268 3329 1423 3381 unius
1457 3342 1646 3380 nomen
1677 3334 1758 3378 cs1
1784 3324 2043 3385 hominis,

481 3437 532 3478 et
568 3440 731 3493 quare
760 3423 906 3475 varie
947 3428 1315 3488 tutncupcutur
1345 3417 1704 3486 supradiclum
1743 3424 1844 3468 est.
1894 3412 2046 3479 Quod

481 3527 654 3568 autem
700 3515 956 3581 sequitur,
1008 3520 1060 3562 et
1111 3509 1310 3562 llorraci
1361 3508 1663 3560 habitantes
1707 3513 1941 3566 terram,
1991 3512 2046 3555 et

483 3608 705 3674 relhpta.
765 3605 1047 3670 Postquam
1098 3600 1426 3654 cuumeravit
1478 3597 1614 3650 illius
1661 3596 1830 3658 Esau,
1884 3594 2043 3646 altius

485 3699 673 3766 t‘cpeiil
720 3705 772 3749 et
819 3693 1070 3760 exponit,
1115 3691 1204 3760 qui
1247 3699 1370 3742 ante
1412 3689 1549 3742 Esau
1597 3688 1646 3740 in
1697 3687 1860 3739 Edom
1906 3694 2046 3739 terra

485 3785 751 3855 principes
781 3783 994 3835 luerunt
1023 3797 1088 3833 ex
1117 3795 1307 3850 genere
1341 3777 1679 3830 llorrmornm
1701 3816 1713 3838 ,
1747 3776 1834 3843 qui
1865 3775 1916 3827 in
1947 3775 2047 3826 liti-

485 3896 584 3947 gua
617 3887 797 3930 nostra
828 3875 1248 3942 interpretantur
1278 3869 1441 3921 liberi.
1478 3867 1740 3936 Legamus
1771 3867 2050 3934 diligenter

488 3967 954 4022 lteuteronominm
983 3980 994 4014 :
1038 3963 1109 4015 ibi
1140 3960 1473 4014 manifestius
1505 3959 1756 4011 scribitur
1783 3957 2047 4024 quomodo

489 4057 731 4108 venerint
762 4054 854 4105 lilii
883 4053 1043 4113 Esau,
1073 4059 1123 4104 et
1155 4048 1520 4102 interfecerint
1552 4045 1822 4106 llorrrcos,
1853 4059 1915 4096 ac
1946 4051 2046 4096 ter-

488 4162 597 4196 ram
629 4158 812 4196 eorum
847 4141 1154 4194 hmreditate
1187 4137 1536 4206 posscderint.
1575 4135 1636 4188 lli
1665 4135 1826 4187 duces
1848 4133 2050 4188 llorrtei

488 4236 577 4287 lihi
611 4234 732 4286 Scir
763 4233 814 4284 in
849 4240 986 4282 terra
1021 4230 1204 4280 Edoni.

561 4323 712 4376 Facti
740 4333 854 4375 sunt
888 4331 1059 4373 autent
1087 4318 1182 4387 ﬁlii
1213 4319 1396 4380 Lntan,
1431 4317 1562 4370 llori
1588 4328 1633 4370 et
1661 4317 1882 4371 Hcman.
1920 4317 2048 4370 Erat

2149 3146 2270 3199 dem
2312 3160 2478 3222 usque
2504 3147 2567 3198 ad
2597 3154 2832 3216 tempora
2860 3148 3003 3210 Sani,
3036 3164 3153 3218 cum
3185 3151 3513 3219 temporibus
3541 3154 3700 3206 etiam

2149 3235 2434 3300 Judicnm,
2498 3252 2723 3306 quorum
2770 3247 3005 3306 tempora
3051 3238 3267 3292 luerunt
3330 3250 3452 3295 ante
3509 3258 3700 3310 rcges,

2149 3327 2469 3380 exstiterint.
2491 3327 2595 3381 Sed
2617 3345 2680 3384 ex
2705 3329 2786 3381 his
2812 3318 2990 3383 multis
3013 3345 3104 3384 eos
3124 3329 3263 3384 solos
3284 3333 3456 3400 potuit
3473 3347 3703 3387 comme-

2151 3431 2362 3472 morare
2405 3419 2611 3490 Moyses
2635 3420 2723 3487 qui
2750 3420 2958 3474 fuerant
2986 3431 3270 3490 antequam
3309 3423 3424 3491 ipse
3467 3438 3699 3476 morere-

2152 3518 2248 3560 tur.
2283 3506 2390 3561 Nec
2418 3509 2608 3561 mirum
2635 3519 2732 3572 est,
2751 3511 2888 3578 quod
2911 3512 3312 3565 numerantilnts
3331 3512 3701 3573 ahAhraham.

2149 3615 2244 3668 per
2288 3600 2424 3653 Esau
2476 3610 2681 3669 patrem
2722 3603 2892 3668 gentis
2933 3601 3118 3663 Edom,
3163 3612 3321 3670 atque
3364 3618 3458 3667 per
3501 3602 3703 3655 lialmel

2151 3690 2315 3742 tilium
2360 3691 2517 3753 Esau,
2546 3700 2597 3743 et
2637 3692 2768 3743 Zara
2811 3691 2972 3744 tilium
3016 3683 3241 3754 Rahuel,
3268 3700 3320 3744 et
3342 3689 3510 3744 Jobab
3541 3690 3705 3744 lilium

2149 3780 2312 3842 Zara,
2355 3782 2438 3835 cui
2477 3780 2641 3836 Jobab
2675 3784 2930 3836 succeSsit
2971 3784 3022 3834 in
3068 3798 3232 3851 regno
3272 3783 3450 3844 Baiae,
3477 3783 3566 3851 qui
3598 3784 3706 3852 pri-

2150 3887 2269 3926 mus
2317 3872 2370 3924 in
2429 3883 2568 3926 terra
2627 3873 2791 3926 E‘lOlll
2857 3889 2946 3926 rex
3010 3872 3173 3926 fuisse
3233 3883 3706 3937 commemoratur,

2149 3977 2317 4031 usque
2363 3962 2427 4015 ad
2469 3963 2712 4014 ultimum
2752 3977 2965 4030 regem,
3011 3976 3168 4027 quem
3209 3961 3382 4029 potuit
3429 3961 3707 4015 nominare

2151 4052 2378 4121 Moyses,
2424 4051 2602 4120 plures
2642 4053 3011 4120 generationes
3036 4051 3396 4112 inveniuntur,
3423 4065 3582 4117 quam
3614 4065 3712 4101 nu-

2153 4153 2426 4196 merantnr
2467 4144 2533 4196 ab
2568 4142 2834 4197 Abraham
2863 4157 2956 4210 per
2982 4141 3148 4195 Jacob
3177 4156 3342 4209 usque
3371 4143 3438 4195 ad
3468 4140 3710 4209 Moysen.

2158 4234 2286 4285 bam
2329 4234 2433 4286 illic
2479 4234 2835 4297 inveniuntur,
2885 4233 2993 4285 fere
3033 4231 3342 4294 duodecim,
3397 4231 3481 4283 hic
3526 4239 3709 4282 autem

2158 4337 2321 4390 usque
2357 4323 2419 4374 ad
2453 4319 2686 4391 Moysen,
2716 4322 2878 4375 ferme
2913 4327 3139 4390 septem;
3189 4321 3331 4375 Fieri
3363 4317 3504 4374 enim
3540 4305 3716 4386 potuit

487 4429 659 4471 mitem
690 4431 838 4468 soror
869 4412 1027 4464 Lotun
1058 4410 1313 4472 'I'lmmna,
1362 4419 1407 4462 et
1451 4409 1535 4461 isti
1578 4419 1696 4461 sunt
1732 4408 1830 4475 ﬁlii
1861 4407 2050 4471 Sobal,
2079 4385 2130 4443 D
2159 4421 2213 4464 ut
2256 4413 2373 4464 ideo
2421 4413 2490 4466 ibi
2534 4413 2711 4482 plures
2754 4414 3173 4477 nominarentur,
3224 4414 3344 4481 quia
3391 4413 3548 4464 citius
3595 4426 3712 4464 mo-

491 4510 684 4568 Alran,
737 4515 782 4558 ct
831 4503 1104 4565 Mrtua/tat,
1137 4511 1239 4554 etc.
1297 4499 1420 4554 llaec
1449 4510 1533 4553 est
1563 4498 1803 4552 Than'tna
1845 4500 1909 4552 de
1947 4504 2052 4567 Qua

490 4599 746 4666 scripturn
787 4604 908 4647 cst:
965 4592 1029 4644 Et
1082 4590 1314 4643 Thamna
1357 4600 1464 4643 erat
1503 4591 1789 4642 concubina
1833 4588 2056 4658 Elipltaz

492 4689 585 4754 filii
627 4684 947 4754 primogeniti
1007 4681 1180 4741 Esau,
1232 4696 1293 4732 ex
1341 4681 1453 4748 ipsa
1502 4690 1652 4732 natus
1699 4688 1772 4731 est
1821 4677 2050 4731 Amalec.

494 4777 694 4830 idcirco
722 4785 894 4827 autem
929 4773 1268 4825 llorrtcorum
1305 4770 1612 4823 recordatus
1642 4778 1756 4831 est,
1791 4770 1914 4836 quia
1946 4766 2058 4836 pri-

494 4865 794 4932 mogenitus
820 4862 1045 4914 ﬁliorum
1074 4861 1212 4913 Esau
1241 4874 1304 4913 ex
1335 4859 1540 4911 tiliabus
1565 4873 1748 4912 eorum
1777 4866 2056 4926 acceperat

496 4954 864 5006 (cncubinam.
905 4950 1055 5014 Quod
1085 4958 1258 5002 autem
1285 4949 1496 5012 dicitur,
1530 4947 1769 5001 Theman
1800 4956 1850 4999 et
1879 4946 2051 5000 Cenes

494 5056 546 5097 ct
573 5041 855 5103 Amalech,
894 5049 946 5092 et
985 5039 1213 5107 reliqua,
1261 5040 1492 5093 sciamus
1533 5046 1715 5107 postea
1749 5037 2055 5106 regionibus

494 5131 842 5186 ldttrrneorum
873 5145 936 5181 ex
966 5127 1049 5180 his
1075 5127 1324 5182 vocabula
1355 5128 1618 5198 impOsita.

566 5221 632 5274 Et
671 5221 721 5274 hi
762 5219 858 5289 ﬁlii
899 5218 1128 5280 Sebeon,
1170 5217 1266 5268 Aia
1297 5232 1342 5270 et
1375 5219 1505 5270 Ana.
1565 5216 1666 5270 Iste
1703 5227 1776 5270 est
1814 5218 1927 5270 Ana
1965 5219 2053 5286 qui

494 5313 680 5365 inuenit
729 5327 889 5382 aquas
937 5308 1139 5362 calidas
1188 5307 1242 5359 in
1288 5307 1566 5360 solitudine
1595 5349 1608 5371 ,
1659 5323 1776 5360 cum
1825 5317 2052 5376 pasceret

498 5405 667 5453 asino:
703 5399 888 5452 Sebcon
920 5401 1081 5468 patris
1122 5398 1234 5459 sui,
1281 5404 1333 5448 ct
1371 5396 1588 5463 reliqua.
1638 5397 1692 5449 In
1734 5396 1837 5450 alia
1877 5407 2051 5450 autem

496 5488 724 5540 uiitiune
749 5489 818 5540 ita
844 5487 1031 5556 legitur
1057 5506 1068 5538 :
1101 5486 1219 5555 Ipse
1241 5495 1314 5537 est
1338 5485 1471 5546 Ana,
1491 5487 1576 5554 qui
1603 5487 1786 5538 invenit
1814 5487 2054 5539 haicmim

498 5593 548 5625 tit
593 5578 808 5640 deserto.
858 5593 970 5628 cum
1018 5587 1244 5645 {misceret
1293 5576 1466 5627 asinos
1510 5573 1702 5626 Scl'eon
1745 5577 1907 5641 patris
1951 5578 2052 5629 sui.

2159 4501 2341 4554 riendo
2385 4501 2582 4568 plures,
2627 4502 2758 4556 alter
2798 4501 2950 4554 alteri
2995 4511 3384 4556 successerunt.
3436 4500 3526 4553 Sic
3567 4503 3712 4555 enim

2159 4593 2380 4661 contigit
2417 4602 2473 4644 ut
2511 4593 2575 4646 ad
2607 4592 2767 4645 alium
2795 4593 3033 4646 ordinem
3071 4607 3296 4660 sequens
3333 4589 3614 4642 Matthazns
3644 4591 3713 4643 ab

2158 4682 2426 4735 Abraham
2469 4696 2639 4748 usque
2675 4681 2738 4734 ad
2778 4679 3003 4750 Ioseph,
3049 4680 3399 4749 quadraginta
3445 4679 3578 4732 duas
3621 4694 3714 4748 ge-

2159 4772 2461 4824 nerationes
2510 4780 2770 4824 numeret.
2835 4769 3004 4824 Lucas
3055 4778 3232 4822 autem
3274 4772 3328 4822 in
3371 4770 3559 4823 ordine
3606 4769 3713 4820 alio

2157 4875 2446 4914 numerans
2481 4860 2866 4928 generationes,
2908 4874 3011 4911 non
3047 4873 3146 4925 per
3182 4857 3537 4916 Salomonem,
3570 4857 3713 4910 sicut

2157 4951 2243 5004 il.c
2293 4964 2386 5019 per
2450 4949 2694 5014 Nathan,
2754 4951 2818 5003 ah
2873 4950 3141 5002 Abraham
3195 4963 3360 5016 usque
3404 4949 3468 5001 ad
3511 4947 3710 5016 Joseph

2157 5042 2543 5110 quinquaginta
2581 5043 2813 5108 quinque
2852 5045 3250 5092 commemoret.
3299 5036 3354 5089 ιιι
3399 5036 3488 5092 illo
3515 5039 3714 5106 quippe

2158 5131 2366 5193 ordine,
2405 5131 2495 5182 ubi
2531 5128 2707 5197 plures
2743 5136 3111 5190 numerantur,
3161 5127 3320 5181 citius
3366 5127 3560 5182 mortui
3587 5134 3714 5181 sunt

2158 5235 2316 5288 quam
2361 5219 2447 5273 hic
2491 5219 2578 5271 ubi
2622 5219 2917 5287 pauciores.
2979 5216 3054 5270 Ne
3100 5215 3237 5272 forte
3279 5227 3456 5271 autem
3500 5226 3717 5271 moveat

2160 5312 2388 5378 aliquem
2451 5311 2590 5380 quod
2655 5310 2792 5362 inter
2841 5322 2990 5377 rcges
3037 5309 3203 5362 Edom
3259 5317 3717 5362 commemoratur

2157 5400 2316 5452 italae
2361 5399 2498 5454 illius
2543 5399 2695 5462 lteor,
2735 5406 2789 5451 et
2827 5398 2889 5452 dc
2935 5397 3278 5452 similitudine
3323 5398 3553 5451 nominis
3596 5396 3714 5450 exi-

2160 5492 2341 5563 stimet
2384 5488 2526 5541 illum
2569 5502 2686 5542 esse
2726 5487 2898 5552 Balac,
2934 5489 3023 5557 qui
3060 5489 3255 5542 restitit
3291 5488 3455 5557 Moysi
3498 5486 3716 5540 ducenti

2159 5578 2407 5645 pupulum
2454 5576 2632 5639 Israel,
2671 5577 2802 5630 sciat
2839 5577 2986 5629 illan
3025 5575 3179 5630 Balac
3210 5576 3492 5630 Moabitcm
3522 5574 3719 5638 fuisse,
