3948 6336
271 301 366 361 (ξθι

1291 297 1634 358 COMMENT.
1675 297 1740 353 ΙΝ
1775 297 2087 356 CENESJM.
2131 329 2198 342 -—-
2235 298 2358 355 LIB.
2399 298 2480 356 m.

3374 302 3474 366 629

271 435 374 473 non
423 419 739 482 ldumteum,
790 433 1016 489 eumque
1062 419 1240 475 fuisse,
1267 417 1432 471 ﬁlium
1473 415 1681 486 Sepbor
1715 431 1819 470 non
1846 420 1894 479 Α
1923 416 1991 471 sit
2016 402 2210 484 factus,
2243 429 2296 474 et
2320 420 2584 474 venditus.
2619 419 2722 473 Aut
2749 434 2874 490 ergo
2915 422 3100 483 eodem
3155 437 3297 478 anno
3318 426 3476 495 septi-

269 512 437 566 ﬁtium
470 512 629 574 Bcor,
675 512 768 565 sed
812 510 976 567 fuisse
1011 513 1175 566 etiam
1217 511 1287 565 ibi
1328 519 1456 564 tunc
1492 510 1655 574 ﬁlium
1686 509 1822 564 Beor

269 602 505 664 Balaam,
535 615 636 656 non
671 599 864 654 Balac:
898 615 1055 670 quem
1079 600 1293 652 BaLaam
1319 600 1651 654 conduxerat
1683 599 1822 656 idem

271 693 432 746 Balac
459 693 524 746 ad
549 691 969 747 maledicendum
997 679 1248 761 p0pulum
1273 691 1458 746 Israel.

342 784 580 840 Mortuus
609 794 681 837 est
709 792 880 837 autem
913 783 1055 845 Beia,
1095 791 1143 835 et
1174 783 1401 851 regnavit
1440 795 1533 851 pro
1571 796 1630 835 eo
1659 778 1821 836 Iacob

269 873 411 942 ﬁlius
441 872 574 928 Zare
600 874 662 927 de
689 872 874 937 Bosra,
902 881 1004 926 etc.
1055 871 1206 926 llunc
1232 871 1446 942 quidam
1487 870 1825 939 suspicantur

270 979 389 1019 esse
420 963 548 1027 Iob,
593 972 652 1018 ut
690 963 887 1025 inﬁne
914 961 1197 1016 voluminis
1237 960 1404 1030 ipsius
1440 958 1677 1012 additum
1719 966 1819 1012 est.

269 1053 465 1108 Contra
495 1045 702 1107 llebrmi
733 1061 1008 1112 asserunt,
1053 1051 1116 1104 de
1145 1048 1357 1103 Naehor
1385 1063 1505 1104 eum
1536 1047 1701 1115 stirpe
1732 1058 1822 1116 ge-

270 1149 535 1205 neratum,
567 1148 624 1193 ut
643 1138 756 1207 jam
784 1153 941 1207 supra
973 1138 1172 1198 dictum
1201 1145 1299 1191 est.

817 1228 1039 1283 CAPUT
1062 1227 1262 1300 .XXVI.

579 1319 654 1373 De
682 1319 869 1388 Ioseph
895 1319 1092 1372 somnio
1126 1318 1262 1388 quod
1299 1320 1511 1372 viderat.

339 1409 486 1481 (CAP.
521 1408 748 1480 xxxvii.)
769 1409 958 1477 Ioseph
995 1424 1110 1461 cum
1133 1416 1261 1461 esset
1299 1393 1517 1461 sedecim
1549 1420 1824 1468 annorum,

267 1498 506 1569 pascebat
526 1513 724 1568 gregem
751 1513 866 1556 cum
882 1486 1137 1567 fratribus
1162 1497 1269 1550 suis
1300 1495 1468 1548 adhuc
1490 1510 1633 1564 puer.
1687 1492 1827 1559 Quo-

269 1591 427 1645 modo
453 1572 683 1658 potuerit
726 1604 868 1644 mors
897 1588 1065 1653 Isaac,
1094 1588 1276 1647 decem
1320 1594 1374 1641 et
1429 1593 1630 1655 septem
1663 1597 1828 1640 anno-

269 1697 387 1752 rum
439 1680 674 1735 invenire
691 1677 884 1747 Ioseph
909 1679 1022 1749 ejus
1045 1686 1314 1748 nepotem,
1338 1676 1696 1733 sicutvidetur
1716 1684 1828 1730 tan-

1921 523 2008 582 tno
2039 508 2265 570 decimo.
2294 518 2384 563 aut
2409 510 2570 564 etiam
2595 510 2863 578 aliquanto
2887 514 3054 593 major
3072 515 3216 569 venit
3243 516 3293 579 in
3317 515 3479 588 ,(Εςγο

1919 608 2067 669 ptum
2097 615 2159 656 ac
2179 617 2275 670 per
2301 602 2402 657 hoc
2438 603 2689 669 utrolibet
2710 603 2866 664 modo
2913 616 3186 676 permanet
3231 609 3472 677 quaestio.

1923 686 1980 743 Si
2001 689 2140 742 enim
2169 691 2348 746 decem
2374 701 2428 746 et
2457 700 2660 761 septem
2687 708 2947 748 annorum
2978 693 3077 750 fuit
3102 705 3229 766 post
3252 706 3475 753 inertem

1922 777 2005 830 avi
2027 778 2125 841 sui,
2155 783 2368 848 quando
2401 791 2554 851 pater
2577 781 2690 851 ejus
2713 791 2931 841 centum
2970 785 3152 854 viginti
3174 771 3311 843 fuit.
3353 800 3476 855 pro-

1922 867 2060 923 fecto
2088 883 2227 924 anno
2255 871 2368 940 ejus
2392 872 2657 926 tricesimo
2680 881 2733 944 et
2748 887 2906 938 nono,
2939 875 3151 942 quando
3175 875 3339 930 Iacob
3379 890 3470 930 vc.-

1922 957 2001 1011 nit
2029 958 2079 1012 in
2103 957 2411 1029 AEgyptum,
2459 968 2672 1014 centum
2732 963 3081 1034 quadraginta
3132 965 3263 1018 duos
3309 978 3477 1020 annos

1900 1043 2063 1107 'ldcm
2092 1045 2260 1115 Iacob
2289 1062 2448 1119 agere
2485 1049 2682 1103 debuit.
2740 1048 2862 1102 Fuit
2915 1060 3087 1105 autem
3138 1061 3260 1107 tunc
3311 1051 3476 1108 Iacob

1925 1144 2134 1192 centum
2165 1137 2401 1208 triginta,
2428 1154 2490 1207 ac
2514 1155 2609 1208 per
2632 1139 2732 1194 hoc
2757 1141 2798 1194 si
2821 1141 3001 1198 decem
3020 1151 3071 1197 et
3087 1152 3284 1212 septem
3313 1161 3478 1202 anno-

1929 1242 2042 1280 rum
2061 1225 2256 1296 Joseph
2297 1229 2349 1282 in
2387 1229 2670 1299 Egyplum
2696 1240 2776 1285 est
2796 1232 3058 1298 venditus,
3099 1244 3220 1288 ante
3276 1235 3474 1292 duode-

1927 1316 2029 1369 cim
2060 1331 2228 1370 annos
2251 1332 2410 1385 quam
2441 1328 2735 1376 moreretur
2781 1335 2911 1374 avus
2943 1320 3075 1388 ejus,
3121 1324 3366 1379 venditus
3399 1324 3478 1379 iri-

1926 1405 2155 1464 venitur.
2182 1406 2370 1464 Decem
2395 1415 2448 1462 et
2473 1417 2674 1478 septem
2714 1411 2858 1472 enim
2905 1427 3164 1465 annorum
3211 1428 3326 1468 esse
3371 1429 3478 1472 non

1922 1497 2116 1569 potuit,
2149 1498 2248 1551 nisi
2279 1507 2402 1552 ante
2424 1499 2701 1555 duodecim
2731 1517 2898 1562 annos
2928 1503 3115 1562 mortis
3152 1504 3315 1566 Isaae,
3347 1514 3477 1559 cen-

1930 1585 2118 1638 tesimo
2150 1595 2202 1639 et
2223 1594 2413 1640 octavo
2467 1601 2606 1641 anno
2644 1589 2812 1656 patris
2857 1590 2937 1644 sui
2984 1588 3171 1646 Iacob.
3215 1592 3308 1646 llis
3334 1577 3475 1646 enim

1929 1690 2050 1730 cum
2075 1663 2427 1744 adjecerimus
2448 1677 2632 1747 viginti
2655 1678 2785 1733 duos
2811 1693 2996 1745 annos,
3050 1682 3242 1748 quibus
3279 1680 3474 1752 Ioseph

267 1785 426 1838 quam
454 1783 518 1822 ex
567 1769 750 1823 ordine
787 1768 1062 1838 Scriptura
1121 1783 1340 1822 narrare
1369 1786 1382 1831 ;
1412 1781 1726 1836 quocunque
1768 1781 1825 1821 se
1854 1761 1898 1818 B
1928 1778 2092 1832 usque
2119 1765 2184 1816 ad
2212 1764 2495 1820 adventum
2517 1766 2685 1835 patris
2706 1767 2787 1821 sui
2819 1768 2920 1822 fuit
2949 1769 2999 1821 in
3046 1770 3294 1839 Egypto,
3349 1770 3477 1824 ﬁent

266 1859 494 1929 quisque
522 1867 817 1921 convertat,
847 1857 1086 1912 invenire
1121 1856 1329 1911 difﬁcile
1365 1865 1464 1911 est.
1499 1856 1631 1911 Nolo
1685 1855 1824 1916 enim

267 1947 446 2001 dicere
478 1964 580 2001 non
603 1963 756 2015 posse
791 1947 1032 2010 inveniri,
1091 1962 1156 2000 ne
1207 1945 1343 2004 forte
1379 1961 1465 2002 me
1493 1946 1657 2018 fugiat
1685 1946 1827 2016 quod

268 2037 428 2091 alium
459 2053 562 2091 non
605 2033 753 2112 fugit.
787 2036 841 2090 Si
866 2037 1008 2090 enim
1037 2043 1156 2114 post
1186 2044 1410 2090 mortem
1429 2028 1513 2090 avi
1542 2037 1622 2090 sui
1660 2035 1824 2098 Isaac,

269 2124 453 2177 decem
478 2135 525 2178 et
561 2136 760 2192 septem
800 2139 1056 2178 annorum
1082 2121 1420 2194 fuitIoseph,
1470 2127 1679 2194 quando
1706 2139 1826 2178 eum

269 2213 465 2268 fratres
486 2214 538 2267 in
566 2214 851 2284 [Egyptum
881 2214 1248 2278 vendiderunt,
1268 2214 1451 2283 procul
1479 2215 1636 2268 dubio
1658 2222 1828 2283 etpa-

271 2310 351 2354 ter
377 2301 557 2365 Iacob,
587 2303 810 2371 septimo
837 2302 1043 2355 decimo
1079 2300 1172 2354 ﬁlii
1198 2305 1279 2356 sui
1308 2316 1446 2355 anno
1468 2301 1678 2370 Ioseph,
1706 2294 1829 2356 cen-

271 2401 382 2445 tum
408 2391 588 2462 viginti
618 2406 875 2449 aunorum
909 2390 1024 2445 fuit.
1065 2389 1259 2454 Genuit
1305 2399 1482 2448 autem
1535 2406 1626 2445 eos
1659 2391 1824 2469 ls'aac,

270 2495 390 2534 cum
413 2489 552 2550 esset
577 2495 835 2541 annorum
865 2479 1325 2550 sexagintapsieut
1353 2479 1607 2549 scriptum
1631 2479 1830 2533 εει.γί-

269 2573 346 2624 :n't
373 2587 491 2640 ergo
517 2570 671 2634 Isaac
683 2580 854 2640 postea
887 2579 1087 2642 centum
1127 2571 1306 2639 viginti
1328 2586 1510 2632 annos,
1537 2569 1660 2639 quia
1707 2585 1824 2636 ceu-

271 2670 380 2712 tum
413 2661 666 2728 octoginta
689 2669 919 2712 mortuus
948 2667 1039 2720 est.
1064 2659 1266 2713 Idcirco
1288 2658 1498 2735 reliquit
1527 2657 1662 2710 ﬁlios
1699 2672 1825 2712 cen-

270 2760 383 2825 tum
425 2751 611 2822 viginti
652 2748 818 2822 annos
856 2747 1078 2812 habens,
1117 2760 1170 2803 ct
1195 2749 1597 2819 Iosephdeeem
1624 2758 1678 2804 et
1704 2764 1823 2817 sep-

273 2827 618 2910 tem.Ioscph
651 2849 826 2894 autem
864 2841 1111 2909 quoniam
1152 2839 1254 2907 fuit
1287 2839 1501 2910 triginta
1544 2854 1824 2918 annorum,

271 2932 483 3000 quando
509 2930 752 3002 apparuit
773 2930 824 2982 in
847 2939 1131 2997 conspectu
1162 2929 1475 2998 Pharaonis,
1514 2913 1677 2984 secuti
1703 2937 1826 2980 sunt

271 3029 449 3074 autem
474 3029 672 3088 septem
709 3020 833 3072 anni
876 3019 1134 3073 ubertatis
1176 3027 1228 3072 et
1282 3018 1388 3077 duo
1430 3004 1607 3082 famis,
1659 3017 1825 3073 donec

1925 1854 2097 1912 {etatis
2122 1854 2244 1906 anni
2271 1853 2464 1918 Ioseph
2491 1854 2705 1927 triginta
2737 1872 2947 1922 novem,
2983 1865 3035 1912 et
3054 1857 3215 1913 Iacob
3264 1869 3474 1926 centum

1929 1941 2163 2011 triginta,
2194 1950 2247 1996 et
2277 1943 2417 1998 nulla
2448 1944 2550 1998 erit
2601 1945 2840 2013 qumstio.
2879 1930 2989 2006 Sed
3037 1949 3283 2016 quoniam
3336 1949 3477 2005 Scri-

1925 2040 2078 2100 ptura
2101 2041 2219 2100 post
2235 2032 2622 2088 mortcmlsaac
2649 2035 2746 2089 ista
2770 2036 3033 2106 narravit,
3052 2046 3265 2104 putatur
3284 2037 3475 2110 Ioseph

1925 2133 2044 2190 post
2073 2121 2307 2192 cjusoem
2336 2124 2419 2176 avi
2445 2125 2527 2176 sui
2556 2133 2802 2189 mortem,
2835 2126 3014 2180 decem
3055 2135 3107 2180 et
3155 2136 3354 2197 septem
3385 2144 3479 2181 an-

1925 2229 2116 2268 norum
2185 2212 2365 2268 fuisse.
2422 2215 2752 2286 Quapropter
2796 2217 3194 2288 intelligamus,
3252 2222 3316 2273 (5e
3372 2221 3476 2273 vita

1927 2303 2090 2365 Isaac,
2128 2310 2378 2378 tanquam
2409 2304 2630 2358 multum
2653 2304 2906 2375 decrepiti
2931 2308 3042 2363 seni
3079 2310 3306 2362 tacuisse
3335 2308 3478 2364 Seri-

1927 2401 2156 2466 pturam,
2174 2408 2293 2445 eum
2311 2393 2375 2447 de
2389 2392 2552 2448 Iacob
2568 2401 2619 2448 et
2634 2394 2749 2462 ejus
2775 2394 2896 2449 ﬁliis
2912 2394 3231 2465 loqueretur,
3254 2399 3368 2450 vivo
3397 2406 3476 2451 tu-

1929 2497 2046 2536 men
2069 2482 2236 2548 Isaac,
2255 2483 2434 2537 decem
2461 2491 2514 2538 et
2537 2494 2738 2554 septem
2767 2500 3022 2540 annorum
3057 2501 3175 2554 esse
3200 2489 3360 2557 C(Bpil.
3383 2488 3473 2542 Io-

1929 2571 2079 2640 seph.
2389 2638 2397 2646 .

1981 2660 2062 2722 ,Et
2095 2671 2203 2720 erat
2230 2677 2346 2714 cum
2374 2661 2496 2730 ﬁliis
2526 2660 2671 2716 Βαίας
2704 2673 2750 2715 et
2799 2659 3008 2736 Zelplzaz
3051 2679 3268 2719 uasorum
3315 2665 3478 2733 patris

1926 2752 2006 2803 sui
2029 2751 2655 2822 ;.accusaritque,[ratres
2693 2765 2810 2805 suos
2851 2753 2989 2823 apud
3024 2762 3220 2822 patrem
3266 2754 3477 2807 crimine

1923 2825 2163 2909 pessimo.
2191 2839 2358 2893 Israel
2397 2826 2567 2894 autem
2597 2841 2839 2916 diligebat
2896 2842 3085 2912 Ioseph
3123 2860 3276 2913 super
3301 2859 3475 2897 omnes

1923 2931 2058 2997 ﬁlios
2084 2947 2225 2996 suos,
2252 2948 2310 2984 eo
2333 2931 2469 3000 quod
2494 2932 2547 2984 in
2574 2941 2826 2986 senectute
2852 2937 3104 3004 genuisset
3142 2950 3274 2988 eum.
3306 2933 3479 2988 Facito

1925 3036 2020 3089 que
2071 3020 2118 3072 ei
2183 3020 2408 3080 tunicam
2466 3018 2781 3094 polymitam.
2808 3019 3002 3091 Ioseph
3032 3038 3165 3076 unus
3186 3037 3252 3076 ex
3281 3023 3477 3076 duodco

270 3113 338 3164 ad
361 3125 480 3163 cum
519 3121 666 3179 pater
709 3125 827 3163 cum
878 3109 1126 3186 fratribus
1179 3109 1322 3164 venit
1350 3126 1368 3173 ;
1399 3110 1614 3179 triginta
1635 3123 1822 3164 novem
1850 3102 1892 3164 C
1925 3110 2026 3163 cim
2052 3109 2172 3163 ﬁliis
2190 3108 2371 3174 Iacob,
2396 3125 2553 3178 quem
2583 3118 2735 3184 pater
2751 3126 2860 3180 prae
2889 3113 3098 3166 caeteris
3122 3113 3303 3166 dilexit
3333 3113 3474 3178 ﬁliis,

271 3204 511 3272 profecto
540 3217 705 3254 annos
727 3202 915 3268 agebat
944 3199 1157 3275 Ioseph,
1197 3198 1405 3273 quando
1443 3196 1604 3260 Iacob
1659 3198 1823 3256 intra-

271 3292 348 3342 vit
378 3290 680 3364 Algyptum.
716 3287 1066 3341 Tuue’autem
1088 3286 1269 3350 Iacob,
1297 3287 1436 3356 quod
1451 3302 1543 3361 ore
1572 3301 1667 3341 suo
1683 3285 1820 3339 Pha-

271 3382 420 3433 raoni
450 3381 594 3442 dicit,
621 3380 966 3433 centesimum
995 3386 1048 3432 et
1094 3378 1420 3445 trigesimum
1467 3391 1662 3431 annum
1702 3391 1824 3444 age-

272 3471 361 3523 bat
397 3471 586 3533 aetatis,
619 3480 828 3523 centum
858 3477 1034 3530 autem
1072 3481 1125 3524 et
1146 3469 1328 3539 viginti
1378 3466 1558 3531 Iacob,
1613 3467 1823 3536 quando

271 3570 389 3612 erat
415 3559 593 3612 decem
625 3571 675 3612 ct
703 3567 903 3636 septem
925 3557 1147 3628 Ioseph:
1179 3559 1318 3628 quod
1343 3573 1523 3612 verum
1539 3572 1656 3612 esse
1681 3557 1824 3611 nullo

272 3651 430 3704 modo
457 3659 645 3719 potest.
681 3650 734 3711 Si
773 3652 913 3704 enim
952 3650 1157 3706 decimo
1184 3651 1480 3724 etscptimo
1521 3664 1660 3704 anno
1705 3646 1825 3703 vitae

269 3741 674 3810 Ioseph,Iacob
710 3751 920 3800 centum
957 3751 1010 3797 et
1034 3743 1218 3817 viginti
1241 3751 1442 3812 ageret,
1472 3740 1826 3812 proculdubio

274 3834 548 3905 trigesimo
574 3843 626 3890 et
649 3849 796 3914 nono.
816 3849 951 3891 anno
976 3831 1194 3903 Ioseph,
1230 3848 1331 3890 non
1350 3843 1568 3904 centum
1588 3834 1822 3905 triginta,

265 3927 365 3986 sed
386 3934 594 3979 centum
625 3927 1067 4000 etquadraginta,
1096 3934 1151 3979 et
1177 3927 1308 3980 duos
1329 3942 1513 3992 annos,
1563 3941 1720 3999 agere
1745 3929 1823 3984 in-

272 4016 544 4069 veniretur
567 4014 750 4085 Iacob.
770 4015 835 4069 Si
852 4026 1027 4071 autem
1053 4015 1137 4068 die
1158 4017 1342 4070 mortis
1395 4017 1564 4082 lsaae,
1589 4021 1822 4074 nondum

271 4118 390 4162 erat
417 4123 672 4162 annorum
703 4107 880 4161 decem
904 4118 956 4160 et
978 4106 1425 4177 septemJoseph.
1451 4110 1541 4163 sed
1591 4110 1826 4178 aliquan-

273 4197 385 4252 tulo
412 4206 644 4273 tempore
674 4207 801 4263 post
829 4204 1050 4250 mortem
1083 4198 1164 4251 avi
1185 4197 1282 4262 sui,
1312 4199 1375 4250 ad
1415 4199 1692 4265 septimum
1735 4199 1825 4252 de-

271 4286 470 4338 cimum
491 4285 966 4360 pervenitannum,
982 4299 1086 4352 quo
1108 4299 1265 4352 anno,
1284 4285 1552 4355 Scriptura
1575 4295 1821 4351 testante,

271 4376 326 4429 iu
357 4375 643 4446 .Egyptum
669 4383 750 4431 est
777 4390 807 4428 a
836 4374 1091 4430 fratribus
1111 4376 1376 4442 venditus,
1412 4376 1637 4446 plurium
1662 4378 1822 4430 etiam

1924 3197 2194 3252 Christum
2223 3197 2502 3252 Dominum
2535 3199 2798 3268 ﬁguravit,
2842 3215 2999 3270 quem
3033 3202 3168 3270 Deus
3189 3201 3347 3257 Pater
3393 3218 3479 3258 sc-

1923 3287 2154 3342 eundum
2184 3301 2398 3341 carnem
2428 3296 2629 3351 uatum,
2660 3290 2870 3354 caeteris
2891 3289 3140 3344 fratribus
3160 3306 3223 3346 ex
3251 3291 3475 3346 Ahrahm

1923 3375 2086 3447 stirpe
2114 3377 2405 3445 progenitis
2434 3377 2684 3447 praztulit.
2712 3377 2890 3448 (Isid.)
2916 3378 3061 3432 Unde
3087 3389 3139 3434 et
3160 3382 3229 3434 ibi
3255 3383 3471 3437 dicitur:

1902 3541 1904 3543 j
1925 3466 2142 3520 Amabat
2163 3484 2278 3520 eum
2299 3466 2480 3531 Iacob,
2503 3485 2559 3521 eo
2581 3468 2715 3537 quod
2736 3469 2786 3521 in
2802 3479 3054 3529 senectute
3071 3473 3470 3539 genuisseteum.

1927 3553 2246 3610 Senesceute
2273 3555 2412 3608 enim
2444 3558 2661 3620 mundo,
2693 3556 3005 3616 illucescens
3030 3559 3119 3612 Dei
3161 3561 3324 3614 Filius
3381 3578 3476 3630 per

1926 3646 2102 3720 Marize
2128 3648 2346 3716 virginis
2371 3645 2602 3715 partum,
2631 3662 2780 3702 serus
2803 3649 3015 3704 advenit
3046 3659 3295 3717 tanquam
3338 3651 3475 3704 ﬁlius

1927 3742 2212 3795 senectutis
2242 3742 2529 3795 secundum
2552 3754 2940 3801 sacramentum
2964 3742 3191 3809 suscepti
3219 3736 3492 3811 corporis,

1921 3831 2013 3903 Aqui
2043 3839 2156 3889 erat
2183 3840 2306 3886 ante
2334 3831 2469 3893 sicut
2500 3846 2707 3902 semper
2745 3831 2886 3903 apud
2909 3831 3139 3902 Patrem.
3163 3831 3339 3897 Fecit,
3395 3831 3475 3886 in-

1926 3924 2058 3992 quit,
2088 3924 2136 3974 ei
2165 3924 2395 3978 tunicam
2425 3923 2753 3998 polymizam,
2785 3925 2834 3976 id
2859 3932 2958 3986 est,
2987 3925 3201 3977 variam.
3221 3923 3345 3977 .Pro
3386 3938 3474 3975 va—

1929 4013 2004 4066 ria
2039 4013 2213 4065 tunica
2252 4013 2438 4080 Aquila
2463 4012 2842 4079 interpretatus
2867 4024 2947 4064 est
2975 4012 3206 4065 tunicam
3226 4015 3479 4088 ἀστραγὲ-

1925 4105 2072 4174 λείαν,
2102 4102 2151 4156 id
2180 4111 2277 4164 est,
2310 4104 2547 4157 talarem.
2585 4101 2956 4171 Symmachus,
2989 4103 3221 4156 tunicam
3251 4104 3478 4155 n'anica-

1925 4201 2052 4258 tam,
2076 4193 2187 4245 sive
2224 4191 2362 4261 quod
2386 4192 2451 4248 ad
2488 4192 2624 4247 talos
2653 4207 2817 4261 usque
2850 4194 3214 4256 descenderet,
3266 4202 3319 4245 et
3364 4209 3473 4246 ma-

1925 4283 2082 4336 nibus
2129 4282 2348 4334 artiﬁcis
2401 4280 2532 4334 mira
2571 4291 2712 4336 esset
2756 4280 3011 4334 varietate
3041 4282 3324 4344 distincta;
3371 4282 3479 4334 sive

1927 4373 2064 4442 quod
2085 4373 2303 4431 haberet
2325 4373 2578 4426 manicas.
2602 4373 2819 4441 Antiqui
2853 4373 2995 4426 enim
3044 4372 3212 4442 magis
3239 4372 3477 4426 collobiis

272 4479 432 4532 quam
463 4472 672 4520 centum
705 4463 1059 4537 quadraginta
1082 4464 1302 4518 duorum
1327 4445 1584 4518 annorum
1608 4481 1724 4519 esse
1738 4445 1899 4522 de~‘~D
1927 4463 2228 4537 utebantur.
2263 4459 2464 4514 Tunica
2493 4469 2668 4515 autem
2694 4460 2970 4529 polymita,
2991 4475 3150 4530 quam
3179 4460 3305 4513 fecit
3326 4462 3478 4527 eipa-

271 4553 389 4605 buit
416 4561 567 4620 pater
592 4551 725 4622 ejus.
753 4552 962 4621 quando
985 4558 1066 4604 est.
1092 4550 1257 4603 ﬁlium
1288 4551 1339 4602 iu
1366 4551 1649 4621 Egyptum
1693 4567 1821 4608 con-

273 4651 506 4694 secutus.
536 4640 808 4708 Scriptura
844 4639 1035 4708 quippe
1063 4647 1404 4707 posteaquam
1443 4637 1682 4690 narravit
1734 4653 1824 4691 au-

273 4746 400 4783 num
441 4728 826 4797 vitm-ullimum
855 4727 1015 4787 Isaac,
1060 4728 1404 4781 centesimum
1458 4734 1509 4780 et
1560 4729 1824 4798 octogesi-

272 4834 442 4881 mum,
478 4826 529 4870 et
556 4814 669 4885 ejus
697 4826 918 4872 mortem
941 4831 1003 4869 ac
1017 4815 1357 4885 sepulturam,
1387 4816 1574 4870 deinde
1598 4830 1826 4870 comme-

274 4905 505 4959 moravit
544 4903 987 4972 quemadmodum
1011 4918 1256 4972 egressus
1281 4912 1424 4959 esset
1471 4904 1605 4958 Esau
1658 4921 1687 4958 a
1719 4905 1823 4958 fra-

273 5004 355 5047 tre
380 5007 478 5046 suo
501 4994 562 5046 de
585 5003 724 5046 terra
755 4991 1007 5046 Chanaan
1052 4993 1102 5046 in
1145 5001 1323 5048 monte
1381 4993 1516 5057 Seir,
1549 5002 1601 5047 et
1645 5004 1825 5049 conte-

271 5084 386 5136 xuit
413 5081 973 5137 commemorationem
1006 5096 1184 5149 regum
1231 5090 1284 5134 et
1327 5082 1623 5150 principum
1653 5082 1824 5151 gentis

271 5172 459 5238 ipsius,
513 5174 565 5226 in
614 5187 824 5243 quase
863 5172 1290 5245 constituit,,vel
1338 5188 1495 5240 quam
1517 5173 1828 5244 propagavit

269 5263 432 5318 Esau.
471 5262 596 5323 Post
617 5264 728 5316 haec
748 5264 1103 5320 narrationem
1134 5261 1198 5314 de
1223 5261 1418 5332 Ioseph
1441 5264 1517 5316 sic
1539 5263 1711 5316 intulit
1741 5263 1823 5315 di-

270 5366 426 5408 cens:
459 5351 738 5406 Habitabat
762 5350 925 5404 Iacob
945 5353 1173 5422 interra
1198 5349 1465 5407 Chanaan.
1529 5351 1620 5404 Ha:
1645 5359 1821 5406 autem

267 5447 631 5509 procreatum:
653 5437 832 5500 Iacob,
850 5438 1043 5509 Ioseph
1060 5441 1239 5500 decem
1260 5447 1314 5493 et
1340 5448 1540 5508 septem
1564 5455 1821 5493 annorum

269 5539 385 5583 erat
416 5543 642 5599 pascens
668 5544 787 5584 eum
833 5529 1080 5584 fratribus
1126 5544 1271 5582 oves.
1318 5529 1516 5584 Deinde
1572 5539 1822 5584 narratur

271 5638 432 5678 causa
459 5621 809 5683 somniorum,
839 5621 1278 5688 quemadmodum
1305 5619 1518 5674 odiosus
1570 5618 1821 5674 fratribus

1927 4559 2026 4613 ter,
2057 4536 2345 4602 secundum
2367 4548 2693 4619 allegoriam,
2731 4549 3044 4602 varietatem
3071 4549 3381 4618 populorum
3411 4565 3477 4603 ex

1924 4641 2172 4700 omnibus
2203 4642 2445 4710 gentibus
2496 4641 2550 4694 in
2586 4655 2808 4710 corpore
2853 4640 3050 4695 Christi
3087 4652 3476 4711 congregatum,

1926 4729 2256 4800 signiﬁcavit.
2283 4729 2411 4785 item
2441 4730 2545 4785 alio
2573 4729 2748 4784 modo.
2770 4728 2965 4799 Ioseph
2990 4730 3079 4798 qui
3119 4730 3260 4783 inter
3287 4730 3478 4784 fratres

1926 4821 2168 4877 undecim
2194 4836 2358 4889 usque
2385 4821 2449 4874 ad
2489 4819 2647 4887 ﬁnem
2689 4817 2864 4886 justus
2889 4813 3260 4888 perseverasse
3282 4815 3477 4872 descri-

1924 4910 2084 4971 bitur,
2112 4909 2253 4966 solus
2299 4909 2515 4966 talarem
2563 4909 2796 4962 tunicam
2850 4908 3100 4962 habuisse
3152 4907 3475 4976 perhibetur.

1925 5000 2060 5065 Quid
2113 5009 2194 5054 est
2215 5015 2341 5070 ergo
2371 5001 2554 5055 talaris
2577 5000 2771 5063 tunica,
2797 4998 2896 5052 nisi
2928 4999 3067 5053 actio
3094 5007 3474 5053 consummata.

1926 5087 2125 5158 (Greg.)
2155 5089 2312 5153 Quasi
2365 5089 2506 5144 enim
2560 5102 2816 5157 propensa
2844 5088 3021 5143 tunica
3049 5088 3210 5142 talum
3241 5090 3478 5164 corporis

1927 5177 2182 5246 coeperit,
2208 5192 2328 5230 cum
2374 5177 2512 5236 bona
2538 5179 2676 5231 actio
2701 5185 2826 5232 ante
2849 5177 2938 5236 Dei
2981 5177 3182 5240 oculos,
3227 5191 3393 5247 usque
3413 5179 3478 5231 ad

1928 5268 2050 5320 vitre
2069 5268 2355 5321 terminum
2386 5281 2483 5322 nos
2507 5266 2656 5336 tegit.
2689 5265 2840 5321 Unde
2868 5272 2921 5320 et
2943 5269 3040 5334 'per
3063 5253 3475 5336 Moysen,cauda

1928 5355 2115 5410 hostiae
2143 5354 2195 5408 in
2218 5353 2373 5408 altari
2394 5351 2577 5408 offerri
2595 5353 2924 5422 praecipitur,
2969 5361 3028 5406 ut
3052 5352 3294 5409 videlicet
3321 5365 3479 5406 omne

1925 5445 2120 5502 bonum
2145 5445 2284 5514 quod
2304 5444 2604 5513 incipimus,
2631 5443 2794 5496 etiam
2821 5442 3180 5511 perseveranti
3212 5440 3315 5494 ﬁne
3333 5447 3477 5496 ennio

1925 5534 2178 5604 pleamus.

1949 5653 1968 5668 κ
2008 5622 2243 5678 Videntes
2289 5635 2459 5679 autem
2517 5624 2698 5677 fratres
2750 5623 2880 5693 ejus,
2938 5623 3074 5693 quod
3115 5641 3146 5676 a
3181 5628 3324 5694 patre
3352 5614 3468 5692 plus
