3948 6332
427 410 529 465 025

1051 401 1112 456 Β.
1141 400 1401 456 'RABANI
1440 397 1656 454 MAURI
1691 391 2005 450 ARCHIEP.
2050 389 2354 446 MOGUNT.
2395 387 2676 445 OPERUSI
2711 385 2892 442 PARS
2928 386 2968 440 ί.

3545 381 3648 438 bii

428 521 622 574 uinctis
650 515 771 587 ﬁliis
793 523 1082 577 amaretur,
1108 513 1321 566 oderant
1350 526 1486 572 eum,
1521 524 1610 562 nec
1656 514 1888 575 poterant
1937 503 1990 556 et
2021 507 2070 564 Α
2096 511 2279 554 cuncta
2309 515 2553 570 prospera
2580 503 2682 555 sint
2702 515 2822 567 erga
2853 499 3040 587 fratres
3067 506 3182 549 tuos
3202 503 3250 549 et
3274 507 3482 587 pecora,
3505 507 3550 548 et
3572 507 3652 550 re.

429 610 706 681 quidquam
740 606 954 677 pacifice
990 605 1150 674 loqui.
1196 602 1411 654 Fratres
1440 598 1639 653 Christi
1696 594 1987 683 secundum

429 703 606 756 carnis
659 698 990 754 nativitatem
1040 693 1206 754 Iudaei
1235 697 1409 753 erant,
1436 689 1502 766 de
1537 699 1762 755 quorum
1788 695 1988 752 cogna-

433 791 576 844 tione
601 789 714 858 ipsa
731 784 1032 841 humanitas
1053 777 1425 847 Redemptoris
1453 779 1854 842 suscepta'erat.

432 881 559 942 quia
593 857 854 940 viderant,
876 871 1015 942 quod
1037 869 1205 939 major
1232 867 1404 937 gratia
1431 865 1687 922 virtutum
1721 861 1777 916 in
1803 874 1869 914 eo
1899 857 1993 914 lie-

433 972 545 1035 hat,
592 983 709 1039 qua!
752 963 1044 1020 testabatur
1079 961 1174 1017 Dei
1213 958 1390 1014 Patris
1410 948 1731 1042 praecipuam
1752 953 1991 1012 dilectio-

437 1076 577 1123 nem,
609 1057 914 1112 invidebant
935 1055 1008 1119 ei,
1036 1067 1134 1107 nec
1163 1051 1452 1121 quidquam
1474 1046 1697 1117 pacifica
1718 1050 1895 1099 mente
1918 1042 1994 1096 lo-

417 1131 524 1218 qui
546 1155 812 1219 poterant,
839 1160 998 1214 quem
1020 1144 1211 1212 saepius
1239 1140 1445 1194 insidiis
1467 1136 1737 1206 petebant,
1786 1141 1841 1188 et
1896 1147 1991 1201 pa-

442 1235 810 1291 tremfamilias
838 1235 889 1288 in
906 1231 1207 1288 Beelzebub
1227 1228 1466 1298 principe
1490 1225 1878 1280 dminoniorum
1897 1221 1994 1291 eji-

437 1339 561 1379 cere
591 1323 849 1396 daemonia
877 1317 1333 1390 blasphemabant.
1401 1304 1413 1316 ’

507 1412 706 1466 Accidit
736 1425 935 1480 quoque
954 1418 1006 1461 ut
1031 1407 1195 1460 uisum
1209 1403 1464 1458 somnium
1488 1401 1698 1477 referret
1719 1401 1995 1472 fratribus,

437 1521 554 1576 qua
578 1518 734 1555 causa
757 1500 972 1569 majoris
1013 1495 1118 1551 odii
1152 1494 1484 1549 seminarium
1512 1492 1630 1562 fuit.
1661 1491 1901 1575 Dixitque
1929 1493 1999 1546 ad

439 1611 525 1650 eos
548 1606 572 1646 ἔ
597 1590 784 1646 Audite
809 1589 1066 1644 somnium
1091 1603 1261 1642 meum
1301 1583 1439 1654 quod
1471 1583 1595 1636 vidi.
1635 1581 1894 1636 Putabam
1936 1582 2002 1635 li-

397 1676 404 1677 ί
439 1682 564 1754 gare
589 1683 680 1736 not
706 1677 998 1748 manipulos
1019 1677 1243 1745 inagro,
1269 1683 1315 1727 et
1340 1673 1490 1744 quasi
1506 1688 1814 1742 consurgere
1833 1672 2002 1726 mani-

439 1772 618 1843 pulum
663 1785 832 1824 meum
880 1777 927 1822 et
970 1776 1129 1828 stare,
1153 1771 1446 1833 vestrosque
1467 1761 1760 1832 manipulos
1780 1763 2004 1843 circum-

2088 593 2270 647 nuntia
2305 591 2431 644 mihi
2451 591 2577 661 quid
2608 600 2817 660 agatur,
2832 596 2936 643 etc.
2953 586 3116 642 Iacob
3134 587 3297 641 mittit
3311 585 3474 640 lilium
3495 599 3654 641 suum

2089 678 2307 747 Ioseph,
2353 688 2412 732 ut
2460 680 2525 734 de
2578 676 2836 738 fratribus
2864 671 3276 730 sollicitudinem
3319 682 3569 747 generet;
3598 679 3661 729 et

2091 769 2234 824 Deus
2253 767 2414 824 Pater
2432 769 2581 823 misit
2606 767 2797 822 Filium
2826 757 2982 821 suum
3025 763 3376 832 unigenitum,
3405 772 3462 817 ut
3487 777 3661 835 genus

2092 860 2385 914 humanum
2407 858 2641 930 peccatis
2675 848 2984 928 languidum
3030 841 3292 908 visitare't.
3321 849 3550 926 Mittitur
3590 853 3661 907 ab

2090 951 2182 1005 illo
2215 950 2400 1019 utique
2441 950 2596 1004 Patre
2623 950 2689 1004 de
2724 936 2835 1016 quo
2881 946 3139 1015 scriptum
3167 952 3282 997 est:
3333 941 3476 997 Misit
3518 943 3662 996 Deus

2092 1037 2292 1092 Filium
2333 1037 2486 1093 suum
2516 1040 2570 1090 in
2609 1035 3213 1112 similitudinemvcarnis
3236 1034 3431 1102 peccati
3479 1032 3661 1106 (Rom.

2093 1127 2230 1200 vm).
2257 1127 2322 1182 Ut
2353 1128 2559 1182 videret
2598 1127 2643 1180 si
2670 1135 2815 1180 recte
2838 1134 3021 1179 essent
3047 1139 3194 1189 oves,
3230 1132 3284 1176 et
3323 1123 3579 1179 Dominus
3609 1123 3666 1178 in

2093 1217 2386 1288 Evangelio
2415 1201 2617 1286 inquit:
2648 1215 2768 1270 Non
2799 1215 2908 1268 ueni
2931 1214 3033 1268 nisi
3051 1212 3119 1266 ad
3132 1227 3245 1266 oves
3265 1227 3380 1279 qua
3399 1214 3669 1282 perierunt

2094 1309 2279 1381 domus
2301 1307 2470 1362 Israel
2495 1303 2708 1380 (Matth.
2731 1305 2846 1378 xv).
3084 1363 3088 1370 _
3532 1315 3539 1320 '

2166 1398 2369 1456 Invenit
2399 1416 2519 1470 ergo
2543 1399 2734 1468 Ioseph
2775 1397 2964 1466 fratres
3019 1399 3074 1450 in
3123 1394 3388 1450 Dothaim.
3417 1391 3668 1456 Dothaitn

2097 1492 2476 1564 interpretatur
2521 1489 2769 1546 defectio.
2821 1486 2959 1543 Vere
3003 1487 3058 1540 in
3109 1487 3326 1557 grandi.
3367 1484 3672 1541 defectione

2098 1589 2275 1646 erant,
2290 1580 2392 1649 qui
2415 1580 2482 1635 de
2517 1576 2810 1632 fratricidio
2829 1574 3157 1646 cogitabant.

2171 1669 2275 1736 Qui
2298 1676 2416 1723 cum
2447 1665 2690 1722 uidissent
2718 1661 3153 1734 Iosephfratrem
3182 1677 3334 1715 suum
3355 1659 3559 1731 procul,
3581 1670 3672 1713 oc-
3721 1672 3723 1674 ·

2103 1759 2274 1814 cidere
2301 1774 2416 1814 eum
2444 1745 2758 1826 cogitabant.
2785 1753 2853 1807 Et
2872 1751 3041 1829 Iudaei
3077 1750 3320 1806 videntes
3359 1765 3544 1805 verum
3583 1748 3675 1804 Io-

413 1837 900 1924 ‘stantes,'adorare
921 1854 1241 1927 manipulum
1263 1867 1451 1910 meum.
1476 1850 1876 1923 ‘Responderunt
1892 1837 2004 1921 fra-
2030 1843 2079 1903 Β
2104 1850 2237 1920 seph
2257 1848 2548 1932 Dominum
2577 1846 2758 1902 Iesum
2783 1844 3079 1910 Christum,
3121 1852 3182 1898 ut
3220 1849 3344 1898 eum
3386 1842 3676 1910 cruciﬁge-

441 1952 686 2020 tresejus
709 1967 728 2004 :
765 1947 1016 2018 Nunquid
1060 1960 1151 2003 rex
1192 1954 1365 2000 noster
1405 1944 1530 2009 eris,
1555 1952 1645 1996 aut
1671 1940 2009 2011 subjiciemur

442 2044 627 2097 ditioni
650 2040 791 2095 tute?
825 2037 953 2093 IIa'c
977 2053 1108 2107 ergo.
1123 2053 1280 2090 causa
1302 2037 1622 2101 somniorum
1643 2042 2010 2104 atquesenno-é

445 2147 586 2193 num,
617 2130 823 2184 insidia:
844 2137 891 2182 et
921 2126 1027 2180 odii
1049 2125 1278 2195 fomitem
1327 2121 1656 2181 ministrauit.
1697 2119 2011 2196 Aliud‘gue-

443 2236 541 2289 que
558 2219 814 2274 somnium
840 2216 989 2280 vidit,
1013 2214 1147 2286 quod
1177 2228 1401 2266 narrans
1423 2207 1676 2281 fratribus
1724 2210 1800 2264 ait
1833 2227 1852 2264 :
1892 2206 2010 2263 Vidi
2041 2246 2048 2252 -

444 2325 534 2378 per
561 2309 814 2362 somnium
841 2306 992 2378 quasi
1033 2303 1193 2358 salem
1218 2311 1277 2368 et,
1295 2301 1472 2377 lunam
1497 2309 1548 2356 et
1572 2299 1748 2356 stellas
1771 2297 2011 2354 undecim

446 2401 667 2455 adorare
690 2415 789 2453 me.
813 2397 963 2464 Quod
979 2413 1092 2452 cum
1119 2395 1256 2468 patri
1275 2411 1369 2449 suo
1388 2403 1436 2448 et
1461 2391 1711 2462 fratribus
1726 2379 2010 2471 retulisset,

448 2493 728 2562 increpavit
754 2506 871 2545 eum
893 2499 1042 2559 pater
1060 2496 1107 2542 et
1141 2486 1275 2540 dixit
1290 2502 1309 2540 :
1337 2484 1478 2550 Quid
1499 2484 1598 2539 sibi
1623 2483 1731 2538 uult
1755 2483 1852 2537 hoc
1874 2498 2014 2537 som-

451 2586 591 2652 nium
613 2581 748 2651 quod
770 2580 942 2651 uidisti
965 2581 989 2633 7
1012 2579 1154 2632 Num
1175 2594 1288 2649 ego,
1334 2586 1381 2632 et
1406 2588 1573 2632 mater
1596 2566 1713 2644 tua,
1750 2585 1796 2631 et
1825 2575 2013 2646 fratres

449 2674 546 2732 tui,
577 2671 907 2724 ndorabimus
933 2668 1394 2739 te’superterram?
1437 2665 1549 2737 Nisi
1592 2667 1649 2722 in
1695 2666 1874 2736 aliquo
1899 2679 2016 2736 my-

453 2759 618 2814 s:erio
643 2747 843 2813 dictum
866 2759 1175 2826 accipiatur,
1205 2758 1473 2827 quomodo
1488 2756 1801 2828 intelligitur
1813 2757 1881 2812 de
1903 2771 2016 2811 ma-

455 2859 535 2902 tre
565 2844 780 2916 Ioseph,
802 2843 925 2915 qua:
946 2846 1055 2914 jam
1082 2832 1456 2902 eratmortua?
1485 2845 1637 2902 Unde
1656 2861 1756 2901 nec
1778 2846 1832 2900 in
1853 2844 2017 2915 Egy-

416 2948 547 3015 ⁸ρίο
577 2951 697 2991 cum
727 2936 1124 3000 sublimaretur,
1171 2935 1464 3004 putandum
1509 2941 1592 2990 est
1638 2948 1758 2989 esse
1785 2932 2018 3003 comple-

455 3018 588 3091 tum,
617 3029 740 3098 quia
789 3042 893 3082 nec
931 3035 1087 3097 pater
1129 3040 1252 3082 eum
1279 3027 1544 3093 adoravit,
1569 3027 1872 3098 quandoad
1894 3043 2016 3083 eum

455 3118 599 3170 venit
631 3116 682 3169 in
715 3114 1018 3186 IEgyptum,
1052 3125 1150 3170 nec
1171 3124 1347 3171 mater
1366 3116 1494 3171 olim
1520 3116 1769 3172 defuncta
1823 3117 2013 3186 potuit.

456 3206 512 3259 ln
540 3203 738 3259 Christi
771 3181 899 3272 ergo
925 3215 1151 3273 persona
1174 3204 1328 3260 facile
1368 3206 1591 3278 intelligi
1638 3181 2017 3277 potem—etiam
2043 3181 2089 3243 Ο

459 3297 524 3350 de
566 3293 813 3368 mortuis,
862 3294 1150 3348 semmdum
1193 3293 1326 3348 illud
1364 3295 1507 3364 quod
1547 3293 1676 3350 dicit
1734 3295 2020 3367 Apostolus

462 3381 626 3452 (Phil.
657 3380 737 3452 ιι).
771 3379 906 3445 Quia
933 3380 1144 3444 donavit
1174 3383 1222 3436 ei
1241 3394 1424 3437 nomen
1461 3382 1601 3454 quod
1620 3395 1695 3438 est
1724 3400 1880 3455 super
1906 3401 2021 3438 om—

462 3487 523 3525 ne
549 3486 750 3534 nomen,
773 3479 830 3522 ut
855 3471 909 3523 in
942 3469 1146 3523 nomine
1167 3470 1294 3524 Iesu
1305 3487 1469 3526 omne
1492 3479 1623 3543 genu
1645 3473 1905 3543 flectatur;
1919 3489 2024 3527 riz-

462 3559 688 3622 testium,
711 3558 1027 3611 terrestrium
1059 3567 1104 3612 et
1134 3550 1476 3628 infernarum.
1532 3555 1723 3633 (Isid.)'
1745 3560 2024 3618 Somnium

427 3643 591 3701 'vero
641 3645 765 3700 illud
810 3660 908 3714 per
961 3643 1101 3714 quod
1140 3644 1368 3701 fratrum
1389 3649 1642 3720 manipuli
1669 3650 2027 3707 adoraverunt

465 3735 790 3806 manipulum
803 3734 939 3802 ejus,
963 3735 1088 3788 illud
1116 3745 1198 3790 est
1221 3737 1363 3805 quod
1384 3722 1798 3807 spiritualiterin
1809 3733 2027 3796 Christo

467 3827 740 3895 impletum
763 3835 846 3882 est
867 3844 881 3879 :
903 3825 970 3879 Et
991 3827 1283 3881 adorabunt
1304 3844 1444 3894 eum,
1467 3829 1660 3900 inquit,
1684 3845 2030 3903 omnes'reges

468 3924 637 3978 terra,
667 3915 1036 3985 omnes'gentes
1064 3916 1281 3970 servient
1304 3917 1351 3971 ei
1381 3915 1552 3990 (Psal.
1603 3920 1775 3994 uxr).
1826 3919 2032 3979 scilicet

441 3999 565 4074 per
591 4003 748 4059 fidem
783 4003 1014 4060 fructum
1048 4007 1310 4061 bonorum
1333 4023 1555 4078 cperam
1575 4010 1879 4068 oﬂ'ereutes.
1903 4013 2023 4084 Ipse

471 4103 556 4148 est
579 4095 736 4164 quem
762 4095 879 4160 sol,
915 4104 970 4150 et
995 4095 1140 4160 luna,
1169 4105 1224 4152 et
1251 4097 1416 4154 stella:
1435 4100 1679 4166 adorant,
1708 4101 1777 4158 de
1797 4113 1901 4172 quo
1922 4104 2033 4160 sole

474 4186 672 4240 dictum
695 4200 777 4240 est
799 4203 812 4239 :
838 4185 1072 4240 Laudate
1093 4203 1230 4252 eum,
1253 4187 1331 4243 sol
1350 4199 1398 4244 et
1416 4188 1564 4257 luna,
1588 4201 1636 4246 et
1670 4209 1844 4248 omnes
1868 4195 2032 4249 stella

475 4268 901 4344 (Psalfctvtn).
946 4274 1121 4344 Ipsum
1168 4277 1312 4331 enim
1352 4278 1665 4353 excellentia
1710 4291 2025 4338 sanctorum

477 4363 532 4417 in
557 4362 687 4418 solis
707 4364 942 4429 nomine,
962 4372 1015 4418 et
1043 4363 1292 4421 Ecclesiae
1314 4366 1528 4424 claritas
1549 4371 1647 4425 sub
1679 4361 1912 4443 imagine
1955 4373 2036 4428 lu-

477 4468 580 4518 nae,
604 4461 660 4507 et
683 4451 918 4506 omnium
941 4453 1253 4522 populorum
1268 4459 1623 4514 numerositas
1647 4459 1702 4513 in
1721 4460 1889 4532 figura
1911 4462 2034 4517 stel-

2107 1949 2436 2017 mut,-uoum
2473 1933 2756 1994 consilium
2799 1935 2990 1992 omnes
3041 1941 3348 1990 statuerunt
3398 1933 3670 1989 dicentes:

2106 2033 2361 2107 Cruciﬁge
2381 2029 2942 2106 eum-(latth..unr).
3019 2071 3022 2075 ν

2059 2186 2064 2192 ,
2121 2182 2123 2184 .
2176 2126 2316 2183 Fero
2363 2125 2585 2198 pessima
2626 2123 2904 2196 deuorauit
2930 2138 3068 2192 eum,
3101 2122 3283 2192 idest,
3323 2119 3546 2176 Iudaica
3587 2119 3680 2174 be-

2108 2216 2209 2292 stia
2232 2214 2502 2274 interfecit
2524 2227 2667 2291 eum,
2695 2213 2762 2268 de
2791 2227 2896 2292 qua
2922 2211 3178 2270 Dominus
3198 2210 3260 2266 in
3283 2208 3574 2280 Evangelio
3594 2203 3674 2295 ‘di-

2109 2309 2216 2364 cit:
2244 2306 2379 2362 Ecce
2402 2321 2495 2377 ego
2517 2305 2661 2360 mitto
2683 2316 2769 2361 vos
2788 2305 2942 2359 sicut
2963 2303 3076 2358 oues
3102 2302 3157 2358 in
3195 2302 3364 2358 medio
3411 2301 3676 2372 luporum.
3723 2349 3725 2351 ,

2112 2391 2427 2470 (Martha).
2506 2393 2570 2441 Α
2700 2460 2708 2468 ι
2939 2464 2943 2466 η
3047 2464 3071 2470 _
3249 2412 3256 2422 -
3349 2423 3353 2426 ~
3493 2392 3502 2399 ·

2180 2460 2462 2572 Confestim
2484 2485 2644 2556 igitur
2665 2460 2721 2538 ut
2739 2464 2962 2572 peruenit
2997 2464 3071 2539 ad
3104 2486 3318 2555 fratres,
3357 2481 3681 2572 nudaugnt

2059 2627 2065 2632 .
2112 2568 2226 2628 eum
2254 2569 2610 2628 tunicatalari
2629 2568 2977 2654 'etupolgmita,
2999 2572 3350 2644 miseruntque
3400 2574 3458 2627 in
3504 2569 3684 2627 cis'ter—

2113 2679 2234 2718 nam
2251 2678 2366 2733 quis
2388 2678 2490 2718 non
2511 2660 2726 2716 habebat
2763 2673 2969 2739 aquam,
2998 2665 3045 2716 et
3072 2663 3314 2718 sederunt
3344 2672 3400 2716 ut
3426 2653 3684 2716 .contede-

2115 2763 2225 2808 rent
2259 2768 2464 2824 panem.
2493 2751 2839 2808 Nudav‘erunt
2884 2751 3079 2824 Ioseph
3129 2752 3325 2809 fratres
3374 2754 3466 2822 sui;
3501 2753 3686 2808 tunica

2114 2835 2373 2916 polymita
2402 2851 2457 2899 et
2481 2831 2668 2922 talari;
2687 2843 2957 2922 Christum
2982 2843 3147 2899 Iudaei
3185 2861 3286 2915 per
3309 2852 3686 2901 mortem'cru-

2115 2934 2195 2989 cis
2223 2918 2659 3004 exspoliaverun't
2679 2918 2858 2990 tunica
2877 2934 3162 3005 corporali.
3189 2934 3685 3008 Polymitaautem,

2120 3024 2173 3080 id
2209 3032 2318 3090 est,
2342 3024 2593 3081 decorata
2615 3022 3140 3100 omnium'virtutum
3192 3026 3525 3082 diversitate.
3570 3025 3689 3082 'Re-
3773 3089 3781 3095 ,

2119 3121 2625 3181 sparserunt'autem
2649 3113 2878 3171 tunicam
2904 3113 3042 3170 badi
3068 3115 3344 3184 sanguine,
3374 3116 3500 3186 quia
3541 3112 3692 3170 falsis

2121 3191 2244 3257 cum
2271 3202 2596 3258 testimoniis
2620 3192 2957 3271 accusantes,
3012 3206 3067 3259 in
3112 3202 3365 3261 invidiam
3418 3206 3693 3262 deduxere

2122 3293 2350 3378 peccati,
2380 3293 2866 3372 omniumpeccata
2891 3295 3200 3362 dwantem.
3224 3285 3456 3351 Mittitur
3498 3297 3694 3371 dehinc

2124 3388 2176 3441 in
2199 3385 2509 3453 cisternam,
2525 3387 2578 3442 id
2595 3394 2701 3454 est,
2721 3388 2779 3442 in
2802 3387 2996 3464 lacum,
3019 3397 3076 3444 et
3095 3388 3346 3463 Christus.
3368 3387 3695 3464 essppliatus

2123 3490 2284 3531 carne
2310 3477 2559 3543 humana,
2587 3462 2862 3533 descendit
2882 3477 2936 3532 in
2952 3476 3258 3545 infernum.
3357 3512 3361 3515 -

2202 3563 2555 3638 Videruntque
2601 3565 2822 3621 viatores
2846 3565 3142 3624 Ismaelitas
3165 3567 3338 3621 uenire
3361 3567 3425 3620 de
3461 3565 3692 3631 Calaad,

2127 3663 2174 3709 et
2198 3642 2420 3709 camelos
2441 3670 2620 3709 eorum
2637 3650 2909 3726 “portantes
2961 3667 3219 3721 aromata,
3253 3665 3302 3711 et
3348 3659 3596 3722 resinam,
3647 3666 3694 3712 et

2128 3753 2363 3808 stactan,
2383 3744 2438 3797 in
2459 3743 2765 3816 £ggptum.
2805 3745 2986 3817 (Δις.)
3015 3743 3288 3812 Quaeritur
3307 3761 3475 3815 quare
3493 3747 3696 3802 lsmae-

2129 3831 2250 3888 litas
2274 3831 2552 3906 Scriptura
2579 3833 2773 3902 quibus
2804 3849 2851 3888 -a
2898 3832 3158 3890 fratribus
3209 3835 3458 3890 venditus
3509 3846 3594 3892 est
3612 3835 3700 3892 Io-

2129 3921 2283 3990 seph,
2333 3921 2495 3976 etiam
2538 3919 2854 3978 Madianitas
2903 3933 3082 3989 vocet,
3130 3929 3261 3979 eum
3307 3925 3500 3979 lsmael
3527 3927 3599 3981 sit
3634 3928 3698 3981 de

2130 4013 2274 4084 Agar
2320 4010 2455 4066 'ilius
2491 4009 2741 4078 Abrahae,
2773 4013 3074 4068 Madianitte
3098 4021 3227 4070 vero
3263 4014 3327 4070 de
3351 4015 3570 4072 (letnra.
3617 4019 3698 4070 An

2133 4101 2260 4172 quia
2281 4098 2560 4171 Scriptura
2575 4102 2784 4158 dixerat
2799 4104 2865 4159 de
2877 4103 3172 4170 Abraham,
3209 4105 3349 4174 quod
3373 4122 3592 4161 munera
3609 4107 3700 4162 de-

2107 4191 2284 4248 .derat
2309 4189 2434 4245 ﬁliis
2469 4193 2888 4247 concubinarum
2906 4208 3151 4259 suarum,
3203 4194 3351 4264 Agar
3396 4195 3603 4250 scilicet
3647 4204 3699 4248 et

2134 4279 2362 4344 Ceturae,
2395 4287 2450 4334 et
2469 4280 2717 4336 diviserit
2743 4295 2835 4337 eos
2869 4283 2936 4337 ab
2956 4280 3104 4337 lsaae
3133 4281 3242 4337 lilio
3271 4298 3372 4338 suo
3401 4284 3454 4337 in
3481 4293 3698 4345 terram

2135 4371 2384 4435 Orientis,
2409 4386 2571 4426 unam
2595 4382 2807 4443 gentem
2831 4373 3019 4428 fecisse
3048 4373 3374 4444 intelligendi
3400 4376 3562 4429 sunt?

2209 4461 2357 4515 Dixit
2377 4478 2496 4531 ergo
2529 4460 2699 4515 Iudas
2724 4462 2976 4531 fratribus
3009 4466 3149 4518 suis:
3193 4463 3344 4534 Quid'
3373 4464 3519 4537 nobis
3577 4481 3701 4534 pro-

479 4543 654 4596 larum
710 4542 953 4596 adorant.
1000 4535 1145 4596 Unde
1188 4552 1242 4597 et
1266 4552 1419 4613 pater
1445 4514 2034 4621 suusincrepavit’eum
2060 4514 2116 4574 Β
2147 4549 2272 4613 dest,
2303 4551 2348 4603 si
2373 4514 2948 4620 occiderimus'lfratrem
2977 4532 3262 4619 nostrum,»
3281 4563 3329 4607 et
3369 4514 3704 4608 celaren'rmus

479 4632 665 4686 dicens
682 4650 695 4684 :

557 4718 810 4789 Nunquid
840 4735 930 4788 ego
981 4730 1026 4772 et
1056 4731 1219 4774 mater
1247 4732 1358 4788 tua,
1381 4733 1430 4777 et
1457 4725 1648 4793 fratres
1669 4728 1765 4794 tui,
1795 4729 2040 4783 adorabi-

483 4826 599 4864 mus
637 4810 1064 4880 tet-Obiurgatio
1106 4812 1205 4865 ista
1237 4814 1408 4882 patris
1441 4815 1690 4870 duritiam
1743 4818 1922 4887 populi
1968 4818 2044 4873 ls-

423 4907 426 4909 ‘
485 4899 599 4954 r'ael
650 4898 933 4971 signiﬁcat,
973 4902 1062 4970 qui
1115 4917 1212 4971 pro
1239 4896 1304 4958 eo
1325 4906 1464 4972 quod
1491 4891 1552 4959 es
1573 4922 1640 4962 se
1672 4918 1854 4963 natum
1884 4889 2043 4966 Chri-

489 4998 630 5044 stum
654 4999 979 5060 cognoscuut
992 5006 1132 5056 esse,
1150 4993 1378 5048 adorare
1392 5003 1761 5051 contemnunt.

1036 5119 1257 5177 CAPUT
1287 5089 1490 5178 vxvn.

492 5204 661 5282 Ds_eo_
693 5198 855 5282 quod'_
875 5205 1034 5258 Iacob
1085 5210 1221 5262 misit
1253 5210 1442 5282 Ioseph
1472 5215 1542 5266 ad
1563 5213 1752 5282 fratres
1781 5215 1922 5279 suos,
1961 5219 2048 5271 ubi

560 5274 661 5353 ipsi
684 5273 958 5344 pascebant
981 5291 1125 5338 ores;
1153 5295 1183 5329 a
1227 5273 1412 5347 quibus
1459 5273 1692 5338 venditus
1734 5293 1810 5340 est
1841 5273 2047 5340 Modia-

563 5343 708 5398 uitis.

563 5432 793 5503 Cumque
834 5433 1024 5502 fratres
1064 5432 1204 5487 illius
1240 5438 1293 5490 in
1314 5440 1583 5505 pascendis
1628 5411 1863 5512 gregibus
1891 5447 2054 5513 patris

494 5533 820 5583 morarentur
843 5525 895 5577 in
918 5521 1144 5588 Sic/tem,
1171 5527 1301 5579 dixit
1325 5530 1392 5581 ad
1445 5548 1562 5584 eum
1592 5531 1762 5586 Israel
1788 5548 1805 5584 :
1834 5534 2053 5589 Fratres

499 5615 574 5664 tui
610 5623 824 5682 pascunt
849 5631 962 5668 ores
985 5617 1038 5668 in
1065 5613 1310 5671 Sichimis
1329 5635 1359 5685 :l
1377 5622 1510 5684 veni,
1539 5625 1741 5675 mittam
1773 5632 1820 5676 te
1847 5625 1914 5677 ad
1948 5643 2053 5679 eos.

2149 4645 2450 4714 sanguinem
2484 4645 2689 4714 ipsius?
2715 4641 2902 4700 Helius
2925 4656 3018 4711 est,
3043 4657 3098 4699 ut
3123 4646 3444 4700 renuntietur
3465 4643 3706 4706 Ismaeli-

2150 4733 2236 4795 tis,
2263 4741 2311 4784 et
2335 4748 2520 4801 manus
2550 4741 2739 4786 nostrae
2783 4749 2883 4786 non
2909 4733 3232 4803 polluantur,
3279 4733 3445 4802 frater
3478 4733 3612 4786 enim
3657 4743 3705 4786 et
3806 4731 3812 4738 ’

2150 4841 2271 4877 caro
2293 4835 2469 4878 nostra
2485 4835 2581 4888 est.
2610 4829 2979 4897 Acquiererunt
3007 4829 3193 4897 fratres
3209 4830 3530 4884 sermonibus
3567 4831 3703 4899 ejus,
3737 4889 3746 4893 κ

2150 4921 2196 4966 et
2222 4913 2647 4978 prietereuntibus
2683 4914 3010 4981 Madianitis,
3062 4918 3484 4988 negotiatoribus,
3531 4929 3710 4972 extra-

2151 5003 2324 5056 hentes
2345 5019 2460 5055 eum
2473 5005 2535 5057 de
2556 5005 2819 5069 cisterna,“
2834 5005 3169 5061 vendiderunt
3213 5006 3491 5061 Ismaelitis
3526 5009 3710 5077 uiginti

2153 5091 2426 5169 argenteis.
2447 5091 2548 5156 Qui
2575 5092 2836 5146 duxerunt
2859 5111 2975 5146 eum
3024 5095 3076 5147 in
3131 5093 3441 5163 ﬁggptum,
3469 5103 3573 5149 etc.
3605 5095 3712 5150 Pro

2150 5179 2328 5248 uiginti
2361 5181 2552 5244 aureis,
2581 5181 2722 5249 quod
2744 5180 2882 5235 LXX
2905 5191 3219 5252 posuerunt,
3265 5181 3525 5238 llebraica
3567 5185 3715 5239 veri-

2153 5276 2236 5322 tas
2272 5271 2528 5338 argenteis
2569 5270 2748 5324 habet.
2783 5269 2966 5339 Neque
2992 5271 3135 5325 enim
3157 5269 3331 5326 viliori
3369 5271 3583 5329 metallo
3608 5274 3718 5327 Do-

2154 5358 2330 5412 minus
2348 5357 2640 5412 venundari
2686 5359 2867 5413 debuit
2903 5375 3063 5428 quam
3089 5359 3306 5430 Ioseph.
3357 5363 3431 5417 De
3475 5363 3718 5417 cisterna

2156 5461 2366 5514 quoque
2396 5442 2622 5501 ‘levatus
2645 5447 2732 5500 ille
2754 5447 3056 5514 lsmaelitis,
3083 5451 3136 5505 id
3157 5461 3259 5516 est,
3285 5453 3558 5521 gentibus,
3585 5467 3718 5506 ven-

2155 5537 2327 5602 ditur;
2389 5548 2442 5592 et
2498 5539 2743 5593 Christus
2768 5549 2950 5608 postea
2991 5557 3150 5609 quam
3177 5543 3243 5596 de
3272 5528 3481 5597 inferno
3506 5540 3721 5612 egredi.

2159 5638 2263 5690 tur,
2294 5629 2361 5682 ab
2387 5629 2634 5684 omnibus
2654 5631 2902 5700 gentibus
2934 5631 3055 5686 fidei
3085 5635 3406 5688 commercio
3435 5621 3724 5702 compara-

502 5698 615 5764 Quo
662 5709 1012 5772 respondente,
1063 5715 1252 5774 priesto
1304 5723 1438 5773 sum,
1475 5709 1581 5762 ait:
1615 5708 1756 5764 Vade
1774 5721 1822 5766 et
1852 5713 1985 5782 vide,
2015 5717 2060 5768 si
2160 5725 2264 5772 tur.
2332 5719 2422 5774 Ille
2463 5736 2557 5790 per
2627 5698 2777 5778 Iuda:
2837 5723 3118 5778 consilium
3183 5724 3368 5794 viginti
3421 5698 3723 5796 argenteis,
