3948 6358
286 312 391 366 (3'25
434 285 444 295 ’

1303 306 1649 364 COIIMENT.
1690 304 1757 378 IN
1791 298 2108 391 GENESIII.
2143 301 2215 343 -έ-
2245 300 2373 356 ιω.
2395 301 2502 381 ιιι.

3392 304 3515 375 sae

286 424 637 504 distrahitur:
662 408 830 485 ethic
848 436 944 491 per
972 422 1254 476 consilium
1281 420 1430 476 Iudae
1458 418 1727 483 Scarioth,
1746 415 1842 472 tri—
1870 417 1920 472 Α
1944 422 2212 470 cresceret
2239 415 2457 483 tertius;
2482 423 2676 471 etcum
2705 417 2981 485 crevisset,
3011 408 3107 474 tice
3143 417 3217 473 illi
3258 425 3378 475 ea‘m
3420 422 3506 476 de-

290 513 424 581 ginti
460 513 731 581 argenteis
760 512 1112 567 venundatur.
1693 571 1697 575 ,

368 600 616 652 Tulerunt
646 609 818 653 autem
848 600 1230 669 tunicamejus,
1256 609 1304 653 et
1330 602 1384 652 in
1433 600 1682 668 sanguine
1714 586 1850 651 h'wdi

293 705 445 758 quem
475 687 768 742 occiderant
808 690 1090 753 tinxerunt,
1139 689 1393 741 mittentes
1419 688 1507 758 qui
1554 687 1743 755 ferrent
1784 684 1853 740 ad

294 787 497 845 patrem
522 785 571 829 et
591 776 817 830 dicerent
836 791 854 827 .'
886 776 1036 831 Hanc
1055 778 1340 852 invenimus
1357 776 1502 831 :vide
1518 759 1690 830 utrum
1716 777 1855 830 tuni-

298 881 360 917 ca
383 864 481 931 ﬁlii
508 864 585 923 tui
599 852 679 918 sit.
699 883 764 919 an
788 866 1224 929 non.'Quamcum
1238 866 1550 935 cognovisset
1560 876 1706 935 pater
1720 865 1854 933 ejus,

300 955 407 1008 ait:
437 953 630 1025 Tunica
650 954 747 1023 ﬁlii
788 955 888 1007 mei
935 967 1040 1025 est:
1081 953 1191 1023 fera
1216 956 1435 1024 pessima
1472 946 1688 1007 comedit
1710 969 1856 1007 cum:

303 1044 464 1097 bestia
486 1046 749 1099 dcroravit
781 1044 994 1114 Ioseph.
1038 1044 1332 1116 Scissisque'
1362 1045 1601 1109 vestibus,
1646 1044 1858 1098 indutus

302 1142 381 1187 est
408 1133 599 1198 cilicio,
620 1132 800 1203 lugens
825 1132 993 1205 ﬁlium
1022 1134 1181 1189 multo
1210 1144 1451 1205 tempore.
1477 1133 1658 1206 (Is-tl.)
1696 1132 1862 1189 Iacob

303 1224 635 1292 posteritatis
664 1238 773 1279 sua:
801 1222 1083 1293 deplorans
1108 1224 1405 1293 dispendia,
1436 1224 1586 1293 quasi
1615 1222 1859 1300 patern-

307 1312 439 1366 lium
484 1311 699 1392 lugebat
743 1314 1019 1377 amissum,
1069 1313 1224 1381 quasi
1256 1314 1513 1382 propheta
1542 1304 1866 1367 llebatinte-

309 1404 470 1469 ritum
484 1401 806 1457 Iutheorum.
823 1403 947 1457 Iade
968 1403 1125 1456 scidit
1140 1404 1512 1461 vestimentum
1530 1411 1704 1467 suum,
1724 1401 1866 1470 quod

307 1494 363 1547 in
394 1494 643 1563 passione
668 1494 875 1572 Domini
894 1493 1120 1566 legimus
1145 1494 1343 1548 factum
1370 1509 1401 1549 a
1422 1493 1664 1564 principe
1683 1507 1869 1547 sacer-

308 1583 514 1637 dotum.
552 1583 659 1639 Sed
693 1592 748 1638 et
772 1584 938 1644 velum
960 1584 1131 1655 templi
1151 1585 1371 1638 scissum
1394 1592 1488 1649 est,
1533 1584 1592 1638 ut
1641 1584 1869 1652 prophe-

311 1674 408 1737 tia,
436 1683 491 1728 et
518 1675 777 1729 nudatum
810 1691 984 1733 suum
1033 1675 1393 1746 populum,.et
1419 1675 1647 1732 divisum
1680 1681 1865 1730 osten-

309 1763 465 1819 deret
491 1781 731 1833 regnum.
1016 1818 1019 1821 λ
1232 1782 1233 1785 ‘
1418 1754 1421 1755 ν
1860 1826 1865 1830 .

222 2002 232 2009 ,
311 1939 542 1996 dolorem
563 1943 749 2012 patris,
776 1942 938 2001 noluit
972 1943 1829 2017 consolationemrecipereuedait
1849 1957 1869 1995 :

313 2034 636 2092 Descendunt
656 2037 726 2089 ad
738 2035 906 2105 ﬁlium
927 2053 1096 2090 meum
1117 2036 1297 2107 lugens
1316 2038 1371 2090 in
1393 2032 1889 2107 iulernunulzlug‘.)

314 2128 470 2182 Solet
497 2143 619 2184 esse
638 2144 833 2200 magna
866 2130 1095 2199 quaestio
1143 2129 1409 2200 quomodo
1440 2127 1766 2198 intelligatur
1792 2126 1875 2181 in-

313 2217 503 2273 fernus
525 2236 539 2271 :
570 2224 749 2285 utrum
777 2203 903 2273 illnc
924 2219 1049 2273 mali
1073 2207 1310 2284 tantum,
1325 2234 1393 2273 an
1416 2220 1577 2273 etiam
1593 2217 1720 2273 boni
1734 2233 1876 2273 rnor-

315 2306 395 2360 tui
427 2295 750 2389 descendere
788 2307 1012 2363 soleant.
1044 2306 1099 2362 Si
1152 2294 1279 2378 ergo
1309 2312 1513 2369 tantitm
1544 2306 1689 2375 ntali,
1725 2321 1873 2389 quo:

313 2382 489 2450 modo
507 2396 611 2450 iste
637 2396 706 2455 ad
743 2390 912 2460 ﬁlium
965 2412 1120 2453 suum
1156 2412 1214 2452 se
1255 2397 1386 2453 dicit
1417 2397 1685 2471 lugentem
1731 2382 1875 2452 velle

313 2486 679 2559 descendere!
727 2487 842 2545 Non
895 2491 1036 2545 enim
1099 2490 1151 2545 in
1198 2492 1370 2560 prunis
1391 2488 1584 2545 inferni
1610 2503 1875 2545 cumesse

314 2574 508 2629 credit.
549 2575 632 2630 An
668 2576 964 2646 perturbati
997 2584 1052 2633 et
1103 2577 1335 2634 dolentis
1370 2578 1555 2645 verba,
1587 2592 1685 2635 sua
1732 2570 1874 2633 mala

312 2660 637 2729 etiambine
662 2668 1035 2738 esaggerantis
1055 2667 1078 2721 ἲ
1659 2660 1663 2665 ’

396 2755 466 2810 Et
488 2755 591 2811 illo
617 2768 970 2827 perseverante
1005 2759 1060 2812 in
1089 2761 1250 2829 ﬂetu,
1292 2757 1600 2813 Madianita:
1644 2758 1878 2813 vendide-

319 2855 442 2900 runt
461 2844 654 2914 Ioseph
674 2847 728 2901 in
748 2847 1034 2930 Algyptum
1060 2845 1338 2918 Putiphari
1377 2849 1610 2903 eunucho
1636 2847 1875 2903 Pharao-
1937 2857 1940 2861 ’

320 2939 691 3010 nis,ntagistro
712 2939 911 2995 militis.
941 2941 998 2999 In
1024 2940 1293 3011 plerisque
1307 2942 1455 3008 locis,
1472 2942 1875 3014 archimagiros,

321 3027 379 3082 id
419 3035 524 3094 est,
572 3043 821 3095 eomrum
856 3020 1125 3101 principes
1170 3045 1266 3101 pro
1316 3032 1583 3101 magistris
1608 3033 1879 3088 exercitus

323 3116 608 3187 Scriptura
626 3130 1039 3179 commemorat.
1058 3120 1317 3177 Ve::ditus
1362 3129 1442 3176 est
1476 3122 1638 3193 igitur
1681 3120 1899 3193 Ioseph.

320 3206 550 3281 principi
579 3209 847 3263 exercitus
892 3208 1230 3277 bellatorum,
1280 3228 1384 3267 non
1427 3211 1708 3284 Petephre,
1739 3214 1881 3268 utin

324 3296 517 3352 Latino
542 3299 807 3367 scriptum,
832 3307 933 3365 est,
949 3301 1043 3356 sed
1066 3300 1323 3371 Putiphar
1342 3303 1605 3358 eunucho.
1622 3302 1729 3361 Ubi
1744 3317 1883 3374 qua:-

324 3388 466 3443 ritur
491 3390 757 3459 quomodo
777 3401 961 3461 postea
991 3408 1213 3447 uxorem
1244 3393 1441 3448 habere
1479 3392 1725 3463 dicatur.
1751 3393 1883 3472 Tra-

322 3480 459 3534 dunt
478 3482 619 3537 enim
642 3480 849 3537 Hebrmi
874 3491 1109 3552 emptum
1136 3485 1202 3539 ab
1223 3481 1326 3549 hoc
1342 3483 1561 3555 Ioseph,
1575 3485 1645 3540 ob
1663 3472 1902 3543 nimiam

325 3568 774 3639 pulchritudinem
805 3572 857 3625 in
888 3580 1044 3643 turpe
1066 3574 1446 3641 ministerium,
1482 3582 1540 3629 et
1585 3591 1615 3629 a
1658 3574 1884 3630 Domino

325 3663 572 3730 virilibus
584 3663 699 3733 ejus
711 3656 987 3732 arefactis,
999 3676 1183 3737 postea
1198 3667 1426 3722 electum
1439 3682 1575 3732 esse,
1593 3667 1748 3736 juxta
1772 3683 1885 3725 mo-

327 3768 443 3810 rem
459 3754 956 3824 bierophantarum,
981 3757 1033 3810 in
1054 3756 1427 3827 pontiﬁcatum
1453 3755 1805 3827 Heliopoleos,
1829 3765 1885 3813 et

328 3843 488 3913 hujus
510 3844 672 3900 ﬁliam
702 3861 819 3901 esse
838 3846 1109 3916 Aseneth,
1137 3863 1294 3917 quam
1324 3855 1509 3919 postea
1534 3846 1730 3917 Ioseph
1754 3864 1884 3903 uxo—

328 3950 442 4005 rem
471 3936 757 4005 acceperit.

864 4026 1087 4083 CAPUT
1114 4014 1341 4084 XXVIII.
1762 4084 1763 4087 η

326 4115 406 4170 De
423 4116 568 4171 Iuda
582 4127 629 4171 et
652 4134 815 4180 mre
866 4118 979 4187 ejus
1032 4136 1095 4172 ac
1132 4118 1290 4187 ﬁliis:
1320 4136 1411 4181 nec
1449 4137 1551 4179 non
1582 4130 1631 4175 et
1664 4121 1730 4174 de
1757 4132 1882 4173 con-

543 4187 721 4247 cubitu,
755 4188 916 4258 ipsius
950 4203 1067 4241 cum
1110 4187 1337 4243 Thamar
1379 4206 1514 4243 nuru
1557 4206 1674 4244 sua.

400 4299 551 4371 (CAP.
577 4300 827 4371 xnvzu.)
849 4300 928 4355 Eo
947 4310 1172 4372 tempore
1192 4303 1502 4357 descendens
1533 4302 1701 4357 Iudas
1723 4321 1755 4356 a
1771 4301 1885 4372 fra-

324 4389 494 4444 tribus
513 4391 640 4453 suis,
672 4389 873 4445 diuertit
894 4390 963 4443 ad
983 4391 1148 4453 uirum
1174 4389 1539 4453 Odollamiter'n
1564 4393 1769 4452 nomine
1782 4389 1883 4445 Hi-

326 4496 461 4533 ram.
497 4476 739 4549 Viditque
766 4476 934 4547 ﬁliam
961 4478 1032 4546 ibi
1070 4478 1313 4554 hominis,
1332 4476 1617 4534 Chananrei
1640 4478 1884 4534 vocabulo

326 4573 441 4625 διε
459 4588 478 4635 ;
500 4580 547 4625 et
580 4586 761 4626 uxore
792 4579 1023 4639 accepta,
1066 4570 1327 4645 ingressus
1353 4580 1431 4625 est
1486 4571 1556 4646 ad
1587 4578 1721 4625 eam.
1754 4569 1885 4637 ρυω

323 4661 558 4730 concepit
589 4668 639 4714 et
661 4660 855 4729 peperit
890 4659 1079 4729 ﬁlium,
1106 4660 1397 4725 rocaoitque
1416 4668 1599 4715 nomen
1618 4660 1731 4731 ejus
1754 4657 1881 4714 Her.

322 4750 556 4804 Rursum
579 4758 821 4818 concepto
848 4748 980 4817 fetu,
1014 4757 1191 4802 natum
1205 4748 1370 4813 lilium
1385 4737 1663 4804 nominavit
1692 4746 1880 4812 Quam.

314 4840 561 4893 Tertium
585 4854 787 4910 quoque
822 4840 1038 4908 peperit,
1075 4856 1225 4908 quem
1261 4839 1535 4910 appellarit
1582 4837 1726 4893 Sela.
1770 4835 1884 4902 Quo

324 4937 473 4992 nato,
514 4943 694 4995 parere
731 4926 871 4980 ultra
924 4921 1175 4989 cessavit,
1213 4935 1317 4981 etc.
1368 4926 1547 4997 (Aug)
1578 4925 1883 4992 Quaeritur,

323 5014 543 5085 quando
566 5014 667 5076 ista
695 5013 809 5067 fieri
838 5012 1131 5084 potuerint.
1154 5014 1219 5069 Si
1248 5015 1391 5073 enim
1419 5023 1765 5084 posteaquam
1792 5011 1883 5066 Io-

324 5105 457 5173 seph
507 5104 721 5158 devenit
769 5105 823 5158 in
876 5104 1181 5179 Egyptum‘,
1213 5106 1482 5175 quomodo
1530 5105 1669 5158 intra
1698 5100 1885 5172 viginti

324 5194 497 5250 ferme
523 5203 579 5249 et
605 5195 739 5250 duos
763 5210 933 5250 annos
961 5191 1106 5267 (nam
1121 5206 1239 5265 post
1253 5204 1459 5250 tantum
1479 5198 1753 5266 temporis,
1778 5200 1887 5257 col-

325 5285 509 5355 ligitur
533 5299 627 5340 eos
648 5285 858 5339 venisse
882 5284 948 5339 ad
978 5285 1222 5339 eumdem
1247 5285 1443 5356 Ioseph
1479 5286 1697 5341 fratrem
1728 5303 1883 5343 suum

326 5377 382 5430 in
408 5374 693 5446 Egyptum
717 5390 837 5449 cpm
869 5382 1021 5445 patre
1049 5376 1163 5445 suo)
1194 5375 1306 5429 fieri
1352 5377 1585 5445 potuerit
1636 5385 1691 5431 et
1736 5376 1885 5432 Iudae

327 5464 425 5518 lilii
450 5464 566 5533 ejus
587 5465 761 5518 aetatis
789 5482 975 5520 omnes
1001 5474 1218 5533 possent
1247 5466 1443 5531 ducere
1471 5456 1699 5519 risores?
1748 5464 1881 5519 Nam

327 5556 566 5609 Thamar
591 5570 784 5608 nurum
814 5572 986 5618 suam,
1017 5566 1229 5610 mortuo
1250 5556 1607 5625 primogenita
1643 5571 1761 5619 suo,
1806 5555 1883 5609 al-

328 5645 431 5702 teri
484 5645 629 5700 tlcdit
681 5645 821 5710 lilio;
871 5659 974 5714 quo
1017 5647 1177 5701 etiam
1209 5656 1435 5731 mortuo,
1473 5647 1796 5714 exspectavit
1829 5654 1885 5699 ut

1948 506 2045 571 dit,
2069 506 2261 562 timens
2285 514 2352 562 ne
2372 516 2428 563 et
2458 505 2571 577 ipse
2602 519 2918 569 moreretur.
2963 509 3115 566 Unde
3158 509 3355 577 factum
3381 508 3493 571 est.

1952 605 2011 652 ιιι
2038 598 2212 653 eidem
2233 614 2418 655 socero
2446 614 2544 654 suo
2587 613 2647 655 se
2695 599 2781 653 illa
2837 609 3197 670 supponeret.
3226 599 3503 678 onmolu

1953 705 2080 761 ergo
2107 690 2283 761 omnia
2314 690 2426 745 bzee
2462 689 2600 745 intra
2637 697 2745 744 tam
2768 697 2969 767 paucos
2991 688 3292 749 annoﬂleri
3320 694 3501 762 potuc-

1954 781 2079 845 rint,
2108 785 2296 836 merito
2320 788 2515 845 movet,
2549 780 2650 836 nisi
2681 781 2837 845 forte,
2866 789 2925 835 ut
2951 781 3083 836 solet
3104 772 3382 851 Scriptura
3413 796 3507 849 per

1960 860 2469 940 recapitulationetn,
2497 871 2897 941 aliquntannos
2932 879 3057 925 ante
3108 888 3207 926 ven
3231 871 3379 925 litum
3423 868 3511 925 Io-

1958 964 2089 1033 seph
2140 964 2246 1018 hoc
2288 962 2408 1017 ﬁeri
2448 947 2676 1031 erupisse
2732 961 2948 1034 intelligi
2971 960 3114 1027 velit,
3146 960 3399 1029 quoniam
3428 960 3507 1015 sic

1959 1051 2189 1121 positum
2221 1058 2322 1112 est,
2344 1038 2404 1105 ut
2428 1038 2724 1106 diceretur:
2765 1050 2956 1119 factum
3007 1061 3095 1135 est“
3133 1060 3308 1105 autent
3336 1051 3390 1103 in
3420 1049 3510 1103 illo

1960 1153 2201 1211 tempore.
2232 1139 2330 1195 Ubi
2355 1150 2530 1203 tamen
2569 1141 2825 1211 qumritur
2850 1142 2893 1197 si
2917 1142 3100 1196 decem
3123 1150 3181 1217 et
3191 1151 3393 1211 septem
3420 1156 3515 1194 an-

1964 1246 2152 1286 norum
2183 1238 2298 1284 erat
2318 1228 2538 1303 Ioseph,
2568 1232 2779 1300 quando
2808 1232 3323 1301 ven;litns‘mt,quot
3349 1235 3515 1287 anno-

1964 1336 2080 1392 rum
2107 1334 2226 1375 esse
2257 1319 2420 1375 Iudas
2454 1321 2686 1390 potuerit
2709 1331 2929 1390 quartus
2957 1321 3093 1381 filius
3106 1322 3286 1388 Iacob,
3305 1324 3517 1390 quando

1966 1408 2101 1463 idem
2132 1408 2243 1475 ipse
2261 1409 2646 1481 primogenitae
2672 1410 2897 1474 Ruben,
2941 1419 3003 1465 ut
3046 1411 3360 1484 plurimum,
3403 1410 3518 1465 fra—

1968 1506 2104 1552 trem
2137 1512 2292 1555 suum
2321 1496 2514 1570 Ioseph
2541 1499 2802 1569 quinque;
2847 1506 2940 1553 aut
2965 1516 3056 1555 sex
3087 1515 3254 1556 artnos
3282 1502 3518 1577 potuerit

1966 1595 2126 1644 aetate
2155 1589 2475 1658 praecedere.
2505 1589 2791 1647 Evidenter
2820 1598 2995 1645 autem
3027 1589 3304 1661 Scriptum
3365 1591 3518 1649 dicit.
3618 1620 3621 1623 -

1945 1676 2191 1748 triginta
2254 1684 2512 1739 annorum
2571 1677 2735 1734 fuisse
2789 1678 3013 1750 Ioseph,
3050 1680 3263 1749 quando
3292 1674 3522 1734 innotuit

1016 1818 1019 1821 λ
1209 1782 1233 1848 _‘
1418 1754 1421 1755 ν
1860 1826 1865 1830 ,
1894 1748 1944 1808 Β
1970 1765 2256 1842 Pharaoni.
2280 1766 2412 1822 Cum
2427 1782 2556 1837 ergo
2580 1768 2691 1837 ipse
2718 1783 2857 1823 anno
2886 1748 3092 1837 decimo
3117 1767 3342 1853 septimo
3395 1772 3522 1837 aeta:

384 1854 719 1926 Congregatis
741 1867 911 1911 autem
940 1860 1148 1916 cunctis
1175 1857 1350 1912 liberis
1392 1858 1528 1929 ejus,
1558 1865 1613 1913 ut
1651 1855 1869 1912 lenirent
1906 1926 1909 1929 η

1971 1860 2041 1915 tis
2064 1872 2175 1915 sua:
2196 1858 2439 1913 venditus
2464 1856 2627 1914 fuisse
2650 1859 2916 1923 credatur,
2940 1858 3191 1926 tredecim
3214 1873 3383 1914 annos
3401 1874 3521 1928 per-

1969 1951 2153 2023 egerat
2202 1951 2258 2006 in
2291 1946 2521 2021 Egypto
2560 1950 2768 2020 ignotus
2787 1950 3072 2006 Pharaoni.
3098 1949 3181 2005 Ad
3200 1950 3305 2005 hos
3341 1956 3521 2019 autem

1972 2041 2372 2112 quatuordecim
2414 2054 2585 2095 annos
2612 2044 2953 2095 accesserunt
2974 2048 3177 2110 septem
3197 2037 3321 2093 anni
3362 2028 3522 2112 uber;

1976 2132 2117 2207 tatis,
2163 2138 2218 2187 et
2247 2129 2380 2207 facti
2402 2136 2547 2207 sunt
2596 2129 2728 2185 anni
2749 2127 2968 2207 ,viginti.
2988 2128 3087 2183 llis
3109 2129 3373 2207 adduntur
3396 2116 3526 2207 duo,

1971 2204 2352 2293 quia‘secundo
2378 2204 2517 2275 anno
2534 2218 2692 2274 famis
2716 2204 2931 2273 intravit
2950 2216 3113 2273 Iacob
3139 2218 3193 2272 in
3232 2204 3463 2288 .Egjptu
3471 2230 3523 2269 ιιι

1973 2326 2094 2368 cum
2122 2309 2245 2367 filiis
2264 2309 2397 2374 suis,
2423 2305 2480 2362 et
2502 2307 2846 2363 inveniuntur
2872 2305 3057 2377 viginti
3077 2306 3183 2360 duo
3214 2303 3357 2368 anni,
3402 2303 3520 2375 qui-

1972 2400 2073 2455 bus
2102 2397 2272 2453 abfuit
2296 2394 2505 2466 Ioseph
2529 2412 2560 2450 a
2583 2404 2736 2465 patre
2755 2402 2810 2451 et
2836 2394 3089 2451 fratribus
3115 2396 3244 2451 suis.
3269 2393 3384 2461 Quo
3413 2409 3525 2448 me-

1972 2492 2061 2548 dio
2091 2475 2348 2561 tempore,
2372 2488 2638 2561 quomodo
2674 2487 2791 2543 ﬁeri
2818 2488 3088 2559 potuerint
3119 2475 3186 2541 de
3211 2501 3378 2540 uxore
3401 2484 3524 2539 etil-

1973 2579 2060 2637 liis
2092 2588 2148 2637 et
2191 2595 2330 2636 nuru
2384 2578 2533 2636 Iudae
2581 2567 2770 2633 omnia
2799 2593 2917 2649 quae
2953 2584 3257 2641 narrantur,
3290 2575 3525 2645 indagari

1974 2672 2185 2729 difficile
2216 2677 2319 2735 est,
2356 2670 2460 2725 nisi
2481 2669 2700 2725 for-teut
2722 2669 3023 2731 cretamus,
3039 2674 3093 2722 et
3117 2667 3217 2721 hoc
3236 2668 3378 2720 enim
3405 2663 3525 2720 tieri

1974 2762 2147 2834 potuit
2164 2775 2309 2827 mox,
2340 2768 2399 2815 ut
2424 2759 2727 2816 adolescere
2749 2757 2911 2824 Iudas
2938 2757 3121 2827 erepit,
3147 2771 3268 2812 eum
3281 2750 3531 2811 incidisse

1976 2853 2030 2907 in
2091 2866 2327 2906 amorem
2355 2848 2472 2919 ejus
2514 2863 2675 2919 quam
2706 2848 2858 2905 duxit
2881 2862 3117 2912 uxorem,
3151 2847 3383 2904 nondum
3405 2842 3531 2911 ven-1

1977 2940 2089 3003 (lito
2115 2937 2311 3011 Ioseph
2335 2939 2389 2993 in
2415 2937 2728 3009 Egyptnm.
2803 2939 2809 2944 ’

2052 3026 2289 3084 Eoolutis
2301 3036 2472 3083 autem
2501 3027 2676 3083 multis
2697 3027 2895 3092 diebus,
2936 3036 3139 3081 mortua
3181 3036 3254 3081 est
3277 3043 3415 3082 uxor
3432 3026 3532 3084 In:

1986 3120 2086 3174 da.
2126 3117 2229 3184 Qui
2256 3126 2369 3189 post
2395 3113 2593 3172 luctum
2620 3114 2966 3171 consolatione
3001 3124 3259 3186 suscepta,
3288 3103 3534 3189 ascende:

1975 3210 2069 3265 .bat
2118 3207 2188 3263 ad
2238 3217 2473 3267 tonsores
2518 3207 2689 3262 ovium
2721 3222 2957 3271 suarum,
3005 3206 3112 3276 ipse
3129 3214 3176 3259 et
3200 3194 3533 3281 Ilirasopilio

1981 3297 2147 3370 gregis
2170 3296 2528 3361 Odollamites,
2555 3296 2610 3350 in
2641 3294 2921 3368 Thaumas.
2963 3293 3067 3348 Pro
3093 3302 3326 3365 pastore,
3348 3294 3404 3358 lu
3430 3293 3555 3348 lle-.

1981 3374 2131 3446 brreo
2157 3388 2363 3443 amicus
2406 3386 2625 3457 legitur;
2679 3386 2771 3441 sed
2816 3384 3036 3439 verbum
3090 3376 3532 3464 ambiguumest,

1983 3481 2107 3551 quia
2130 3479 2318 3534 iisdem
2342 3476 2537 3532 littoris
2555 3483 2839 3544 utrumque
2867 3487 3059 3539 nomen
3109 3472 3379 3534 scribitur.
3416 3472 3534 3540 γε.

1985 3585 2099 3625 rum
2120 3569 2325 3624 amicus
2350 3583 2453 3632 ree,
2480 3576 2615 3631 mn,
2645 3572 2843 3636 pastor,
2876 3579 3001 3628 rore,
3022 3573 3158 3629 nrt,
3183 3561 3392 3633 legitur.

2056 3656 2557 3727 Nuntiatumqueest
2589 3654 2818 3708 Thamar
2842 3653 2977 3724 q‘uod
3008 3669 3154 3707 socer
3174 3650 3315 3706 illius
3352 3667 3533 3707 ascen-

1985 3753 2129 3806 deret
2143 3753 2199 3805 in
2228 3750 2487 3805 Thamnas
2502 3748 2571 3802 ad
2593 3744 2877 3801 tondendas
2896 3760 3031 3799 oves.
3053 3732 3188 3809 Qua:
3211 3742 3452 3813 depositis
3469 3742 3536 3810 vi;

1986 3843 2199 3898 duitatis
2251 3840 2490 3904 restibus,
2535 3836 2808 3907 assumpsit
2852 3834 3171 3899 theristrum,
3200 3842 3289 3898 et.
3335 3840 3533 3907 mutato

1987 3932 2185 3997 habitu,
2206 3930 2335 3985 sedit
2359 3931 2415 3983 in
2440 3929 2575 3983 bivio
2610 3927 2810 4004 itineris
2835 3941 2949 3997 qur:
2978 3925 3117 3978 ducit
3145 3923 3453 3995 Thaumam,
3472 3937 3531 3975 eo

1987 4021 2124 4096 quod
2149 4020 2383 4074 crevisset
2406 4017 2563 4083 'Sela,‘
2588 4026 2637 4072 et
2667 4033 2769 4071 non
2796 4020 2913 4069 e'um
2948 4014 3221 4084 accepisset
3265 4012 3528 4070 maritum.

1989 4113 2085 4168 llic
2116 4111 2435 4177 insinuatur,
2461 4118 2519 4164 et
2540 4107 2872 4179 temporibus
2896 4098 3337 4175 patriarcharum,
3376 4110 3533 4158 certa

1988 4212 2049 4259 et
2062 4217 2159 4265 sua
2182 4200 2351 4258 fuisse
2372 4202 2688 4255 vestimenta
2712 4198 3021 4263 viduarum,
3048 4195 3364 4264 nonsatique
3407 4191 3531 4246 talis

1989 4295 2164 4367 qualia
2194 4274 2616 4364 coniugam-um.

2061 4385 2230 4449 Quam
2251 4401 2367 4440 cum
2381 4381 2600 4443 ,ridisset
2619 4379 2810 4442 Iudas,
2839 4378 3127 4447 suspicatus
3146 4384 3348 4428 estesse
3373 4389 3535 4439 merc-

1987 4458 2186 4531 triceni.
2219 4473 2505 4546 Operuerat
2558 4471 2693 4525 enim
2736 4467 2930 4522 vultum
2959 4480 3209 4540 suamne
3236 4477 3535 4534 agnoscere-

1987 4578 2098 4641 tur.
2116 4562 2515 4637 Ingrediensgue
2540 4561 2609 4614 ad
2636 4556 2770 4631 eam,
2794 4557 2868 4611 ait
2890 4555 3134 4610 :Dimitte
3154 4569 3254 4647 me1
3279 4561 3341 4609 ut
3359 4566 3533 4627 eaeam

1985 4666 2173 4711 tecum.
2201 4652 2470 4713 Nesciebat
2490 4650 2624 4704 enim
2644 4648 2781 4718 quod
2810 4663 2967 4701 nurus
2996 4662 3092 4700 sua
3113 4641 3259 4698 esset:
3287 4641 3404 4707 Qua
3462 4657 3536 4694 re-

1985 4745 2236 4816 pondente
2250 4758 2269 4796 :
2290 4740 2429 4806 Quid
2456 4739 2583 4792 mihi
2600 4739 2767 4800 dabis,
2792 4747 2844 4788 ut
2873 4735 3067 4804 fruaris
3087 4733 3357 4787 concubitu
3380 4729 3535 4783 meo.’

1985 4834 2115 4887 dixit
2131 4852 2144 4886 :
2174 4831 2379 4885 Mittam
2400 4829 2491 4881 tibi
2516 4825 2796 4881 haedumde
2836 4824 3088 4895 gregibus.
3110 4822 3431 4889 Rursumque
3443 4818 3536 4871 illa

1986 4924 2216 4977 dicente:
2247 4917 2429 4972 Patiar
2453 4916 2591 4987 quod
2613 4916 2707 4980 ris,
2728 4914 2774 4967 si
2798 4912 2997 4967 dederis
3015 4910 3147 4962 mihi
3170 4908 3532 4969 arrhabonem,

1986 5017 2147 5070 donec
2160 5012 2342 5066 mittas
2360 5008 2498 5080 quod
2525 5006 2817 5077 polliceris;
2839 5005 2910 5057 ait
2938 5002 3138 5055 Iudas:
3166 5000 3300 5064 Quid
3346 4999 3419 5053 vis
3440 4999 3535 5070 tibi

1987 5119 2079 5174 pro
2097 5095 2563 5155 arrhabone'dari?
2585 5092 2893 5164 Respondit:
2917 5089 3177 5157 Annulan
3199 5086 3360 5158 luam,
3388 5096 3434 5141 et
3458 5103 3537 5139 ar-

1988 5193 2206 5257 millam,
2235 5201 2283 5246 et
2305 5187 2544 5243 baculum
2565 5201 2712 5257 quem
2737 5199 2893 5237 manu
2917 5192 3071 5236 tenes.
3089 5180 3169 5234 Ad
3193 5194 3348 5233 unum
3379 5178 3538 5246 igitur

1988 5285 2176 5339 coitum
2198 5279 2429 5349 concepit
2448 5276 2652 5341 mulier,
2675 5285 2721 5329 et
2741 5289 2951 5342 surgens
2969 5271 3115 5326 abiit.
3138 5271 3195 5353 lu
3213 5270 3353 5324 facto
3367 5267 3550 5351 Iuda,

1990 5390 2092 5428 non
2112 5370 2389 5427 sinceritas
2402 5367 2646 5437 justitize,
2667 5364 2760 5419 sed
2792 5362 3017 5419 ﬁdelitas
3060 5360 3316 5430 promissi
3359 5360 3537 5413 cerui;

1992 5476 2098 5520 tur.
2123 5465 2179 5517 Si
2203 5461 2347 5516 enim
2368 5466 2607 5514 servaret
2622 5454 2885 5523 justitiam
2906 5450 3170 5507 servando
3214 5448 3537 5506 castitatem,

1992 5569 2096 5609 non
2116 5550 2409 5612 introisset,
2432 5555 2489 5599 ut
2510 5545 2599 5599 ille
2626 5544 2998 5613 opiuatusest,
3043 5538 3110 5596 ad
3157 5535 3493 5589 meretricem
3522 5574 3534 5592 ,

1993 5644 2084 5699 sed
2109 5650 2285 5696 tamen
2325 5638 2376 5693 id
2401 5636 2541 5707 quod
2575 5633 2815 5703 promisit
2842 5646 2935 5701 per
2976 5635 3241 5698 pastorem
3267 5641 3418 5680 suum
3454 5641 3533 5676 sc-
