3948 6330
499 358 595 415 827

1122 356 1179 409 B.
1223 354 1471 408 RABANI
1509 345 1726 409 MAURI
1760 352 2071 406 ARllelEP.
2114 344 2414 406 MOCUNT.
2457 351 2733 411 OPERUM
2773 353 2947 407 PARS
2988 354 3004 407 Ι

3591 356 3696 412 628

497 478 725 533 cundum
774 476 1078 531 ﬁdelitatem
1125 476 1375 545 promissi
1424 476 1783 529 transmittere
1834 473 2039 525 mulieri
2070 474 2115 529 Λ
2146 487 2343 527 mmor
2369 486 2570 528 eorum.
2619 475 2756 528 Deus
2799 482 2970 527 tamen
3008 477 3190 529 ambos
3223 476 3475 532 occidisse
3518 474 3694 529 dictus

494 582 602 624 non
636 565 864 637 negavit.

567 656 699 710 Ecce
724 663 835 723 post
869 663 973 707 tres
1000 668 1192 705 menses
1222 651 1578 702 nuntiaverunt
1602 646 1755 699 ludar
1782 646 2002 698 dicentes
2029 660 2045 696 :

497 746 777 801 Fornicata
819 754 893 799 est
941 744 1165 797 Thamar
1207 756 1365 791 nurus
1399 749 1508 800 tua,
1540 747 1585 791 et
1626 738 1827 790 videtur
1874 748 2045 789 uterus

492 837 633 890 illius
672 838 1019 889 intumescere.
1068 830 1213 883 Dixit
1259 827 1427 881 Iudas
1462 841 1477 877 :
1518 826 1791 879 Producite
1831 842 1943 879 eam
1991 834 2045 876 ut

494 925 840 979 comburatur.
896 920 1023 984 Quae
1066 935 1180 971 cum
1226 918 1528 971 educeretur
1552 915 1619 968 ad
1660 931 1877 984 poenam,
1910 916 2044 966 misit

494 1016 562 1067 ad
591 1028 817 1066 socerum
847 1024 993 1064 suum
1022 1008 1195 1061 dicens
1218 1022 1233 1059 :
1261 1005 1333 1059 De
1352 1008 1456 1060 viro
1478 1006 1626 1074 cujus
1646 1006 1753 1057 lucc
1781 1014 1897 1056 sunt
1919 1020 2041 1055 con-

492 1105 599 1169 cepi
622 1116 638 1152 .'
661 1082 916 1171 Cognosge
962 1100 1113 1168 cujus
1154 1094 1218 1151 sit
1250 1094 1473 1148 annulus
1500 1134 1513 1157 ,
1538 1102 1584 1145 et
1614 1090 1839 1155 armilla,
1870 1101 1915 1143 et
1956 1092 2045 1142 ba-

491 1196 657 1246 culus.
685 1188 785 1257 Qui
809 1188 995 1260 agnitis
1024 1186 1317 1243 muneribus
1344 1184 1449 1237 ait:
1473 1182 1674 1235 Iustior
1701 1196 1779 1233 me
1810 1190 1901 1243 est,
1922 1180 2043 1249 quia

493 1299 594 1337 non
636 1280 827 1335 tradidi
872 1297 983 1333 eam
1022 1276 1143 1333 Scia
1170 1274 1279 1345 ﬁlio
1318 1289 1448 1327 meo.
1499 1273 1733 1323 Attamen
1760 1270 1897 1321 ultra
1943 1285 2041 1322 non

492 1372 725 1441 cognovit
743 1386 876 1423 eam.
906 1364 1162 1438 Cognovit
1184 1372 1357 1418 autem
1381 1361 1543 1415 ludas
1567 1367 1621 1414 et
1650 1359 1779 1413 dixit
1808 1378 1818 1412 ε
1846 1358 2043 1441 Justior

493 1437 579 1513 illa
609 1472 766 1516 quam
795 1471 911 1525 ego,
956 1437 1096 1522 quod
1132 1468 1238 1506 non
1280 1450 1403 1505 dedi
1437 1456 1553 1503 eam
1601 1446 1707 1501 ﬁlio
1750 1464 1868 1502 meo
1897 1437 2036 1501 Sela.

491 1545 545 1602 In
594 1544 817 1603 Hebraeo
863 1544 1041 1607 habet,
1086 1541 1380 1611 Justiﬁcata
1423 1548 1496 1593 est
1540 1556 1603 1592 ex
1642 1556 1740 1602 me,
1783 1552 1887 1591 non
1917 1536 2039 1605 quia

485 1634 629 1708 Iusta
675 1633 853 1697 inerit,
886 1632 979 1687 sed
1008 1630 1147 1701 quod
1173 1671 1188 1695 ,
1213 1629 1611 1699 comparatione
1658 1628 1796 1681 illius
1819 1666 1833 1689 ,
1866 1628 2040 1679 minus

494 1722 629 1781 male
656 1723 860 1791 iecerit,
899 1732 1234 1795 nequaquam
1261 1736 1393 1791 vaga
1423 1721 1489 1777 ad
1518 1718 1914 1790 turpitudinem,
1946 1717 2038 1771 sed

492 1813 686 1869 liberos
714 1810 1048 1880 requirenlo.

563 1896 795 1954 Instante
820 1910 989 1953 autem
1021 1910 1194 1968 partu,
1224 1903 1573 1967 apparuerunt
1602 1894 1788 1964 gemini
1817 1893 1867 1946 in
1894 1902 2035 1945 utero

396 2017 401 2023 -
490 1993 633 2061 ejus,
673 2000 820 2058 atque
848 1990 902 2041 in
929 1989 1039 2057 ipsa
1081 1985 1325 2054 e/fusiane
1362 1984 1621 2053 infantum
1658 2000 1789 2035 unus
1826 1976 2037 2052 protulit

490 2076 720 2145 manum,
746 2080 797 2132 in
816 2096 917 2148 qua
949 2078 1189 2132 obstetrix
1209 2076 1379 2146 ligavit
1408 2075 1667 2129 coccinum
1694 2074 1867 2126 dicens
1890 2088 1905 2123 .'
1934 2072 2037 2125 Iste

490 2168 772 2237 egredietur
792 2168 948 2237 prior.
974 2166 1075 2239 Illo
1100 2183 1213 2221 vero
1244 2166 1528 2219 cetra/rente
1553 2168 1783 2227 manu’m,
1807 2179 2035 2231 egressus

493 2270 560 2312 cst
583 2258 731 2312 alter.
762 2254 1003 2329 Dixitque
1025 2258 1209 2312 mulier
1231 2276 1248 2311 :
1273 2255 1444 2322 Quare
1471 2255 1635 2308 divisa
1664 2261 1737 2308 est
1762 2264 1966 2323 propter
1990 2264 2036 2307 te

490 2344 751 2401 maceria?
774 2357 822 2401 et
844 2349 904 2401 ob
930 2349 1061 2402 hanc
1092 2363 1301 2401 causam
1330 2346 1519 2401 vocavit
1552 2362 1731 2399 nomen
1762 2346 1871 2412 ejus
1898 2341 2037 2397 Plia-

488 2453 588 2490 res.
635 2436 737 2491 Pro
784 2438 1008 2491 maceria
1040 2438 1337 2490 divisionem
1367 2436 1554 2505 Aquila
1594 2443 1646 2488 et
1687 2434 2037 2505 Symmachus

490 2523 874 2580 transtulerunt
894 2565 908 2588 ,
940 2526 1080 2593 quod
1109 2524 1367 2579 Hebraice
1395 2524 1590 2578 dicitur
1618 2524 1833 2578 Phares.
1862 2526 1942 2579 Ab
1972 2539 2035 2578 eo

494 2609 656 2684 igitur
706 2608 846 2681 quod
901 2612 1138 2666 diviserit
1191 2614 1609 2668 membranulam
1663 2612 2034 2679 secundarum,

490 2696 752 2757 divisionis
790 2716 983 2756 nomen
1036 2701 1255 2770 accepit.
1312 2700 1463 2757 Unde
1499 2701 1786 2765 Pharisaei,
1828 2705 1918 2770 qui
1978 2718 2035 2757 se

491 2784 643 2859 Quasi
677 2779 907 2859 justosia
940 2791 1132 2861 pepulo
1173 2798 1569 2859 scparaverant,
1614 2790 1767 2844 divisi
1802 2790 2035 2860 appella-

490 2874 702 2931 bantur.

559 2963 744 3019 Postea
778 2981 1007 3035 egressus
1037 2976 1108 3020 est
1141 2967 1300 3035 frater
1323 2970 1456 3035 ejus,
1479 2972 1541 3024 in
1562 2968 1711 3037 cujus
1740 2985 1897 3023 manu
1923 2978 2033 3023 erat

488 3054 768 3118 coactnum,
796 3046 945 3123 quem
972 3054 1241 3123 appellavit
1282 3052 1439 3108 Zara.
1489 3054 1599 3111 Hoc
1639 3070 1832 3110 nomen
1871 3058 2033 3111 inter-

2145 568 2243 625 est,
2275 562 2363 615 ubi
2402 561 2657 631 ﬁguratur
2694 576 2910 631 regnum
2941 561 3131 617 talibus
3172 564 3467 617 hominibus
3512 564 3694 616 abstu-

2146 650 2285 703 lisse.
2319 650 2528 703 Tertius
2562 666 2685 704 vero
2721 650 2857 704 ﬁlius
2886 649 3049 713 Judm,
3080 653 3217 719 quo]
3248 653 3317 705 illi
3348 653 3551 707 mulieri
3583 669 3689 708 non

2136 737 2394 805 jungitur,
2425 739 2685 807 signiﬁcat
2730 748 2955 806 tempus,
2985 754 3049 792 ex
3094 752 3199 807 quo
3242 756 3392 811 reges
3431 742 3565 811 plebi
3593 738 3690 796 Ju-

2145 823 2374 883 dreorum
2401 838 2673 896 ceperunt
2718 829 2781 883 de
2812 829 2950 883 tribu
2979 826 3125 881 Joalce
3156 844 3257 882 non
3303 828 3448 896 ﬁeri;
3480 840 3531 886 et
3573 834 3691 887 idco

2143 925 2257 970 erat
2286 918 2495 985 quidem
2543 919 2680 973 ﬁlius
2708 918 2883 981 ludat,
2914 916 3005 973 sed
3033 934 3150 972 eum
3180 920 3413 972 Thamar
3437 925 3688 975 maritum

2144 1014 2245 1057 non
2271 1015 2563 1072 acceperat,
2594 1008 2712 1073 quia
2745 1008 2925 1060 eadem
2952 1017 3065 1060 erat
3090 1008 3257 1061 tribus
3284 1006 3435 1072 Iuda,
3460 1014 3549 1063 sed
3572 1011 3686 1078 jam

2144 1094 2192 1145 in
2227 1094 2415 1163 populo
2436 1092 2581 1147 Indae
2611 1110 2765 1148 nemo
2784 1097 3055 1162 regnabat.
3091 1097 3241 1151 Unde
3260 1106 3315 1151 et
3336 1095 3523 1152 nomen
3549 1101 3686 1169 ejus,

2142 1180 2193 1233 id
2223 1191 2302 1235 est
2332 1181 2474 1244 Sola,
2503 1182 2883 1251 interpretatur
2909 1184 3087 1237 divisio
3114 1185 3245 1253 ejus.
3278 1185 3391 1239 Non
3422 1188 3688 1257 pertinent

2141 1284 2266 1342 sane
2299 1270 2370 1323 ad
2393 1271 2527 1325 hanc
2557 1272 2998 1342 signiﬁcationem
3024 1274 3122 1326 viri
3148 1275 3317 1328 sancti
3342 1283 3395 1329 et
3414 1274 3563 1343 justi,
3596 1280 3687 1346 qui

2139 1356 2263 1411 licet
2293 1359 2378 1412 illo
2402 1368 2633 1429 tempore
2658 1360 2870 1426 fuerint,
2897 1364 2961 1417 ad
2987 1362 3188 1417 Notum
3217 1371 3393 1418 tamen
3420 1368 3690 1434 pertinent

2139 1446 2551 1513 Testamentum,
2587 1452 2675 1520 qui
2720 1453 3080 1522 prophetando
3117 1455 3346 1508 scienter
3384 1456 3540 1511 utiles
3569 1457 3684 1511 rue-

2138 1530 2277 1600 runt,
2305 1539 2475 1607 qualis
2520 1539 2684 1594 David
2732 1541 2846 1596 fuit.
2878 1539 2955 1597 Eo
2997 1558 3122 1598 sane
3154 1554 3387 1614 tempore
3434 1557 3539 1616 quo
3574 1549 3686 1617 jam

2135 1622 2311 1679 Judiea
2343 1636 2575 1695 coeperat
2605 1643 2753 1698 rcges
2778 1638 2841 1684 ex
2870 1629 3009 1687 tribu
3035 1630 3166 1685 Juda
3203 1642 3308 1687 n‘on
3338 1635 3552 1699 Habere,
3581 1655 3685 1691 tum

2137 1723 2218 1767 est
2260 1719 2641 1785 computandus
2694 1714 2929 1773 Herodes
2974 1722 3143 1790 major
3198 1723 3247 1775 in
3294 1724 3505 1792 regibus
3550 1726 3683 1793 ejus,

2069 1802 2115 1861 B
2144 1813 2389 1874 tanquam
2421 1808 2641 1861 maritus
2664 1808 2919 1874 Thamar,
2938 1812 3213 1864 eratenim
3242 1812 3553 1883 alienigena.
3581 1814 3686 1867 Nec

2136 1894 2184 1946 ei
2209 1900 2537 1948 sacramento
2565 1896 2652 1950 illo
2679 1899 2911 1967 mysticae
2933 1901 3195 1954 unctionis
3219 1908 3466 1970 tanquam
3504 1903 3686 1970 conju-

2136 1983 2235 2051 gali
2268 1983 2465 2039 fmzlcre
2503 1987 2822 2049 colicercbat,
2852 1988 2942 2042 sed
2981 1999 3228 2058 tanquam
3268 1998 3549 2045 extraneas
3585 1994 3683 2046 do-

2137 2074 2450 2137 minabatur,
2481 2091 2635 2144 quam
2664 2086 2974 2146 potestatem
3004 2094 3031 2131 a
3062 2080 3315 2135 Romanis
3337 2090 3390 2136 et
3419 2099 3447 2135 a
3476 2083 3686 2141 Ca-sare

2136 2173 2431 2232 acceperat.
2481 2164 2571 2219 Sic
2596 2175 2649 2219 et
2683 2165 2796 2235 ejus
2828 2166 2917 2221 ﬁlii
2965 2170 3265 2233 tetrarchae,
3297 2184 3523 2238 quorum
3570 2180 3685 2225 erat

2134 2270 2271 2308 unus
2318 2249 2550 2310 Herodes
2602 2258 2765 2324 patris
2814 2258 3023 2311 nomine
3073 2258 3382 2327 appellatus,
3428 2260 3518 2328 qui
3561 2274 3684 2313 cum

2133 2342 2300 2398 Pilato
2330 2346 2379 2398 in
2410 2346 2652 2414 passione
2682 2345 2888 2400 Domini
2911 2349 3268 2409 concordavit.
3294 2348 3383 2402 Isti
3405 2364 3531 2418 ergo
3557 2350 3687 2402 alic-

2134 2438 2337 2505 nigenae
2366 2451 2532 2505 usque
2579 2436 2709 2491 adeo
2749 2453 2854 2491 non
2891 2438 3277 2505 deputabantur
3306 2439 3357 2491 in
3392 2452 3555 2508 regno
3596 2438 3686 2491 illo
3738 2427 3745 2431 ’

2134 2526 2355 2595 mystico
2378 2524 2673 2579 Iudaeorum
2705 2566 2719 2591 ,
2748 2535 2805 2580 ut
2840 2526 2939 2595 ipsi
2961 2524 3126 2579 Judaei
3158 2526 3362 2595 publice
3390 2526 3687 2579 clamarent

2135 2610 2435 2668 frendentes
2476 2616 2729 2669 adversus
2762 2615 3031 2669 Christum
3056 2629 3069 2667 :
3098 2613 3216 2668 Non
3243 2614 3485 2667 habemus
3515 2629 3683 2683 regem

2134 2704 2231 2756 nisi
2257 2702 2513 2756 Cwsarem
2558 2703 2762 2774 (Matth.
2794 2703 2995 2773 xxvn),
3024 2717 3193 2770 neque
3222 2703 3321 2756 hoc
3360 2712 3543 2756 verum
3581 2703 3683 2756 nisi

2135 2791 2220 2845 illa
2275 2776 2996 2849 universali/dominatione.
3071 2788 3426 2842 Romanorum
3488 2791 3685 2857 quippe

2132 2882 2293 2936 etiam
2329 2881 2504 2937 Czesar
2546 2896 2639 2935 rex
2677 2888 2813 2946 erat,
2855 2895 2959 2934 non
2986 2882 3197 2948 proprie
3226 2876 3555 2943 Iudaeorum;
3590 2881 3684 2933 sed

2132 2962 2190 3021 ut
2236 2967 2504 3021 Christum
2548 2977 2823 3039 negarent,
2867 2979 2921 3022 et
2972 2969 3112 3023 hunc
3161 2966 3329 3023 adhuc
3375 2969 3682 3030 adorarent,

2133 3052 2251 3110 ideo
2278 3070 2334 3109 se
2365 3056 2456 3109 tali
2499 3071 2629 3111 voce
2670 3056 3070 3110 damnaverunt.
3117 3056 3209 3110 Illo
3256 3058 3395 3109 enim
3444 3066 3685 3125 tempore

486 3150 725 3217 pretatur
758 3145 947 3199 oriens.
994 3144 1118 3199 Sive
1166 3145 1325 3214 igitur
1364 3145 1487 3217 quia
1523 3146 1725 3213 primus
1766 3147 2028 3215 apparuit,
2060 3134 2101 3194 C
2133 3160 2238 3213 quo
2258 3144 2366 3214 jam
2393 3140 2455 3199 de
2475 3147 2616 3199 tribu
2640 3142 2771 3199 Iuda
2802 3162 3019 3217 regnum
3048 3145 3336 3211 defecerat,
3363 3148 3683 3201 veniendum

485 3236 598 3291 sive
624 3234 761 3305 quod
785 3236 997 3304 plurimi
1026 3252 1093 3291 ex
1126 3251 1189 3290 eo
1207 3235 1337 3302 justi
1382 3246 1523 3301 sunt,
1551 3248 1609 3290 ut
1635 3240 1686 3290 in
1715 3237 1847 3291 libro
1875 3237 2033 3290 Para-

392 3314 395 3317 λ
485 3320 785 3404 lipomenon
814 3326 1132 3390 continetur,
1161 3325 1317 3390 Zara,
1344 3327 1395 3382 id
1415 3335 1497 3381 est
1527 3329 1713 3393 oriens,
1742 3328 2032 3397 appellat-ts

478 3425 583 3474 est.
618 3412 938 3484 (Isidorus.)
987 3413 1105 3469 Jam
1144 3431 1285 3469 nunc
1325 3414 1520 3470 factum
1557 3415 1704 3471 Juda:
1742 3422 2030 3472 secundum

484 3500 785 3573 allegoriam
815 3504 938 3572 quid
976 3501 1354 3575 signiﬁcaverit
1382 3503 1697 3567 futurorum,
1726 3506 2029 3560 considere-

484 3606 621 3645 mus.
662 3590 719 3644 ln
748 3588 980 3646 Thamar
1013 3606 1139 3661 ergo
1169 3607 1301 3644 nuru
1339 3589 1502 3655 Judae,
1538 3592 1847 3662 intelligitur
1882 3592 2031 3662 plebs

482 3663 682 3743 Iu'tttna,
712 3667 795 3746 eui
816 3678 880 3731 de
908 3677 1043 3732 tribu
1063 3676 1199 3733 Juda
1233 3694 1403 3748 reges,
1432 3689 1684 3747 tanquam
1717 3682 1912 3742 mariti,
1941 3683 2031 3735 de-

483 3752 726 3822 béatitnr.
747 3759 935 3822 Merito
961 3772 1149 3822 numen
1178 3768 1291 3836 ejus
1316 3768 1607 3822 amaritudo
1634 3770 2027 3839 interpretatur.

483 3852 599 3924 ipsa
624 3844 763 3910 enim
807 3857 1029 3913 Domino
1060 3858 1196 3913 fellis
1228 3858 1472 3929 poculum
1500 3861 1666 3914 dedit.
1701 3861 1814 3916 Dno
1854 3870 2030 3914 autent

483 3948 674 4024 genera
694 3934 987 4016 principum
1011 3948 1099 4015 qui
1124 3964 1226 4001 non
1248 3958 1389 4002 recte
1410 3950 1766 4017 Operabantnr
1790 3949 1839 4001 in
1859 3950 2026 4017 plebe,

479 4026 645 4091 unum
690 4024 873 4089 eorum
914 4036 1001 4103 qui
1042 4037 1281 4099 oberant,
1316 4036 1537 4089 alterum
1565 4052 1749 4091 eorum
1779 4038 1866 4104 qui
1901 4036 2029 4089 nihl

483 4118 800 4197 proderant,
850 4118 1281 4192 signiﬁcabantur
1326 4125 1379 4178 in
1438 4124 1642 4178 duobus
1693 4123 1814 4178 ﬁliis
1860 4123 2024 4178 Judm.

485 4216 718 4277 Qbornm
762 4227 899 4266 unus
924 4227 1107 4267 eorum
1148 4223 1262 4268 erat
1306 4213 1566 4284 malignus
1611 4215 1693 4269 vel
1740 4231 1860 4270 reus
1909 4223 2029 4268 ante

485 4300 670 4365 Deum,
702 4302 837 4355 alter
864 4302 914 4356 in
946 4311 1137 4377 terram
1172 4303 1441 4369 fundebat,
1469 4320 1533 4359 ne
1564 4292 1745 4360 semen
1787 4308 1936 4360 daret
1964 4307 2026 4359 ad

483 4384 867 4446 fecundandam
895 4393 1145 4448 Thamar.
1194 4393 1301 4449 Nec
1329 4405 1453 4449 sunt
1482 4397 1707 4465 amplius
1737 4414 1895 4467 quam
1925 4399 2027 4452 duo

470 4472 677 4549 genere
707 4475 975 4536 hominum
1012 4482 1213 4537 i‘nutilia
1241 4483 1421 4554 generi
1450 4485 1679 4541 humano
1701 4505 1711 4539 :
1733 4503 1892 4541 unum
1935 4504 2025 4542 no-
2056 4467 2103 4527 Β

481 4556 734 4629 dentium,
754 4566 976 4622 alterum
996 4578 1249 4639 prmstare
1277 4572 1585 4635 nolentium,
1616 4584 1668 4629 et
1690 4576 1732 4628 si
1757 4576 1879 4643 quid
1908 4576 2029 4630 boni

482 4650 681 4713 bibent
705 4652 757 4709 in
799 4655 897 4710 hac
927 4660 1135 4711 terrena
1164 4646 1271 4712 vita
1314 4650 1667 4729 perdentium,
1701 4666 1949 4731 tanquam
1977 4664 2029 4718 in

485 4750 629 4799 terra
670 4739 1030 4810 inridentium;
1060 4753 1115 4802 et
1144 4747 1265 4814 quia
1296 4747 1349 4802 in
1380 4750 1516 4805 melo
1542 4752 1688 4819 prior
1713 4764 1796 4807 est
1824 4753 1910 4807 ille
1938 4755 2028 4823 qui

485 4836 639 4887 nocet
663 4834 821 4901 quam
851 4833 941 4889 ille
966 4835 1057 4904 qui
1086 4850 1189 4890 non
1232 4837 1467 4905 prodest,
1498 4837 1617 4893 ideo
1643 4840 1813 4910 major
1838 4841 2030 4896 dicitur

484 4918 746 5001 malignus
788 4920 897 4987 ille,
924 4930 978 4977 et
1026 4935 1255 4993 sequens
1285 4927 1375 4997 qui
1411 4916 1663 4984 fundebat
1709 4926 1763 4982 in
1808 4940 2023 4985 terram.

485 4998 791 5098 Nomenque
831 5004 1066 5095 majornl,
1091 5018 1189 5098 qui.
1222 5023 1445 5074 vocatur
1484 5008 1623 5086 Her,
1655 5021 2032 5092 interpretatur

484 5094 742 5171 pollicitis,
769 5100 1010 5182 qualibus
1032 5094 1223 5163 tuniCis
1245 5101 1415 5164 induti
1446 5100 1573 5165 sum
1589 5110 1748 5180 primi
1772 5111 2029 5176 homines,

485 5191 538 5255 in
572 5206 730 5269 paena
768 5184 1119 5252 damnationis
1154 5213 1279 5261 suae,
1309 5198 1491 5257 emissi
1529 5213 1593 5254 ex
1641 5199 1905 5268 paradiso.
1938 5198 2035 5254 Se-

482 5283 695 5358 quentis
719 5274 895 5342 autem
922 5298 1130 5353 nomee,
1149 5286 1240 5357 qui
1265 5291 1482 5344 vdeatur
1509 5288 1680 5353 Otian,
1713 5290 2031 5360 interpreta-

481 5380 572 5431 tur
596 5376 783 5431 meror
798 5378 997 5430 eorum.
1028 5369 1284 5443 Quium,
1302 5379 1401 5433 nisi
1422 5378 1615 5448 quibus
1636 5380 1766 5433 nihil
1796 5379 2029 5449 prodest,

480 5476 605 5522 cum
645 5459 837 5527 habeat
874 5463 1012 5520 unde
1052 5464 1303 5535 prodesse
1328 5474 1543 5537 posset,
1567 5474 1727 5538 atque
1756 5469 1809 5523 id
1848 5470 2033 5538 perdat

482 5551 538 5614 In
566 5549 929 5623 temiliajus
968 5572 1126 5625 porro
1165 5556 1357 5612 malum
1394 5566 1475 5612 est
1503 5559 1690 5614 ablatae
1728 5561 1870 5623 vitzn,
1892 5558 2032 5629 quod

482 5639 740 5717 signiﬁcat
780 5642 952 5723 pellis,
980 5659 1137 5721 quam
1183 5662 1284 5700 non
1330 5646 1553 5717 adjntce,
1582 5648 1720 5719 quod
1768 5645 2031 5718 signiﬁcat

2130 3244 2243 3286 erat
2272 3232 2481 3288 Christo
2510 3247 2634 3287 vero
2667 3229 2926 3294 Sulvatori
2958 3227 3178 3288 Domino
3226 3245 3422 3297 nostro,
3456 3237 3543 3305 qui
3574 3250 3683 3288 non

2127 3323 2368 3389 obesset,
2419 3324 2745 3393 multumque
2791 3327 3081 3394 prodesset.
3133 3323 3265 3379 Hinc
3316 3327 3455 3378 enim
3506 3325 3685 3377 fuerat

2126 3408 2494 3482 prOphctatum
2521 3430 2535 3465 :
2559 3410 2679 3466 Non
2724 3410 2920 3481 deﬁciet
2951 3415 3182 3483 princeps
3225 3431 3288 3467 ex
3329 3411 3491 3476 Iuda,
3522 3432 3685 3482 ncqnc

2127 3502 2234 3557 dua:
2258 3503 2321 3556 de
2349 3504 2622 3571 femoribus
2652 3503 2958 3573 ejus,doncc
2988 3505 3145 3557 veniet
3168 3506 3253 3575 qui
3276 3505 3550 3557 mittendus
3581 3516 3679 3566 est,

2127 3602 2172 3645 ct
2200 3592 2303 3660 ipse
2334 3593 2427 3644 erit
2456 3596 2760 3660 exspectatio
2789 3593 3012 3661 gentium
3041 3591 3189 3663 (Gen.
3220 3594 3383 3661 xm).
3413 3591 3526 3646 tam
3574 3594 3681 3647 isto

2128 3691 2365 3749 tempore
2411 3696 2566 3736 omne
2611 3696 2819 3750 quoque
2864 3683 3223 3751 magisterium
3264 3682 3594 3745 Jutheorum,
3625 3690 3682 3735 rt.

2129 3768 2349 3843 mystica
2380 3768 2516 3821 unde
2542 3769 2737 3822 Christi
2770 3769 3093 3822 vocabantur
3124 3769 3301 3820 unctio
3331 3768 3442 3837 ipsa
3469 3768 3681 3823 defece-

2129 3867 2228 3921 ral,
2245 3858 2527 3911 secundum
2555 3860 2882 3926 prophetiam
2906 3859 3153 3914 Danielis.
3180 3860 3324 3912 Tunc.
3347 3862 3485 3913 enim
3511 3863 3679 3923 venit,

2128 3950 2211 4002 cui
2254 3951 2535 4016 repositum
2579 3959 2709 4013 erat,
2736 3951 3063 4019 exspectatio
3108 3952 3362 4019 gentium,
3404 3962 3450 4005 et
3493 3951 3679 4005 unctus

2127 4048 2197 4091 est
2224 4048 2428 4090 sanctus
2458 4048 2751 4090 sanctorum
2780 4038 2888 4092 oleo
2910 4038 3252 4091 exsultatione
3274 4057 3378 4107 pi'll'
3404 4042 3677 4109 participi-

2128 4125 2218 4176 bus
2243 4124 2348 4176 suis
2379 4123 2547 4192 (l’sal.
2582 4124 2759 4193 xuv)‘.-
2792 4123 2957 4179 Natus
2988 4134 3067 4179 est
3092 4118 3230 4179 enim
3260 4126 3479 4180 llcrodis
3507 4128 3677 4195 majo-

2129 4214 2201 4267 ris
2245 4222 2498 4281 tempore,
2528 4228 2713 4282 passus
2738 4223 2819 4267 est
2855 4222 3031 4268 autem
3072 4212 3293 4270 Herodis
3339 4216 3561 4269 minoris
3594 4228 3677 4270 te-

2130 4307 2373 4360 trarchae.
2402 4304 2566 4373 Hujus
2603 4307 2781 4373 itaque
2817 4306 3076 4361 venientis
3117 4307 3181 4359 ad
3210 4322 3333 4360 oves
3357 4322 3474 4375 qum
3501 4309 3696 4377 periei

2130 4410 2245 4450 rant
2292 4397 2480 4452 domus
2518 4396 2697 4463 Israel,
2732 4396 2953 4468 ﬁguram
2997 4396 3153 4465 gessit
3201 4396 3311 4465 ipse
3340 4394 3521 4458 ludas,
3552 4412 3674 4450 cum

2132 4488 2232 4542 iret
2259 4489 2323 4543 ad
2354 4488 2642 4542 tondendas
2671 4474 2796 4541 oves
2821 4498 2944 4542 suas
2969 4477 3022 4545 in
3044 4486 3303 4548 Thamna,
3340 4486 3475 4554 quod
3504 4486 3674 4539 inter-

2134 4585 2368 4646 pretatur
2389 4577 2627 4649 deﬁciens
2649 4594 2664 4638 ;
2683 4575 2793 4644 jam
2824 4568 2971 4630 enim
2995 4574 3295 4631 defecerant
3324 4574 3586 4642 principes
3606 4586 3672 4627 ex

2131 4668 2287 4736 Inda,
2314 4678 2365 4725 et
2389 4679 2543 4723 Omne
2566 4670 2925 4739 magisterium
2956 4676 3114 4736 atque
3143 4654 3320 4719 unctio
3348 4664 3671 4725 Iudaeorum.

2132 4760 2298 4815 donec
2327 4756 2529 4814 Veniret
2553 4759 2636 4811 cui
2666 4756 2952 4825 repositum
2983 4761 3115 4808 erat.
3159 4753 3310 4807 Venit
3350 4762 3525 4806 autem
3553 4768 3674 4805 cum

2130 4858 2342 4919 pastore
2380 4858 2475 4902 suo
2521 4847 2853 4910 Odollamite,
2881 4845 2963 4901 cui
3014 4859 3205 4898 nomen
3251 4851 3367 4896 erat
3418 4843 3591 4905 iiiras,
3623 4852 3674 4897 et

2131 4937 2510 5006 interpretatur
2539 4935 2879 4991 Odollamites
2900 4933 3241 4987 testimonium
3266 4933 3318 4984 in
3355 4939 3509 5000 aaut.
3541 4930 3673 4983 Cum

2132 5027 2231 5080 hoc
2256 5026 2408 5095 plane
2438 5024 2737 5079 testimonio
2765 5023 3012 5077 Dominus
3028 5021 3209 5083 .venit,
3237 5021 3434 5073 habens
3458 5020 3673 5088 quidem

2132 5112 2491 5167 testimonium
2519 5110 2685 5179 majus
2725 5111 2953 5171 Joanne,
2985 5109 3079 5163 sed
3107 5117 3279 5161 tamen
3309 5117 3524 5176 propter
3550 5120 3676 5159 oves

2134 5200 2390 5264 inﬁrmas,
2424 5200 2521 5254 hoc
2568 5198 2868 5253 testimonio
2896 5204 2977 5251 est
3006 5211 3134 5251 usus
3172 5197 3223 5250 lu
3263 5211 3421 5264 aqua.
3468 5193 3599 5247 Nam
3624 5202 3679 5247 et

2133 5289 2243 5359 ipse
2277 5288 2451 5352 Hiras,
2474 5282 2613 5357 quod
2638 5301 2827 5341 nomen
2856 5285 2993 5340 illius
3016 5284 3246 5355 pasmris
3273 5283 3390 5349 fuit,
3414 5284 3678 5350 interpre-

2134 5387 2278 5435 tatur
2307 5366 2483 5447 fratris
2507 5376 2606 5428 mei
2642 5376 2785 5429 visio.
2829 5373 2969 5428 Vidit
3006 5373 3223 5427 omnino
3260 5370 3481 5425 fratrem
3522 5371 3677 5423 suum

2135 5470 2384 5533 Joannes,
2415 5468 2629 5521 fratrem
2677 5465 2963 5519 secundum
3006 5476 3184 5515 semen
3214 5459 3453 5521 Abrahae,
3487 5460 3680 5509 secuti-

2135 5550 2259 5611 dum
2300 5553 2663 5625 cognationem
2700 5551 2883 5603 matris
2914 5548 3088 5602 Maria:
3133 5546 3268 5614 ejus,
3312 5554 3366 5599 et
3409 5540 3680 5597 Elisabetli

2138 5646 2319 5701 matris
2359 5659 2485 5705 sine,
2514 5642 2857 5709 eutmlemque
2902 5638 3177 5693 Dominum
3209 5644 3257 5689 et
3288 5634 3451 5688 Deum
3498 5645 3678 5694 suum,
