3948 6344
257 359 355 414 ῦΞῦ

259 571 317 620 Il.
373 565 515 619 Vidit
541 563 772 623 omnino,
801 570 855 615 et
901 560 1016 614 ideo
1051 564 1104 614 in
1146 562 1279 614 natis
1315 560 1589 613 mulierum
1635 560 1803 628 major

257 657 344 708 illo
370 671 472 707 non
499 651 718 705 surrexit
738 651 902 719 ,‘qnia
932 665 996 704 ex
1028 651 1272 704 omnibus
1310 647 1800 718 prteuuutlantibus,

258 744 525 806 Christum
554 741 663 809 ipse
687 741 848 802 vidit,
877 741 1014 809 quod
1041 740 1190 793 multi
1209 740 1337 807 justi
1362 749 1408 792 et
1431 740 1686 808 propheta:
1712 755 1803 790 cu-

257 836 456 902 pierunt
481 831 646 884 indere
671 841 714 882 et
751 847 850 883 non
880 832 1107 883 viderunt
1139 828 1346 893 (Matth.
1381 828 1529 899 xm);
1561 828 1807 882 salutavit

259 938 322 974 ex
372 930 559 982 utero,
593 919 803 987 agnovit
853 916 1136 985 perfectius
1177 931 1241 968 ex
1283 916 1553 979 columba;
1585 924 1639 969 et
1685 916 1803 969 ideo

263 1019 514 1076 tamquam
544 1005 884 1060 Odollamites
921 1018 1040 1056 vere
1082 1004 1436 1056 testimonium
1463 1003 1725 1073 perhibuit
1752 1005 1804 1057 in

260 1114 415 1166 aqua.
446 1095 600 1150 Venit
629 1104 803 1148 autem
839 1093 1087 1146 Dominus
1116 1092 1181 1146 ad
1212 1107 1338 1146 oves
1371 1092 1679 1155 tondendas,
1708 1094 1806 1146 hoc

261 1196 344 1241 est
387 1184 752 1240 exonerandas
800 1182 1023 1237 sarcinis
1049 1189 1406 1251 peccatorum,
1433 1196 1499 1236 ex
1535 1180 1726 1249 quibus
1753 1182 1804 1234 in

262 1275 514 1331 Ecclesiae
541 1274 688 1328 laude
717 1274 768 1328 in
795 1273 1026 1327 Canticis
1064 1272 1387 1325 canticorum
1416 1272 1603 1326 dentes
1628 1280 1805 1326 essent

259 1367 404 1422 velut
431 1382 557 1436 grex
587 1375 852 1418 tonsarum
881 1361 1052 1433 (Cant.
1084 1361 1175 1429 tv).
1220 1358 1335 1412 Jam
1360 1359 1544 1412 deinde
1576 1359 1806 1412 Thamar

260 1456 499 1511 habitum
546 1461 740 1516 mutat;
791 1467 911 1504 nam
956 1459 1010 1504 et
1046 1458 1363 1504 commutans
1405 1436 1804 1516 interpretatur.

263 1542 492 1597 Thamar
540 1551 704 1594 mutat
747 1540 1004 1602 habitum,
1034 1545 1199 1592 mutat
1227 1546 1279 1592 et
1327 1552 1538 1606 nomen,
1566 1546 1620 1591 et
1655 1537 1711 1605 lit
1741 1537 1806 1590 «Ie

261 1633 537 1702 Synagoga
558 1631 818 1694 Ecclesia;
849 1630 938 1684 sed
967 1629 1018 1682 in
1037 1644 1097 1684 ea
1114 1642 1328 1698 prorsus
1343 1641 1532 1681 nomen
1553 1626 1717 1680 amari
1728 1634 1807 1679 tu-

260 1724 399 1777 dinis
437 1731 664 1784 maneat,
683 1739 782 1774 tton
813 1720 950 1774 illius
979 1719 1344 1773 amaritudinis
1373 1719 1425 1770 in
1453 1732 1560 1786 qua
1583 1716 1805 1770 Domino

1258 351 1608 409 COMMENT.
1649 351 1715 404 IN
1754 349 2069 411 GENESIM.
2109 381 2175 390 —-
2213 351 2338 408 LIB.
2380 353 2464 410 iV.

256 479 378 544 quia
406 476 541 530 sicut
571 475 678 541 ipse
704 472 805 535 ait,
836 488 898 524 ea:
930 470 1241 540 plenitudine
1263 470 1370 539 ejus
1401 470 1588 537 accepi:
1613 467 1791 538 (Joan.
1823 473 1874 530 Α
1898 471 2108 549 ςθιίοηρ
2143 473 2420 526 exaltatur.
2474 472 2612 539 Quos
2650 475 2784 526 enim
2832 472 3043 540 produn

3344 357 3442 404 (.730

3053 471 3228 530 ituri-1,
3258 471 3370 522 illos
3397 483 3440 521 ει

1903 561 2131 625 vocavit;
2169 579 2294 631 quos
2341 575 2510 616 autent
2556 565 2770 627 uocauit,
2796 562 2911 614 illos
2955 572 3000 614 et
3033 562 3370 630 justi/icurit;
3397 571 3442 612 rt

1901 667 2028 720 quos
2051 651 2377 718 justiﬁcavit,
2413 651 2526 702 illos
2553 661 2597 704 et
2636 650 2940 721 glori/ienuit
2965 650 3133 718 (Ilom.
3167 650 3300 718 vni).
3337 649 3440 700 Sed

1903 743 2034 805 haec,
2069 749 2126 794 ut
2151 740 2278 803 dixi,
2310 741 2359 793 in
2385 740 2594 793 occulto
2614 781 2627 803 ,
2659 741 2746 793 ubi
2778 740 2835 794 iit
2863 756 2915 796 et
2946 740 3220 808 conceptio
3247 747 3443 791 sancte

1903 829 2178 884 ubertatis.
2208 829 2430 881 Mittitur
2457 838 2630 881 autem
2669 829 2955 898 promissus
2984 829 3164 882 lmdns
3195 839 3441 894 tanquam

1903 919 2193 982 meretrici,
2222 918 2402 972 hmdus
2431 919 2768 987 exprobratio
2813 917 3036 986 peccati,
3067 933 3162 986 per
3200 915 3443 970 eumdem

1903 1007 2270 1063 Odollamitem
2324 1014 2572 1076 tauquam
2633 1008 2992 1076 increpantem
3037 1015 3089 1061 et
3142 1007 3439 1060 dicentem:

1904 1097 2175 1153 Cencratio
2205 1097 2488 1166 viperarum
2515 1095 2722 1165 (.llatth.
2753 1097 2863 1169 tu);
2899 1084 2990 1151 sed
3019 1113 3122 1150 non
3149 1111 3266 1150 eam
3297 1097 3441 1149 inve-

1904 1189 1980 1241 nit
2023 1187 2223 1257 peccati
2256 1186 2614 1254 exprobratio,
2643 1202 2802 1255 quam
2851 1185 3069 1240 mutavit
3103 1185 3448 1240 confessionis

1904 1277 2218 1331 amaritudo.
2267 1275 2391 1329 Post
2425 1290 2551 1328 vero
2572 1273 2680 1342 jam
2718 1275 2940 1344 publicis
2970 1276 3133 1344 signis
3164 1273 3364 1337 annuli,
3395 1283 3449 1326 et

1904 1365 2132 1428 monilis,
2163 1373 2216 1417 et
2237 1365 2417 1434 virgze,
2450 1363 2573 1418 vicit
2611 1373 2806 1416 temere
2841 1363 3172 1432 judaizantes
3217 1361 3446 1423 .lndteos,

1904 1473 2127 1526 quorum
2164 1453 2274 1522 jam
2303 1471 2584 1523 personam
2616 1453 2778 1509 ludas
2817 1455 2929 1524 ipse
2965 1453 3228 1526 gestabat,
3257 1452 3451 1520 quique

1889 1548 2061 1602 hodie
2102 1547 2285 1599 dicunt
2329 1561 2428 1598 non
2469 1545 2609 1598 hunc
2655 1545 2900 1614 populum
2943 1535 3063 1598 esse
3102 1541 3321 1604 Christi,
3356 1554 3451 1593 nec

1904 1639 2100 1693 habere
2141 1651 2236 1689 nos
2281 1650 2460 1689 semen
2495 1632 2746 1696 Abrahae;
2778 1631 2866 1684 sed
2892 1631 3112 1698 prolatis
3139 1626 3452 1683 certissimis

1907 1726 2236 1784 documentis
2289 1733 2483 1778 nostra:
2533 1722 2824 1776 vocationis
2857 1719 3360 1789 jttstillcationisqne
3399 1727 3451 1770 et

259 1813 326 1868 {el
361 1813 697 1876 ministravit,
731 1812 819 1865 sed
849 1811 986 1864 illius
1016 1811 1068 1862 in
1099 1826 1200 1876 qua
1230 1808 1414 1860 Petrus
1440 1821 1619 1859 an'tare
1642 1805 1802 1858 ﬂevit.

1914 1818 2326 1889 glorilicationis,
2351 1817 2671 1870 erubescunt
2704 1815 2818 1869 sine
2849 1815 3007 1868 dubio
3035 1823 3088 1868 et
3117 1811 3448 1868 confundun-

258 1902 390 1956 Nam
404 1911 458 1956 et
469 1901 600 1956 Juda
618 1900 801 1953 Latine
817 1899 1068 1966 confessio
1082 1908 1151 1962 est
1162 1937 1174 1948 .
1189 1895 1518 1950 Confessioni
1531 1910 1656 1965 ergo
1669 1910 1811 1948 ama-

258 1992 433 2048 ritudo
460 1994 759 2052 misceatur,
772 1977 836 2042 ut
852 1986 1296 2058 vera‘pmnitentia
1313 1985 1679 2055 przesignetur.
1699 1983 1809 2037 llac

257 2084 565 2156 pmttiteutia
595 2082 906 2138 lecundatur
935 2080 1168 2137 Ecclesia
1197 2079 1250 2137 in
1288 2077 1532 2140 omnibus
1567 2077 1810 2152 gentibus

256 2173 565 2230 constituta.
593 2171 866 2244 Oportebat
891 2170 1032 2225 enim
1056 2169 1312 2234 Christum
1338 2169 1526 2237 pati,et
1551 2183 1811 2238 resurgere

256 2279 289 2317 ο
304 2262 520 2316 mortuis
536 2262 618 2315 die
631 2262 801 2325 tertia,
815 2269 862 2314 et
871 2259 1153 2329 pra'dicari
1164 2260 1217 2311 in
1231 2258 1430 2316 nomine
1449 2257 1558 2325 ejus
1569 2257 1811 2326 pteniten-

259 2355 386 2408 tiam
412 2364 455 2406 et
476 2353 821 2406 remissionem
838 2359 1160 2421 peccatorum
1174 2366 1262 2420 per
1285 2365 1455 2403 omnes
1475 2358 1662 2424 gentes,
1679 2341 1807 2401 inci-

257 2447 512 2518 pientibus
530 2447 592 2500 ab
605 2446 914 2517 Jerusalem.
935 2445 1064 2498 Nam
1080 2454 1132 2498 et
1147 2444 1257 2514 ipse
1273 2443 1482 2498 habitus
1496 2442 1811 2507 meretricis,

260 2537 526 2595 confessio
567 2547 924 2608 peccatorum.
955 2537 1156 2608 Typum
1185 2537 1376 2607 quippe
1406 2535 1653 2589 Ecclesiae
1679 2533 1813 2607 gerit

262 2627 496 2697 Thamar
517 2643 580 2686 ex
612 2628 854 2698 gentibus
877 2635 1127 2690 evocate,
1147 2626 1334 2680 sedens
1359 2640 1479 2679 cum
1506 2624 1607 2678 hoc
1631 2623 1812 2677 habitu

219 2704 228 2716 ’
260 2719 330 2775 ad
357 2725 564 2788 portam
587 2717 696 2772 Eua
722 2716 802 2770 vel
831 2715 1077 2781 Enahim,
1102 2715 1242 2785 quod
1269 2705 1651 2783 interpretatur
1669 2712 1808 2782 fons.

260 2805 509 2862 Cucurrit
539 2791 690 2863 enim.
710 2809 839 2865 velut
867 2825 1043 2863 ceruus
1071 2808 1138 2861 ad
1167 2808 1329 2878 fontes
1359 2823 1610 2878 aquarum
1643 2804 1810 2877 (Psal.

263 2895 383 2962 xu)
431 2897 709 2969 pervenire
758 2899 824 2952 ad
861 2914 1043 2954 semen
1088 2898 1349 2963 Abrabaa;
1395 2898 1480 2952 illo
1525 2899 1665 2952 enim
1711 2913 1812 2951 non

261 2993 612 3051 cognoscente
658 2984 852 3039 letatur
880 3026 892 3049 ,
937 2986 1059 3056 quia
1108 2987 1173 3044 de
1220 2985 1308 3039 illo
1351 2984 1655 3054 pratdictum
1691 2992 1810 3037 est:

262 3071 496 3143 Populus
525 3092 674 3145 quem
702 3093 802 3130 non
833 3077 1041 3148 cognoui
1076 3076 1276 3132 servivit
1306 3058 1430 3128 mihi
1457 3071 1624 3144 (I’sal.
1659 3072 1809 3145 xvn).

258 3161 481 3232 Accepit
521 3165 572 3218 in
612 3165 819 3219 occulto
867 3166 1136 3229 annulum,
1173 3173 1226 3220 et
1255 3165 1467 3229 monile,
1495 3172 1546 3218 et
1588 3164 1812 3235 virgam,

259 3251 540 3306 vocatione
573 3253 834 3321 signatur,
871 3251 1248 3320 justilicatione
1287 3251 1588 3315 decoratur,
1617 3251 1815 3321 gloriﬁ-

1907 1917 2011 1974 tur,
2038 1916 2091 1961 et
2117 1923 2213 1962 nos
2249 1907 2416 1976 magis
2440 1920 2598 1984 quam
2626 1920 2684 1960 se
2703 1904 3020 1984 justiﬁcatos
3049 1921 3168 1961 esse
3213 1903 3452 1958 fatebun-

1909 2006 2012 2054 tur.
2061 1996 2286 2071 Pignora
2330 1995 2472 2050 enim
2514 1982 2674 2048 relbrt
2711 1982 2914 2071 'liabere
2966 2009 3146 2072 secum
3192 1991 3449 2046 Ecclesia.

1905 2091 2202 2144 Accusatur
2237 2083 2390 2143 'enim
2421 2105 2449 2142 a
2492 2086 2686 2142 Judaei:
2726 2087 2877 2160 quasi
2918 2087 3262 2142 adulteratrix
3291 2086 3452 2154 legis;

1909 2179 1998 2232 sed
2021 2179 2252 2239 ostendit
2291 2179 2490 2247 virgam
2525 2177 2730 2247 signum
2768 2174 3047 2244 passionis,
3071 2183 3126 2230 et
3159 2173 3352 2242 monile
3382 2171 3454 2224 lc-

1911 2267 1989 2336 gis
2013 2266 2264 2338 legitima,
2292 2274 2344 2319 et
2368 2266 2618 2319 ammlum
2641 2265 2829 2334 pignus
2851 2263 3284 2326 immortalitatis.
3307 2259 3454 2328 Quod

1911 2366 2086 2411 autem
2116 2355 2388 2427 Scriptura
2425 2357 2623 2410 inducit
2648 2354 2931 2423 patientem
2973 2352 3226 2417 Thamar,
3251 2359 3304 2405 et
3329 2353 3459 2418 duos

1913 2449 1964 2501 in
1990 2456 2142 2502 utero
2163 2447 2400 2516 geminos
2425 2435 2739 2525 habentem,
2755 2461 2978 2514 quorum
3003 2445 3207 2517 primus
3235 2443 3453 2498 scilicet.

1909 2539 2001 2606 qui
2043 2537 2236 2599 dicitur
2275 2537 2429 2602 Zara,
2460 2522 2604 2590 misit
2642 2525 2856 2589 manum
2906 2543 3159 2604 suam,et
3201 2522 3459 2588 obstetrix

1912 2627 2093 2697 ligavit
2137 2627 2432 2692 coccinum,
2460 2634 2514 2680 et
2538 2613 2729 2679 dehinc
2761 2623 2850 2690 illo
2893 2639 3105 2676 manum
3155 2623 3460 2677 retrahente

1913 2715 2251 2781 intrinsecus,
2277 2715 2561 2785 posterior,
2589 2714 2679 2790 qui
2710 2713 2912 2767 Phares
2946 2705 3186 2776 vocatur,
3221 2709 3459 2781 porrexit

1915 2819 2152 2869 manum,
2174 2813 2226 2857 et
2256 2803 2521 2878 nascendo
2554 2802 2844 2871 pr:ecessit,
2881 2801 3169 2872 ﬁgulariter
3200 2799 3459 2868 congruit,

1914 2894 2052 2962 quod
2097 2893 2408 2959 extenderet
2431 2889 2596 2944 Israel
2619 2889 2669 2944 in
2701 2891 2831 2962 legis
2867 2905 3028 2960 opera
3053 2904 3267 2942 manum
3291 2903 3458 2947 suam,

1913 2991 1965 3034 et
1995 2996 2113 3034 cam
2159 2981 2536 3050 prophetarum
2576 2988 2631 3034 et
2667 2977 2832 3050 ipsius
2871 2975 3164 3033 S‘alvatoris
3210 2978 3462 3048 pollutam

1915 3067 2104 3124 cruore
2144 3067 2498 3136 contraxerit;
2535 3068 2718 3136 postea
2747 3081 2877 3121 vero
2906 3066 3204 3136 proruperit
3243 3061 3466 3133 populus

1917 3159 2150 3229 gentium
2183 3152 2404 3220 scilicet,
2425 3165 2483 3211 ut
2505 3156 2667 3210 futuri
2693 3163 2872 3228 essent
2899 3153 3173 3208 novissimi
3200 3152 3289 3222 qui
3315 3159 3465 3205 erant

1918 3250 2094 3320 primi,
2126 3257 2180 3304 et
2204 3248 2359 3323 primi
2391 3246 2552 3303 futuri
2581 3255 2768 3303 essent.
2787 3243 2876 3316 qui
2902 3253 3059 3299 erant
3081 3242 3372 3298 noviSsimi.

1994 3381 3207 3407 Μ

3214 3383 3462 3403 Μ

1426 3483 1711 3574 LIth
1786 3451 2276 3585 naturus.

1631 3673 1728 3683 .——.-
1753 3675 1900 3682 -.ι-...α

767 3775 988 3830 CAPUT
1023 3775 1302 3830 PRlMUM.

263 3867 342 3921 De
376 3865 701 3936 descensione
745 3864 931 3933 Joseph
973 3866 1025 3918 in
1067 3864 1370 3936 .Egyptum,
1412 3843 1562 3936 et'de
1609 3866 1817 3936 libidine

357 3936 580 3989 dominre
605 3934 786 4002 ipsius,
813 3951 913 4004 qua
941 3950 1054 3986 cum
1094 3934 1152 3988 eo
1183 3934 1516 3987 concumbere
1544 3935 1720 3989 voluit.

338 4050 484 4120 (Cu.
510 4048 716 4118 sunt.)
745 4048 912 4118 Igitur
929 4048 1118 4119 Ioseph
1144 4051 1324 4103 ductus
1346 4061 1416 4104 est
1439 4051 1489 4104 in
1513 4052 1814 4121 .Iz‘gyptum.

264 4139 505 4208 Emitque
525 4155 640 4192 eum
666 4136 939 4206 Putipltar,
964 4141 1222 4191 eunuchus
1253 4137 1563 4201 Pharaonis,
1586 4141 1817 4208 princeps

263 4233 543 4296 exercitus,
587 4232 666 4285 vir
708 4230 1003 4300 .lz'gyptius,
1040 4231 1102 4283 de
1148 4247 1302 4283 manu
1350 4230 1756 4294 lstnuelitarnm,
1785 4248 1816 4282 a

262 4322 450 4392 quibus
503 4323 776 4390 perductus
825 4330 954 4374 erat.
1009 4319 1076 4371 Et
1127 4320 1350 4388 posscdit
1399 4336 1513 4372 eum
1564 4317 1818 4388 l’utiphar

265 4412 431 4480 spatio
461 4410 768 4463 Pharaonis.
814 4409 830 4479 (
835 4410 1073 4478 August.)
1116 4408 1194 4462 Ad
1221 4410 1458 4462 ordinem
1491 4409 1624 4462 redit
1669 4408 1818 4463 Scri-

264 4511 428 4572 ptura
475 4500 612 4553 unde
662 4507 972 4562 recesserat,
1005 4507 1062 4550 ut
1107 4497 1194 4551 illa
1242 4507 1483 4552 narraret
1518 4514 1636 4565 quae
1663 4515 1823 4568 supra

265 4592 475 4666 digesta
522 4599 662 4645 sunt.
709 4589 1086 4661 lgiturJoseph
1135 4591 1405 4645 descendit
1433 4591 1483 4644 in
1511 4589 1821 4666 Egyptum,

267 4689 326 4737 et
347 4662 591 4736 Christus
621 4681 670 4734 in
703 4681 974 4736 mundum.
1024 4681 1266 4749 Emitque
1296 4698 1414 4734 eum
1441 4662 1737 4746 eunuchus,
1771 4681 1823 4734 id

267 4778 550 4826 csteastus
582 4769 632 4823 in
664 4767 953 4839 disciplinis
996 4771 1311 4840 evangelii-is
1339 4770 1578 4839 populus.

345 4859 568 4929 Fuitque
609 4859 856 4913 Dominus
899 4877 1016 4913 cum
1063 4877 1141 4920 co,
1167 4871 1211 4911 et
1260 4869 1369 4911 erat
1417 4860 1493 4911 rir
1531 4859 1586 4911 in
1628 4860 1824 4912 cunctis

267 4965 511 5020 prospere
534 4965 686 5017 agens
703 4988 717 5012 ,
743 4947 1102 5015 hubitabatque
1133 4947 1184 4999 in
1214 4947 1365 5000 domo
1389 4947 1584 5000 domini
1613 4947 1714 5009 sui,
1737 4948 1824 5014 qui

268 5038 464 5106 optime
487 5047 691 5092 noverat
726 5055 832 5091 esse
865 5035 1135 5089 Itoneinum
1163 5054 1275 5089 cum
1303 5053 1382 5101 eo,
1407 5045 1454 5088 et
1496 5038 1668 5088 omnia
1711 5052 1826 5106 quae

265 5137 468 5198 gereret
496 5127 558 5180 ab
587 5143 644 5180 eo
671 5127 825 5193 dirigi
861 5125 914 5178 in
943 5140 1100 5178 manu
1126 5125 1285 5178 illius.
1313 5123 1608 5194 Invenitque
1634 5122 1825 5192 Ioseph

267 5215 495 5286 gratiam
523 5232 694 5269 coram
739 5215 947 5267 domino
988 5231 1083 5267 suo
1102 5255 1115 5278 ,
1142 5223 1190 5266 et
1216 5213 1536 5268 ministrabat
1560 5215 1627 5266 ei.
1657 5209 1696 5266 Α
1725 5227 1826 5284 quo

265 5306 578 5374 prwpositus
608 5304 860 5369 omnibus,
876 5293 1186 5373 gubernabat
1211 5303 1455 5356 creditam
1477 5303 1573 5356 sibi
1595 5304 1824 5364 domum,

266 5401 323 5448 et
356 5392 588 5443 unirersa
616 5407 731 5459 qum
760 5393 950 5444 tradita
979 5391 1206 5459 fuerant.
1251 5391 1614 5460 Benedixitque
1645 5391 1826 5445 Domi-

268 5495 372 5533 nus
415 5476 591 5530 domui
635 5479 864 5548 (Egyptii
898 5489 1106 5547 propter
1141 5466 1359 5549 Ioseph,
1382 5489 1428 5532 et
1471 5479 1826 5548 multiplicauit

263 5581 382 5625 tam
421 5570 473 5623 in
517 5564 714 5624 edibus
737 5587 892 5640 quam
921 5571 973 5622 in
1013 5570 1151 5645 agris
1175 5580 1408 5623 cunctam
1436 5571 1549 5642 ejus
1593 5571 1830 5624 substan-

265 5663 436 5724 tiam,-
466 5675 556 5713 περ
605 5657 1071 5728 ᾳιιὶιιηκηιηάιὶιιό
1107 5668 1333 5727 noverat,
1365 5659 1461 5713 nisi
1505 5677 1689 5727 panem
1727 5677 1826 5726 quo

1847 4367 1896 4426 D

1903 3675 2094 3683 ...α-...ς

1921 3777 2232 3830 vescebatur.
2266 3777 2466 3848 (αγις.)
2509 3777 2660 3848 Saepe
2685 3777 2920 3833 nonnulli
2954 3778 3181 3831 humana
3209 3777 3468 3846 sapientia

1923 3865 2085 3919 inﬂati
2105 3906 2118 3929 ,
2149 3867 2272 3919 dum
2318 3864 2595 3921 desideriis
2635 3867 2747 3921 suis
2780 3867 2954 3921 divina
2979 3866 3175 3936 judicia
3204 3867 3471 3920 contraire

1923 3955 2275 4025 conspiciunt,
2308 3957 2498 4009 astulis
2537 3956 2651 4024 ejus
2697 3957 2946 4011 reluctari
2994 3956 3473 4010 machinationibus

1925 4055 2199 4110 conantur,
2226 4055 2278 4099 et
2298 4062 2402 4116 quo
2431 4048 2496 4100 ad
2525 4057 2700 4102 votum
2726 4063 2878 4126 suum
2899 4049 3004 4103 vim
3027 4063 3268 4124 superna:
3297 4048 3474 4116 dispo-

1923 4136 2132 4190 sitionis
2159 4138 2484 4207 intorquent,
2513 4140 2716 4193 callidis
2745 4141 3154 4209 cogitationibus
3199 4139 3469 4199 insistunt,

1923 4226 2445 4280 subtilioraconsilia
2479 4229 2784 4298 exquirunt.
2835 4228 2938 4282 Sed
2986 4227 3105 4282 inde
3151 4227 3471 4281 voluntatem

1923 4315 2016 4370 Dei
2032 4327 2310 4387 peragunt,
2330 4318 2467 4373 unde
2481 4319 2618 4372 hanc
2643 4320 2709 4373 im
2719 4329 2921 4374 mutare
2937 4321 3290 4385 contendunt;
3316 4328 3474 4390 atque

1922 4399 2300 4476 omnipotentis
2340 4395 2434 4462 Dei
2484 4409 2705 4462 consilio
2752 4410 2876 4462 dum
2923 4410 3168 4464 resistere
3213 4410 3471 4474 nituntur,

1924 4497 2305 4565 obsequuntur,
2339 4500 2460 4568 quia
2492 4515 2628 4568 szepe
2651 4508 2701 4553 et
2731 4500 2831 4554 hoc
2859 4500 2971 4569 ejus
3001 4500 3328 4570 dispositioni
3356 4510 3477 4570 apte

1925 4585 2136 4650 militat,
2168 4586 2309 4653 quod
2357 4587 2403 4640 ei
2449 4602 2542 4656 per
2581 4588 2870 4640 humanum
2912 4589 3145 4642 studium
3173 4588 3360 4644 frivole
3389 4605 3471 4641 re-

1925 4675 2087 4730 sultat
2110 4677 2528 4746 sicutseriptutn
2553 4686 2631 4730 est
2659 4696 2670 4729 :
2697 4677 2798 4742 Qui
2827 4679 3204 4747 comprehendit
3224 4680 3476 4748 sapientes

1924 4764 1977 4816 in
2009 4766 2199 4816 astutia
2225 4782 2399 4818 eorum
2427 4764 2563 4835 (Job.
2595 4769 2668 4836 v).
2708 4767 2762 4818 lu
2787 4770 2979 4820 astutia
3011 4783 3239 4837 namque
3266 4783 3359 4823 sua
3387 4784 3475 4824 sa-

1925 4855 2130 4923 pientes
2155 4855 2587 4922 comprehendit,
2614 4855 2825 4923 quando
2846 4855 2960 4923 ejus
2987 4857 3221 4910 consiliis
3245 4857 3476 4911 humana

1926 4947 2066 5001 facta
2108 4949 2266 5001 etiam
2310 4957 2434 5002 tunc
2475 4963 2705 5016 congrue
2749 4949 3003 5012 serviunt,
3031 4965 3152 5004 cum
3204 4949 3471 5004 resistunt.

1928 5038 2079 5092 Unde
2105 5047 2156 5090 et
2181 5053 2278 5107 per
2307 5037 2640 5091 Psalmistam
2669 5038 2862 5090 dicitur
2886 5055 2898 5090 :
2928 5036 3082 5091 Novit
3112 5037 3360 5091 Dominus
3388 5054 3467 5090 co.

1926 5125 2196 5194 gitationes
2224 5125 2511 5188 hominum,
2537 5125 2777 5194 quoniam
2807 5131 2952 5177 vane
2980 5111 3100 5177 sunt
3124 5121 3236 5195 (Ps.
3264 5126 3472 5193 xcxnt).

1927 5218 2077 5284 Quod
2105 5218 2292 5272 melius
2315 5218 2660 5282 ostendimus,
2686 5217 2727 5270 si
2758 5232 2924 5286 pauca
2949 5219 3014 5271 ad
3041 5218 3270 5290 medium
3301 5227 3474 5286 gesta-

1929 5323 2045 5361 rum
2095 5320 2270 5361 rerum
2316 5307 2555 5376 exempla
2585 5304 2934 5375 proferamus.
2978 5303 3174 5375 Ioseph
3211 5290 3474 5360 Samnium

1927 5396 2153 5459 viderat,
2184 5395 2325 5464 quod
2366 5393 2433 5448 ad
2464 5409 2616 5448 suum
2659 5393 3000 5464 manipulum'
3017 5388 3240 5449 fratrum
3276 5396 3389 5465 ejus
3423 5412 3478 5448 se

1928 5483 2179 5550 manipuli
2217 5483 2644 5552 prosternebant.
2679 5483 2954 5536 Somnium
2981 5483 3202 5547 viderat,
3233 5486 3367 5553 quod
3402 5485 3476 5535 sol

1929 5587 1992 5624 ac
2022 5571 2142 5623 luna
2177 5585 2234 5624 se
2260 5586 2378 5624 cum
2413 5572 2628 5639 reliquis
2666 5570 2828 5624 stellis
2852 5572 3160 5626 adorabant.
3199 5575 3326 5640 Qum
3357 5573 3478 5639 quia

1929 5661 2013 5728 pie
2057 5659 2307 5714 fratribus
2340 5661 2536 5725 tetulit,
2567 5675 2751 5715 eorum
2795 5661 2954 5716 corda
3007 5661 3246 5730 protinus
3295 5657 3480 5710 intum
