3948 6330
519 293 609 348 651

1169 289 1230 344 B.
1272 276 1521 344 uanam
1560 285 1772 344 usum
1810 283 2125 342 AllCillEP.
2168 278 2469 339 uocum.
2505 277 2784 334 OPERL’H
2826 275 2999 330 rans
3039 276 3080 329 l.

3617 274 3729 338 652

516 401 891 457 dominationis
915 403 1114 459 invidia
1138 418 1407 474 pavorque
1428 401 1705 472 percussit.
1738 401 1974 467 Cumque
2004 395 2068 452 ad
2101 399 2144 456 Α
2173 373 2275 448 ctu.
2301 391 2434 464 “Post
2462 390 2647 445 multos
2674 391 2844 463 itaque
2861 387 2992 474 dies,
3008 389 3135 458 jecit
3168 386 3378 442 domina
3401 387 3577 442 oculos
3605 406 3732 443 suos

514 506 573 546 se
610 492 751 547 hunc
791 495 976 548 venire
1023 495 1410 562 conspicerent,
1459 491 1659 545 malitia
1705 503 1762 544 se
1800 491 2069 544 vertentes

514 581 800 636 dixerunt:
826 581 960 638 Ecce
995 585 1275 638 somniatar
1315 583 1445 636 venit
1470 594 1488 631 :
1512 577 1728 645 .Venite,
1774 578 2069 633 occidamus

512 677 647 736 eum,
693 683 741 728 et
783 675 1048 730 videamus
1090 674 1213 743 quid
1259 672 1338 726 illi
1384 672 1667 741 proderunt
1710 672 1910 726 somnia
1948 687 2065 726 sua.

513 758 754 832 Cumque
775 779 832 819 se
862 763 1047 830 Subjici
1075 763 1188 832 ejus
1215 762 1448 817 dominio
1474 769 1745 826 metuunt,
1775 761 2066 815 somniato-

515 866 631 907 rem
661 854 714 907 in
747 864 962 930 puteum
1000 856 1298 924 deponunt,
1330 868 1558 922 eumque
1586 852 1864 908 lsmaeiitis
1892 861 2070 906 trans-

514 943 763 998 euntibus
788 944 1038 999 vendunt.
1061 943 1159 1010 Qui
1191 944 1244 998 in
1273 942 1562 1015 Egyptum
1589 943 1799 1008 ductus,
1827 943 2069 998 servituti

515 1032 776 1097 subditus,
803 1031 1025 1086 luxuriae
1072 1035 1410 1090 accusatione
1451 1032 1767 1098 damnatus,
1793 1032 2073 1088 cbaritatis

515 1125 706 1176 merito
757 1120 969 1189 adjutus
994 1164 1007 1188 ,
1055 1125 1347 1194 prepbetite
1377 1122 1582 1192 judicio
1628 1131 1877 1193 ereptus,
1925 1123 2069 1179 omni

513 1207 742 1279 Egypto
789 1210 1041 1280 praelatus
1083 1221 1181 1267 est.
1219 1212 1320 1267 Per
1363 1227 1647 1282 supernam
1691 1227 1818 1268 vero
1857 1212 2068 1282 sapien-

513 1300 640 1354 tiam
667 1300 919 1370 providus
942 1301 1207 1358 frumenta
1232 1303 1522 1373 congessit,
1543 1309 1600 1356 et
1627 1302 1808 1357 futuro
1833 1301 2072 1371 periculo

510 1392 844 1447 necessitatis
862 1394 1122 1448 ,obviavit.
1145 1379 1392 1464 Cumque
1419 1395 1474 1448 in
1502 1395 1686 1450 orbem
1713 1393 1869 1449 famis
1895 1395 2070 1452 inbor-

510 1479 636 1544 ruit,
666 1480 731 1536 de
759 1481 1134 1537 alimentorum
1176 1483 1564 1554 praeparatione
1593 1483 1873 1547 sollicitus,
1903 1481 2070 1538 Jacob

511 1567 646 1642 illius
674 1570 727 1624 in
751 1569 1039 1642 Egyptum
1067 1573 1233 1638 misit,
1260 1573 1350 1644 qui
1381 1572 1767 1631 frumentorum
1793 1573 2070 1643 dispensa-

510 1660 639 1716 tioni
665 1664 1004 1733 praepositum
1033 1663 1228 1735 Joseph
1255 1665 1554 1726 nescientes
1581 1666 1882 1731 inveniunt,
1908 1673 2069 1734 atque

2166 485 2220 538 in
2248 484 2524 553 Joseplt,et
2547 483 2617 536 ait
2639 479 2861 534 :‘Dormi
2897 470 3115 533 mecum.
3157 478 3263 544 Qui
3297 495 3619 550 nequaquam
3637 496 3735 532 ae.

2164 573 2426 642 quiescens
2456 571 2593 638 operi
2621 568 2845 638 nefario,
2865 565 2995 620 dixit
3026 565 3092 619 ad
3130 583 3244 621 eam
3266 580 3285 620 :
3308 567 3442 623 Ecce
3483 568 3732 638 dominus

2166 676 2328 721 meus,
2368 658 2601 711 omnibus
2637 657 2764 711 mihi
2798 656 3028 721 traditis,
3053 655 3257 726 ignorat
3299 657 3424 726 quid
3457 657 3639 720 habent
3673 658 3733 710 in

2167 748 2318 800 domo
2340 764 2456 813 sua,
2483 763 2572 800 nec
2597 742 2881 816 quidquam
2909 748 2983 798 est
3011 744 3148 816 quod
3177 761 3280 798 non
3314 747 3365 799 in
3394 763 3506 800 mea
3534 749 3603 800 sit
3634 763 3732 817 po-

2168 849 2367 903 testate,
2395 838 2471 892 rel
2513 855 2614 892 non
2656 837 2930 892 tradiderit
2946 826 3335 907 'xmiki,'prcter
3362 848 3438 901 te,
3455 856 3570 908 quis
3594 855 3735 892 stator

2167 929 2280 1002 ejus
2311 927 2685 992 περιοικοάο
2723 940 2843 1001 ergo
2870 942 3077 995 possunt
3114 925 3309 1002 malum
3336 927 3647 996 hoc‘facere,
3680 941 3732 982 et

2166 1031 2375 1090 peccare
2399 1019 2454 1070 in
2478 1009 2645 1070 Deum
2670 1017 2880 1069 meum?
2908 1001 3286 1086 Hujuscemodi
3311 1015 3472 1070 verbis
3495 1033 3586 1085 per
3623 1021 3734 1072 sino

2167 1105 2313 1178 gulos
2351 1106 2460 1160 dies
2496 1113 2542 1158 et
2583 1102 3010 1180 mulierqmolesta
3046 1112 3157 1157 erat
3196 1102 3537 1168 adolescenti,
3565 1114 3614 1157 et
3642 1107 3734 1158 ille

2169 1195 2434 1251 recusabat
2480 1205 2737 1266 stuprum.
2780 1190 3006 1266 (Greg.)
3048 1192 3308 1263 Quisquis
3349 1195 3529 1250 mundi
3572 1196 3736 1265 hujus

2168 1284 2506 1361 successibus
2531 1284 2791 1350 elevatus,
2821 1283 3158 1355 lenocinante
3185 1284 3363 1338 cordis
3389 1283 3589 1348 laetitia,
3623 1272 3737 1340 ten-

2169 1375 2273 1430 tari
2316 1388 2374 1429 se
2411 1361 2632 1429 luxnria:
2679 1372 2908 1430 stimulis
2957 1373 3141 1439 sentit,
3167 1371 3374 1442 Ioseph
3413 1373 3617 1431 factum
3665 1377 3736 1429 ad

2169 1466 2481 1521 memoriam
2515 1472 2774 1544 revocet,
2790 1463 2934 1520 etin
2963 1479 3088 1519 arce
3118 1478 3177 1520 se
3217 1466 3481 1519 castitatis
3529 1457 3731 1532 servat,

2169 1557 2260 1628 qui
2283 1557 2407 1614 dum
2438 1555 2538 1611 sibi
2569 1571 2599 1610 a
2622 1553 2838 1612 domina
2871 1555 3206 1625 conspiceret
3229 1555 3500 1624 pudicitia:
3529 1557 3729 1611 damna

2169 1646 2401 1711 suaderi,
2435 1647 2509 1701 ait
2535 1665 2546 1699 :

510 1764 564 1809 ut
600 1764 934 1812 mererentur
969 1756 1216 1812 alimenta
1241 1758 1540 1828 percipere,
1568 1772 1755 1814 eorum
1789 1755 2064 1833 dispensa-

2234 1737 2370 1792 Ecce
2402 1739 2641 1793 dominus
2684 1755 2848 1806 meus,
2888 1740 3126 1794 omnibus
3154 1739 3281 1793 mihi
3305 1739 3534 1820 traditis,
3563 1740 3732 1807 igno-

509 1852 676 1897 torem
719 1845 979 1914 compulsi
1023 1855 1148 1909 sunt
1193 1849 1378 1916 pronis
1427 1847 1484 1902 in
1527 1855 1728 1909 terram
1768 1847 2068 1914 cervicibus

506 1931 748 1986 adorare.
778 1931 1068 1989 Pensemus
1097 1934 1260 2005 igitur
1285 1943 1452 2006 gestae
1476 1935 1554 1989 rei
1578 1932 1839 1998 ordinem,
1875 1936 2067 2007 pense-

508 2036 626 2091 mus
647 2023 913 2091 quomodo
941 2025 1291 2095 cogitationes
1309 2025 1584 2081 hominum
1609 2016 1662 2080 in
1686 2021 1803 2095 ipsa
1824 2024 1918 2104 sua
1939 2040 2068 2101 pro-

505 2116 710 2172 visione
735 2118 818 2172 vis
851 2118 1039 2173 divina
1055 2117 1490 2190 comprehendat.
1522 2119 1647 2176 ideo
1671 2115 1740 2176 ab
1768 2118 1847 2174 eis
1868 2109 2068 2188 Ioseph

505 2208 769 2265 venditus
792 2208 987 2276 fuerat,
1014 2226 1082 2266 ne
1109 2211 1443 2276 adoraretur,
1473 2210 1569 2266 sed
1609 2210 1727 2267 ideo
1763 2217 1850 2265 est
1865 2210 2070 2266 adora-

506 2307 611 2365 tus,
657 2300 780 2370 quia
821 2301 1086 2356 venditus.
1139 2302 1328 2357 Astute
1355 2287 1608 2372 namque
1658 2301 1860 2372 aliquid
1909 2311 2077 2371 agere.

505 2390 623 2445 ausi
667 2397 811 2457 sunt,
841 2400 901 2445 ut
930 2390 1024 2450 Dei
1065 2391 1708 2457 consilium-mutaretur,
1743 2389 1839 2448 sed
1887 2389 2067 2445 divino

502 2477 701 2546 judicio
724 2480 866 2550 quod
890 2480 1158 2544 declinare
1181 2481 1358 2538 conati
1383 2490 1528 2545 sunt,
1557 2478 1836 2536 renitendo
1861 2464 2066 2548 service

506 2577 648 2624 runt.
677 2570 805 2626 inde
843 2571 1037 2641 quippe
1076 2571 1247 2646 coacti
1289 2579 1413 2625 sunt
1457 2571 1553 2626 Dei
1590 2568 1916 2626 voluntatem
1947 2581 2068 2638 per-

505 2673 683 2733 agerc,
708 2658 848 2736 uiuis
889 2660 1031 2719 hanc
1050 2659 1219 2720 moliti
1249 2668 1370 2720 sunt
1394 2667 1569 2721 astute
1595 2666 1942 2730 «immutare.
1976 2662 2068 2717 Sic

506 2753 743 2808 divinum
769 2754 1048 2810 consilium
1074 2755 1199 2810 dum
1227 2755 1493 2810 devitatur
1517 2739 1832 2826 completur,
1861 2752 1940 2808 sic
1970 2752 2068 2806 hu-

507 2858 667 2899 mana
696 2844 958 2913 sapientia
984 2845 1108 2918 dum
1134 2844 1435 2904 reluctatur.
1458 2841 1945 2914 comprehenditur.
1971 2839 2065 2901 Ti-

504 2944 755 2992 muerunt
793 2933 986 2991 fratres
1018 2951 1086 2990 ne
1127 2934 1324 3007 Ioseph
1367 2948 1530 3006 super
1571 2946 1668 2992 eos
1707 2921 2062 2992 excrescaet.

503 3026 598 3084 sed
642 3027 744 3083 hoc
782 3027 924 3097 quod
963 3026 1220 3082 divinitus
1253 3024 1569 3096 dispositum
1610 3020 1788 3078 fuerat
1828 3021 2065 3077 cavendo

503 3121 682 3169 actum
729 3121 812 3173 est
864 3113 1190 3169 utveniret.
1228 3113 1472 3169 Humana
1516 3125 1646 3184 ergo
1699 3110 1961 3180 sapientia
2004 3109 2060 3168 in

504 3200 675 3277 seipse
701 3201 1082 3281 comprehensa
1117 3209 1218 3265 est,
1245 3214 1365 3280 qum
1389 3198 1651 3255 voluntati
1678 3197 1772 3252 Dei
1800 3195 1941 3277 unde
1965 3211 2062 3264 per

505 3289 854 3364 intentionem
892 3289 1109 3356 restitit,
1137 3289 1259 3344 inde
1305 3289 1422 3360 ejus
1462 3285 1756 3360 impletioni
1788 3286 2057 3340 militavit.

502 3378 685 3434 Justus
723 3392 953 3449 namque
985 3389 1041 3435 et
1072 3377 1378 3435 misericors
1421 3377 1563 3434 Deus
1598 3374 1902 3432 mortalium
1940 3384 2060 3429 acta

503 3457 806 3540 disponens,
838 3470 943 3525 alia
969 3471 1211 3527 concedit
1233 3470 1514 3540 prepitius,
1537 3469 1641 3524 alia
1665 3467 1926 3538 permittit
1949 3455 2058 3520 ira-

503 3570 606 3623 tus,
639 3569 799 3630 atque
831 3575 892 3625 ea
912 3569 1037 3631 qua:
1063 3562 1322 3632 permittit
1359 3560 1439 3617 sic
1471 3560 1681 3626 tolerat,
1710 3567 1768 3613 ut
1799 3573 1863 3613 ea
1896 3559 1951 3612 in
1975 3557 2059 3612 sui

503 3651 708 3711 consilii
735 3667 890 3706 usum
919 3660 1110 3705 vertat.
1143 3652 1293 3708 Unde
1321 3651 1457 3707 miro
1480 3649 1638 3706 modo
1665 3650 1722 3704 iit
1749 3657 1806 3708 ut
1839 3657 1896 3704 et
1918 3648 2059 3718 quod

503 3741 619 3796 sine
641 3741 912 3796 voluntate
941 3741 1034 3796 Dei
1077 3742 1272 3809 agitur,
1295 3741 1552 3796 voluntati
1591 3739 1686 3799 Dei
1730 3739 2058 3795 contrarium

505 3843 610 3884 non
645 3828 732 3894 sit,
762 3830 888 3900 quia
921 3830 1046 3885 dum
1083 3831 1137 3883 in
1170 3830 1365 3884 bonum
1399 3841 1555 3886 usum
1591 3829 1728 3885 male
1756 3828 1897 3884 facta
1938 3845 2060 3883 ver-

505 3925 706 3982 tuntur,
729 3916 846 3986 ejus
869 3918 1091 3975 consilio
1115 3918 1344 3972 militant
1365 3917 1528 3976 etiam
1557 3932 1676 3988 quae
1691 3916 1808 3986 ejus
1836 3917 2059 3991 consilio

505 4017 817 4080 repugnant.
883 4009 1019 4066 Hinc
1065 4024 1162 4078 per
1214 4006 1552 4065 Psalmistam
1602 4006 2059 4077 dicitur:Magna

506 4120 659 4172 opera
685 4103 910 4168 Domini,
928 4104 1181 4172 exquisita
1206 4103 1260 4156 in
1284 4118 1457 4158 omnes
1486 4099 1770 4155 voluntates
1797 4099 1911 4169 ejus
1939 4096 2055 4170 (Ps.

505 4177 613 4261 ex).
639 4190 730 4245 Sic
755 4191 951 4260 quippe
973 4191 1089 4261 ejus
1113 4206 1276 4260 opera
1300 4204 1494 4260 magna
1520 4197 1664 4253 sunt,
1695 4197 1753 4242 ut
1779 4202 1875 4257 per
1899 4202 2059 4241 omne

505 4279 644 4349 quod
670 4280 844 4346 agitur
869 4280 937 4334 ab
969 4279 1271 4334 hominibus
1295 4277 1410 4348 ejus
1445 4277 1689 4331 voluntas
1723 4276 2054 4344 exquiratur.

2165 1838 2246 1882 rat
2267 1827 2392 1899 quid
2418 1827 2602 1882 habeat
2630 1830 2683 1881 in
2712 1829 2866 1882 domo
2892 1843 3012 1892 sua,
3037 1844 3127 1882 nec
3167 1818 3446 1898 quidquam
3490 1839 3563 1881 est
3593 1828 3731 1897 quod

2165 1935 2269 1973 non
2296 1919 2350 1975 in
2376 1907 2488 1973 mea
2517 1920 2581 1973 sit
2609 1928 2878 1990 potestate,
2894 1919 2969 1973 vel
2993 1935 3096 1974 non
3123 1919 3390 1974 tradiderit
3423 1918 3572 1982 mihi,
3598 1936 3734 1987 pne-

2164 2019 2335 2075 terte,
2365 2025 2482 2085 qum
2507 2026 2643 2065 uxor
2670 2010 2788 2081 ejus
2827 2026 2900 2066 es.
2952 2009 3223 2076 Quomodo
3246 2025 3598 2082 ergopossum
3637 2009 3733 2078 nec

2163 2097 2360 2169 malum
2379 2098 2572 2168 facere,
2595 2107 2643 2152 et
2661 2110 2872 2169 peccare
2895 2098 2951 2152 in
2971 2096 3138 2152 Deum
3159 2096 3359 2166 mm!
3386 2095 3592 2161 Quibus
3611 2111 3732 2150 vere

2163 2187 2247 2244 bis
2271 2188 2571 2245 ostenditur
2595 2189 2687 2259 qui
2707 2189 2846 2246 bona
2863 2201 2982 2259 quae
3007 2194 3284 2244 assecutus
3303 2185 3479 2241 fuerat
3506 2195 3728 2257 repente

2164 2277 2436 2333 memoriae
2467 2277 2661 2343 intulit,
2699 2286 2755 2333 et
2780 2277 2982 2332 malum
3010 2277 3152 2348 quod
3175 2292 3237 2333 se
3257 2269 3516 2348 pulsabat
3542 2277 3728 2341 evicit,

2164 2374 2220 2422 et
2239 2367 2367 2437 quia
2391 2375 2658 2437 perceptas
2683 2368 2869 2438 gratim
2910 2366 3172 2431 meminit,
3210 2365 3318 2420 vim
3350 2365 3520 2434 culpo
3546 2363 3728 2420 immi-

2165 2457 2342 2512 nentis
2390 2456 2566 2527 fregit.
2598 2456 2729 2511 Cum
2756 2456 2900 2510 enim
2929 2453 3174 2526 voluptas
3212 2454 3417 2508 lubrica
3460 2458 3636 2509 ten'tat
3667 2444 3730 2509 in

2166 2554 2459 2622 prosperis,
2482 2553 2597 2606 haec
2618 2550 2732 2619 ipsa
2763 2557 2888 2605 sunt
2913 2557 3172 2620 prospera
3203 2547 3392 2602 aculeo
3412 2547 3730 2632 tentationis

2125 2675 2131 2686 .
2166 2642 2501 2717 opponenda,
2544 2647 2692 2695 uteo
2727 2639 3108 2694 erubescamus
3130 2638 3341 2706 prava"
3365 2636 3728 2701 animum,

2153 2751 2273 2808 quo
2302 2752 2402 2792 nos
2429 2751 2462 2790 a
2503 2736 2611 2790 Deo
2651 2728 3058 2789 meminerimus
3089 2725 3324 2802 gratuita
3366 2726 3504 2781 bona
3541 2741 3726 2796 peree-

2165 2830 2328 2900 pisse,
2355 2836 2412 2883 et
2440 2827 2638 2881 illatam
2679 2825 2905 2897 gratiam
2930 2825 3258 2880 exteriorum
3301 2832 3584 2883 munerum
3615 2832 3746 2876 ver-

2166 2929 2346 2973 tamus
2361 2917 2415 2976 in
2437 2931 2586 2970 arma
2608 2913 2885 2978 virtutum,
2909 2922 2970 2968 ut
2988 2913 3099 2968 sint
3119 2920 3245 2968 ante
3266 2911 3448 2967 oculos
3471 2926 3592 2979 qum
3613 2924 3730 2979 per-

2166 3008 2421 3078 cepimus,
2453 3019 2676 3076 quaeque
2703 3018 2800 3059 nos
2824 3002 3048 3058 illiciunt
3069 3002 3398 3071 subigamus.
3425 2994 3559 3066 Quia
3583 3000 3729 3054 enim

2091 3067 2137 3131 Ο
2170 3067 2417 3168 voluptas
2433 3067 2546 3168 ipsa
2569 3067 2635 3152 ex
2663 3095 3018 3166 prosperitate
3052 3067 3312 3156 nascitur,
3330 3090 3577 3159 ejusdem
3604 3105 3733 3159 pro-

2168 3188 2440 3260 speritatis
2467 3195 2556 3244 est
2572 3184 2932 3242 consideratio
2962 3183 3233 3248 ferienda,
3266 3188 3530 3251 quatenus
3554 3181 3734 3243 hostis

2166 3287 2350 3335 noster
2385 3277 2524 3332 unde
2547 3276 2739 3340 oritur,
2765 3274 2894 3328 inde
2920 3272 3213 3346 moriatur.
3556 3268 3558 3271 ’

2230 3368 2430 3423 Accidit
2459 3375 2652 3425 autem.
2679 3375 2735 3418 ut
2764 3361 2991 3434 quadam
3029 3361 3112 3416 die
3153 3347 3366 3415 intraret
3393 3360 3584 3428 Ioseph
3625 3360 3727 3413 do-

2163 3474 2325 3522 mum,
2351 3465 2398 3510 et
2421 3454 2588 3525 operis
2612 3451 2877 3524 quidpiam
2910 3450 3098 3521 absque
3141 3449 3350 3502 arbitris
3398 3447 3606 3517 faceret.
3657 3448 3728 3499 At

2163 3548 2282 3612 illa;
2303 3545 2617 3616 apprehensa
2638 3542 2830 3596 lacinia
2844 3539 3273 3615 vestimentiejus,
3289 3538 3512 3591 diceret:
3543 3536 3732 3590 Dormi
3756 3548 3760 3551 '

2160 3652 2378 3692 mecum.
2421 3633 2543 3700 Qui,
2572 3633 2749 3687 relicto
2785 3633 2843 3686 in
2870 3647 3027 3688 manu
3066 3627 3208 3687 illius
3255 3626 3436 3698 pallio,
3482 3627 3633 3696 fugit,
3678 3635 3730 3679 et

2163 3741 2394 3796 egressus
2420 3732 2493 3778 est
2524 3722 2686 3792 foras.
2715 3722 2851 3781 Dum
2877 3719 3069 3774 mulier
3093 3717 3331 3774 adultera
3360 3714 3556 3785 Ioseph
3583 3716 3728 3769 male

2166 3817 2242 3872 uti
2261 3816 2536 3879 voluisset,
2559 3813 2746 3885 relicto
2769 3811 2931 3882 pallio
2954 3809 3088 3880 fugit
3105 3809 3251 3882 foras
3274 3827 3286 3860 :
3320 3806 3442 3876 quia
3472 3806 3594 3860 dum
3625 3805 3732 3876 Sy-

2161 3921 2365 3978 nagoga
2407 3905 2692 3961 hominum
2738 3917 2932 3973 purum
2971 3900 3240 3956 hominem
3274 3897 3518 3961 credens,
3566 3900 3730 3965 quasi

2159 3996 2458 4052 adulterino
2498 3992 2776 4062 complexu
2819 3990 3186 4060 constringere
3230 3987 3434 4052 voluit,
3475 3987 3589 4054 ipse
3635 3993 3725 4040 te-

2159 4100 2331 4156 gmem
2357 4085 2551 4139 litterae
2577 4081 2692 4150 ejus
2732 4080 2901 4136 oculis
2934 4077 3171 4150 reliquit,
3209 4084 3264 4131 et
3293 4075 3362 4129 ad
3393 4088 3726 4144 cognoscen-

2161 4175 2284 4229 dam
2305 4187 2414 4229 sua:
2434 4170 2730 4227 divinitatis
2756 4168 3046 4240 potentiam
3096 4165 3450 4234 conspicuum
3470 4177 3530 4218 se
3551 4163 3729 4233 genti-

2155 4267 2261 4324 bus
2286 4262 2532 4333 praebuit.
2560 4261 2708 4317 Unde
2729 4268 2783 4314 et
2800 4259 2996 4314 Paulus
3023 4257 3191 4313 dicit:
3232 4252 3403 4325 Usque
3422 4255 3575 4308 hodie
3596 4253 3730 4306 dum

507 4344 638 4423 Nam
660 4344 798 4429 scene
827 4370 946 4425 inde
968 4369 1260 4440 perﬁcitur,
1287 4344 1426 4423 unde
1455 4366 1634 4437 repelli
1666 4374 1898 4435 putatur.
1923 4365 2059 4421 ilinc

2166 4352 2350 4423 legitur
2381 4351 2601 4421 Moyses,
2627 4349 2855 4404 velamen
2879 4357 2953 4402 est
2979 4362 3132 4418 super
3152 4344 3325 4399 oculos
3349 4344 3522 4398 cordis
3543 4360 3730 4398 eorum

2175 4443 2251 4454 ι..
2304 4441 2337 4454 ι.
2536 4442 2547 4454 ι
2623 4441 2659 4454 η
2823 4441 2871 4454 ..
2908 4440 2940 4454 ..
3013 4447 3025 4454 ,
3122 4439 3136 4454 .
3453 4435 3551 4454 ..__
3588 4437 3729 4454 μη,

511 4475 723 4514 rursum
767 4459 898 4514 dicit
930 4477 942 4512 :
979 4457 1166 4516 Omnia
1212 4475 1528 4530 quazcunque
1564 4457 1723 4511 voluit
1768 4455 2021 4510 Dominus
2046 4494 2060 4519 ,

507 4548 625 4615 fecit
647 4548 699 4600 in
730 4546 852 4600 caelo
875 4556 921 4598 et
940 4546 993 4599 in
1019 4556 1159 4600 terra
1184 4545 1354 4616 (Psal.
1381 4542 1618 4614 cxxxxv).
1651 4543 1783 4596 Hinc
1811 4540 2061 4596 Salomon

509 4637 583 4690 ait
610 4654 621 4688 :
648 4634 770 4689 Non
813 4644 886 4688 est
939 4635 1210 4703 sapientia,
1248 4651 1348 4687 non
1392 4644 1467 4690 est
1509 4634 1802 4702 prudentia,
1839 4649 1942 4686 non
1988 4641 2062 4684 est

510 4726 780 4782 consilium
825 4735 1005 4780 contra
1050 4725 1218 4778 Deum
1266 4721 1443 4793 (Prov.
1494 4725 1554 4793 ι).
1605 4722 1794 4776 Restat
1842 4737 1968 4791 ergo
2009 4721 2062 4774 in

512 4816 717 4869 cunctis
748 4831 878 4884 qum.
908 4814 1135 4885 agimus,
1161 4813 1266 4866 vim
1304 4825 1547 4880 superna:
1574 4810 1860 4868 voluntatis
1891 4809 2064 4878 inqui-

515 4918 712 4956 ramus.
759 4902 854 4958 Cui
889 4902 1133 4957 videlicet
1159 4901 1382 4972 cognita:
1411 4898 1568 4954 debet
1595 4906 1780 4952 nostra
1807 4899 1948 4951 actio
1975 4898 2062 4953 de-

518 4998 636 5044 vote
662 4989 925 5053 famulari,
956 4998 1008 5043 et
1033 4991 1182 5059 quasi
1213 4990 1400 5043 ducem
1429 4987 1511 5041 sui
1544 4985 1752 5040 itineris
1793 4985 2062 5054 persequi,

512 5094 582 5133 ue
626 5079 786 5132 etiam
822 5079 870 5130 ei
919 5087 975 5130 et
1008 5078 1192 5132 nolens
1236 5079 1452 5142 serviat,
1479 5077 1527 5130 si
1568 5077 1708 5130 banc
1753 5074 2066 5144 superbiens

512 5167 760 5222 declinat.
797 5166 962 5219 Vitari
985 5167 1126 5219 enim
1152 5167 1234 5219 vis
1251 5165 1460 5237 superni
1490 5164 1697 5219 consilii
1727 5175 2064 5235 nequaquam

511 5267 713 5330 potest,
744 5257 835 5312 sed
868 5272 1056 5327 magna
1095 5256 1196 5309 sibi
1235 5256 1374 5315 hunc
1413 5256 1610 5313 virtute
1651 5260 1942 5322 temperat,
1973 5251 2066 5323 qui

517 5364 572 5405 se
598 5351 696 5403 sub
735 5348 848 5417 ejus
891 5347 1107 5402 nutibus
1135 5345 1394 5411 refrenat;
1421 5346 1640 5415 ejusque
1684 5344 1784 5398 sibi
1825 5341 2064 5413 pondera

519 5439 725 5507 levigat,
752 5438 839 5506 qui
877 5438 990 5492 hac
1030 5453 1095 5491 ex
1132 5433 1368 5502 subjecto
1402 5435 1578 5489 cordis
1618 5435 1841 5488 humero
1883 5432 2067 5486 volens

516 5536 706 5604 portui.

588 5614 715 5674 ιστατ
736 5628 905 5673 autem
933 5616 1120 5688 Ioseph
1155 5615 1371 5687 pulchra
1399 5612 1552 5682 (acie,
1589 5623 1632 5664 et
1674 5607 1888 5667 decorus
1915 5626 2062 5679 aspe-

2167 4443 2251 4513 (ΙΙ
2278 4441 2420 4496 Cor.
2471 4442 2574 4514 tu).
2619 4441 2749 4507 Quae
2784 4440 3033 4495 videlicet
3070 4438 3311 4493 adultera
3360 4435 3554 4492 mulier
3582 4437 3731 4504 apud

2166 4533 2504 4602 semetipsum
2528 4531 2748 4601 pallium
2791 4530 3031 4594 retinuit,
3062 4535 3130 4585 ει,
3141 4543 3298 4602 quem
3324 4525 3462 4582 male
3489 4528 3725 4587 tenebat,

2166 4623 2363 4678 nudum
2411 4623 2608 4676 amisit.
2656 4621 2758 4689 Qui
2789 4636 2916 4691 ergo
2948 4635 2976 4673 a
3026 4617 3302 4690 Synagoga
3339 4617 3561 4671 veniens
3600 4616 3729 4671 ﬁdei

2167 4712 2402 4782 gentium
2431 4710 2749 4780 conspicuus
2774 4709 3037 4779 apparuit,
3068 4709 3362 4770 secundum
3396 4704 3728 4774 sententiam

2165 4801 2306 4855 beati
2330 4799 2450 4866 Job,
2483 4814 2548 4858 ex,
2577 4806 2729 4854 utero
2755 4797 2942 4852 matris
2982 4795 3155 4850 nudus
3181 4794 3366 4849 exivit.
3417 4827 3422 4830 -

2235 4891 2462 4961 Cumque
2502 4891 2706 4944 vidisset
2743 4886 2928 4942 mulier
2949 4895 3135 4940 restem
3173 4883 3226 4938 in
3259 4882 3495 4936 manibus
3521 4883 3650 4946 suis,
3671 4890 3729 4933 et

2165 4998 2218 5034 se
2239 4998 2345 5036 esse
2365 4989 2724 5049 contemptam,
2756 4977 2947 5035 vocavit
2991 4975 3223 5028 homines
3271 4973 3453 5026 domus
3497 4972 3631 5033 sum,
3673 4981 3731 5049 et

2166 5071 2236 5124 ait
2271 5071 2338 5123 ad
2364 5083 2484 5123 eos:
2516 5046 2599 5123 En
2625 5066 2910 5121 introduxit
2936 5065 3102 5118 virum
3133 5061 3410 5140 Hebreum
3437 5070 3493 5113 ut
3535 5046 3731 5112 illud;-

2166 5169 2241 5213 ret
2266 5159 2429 5212 nobis.
2461 5150 2730 5226 Ingressus
2761 5164 2834 5208 est
2857 5149 2929 5206 ad
2948 5169 3028 5206 me
3058 5160 3112 5205 ut
3136 5151 3292 5206 coiret
3314 5164 3536 5202 mecum.
3564 5145 3734 5200 Cum-

2166 5263 2263 5316 que
2287 5261 2377 5315 ego
2402 5242 2815 5306 succlamassem,
2840 5249 2887 5294 et
2915 5239 3143 5293 audisset
3185 5247 3357 5292 vocem
3383 5251 3570 5294 meam,
3601 5232 3736 5284 reli-

2167 5335 2273 5405 quit
2313 5332 2526 5403 pallium
2559 5329 2696 5400 quod
2727 5330 2979 5392 tenebam,
3005 5338 3052 5382 et
3083 5327 3214 5396 fugit
3258 5324 3419 5393 foras.
3468 5321 3534 5374 In
3565 5337 3732 5388 argn—

2169 5435 2392 5478 mentum
2413 5439 2532 5492 ergo
2549 5422 2694 5489 ﬁdei,
2730 5429 2976 5492 retentum
3018 5413 3230 5487 pallium
3273 5411 3490 5465 ostendit
3534 5409 3731 5460 marito

2170 5513 2437 5574 revertenti
2459 5511 2687 5574 domum,
2710 5519 2755 5562 ct
2781 5508 2853 5560 ait
2883 5519 2900 5581 ξ
2942 5506 3209 5574 Ingressus
3231 5512 3304 5555 est
3322 5500 3395 5564 ad
3437 5513 3517 5550 me
3548 5508 3729 5548 seruus

2173 5603 2440 5668 Hebr/eus,
2469 5617 2614 5672 quam
2645 5596 2927 5661 adduxisti,
2966 5605 3020 5648 ut
3045 5593 3278 5647 illuderct
3315 5589 3458 5645 mihi.
3493 5584 3730 5652 Cumque
