3948 6356
218 371 322 431 833

1225 368 1573 429 COMMENT.
1616 366 1680 422 IN
1719 367 2037 423 GENESIM.
2076 399 2144 409 -—
2182 369 2306 425 LIB.
2347 371 2432 429 iV.

3348 371 3450 426 65's

219 486 424 542 vidisset
450 501 528 538 me
568 478 806 543 clamare,
852 480 1056 548 reliquit
1100 481 1317 551 pallium
1355 490 1402 535 et
1444 479 1574 550 fugit
1614 480 1776 549 foras.
1808 480 1857 536 A
1884 477 2132 533 cibarios.
2172 477 2276 533 Sed
2297 478 2426 532 illud
2458 459 2658 545 movet,
2681 479 2946 550 quomodo
2977 493 3168 547 panem
3192 479 3450 534 cibarium

224 577 321 633 "is
352 576 568 638 auditis,
590 573 851 638 dominus,
875 583 921 628 et
953 575 1170 642 nimium
1201 570 1442 626 credulus
1481 571 1643 624 verbis
1669 586 1761 623 con

211 665 378 737 jugis,
417 664 582 717 iratus
627 674 699 716 est
727 661 905 728 valde;
935 660 1253 729 tradiditque
1288 658 1481 727 Ioseph
1519 659 1575 711 in
1618 673 1792 710 carce-

220 772 350 815 rem.
390 755 478 808 ubi
503 754 659 808 vincti
687 754 816 822 regis
853 751 1295 814 custodiebantur,
1321 757 1424 803 etc.
1458 749 1590 802 Erat
1612 757 1790 802 autem

218 838 418 914 loseph
445 844 664 915 pulchra
693 843 830 900 facie
876 851 929 897 et
959 836 1186 896 decorus
1229 849 1468 910 aspectu.
1517 839 1593 893 Ita
1644 847 1698 894 et
1726 840 1791 894 de

223 935 441 992 Christo
469 934 634 988 David
661 934 771 988 ait:
803 931 1076 1001 Speciosus
1107 931 1274 998 {arma
1311 946 1419 984 ora:
1458 929 1582 996 ﬁliis
1620 929 1790 982 homi-

226 1042 370 1090 num,
398 1025 589 1094 diJusa
630 1033 702 1077 est
749 1022 921 1092 gratia
961 1022 1015 1080 in
1059 1020 1210 1091 labiis
1238 1022 1343 1073 tuis
1389 1018 1566 1087 (Psal.
1614 1018 1788 1090 xuv);

227 1115 407 1188 (Isid.)
438 1113 549 1170 Sed
573 1114 782 1178 mulier,
815 1113 1009 1183 inquit,
1040 1112 1096 1167 in
1134 1128 1254 1167 eum
1283 1111 1466 1166 oeulos
1493 1109 1694 1179 injecit,
1734 1117 1792 1164 ut

225 1205 546 1263 adulterium
574 1205 812 1264 eum'illa
839 1212 1192 1276 perpetraret.
1235 1203 1340 1257 Ista
1389 1201 1583 1257 mulier
1621 1203 1794 1274 Syna-

225 1311 374 1367 εοεαε
401 1293 522 1352 erat
553 1297 741 1366 ﬁgura,
773 1303 831 1348 ut
859 1309 1018 1364 supra
1058 1293 1308 1367 diximus,
1340 1308 1461 1363 qua:
1490 1307 1653 1362 saepe,
1689 1293 1794 1348 sic—

225 1396 288 1441 ut
326 1388 583 1460 scriptum
617 1388 722 1450 est,
768 1385 1036 1439 nuechata
1081 1393 1330 1454 est.post
1384 1385 1513 1440 deos
1566 1384 1789 1441 alienos.

226 1472 486 1534 Similiter
515 1477 730 1533 volebat
753 1485 807 1532 et
831 1477 1109 1532 Christum
1125 1477 1180 1530 in
1207 1477 1459 1531 adulterii
1483 1477 1564 1531 sui
1590 1477 1794 1532 scelere

225 1567 461 1622 retinere
495 1573 555 1620 ut
585 1571 808 1637 negaret
854 1572 919 1620 se‘
939 1580 1058 1622 esse
1090 1565 1288 1630 Deum,
1314 1574 1372 1620 et
1395 1565 1794 1626 Pharisaaorum

225 1657 400 1729 magis
425 1665 480 1718 et
506 1655 817 1722 Scribarum
858 1667 1020 1726 Quam
1056 1656 1188 1728 legis
1217 1666 1486 1727 praecepta
1527 1667 1791 1720 servaret,

225 1743 448 1818 quasilli
468 1745 615 1801 velut
661 1746 887 1800 maritus
933 1754 1110 1800 erant.
1138 1743 1407 1800 Christus
1458 1753 1640 1800 autem
1689 1761 1792 1800 non

1892 570 2125 639 potuerit
2154 568 2365 635 Pharao
2387 569 2586 624 habere
2610 571 2662 626 in
2689 571 2848 624 escis.
2880 569 3017 623 Dicit
3043 571 3184 624 enim
3212 571 3264 624 in
3295 585 3455 640 supe-

1892 660 2033 715 riore
2078 661 2311 717 canistro
2351 645 2518 716 fuisse
2542 652 2738 729 omnia
2766 676 2831 715 ex
2875 661 3067 730 quibus
3095 662 3286 716 edebat
3326 660 3456 716 Pha-

1891 763 2006 813 rao,
2052 763 2214 818 opere
2259 750 2542 818 pistorum.
2591 748 2695 804 Sed
2746 749 3148 820 intelligendum
3177 758 3259 805 est
3292 750 3454 803 etiam

1887 843 2064 911 ipsum
2091 843 2383 898 canistrum
2419 844 2668 899 habuisse
2707 857 2873 913 panes
2923 844 3175 909 cibarios,
3226 845 3349 912 quia
3379 843 3454 898 di-

1892 942 2038 988 ctum
2063 943 2199 998 erat,
2231 934 2332 1004 tria
2352 935 2612 998 canistra,
2642 934 2930 1008 χόνδριτον,
2961 945 3015 987 et
3041 934 3267 1004 desuper
3294 932 3455 988 fuisse

1891 1022 1980 1076 illa
2017 1037 2084 1078 ex
2120 1023 2265 1076 omni
2302 1036 2497 1093 genere
2539 1024 2719 1092 operis
2754 1023 2992 1092 pistoris,
3024 1024 3075 1076 in
3101 1023 3290 1078 eodem
3312 1025 3460 1078 cani-

1893 1124 2008 1169 stro
2033 1114 2328 1182 superiore.

1962 1204 2169 1258 Exinde
2191 1205 2300 1259 dies
2339 1205 2519 1259 tertius
2551 1203 2820 1258 natalitius
2854 1200 3148 1256 Pharaonis
3194 1213 3345 1268 erat;
3373 1204 3461 1274 qui

1893 1293 2091 1364 faciens
2115 1294 2312 1364 grande
2348 1292 2634 1348 convivium
2676 1293 2849 1362 pueris
2893 1283 3020 1356 suis,
3063 1292 3362 1345 recordatus
3388 1302 3463 1345 est

1892 1384 2026 1438 inter
2057 1383 2236 1454 epulas
2279 1384 2513 1453 magistri
2537 1381 2903 1452 pinccrnarum
2933 1392 2978 1435 et
3028 1382 3279 1451 pistorum
3320 1383 3464 1452 priu-

1893 1475 2054 1545 cipis;
2079 1475 2400 1544 restituitque
2443 1475 2661 1527 alterunt
2691 1475 2744 1528 in
2788 1473 2960 1528 locum
2988 1491 3159 1539 suum,
3190 1483 3245 1526 ut
3289 1458 3465 1542 porri-

1893 1575 2029 1635 geret
2076 1551 2182 1635 rcgi
2205 1564 2483 1635 poculum;
2528 1564 2747 1618 alterum
2791 1581 2910 1618 vero
2953 1559 3299 1634 suspendit‘in
3324 1563 3463 1633 pati-

1895 1656 2038 1720 bula,
2082 1665 2136 1709 ut
2184 1655 2492 1726 conjectoris
2534 1656 2722 1710 veritas
2765 1654 3090 1725 probaretur.
3123 1652 3304 1726 (Isid.)
3345 1655 3461 1708 Duo

1894 1746 2125 1800 eunuchi
2175 1734 2310 1815 quos
2352 1746 2419 1800 de
2466 1746 2624 1800 domo
2665 1747 2805 1817 regis
2837 1747 2888 1820 in
2941 1731 3466 1801 carcerem'vinctos

227 1834 581 1910 aequ‘ies'eeus
626 1836 826 1892 illicitae
855 1836 1112 1892 doctrinae
1137 1837 1439 1910 adulteris,
1487 1839 1797 1894 adulterina:
1825 1835 1874 1896 B
1899 1836 2096 1906 Josepb
2137 1837 2339 1892 invenit
2384 1838 2610 1892 duorum
2666 1821 2993 1908 populorum
3020 1837 3350 1908 credentium
3382 1835 3470 1892 vel
3506 1894 3509 1896 _

229 1927 524 1999 Synagogaa
552 1943 712 1981 manu
742 1928 888 1982 veste
917 1918 1159 1997 corporis
1189 1929 1579 1998 «apprehensus,
1629 1943 1791 1984 carne

227 2035 288 2076 se
315 2020 483 2085 exuit,
522 2027 578 2073 et
619 2018 755 2074 liber
783 2019 974 2073 mortis
1001 2019 1055 2073 in
1093 2019 1289 2073 caelum
1330 2020 1593 2074 ascendit.
1632 2019 1794 2074 Calu-

226 2110 560 2164 mniata‘est
602 2109 882 2174 meretrix,
925 2108 1015 2167 ubi
1056 2122 1179 2163 eum
1219 2117 1404 2164 tenere
1447 2122 1552 2164 non
1598 2110 1793 2179 potuit,

226 2200 416 2256 dicens
437 2200 580 2270 quod
606 2200 862 2270 templum
893 2199 1106 2255 Domini
1132 2201 1548 2271 blaSphemaret,
1581 2212 1638 2258 et
1663 2186 1798 2273 legis

226 2286 497 2345 diceretur
539 2304 659 2346 esse
691 2277 1101 2362 'transgres‘sor,
1147 2301 1200 2352 et
1247 2292 1394 2347 illum
1451 2292 1556 2348 aen
1609 2310 1801 2350 carcer

227 2381 444 2447 terruit,
472 2396 577 2437 non
608 2380 817 2436 inferna
843 2390 1152 2447 tenuerunt,
1175 2396 1297 2437 cum
1320 2384 1484 2438 etiam
1513 2383 1679 2441 veluti
1704 2387 1794 2442 ubi

225 2468 925 2540 puniendusdeseeuderat‘,
956 2470 1080 2525 inde
1104 2471 1240 2527 alios
1278 2471 1544 2528 liberavit.

849 2601 1075 2659 CAPUT
1119 2601 1183 2657 ll.

234 2697 336 2769 De!
352 2697 553 2769 duobus
581 2698 852 2766 eunuchis
877 2660 1175 2769 Pharaonis
1219 2697 1571 2766 peccantibus,
1619 2701 1803 2769 quibus

299 2767 498 2845 Joseplt
518 2769 572 2822 in
594 2783 798 2847 carcere
819 2767 1037 2838 positus,
1071 2769 1330 2820 somnium
1356 2782 1535 2835 eorum
1557 2767 1807 2840 interpre-

300 2849 441 2892 tatus
478 2847 570 2891 est.
647 2848 649 2850 ’
1303 2878 1307 2881 .

304 2927 454 3001 (CAP.
494 2928 606 2997 XL.)
646 2927 746 3007 His
787 2928 859 2981 ita
899 2927 1078 3014 gestis,
1103 2927 1296 2981 accidit
1321 2937 1376 3009 ut
1411 2938 1680 2998 peccarent
1699 2929 1807 2982 duo

229 3018 476 3083 eunuchi,
504 3019 747 3088 pincerna
775 3017 906 3087 regis
929 3015 1148 3087 Αἶρε]ρεὶ
1177 3024 1223 3070 et
1242 3016 1430 3098 pistor,
1446 3017 1661 3070 domino
1688 3033 1803 3070 suo.

233 3107 512 3181 Iratusque
558 3099 771 3161 Pharao
815 3116 998 3161 contra
1044 3107 1338 3180 eos~(nam-
1374 3106 1508 3161 alter
1547 3108 1806 3177 pincernis

1901 1927 2295 1982 iucredulorum
2346 1928 2570 2000 mystice
2611 1927 2832 2000 ﬁguram
2864 1936 3066 1983 tenent.
3087 1919 3199 1994 “Qui
3225 1928 3344 1983 ideo
3387 1928 3468 1983 di-

1898 2026 2094 2073 cuntur
2134 2018 2398 2084 eunuchi,
2446 2019 2570 2089 quia
2613 2030 2818 2074 castam
2858 2018 3182 2090 acceperunt
3230 2021 3468 2091 regulam

1900 2108 2209 2178 disciplina}.
2236 2097 2481 2180 Eloquia,
2520 2111 2710 2180 inquit,
2744 2110 2955 2165 Domini
2983 2121 3124 2166 casta
3153 2109 3323 2183 (Psal.
3367 2110 3466 2184 ιι).

1901 2199 2138 2270 Denique
2163 2213 2285 2270 post
2309 2202 2503 2257 trinam
2534 2202 2960 2262 lucem‘Domino
2986 2206 3053 2259 ab
3078 2201 3265 2268 inferis
3294 2218 3471 2258 resur-

1901 2301 2078 2362 gente,
2100 2286 2324 2363 'et’legis
2349 2292 2594 2358 obscura,
2617 2301 2676 2346 ut
2695 2290 2893 2362 Joseph
2923 2293 3129 2347 somnia
3156 2281 3468 2359 'revelante,

1902 2383 2108 2440 solutus
2127 2392 2210 2440 est
2237 2400 2264 2438 a
2295 2385 2530 2455 peccatis
2569 2385 2896 2440 credentium
2927 2385 3187 2456 populus;
3218 2393 3273 2440 et
3301 2385 3367 2441 de
3394 2386 3472 2440 in-

1901 2473 2040 2529 ferni
2075 2490 2292 2531 carcere
2323 2475 2599 2539 liberatus,
2637 2476 2876 2531 redditur
2902 2477 2954 2530 in
2995 2476 3350 2530 ministerium
3393 2476 3472 2530 di-

1902 2554 2041 2619 vinte
2084 2563 2233 2635 legis.
2273 2565 2584 2620 lncredulus
2621 2573 2797 2621 autem
2825 2575 2880 2620 et
2903 2559 3096 2637 impius
3121 2565 3347 2636 populus
3380 2563 3472 2619 Ju-
3517 2634 3521 2637 ι

1907 2655 2162 2716 ἀέξοι-ατη,
2193 2655 2317 2724 quia
2367 2655 2421 2709 in
2459 2655 2784 2735 salvationis
2829 2655 3030 2727 lignum
3079 2672 3185 2711 nou
3222 2657 3470 2722 credidit,

1906 2744 2352 2814 transgressionis
2393 2744 2535 2816 ligno
2579 2745 2943 2818 suspenditur,
2973 2755 3033 2800 ut
3061 2745 3134 2800 illi
3163 2746 3315 2801 alteri
3346 2763 3473 2803 con-

1908 2833 2027 2903 tigit
2055 2835 2322 2906 eunucho,
2354 2835 2443 2904 qui
2480 2833 2781 2890 Judteorum
2812 2827 3099 2907 imaginem
3126 2837 3382 2892 indicavit

2513 2943 2739 3000 CAPUT
2776 2944 2860 2998 Ill.

1942 3011 2018 3065 De
2054 3013 2254 3065 somnio
2293 3011 2638 3078 Pharaonis,
2663 3025 2708 3067 et
2756 3016 3176 3085 interpretatione
3224 3011 3447 3086 Ioseph.

1979 3101 2127 3170 (ΟΑΡ.
2153 3100 2285 3172 xu.)
2314 3099 2440 3156 Post
2461 3104 2592 3156 duos
2619 3121 2782 3157 annos
2805 3104 2930 3158 ridit
2957 3103 3169 3159 Pharao
3195 3107 3471 3179 somnium.

231 3199 477 3275 γίνεται,
505 3196 638 3258 alter
673 3197 974 3269 pistoribus)
1006 3198 1144 3251 misit
1184 3187 1274 3251 'eos
1307 3198 1364 3250 in
1389 3213 1646 3252 carcerem
1665 3197 1803 3267 prin—
1830 3189 1874 3252 C
1907 3189 2138 3246 Putabat
2158 3209 2232 3268 ,se
2260 3202 2399 3246 stare
2441 3210 2606 3264 super
2639 3196 2874 3264 ﬂuvium,
2921 3194 2985 3249 de
3008 3212 3109 3266 quo
3135 3197 3476 3252 ascendebant

206 3298 210 3299 '
234 3291 365 3361 cipis
387 3289 627 3356 militum,
650 3291 706 3344 in
729 3305 830 3360 quo
853 3299 963 3344 erat
992 3291 1190 3346 vinctus
1212 3299 1260 3343 et
1284 3289 1511 3360 ’Joseph.
1541 3288 1608 3342 At
1635 3299 1806 3344 custos

235 3376 460 3433 carceris
484 3367 698 3433 tradidit
744 3395 829 3433 eos
875 3376 1090 3449 Ioseph,
1137 3380 1228 3450 qui
1255 3389 1304 3434 et
1335 3378 1669 3433 ministrabat
1713 3380 1804 3433 eis.

235 3466 295 3524 In
331 3465 554 3537 Hebraeo
578 3467 833 3551 scriptum
860 3468 1023 3523 habet
1051 3467 1242 3532 musice,
1278 3475 1480 3551 71pm,
1527 3466 1656 3521 illud
1687 3471 1810 3522 v'er-

236 3554 366 3611 bum
384 3557 525 3626 quo‘d
545 3545 600 3611 in
625 3543 1009 3613 nomineservl
1035 3557 1305 3618 Abraham
1321 3543 1532 3613 'dudum
1561 3556 1806 3628 legimus,

239 3659 401 3717 quem
428 3661 833 3717 uospossumus
851 3637 1007 3702 more
1041 3648 1184 3718 vulgi
1223 3662 1420 3703 vocare
1468 3649 1804 3717 pincernam.

239 3733 353 3793 Nec
380 3737 485 3794 vile
510 3724 726 3808 putetur
745 3737 996 3804 ofﬁcium,
1033 3755 1155 3794 cum
1198 3738 1339 3810 apud
1366 3755 1520 3810 reges
1548 3739 1813 3795 barbaros

242 3843 413 3899 usque
445 3829 622 3895 hodie,
667 3831 919 3904 maxima:
949 3829 1222 3901 dignitatis
1273 3831 1344 3884 sit
1395 3830 1509 3905 regi
1559 3825 1810 3902 poeulum

239 3913 780 3990 porrexissesl’oeta:
807 3928 1019 3988 quoque
1041 3919 1107 3974 de
1133 3919 1390 3984 catamito
1420 3927 1476 3973 et
1512 3915 1648 3974 Jove
1677 3918 1813 3974 scri-

242 4008 440 4080 ptitant
498 4008 640 4080 quod
700 4010 960 4076 amasium
1009 4024 1163 4065 suum
1211 4010 1336 4066 huic
1380 4008 1557 4066 oilicio
1604 4011 1811 4065 manci-

244 4100 411 4176 parit.
1280 4104 1284 4107 ’
1423 4088 1426 4091 ’

318 4189 569 4248 Narravit
601 4192 745 4262 prior
781 4194 1085 4265 prtepositus
1112 4194 1479 4263 pincernarum
1510 4210 1766 4249 somnium
1789 4208 1808 4246 :

253 4273 502 4334 Videbam
522 4268 695 4335 coram
719 4299 799 4337 me
819 4282 970 4362 vitem
995 4282 1048 4336 in
1071 4298 1172 4352 qua
1194 4293 1339 4336 erant
1361 4291 1463 4337 tres
1483 4284 1808 4354 propagines,

245 4388 473 4427 crescere
490 4371 743 4445 paulatim
785 4373 839 4426 in
867 4387 1116 4442 gemmas,
1145 4382 1192 4447 et
1231 4382 1342 4442 post
1373 4375 1527 4442 ﬂores
1554 4391 1677 4431 uvas
1699 4391 1814 4444 may

245 4473 525 4528 turescere,
551 4452 861 4532 calicemque
891 4453 1188 4517 Pharaonis
1225 4462 1278 4519 in
1314 4481 1473 4518 manu
1516 4464 1648 4518 med.
1684 4463 1809 4518 Tuli

1897 3293 2098 3364 septem
2121 3285 2267 3338 boves
2287 3285 2520 3355 pulchra:
2563 3294 2610 3338 et
2657 3277 2847 3358 crassa:
2877 3288 3030 3358 nimis
3058 3299 3105 3342 et
3130 3290 3478 3362 pascebantur

1906 3376 1961 3430 in
1989 3375 2116 3430 locis
2145 3376 2465 3446 palustribus
2489 3389 2507 3427 :
2531 3376 2652 3430 alia:
2688 3394 2891 3448 quoque
2932 3392 3123 3450 septem
3149 3375 3477 3452 emergebant

1907 3467 1970 3520 de
1996 3466 2211 3536 ﬂumine
2235 3467 2405 3537 (adre,
2455 3467 2800 3538 confectwque
2841 3472 3007 3524 macie
3047 3472 3508 3538 etpascebanlur;

1907 3558 1963 3612 in
1987 3560 2099 3628 ipsa
2125 3559 2292 3611 amnis
2320 3558 2436 3628 ripa
2463 3558 2517 3611 in
2546 3558 2672 3612 locis
2714 3560 3015 3614 virentibus.
3059 3559 3468 3616 Detoraverunt-

1906 3666 2006 3720 que
2038 3634 2125 3703 eas
2168 3665 2389 3719 quarum
2431 3650 2565 3702 mira
2606 3650 2796 3718 species
2837 3661 2882 3703 et
2913 3649 3166 3703 habitudo
3199 3657 3473 3719 corporum

1907 3751 2037 3798 erat.
2065 3740 2472 3811 Expergefactus
2501 3740 2730 3807 Pharao,
2753 3739 2960 3794 rursum
2985 3741 3244 3804 dormivit,
3280 3751 3330 3794 et
3354 3742 3478 3796 vidit

1909 3828 2128 3884 alterum
2155 3830 2432 3883 somnium.
2463 3827 2671 3898 Septem
2696 3830 2853 3899 spictv
2875 3818 3138 3896 pullulaba
3149 3839 3201 3883 nt
3228 3830 3283 3882 in
3303 3829 3475 3882 culmo

1910 3939 2034 3984 uno,
2057 3921 2221 3992 plena
2242 3931 2394 3992 atque
2420 3921 2697 3989 formosae;
2721 3921 2840 3974 alia:
2862 3937 3061 3991 quoque
3087 3921 3297 3974 totidem
3323 3921 3476 3999 spica:

1911 4004 2106 4076 tenues,
2148 4020 2198 4065 et
2243 4027 2499 4080 percussae
2550 4007 2764 4064 uredine
2813 4010 3132 4074 oriebantur,
3177 4011 3476 4063 devorantes

1911 4119 2112 4157 onmem
2145 4102 2379 4172 priorum
2417 4101 2872 4170 pulchritudinem.
2902 4099 3168 4171 Evigilans
3193 4109 3308 4170 post
3336 4103 3480 4171 quie-

1911 4204 2032 4259 tem,
2059 4204 2106 4248 et
2134 4194 2272 4264 facta
2299 4209 2471 4256 mane,
2497 4209 2685 4260 pavore
2707 4193 3028 4262 perterritus,
3059 4193 3198 4246 misit
3242 4192 3310 4245 ad
3350 4208 3477 4246 con-

1902 4286 2128 4356 jectores
2155 4284 2392 4355 Egypti,
2445 4291 2755 4352 cunctosque
2803 4283 3080 4352 sapientes,
3128 4293 3175 4336 et
3216 4283 3478 4336 accersitis

1912 4365 2141 4430 narravit
2157 4372 2434 4437 somnium,
2465 4387 2554 4425 nec
2575 4381 2685 4424 erat
2705 4374 2796 4442 qui
2822 4373 3261 4441 interpretaretur.
3293 4373 3476 4444 (Aug)

1911 4463 2064 4530 Quod
2087 4464 2311 4534 putabat
2334 4478 2394 4518 se
2427 4471 2570 4517 stare
2608 4461 2819 4517 Pharao
2856 4477 3016 4531 super
3052 4460 3262 4527 ﬂumen,
3294 4479 3480 4531 quem-

245 4569 370 4624 crgo
392 4569 516 4607 uvas
537 4561 582 4606 et
596 4547 831 4622 expressi
859 4553 913 4604 in
934 4551 1146 4605 calicem
1172 4571 1323 4624 quem
1351 4554 1602 4618 tenebam,
1620 4565 1678 4618 et
1701 4542 1811 4609 tra-
1835 4526 1888 4586 D
1916 4526 2200 4611 admodum
2247 4568 2433 4608 servus
2474 4553 2703 4608 Abralue
2738 4552 2870 4607 dixit
2894 4569 2906 4605 :
2948 4551 3083 4605 Ecce
3110 4568 3201 4621 ego
3227 4563 3302 4627 sto
3328 4571 3482 4623 super

246 4642 362 4699 didi
378 4641 621 4711 poculum
651 4637 941 4694 Pharaoni.
975 4640 1041 4694 Et
1067 4638 1200 4707 ecce,
1241 4638 1428 4713 inquit,
1461 4637 1585 4699 vitis
1608 4643 1664 4699 in
1689 4659 1812 4698 con-

246 4741 426 4802 spectu
451 4729 582 4798 meo,
628 4732 760 4784 etin
804 4732 904 4806 vite~
923 4741 1026 4791 tres
1073 4725 1245 4802 fundi,
1290 4741 1337 4809 et
1379 4735 1490 4805 ipsa
1518 4736 1811 4805 germinans

247 4835 355 4876 tres
378 4822 585 4892 fundos.
613 4822 737 4878 Tria
772 4820 977 4892 ﬂagella
1020 4831 1074 4879 et
1100 4831 1210 4878 tres
1239 4827 1437 4890 ramos,
1473 4827 1586 4881 sive
1619 4841 1813 4896 propa-

249 4915 426 4988 gines,
468 4913 690 4970 Hebraeo
733 4927 981 4968 sermone
1017 4914 1299 4984 signiﬁcat,
1346 4930 1462 4984 qua:
1496 4917 1563 4970 ab
1592 4916 1696 4972 illis
1716 4933 1811 4972 vo-

250 4990 446 5059 cantur
473 5001 706 5072 sarigim,
734 5010 966 5062 aut-1w,
1220 5073 1226 5078 δ

333 5092 521 5148 Videas
566 5103 739 5147 autem
782 5093 1033 5162 pistorum
1076 5093 1320 5163 magister
1363 5094 1500 5164 quod
1537 5095 1816 5164 prudenter

251 5183 509 5237 somnium
537 5182 884 5246 dissolvisset,
907 5183 980 5234 ait
1003 5197 1020 5234 :
1053 5181 1119 5236 Et
1141 5199 1232 5252 ego
1257 5184 1359 5237 vidi
1380 5187 1654 5247 somnium,
1676 5185 1815 5254 quod

253 5280 494 5334 haberem
522 5280 623 5333 tria
648 5274 874 5334 canistra
913 5281 1100 5349 farina:
1130 5299 1286 5351 super
1305 5293 1456 5352 caput
1477 5299 1669 5347 meum,
1691 5268 1738 5335 et
1763 5283 1816 5336 in

255 5386 361 5422 uno
402 5371 627 5424 canistro
665 5371 802 5442 quod
843 5381 953 5424 erat
981 5371 1250 5438 excelsius,
1282 5385 1487 5442 portare
1531 5391 1610 5427 me
1638 5391 1811 5428 omnes

253 5461 395 5516 cibos
418 5463 506 5530 qui
527 5461 659 5530 ﬁunt
690 5472 800 5515 arte
822 5464 1056 5532 pistoria,
1093 5481 1308 5534 avesque
1341 5466 1606 5519 comedere
1644 5482 1708 5519 ea:
1731 5485 1810 5521 eo.

257 5550 439 5623 (Αυς.)
467 5549 566 5604 Ubi
579 5551 731 5605 hicin
743 5551 943 5607 Latinis
958 5553 1312 5609 voluminibus
1327 5558 1428 5608 tria
1443 5558 1670 5610 canistra
1687 5558 1738 5627 fa
1749 5561 1818 5611 ri-

255 5660 340 5698 me
363 5642 919 5713 scriptumestﬁrzeei
936 5645 1132 5700 habent
1165 5648 1454 5724 χόνδριτςν,
1484 5649 1623 5716 quod
1655 5648 1819 5704 inter-

259 5727 540 5809 pretantur
554 5726 642 5805 qui
659 5749 806 5790 usum
831 5734 1063 5802 rjusdem
1079 5737 1268 5809 linguae
1283 5730 1502 5806 habent,
1517 5757 1682 5812 panes
1705 5752 1821 5800 e'sse

1918 4645 2107 4715 fontem
2133 4660 2282 4713 aqum
2310 4639 2458 4712 (Gen.
2488 4641 2656 4711 xuv),
2687 4641 2801 4710 haec
2840 4641 3038 4696 locutio
3079 4643 3121 4694 si
3155 4641 3482 4711 intelligatur

1918 4736 1973 4791 in
2000 4735 2212 4790 Psalmo
2239 4735 2330 4789 ubi
2354 4735 2611 4804 scriptum
2639 4743 2756 4788 est:
2791 4733 2894 4802 Qui
2917 4734 3152 4803 [undavit
3182 4744 3372 4788 terram
3399 4751 3481 4787 su-

1917 4843 2008 4897 per
2035 4842 2224 4896 aquam
2253 4818 2423 4897 (Psal.
2467 4823 2648 4895 niti),
2677 4841 2783 4880 non
2825 4834 3086 4895 coguntur
3110 4825 3353 4878 homines
3386 4841 3483 4893 pu-

1921 4926 2037 4970 tare
2061 4917 2198 4970 sicut
2236 4929 2426 4969 navem
2455 4922 2641 4968 natare
2684 4921 2884 4969 terram
2920 4927 3081 4982 super
3116 4928 3332 4981 aquam.
3380 4912 3478 4966 Se-

1915 5005 2146 5061 cundum
2169 5005 2306 5060 hanc
2325 5005 2466 5058 enim
2493 5003 2813 5059 locutionem
2841 5011 2984 5056 recte
3008 5001 3319 5072 intelligitur
3340 5002 3480 5064 quod

1915 5096 2075 5152 altior
2106 5096 2178 5150 sit
2214 5105 2352 5151 terra
2387 5111 2548 5164 quam
2592 5108 2748 5165 aqua.
2788 5086 2962 5147 Altius
3013 5092 3208 5164 quippe
3236 5092 3302 5145 ab
3330 5092 3482 5160 aquis

1918 5191 2235 5256 sustollitur,
2262 5188 2353 5244 ubi
2389 5190 2631 5244 habitant
2661 5195 2872 5241 terrena
2909 5184 3178 5238 animalia.
3212 5184 3480 5237 Prmterea

1920 5294 2106 5338 narrat
2137 5268 2346 5338 Pharao
2391 5281 2676 5344 somnium,
2713 5281 3095 5349 interpretatus
3133 5284 3217 5331 est
3262 5273 3476 5342 Joseph.

1922 5378 2102 5455 (lsid.)
2128 5377 2232 5431 Sed
2272 5377 2399 5446 quid
2445 5373 2750 5445 signiﬁcant
2777 5384 2980 5441 septem
3015 5369 3140 5423 anni
3185 5368 3273 5438 qui
3309 5367 3363 5420 in
3391 5381 3481 5419 se-

1919 5479 2062 5539 ptem
2092 5469 2252 5538 spicis
2282 5467 2469 5537 plenis,
2507 5479 2600 5518 seu
2635 5464 2724 5533 qui
2753 5465 2806 5517 in
2843 5471 3044 5531 septem
3070 5460 3249 5514 vaccis
3273 5457 3481 5528 pingui-

1922 5560 2021 5613 bus
2049 5557 2484 5618 ostendebantur,
2525 5554 2628 5607 nisi
2659 5561 2860 5623 septem
2902 5552 3282 5606 charismatum
3320 5544 3480 5614 spiri-

1926 5648 2144 5702 tualium
2170 5647 2328 5709 dona,
2372 5645 2564 5713 quibus
2595 5645 2809 5698 ubertas
2839 5642 2956 5696 ﬁdei
2989 5641 3132 5710 larga
3167 5639 3361 5706 pietate
3402 5651 3484 5687 γι·-

1927 5739 2155 5796 dundat?
2178 5738 2247 5793 At
2267 5745 2451 5792 contra
2507 5751 2644 5806 saepe
2689 5735 2898 5789 steriles
2948 5741 2999 5788 et
3050 5742 3234 5788 tenues
3289 5731 3486 5786 {autem
