3948 6318
523 338 621 391 635

1161 336 1217 392 Β.
1262 339 1509 392 RABANI
1551 339 1763 395 MAURI
1799 340 2111 394 ARClllEP.
2154 339 2456 393 )lOGUN'l‘.
2494 342 2773 398 OPERUM
2818 346 2991 399 PARS
3032 348 3067 401 Ι.

3625 354 3741 407 (ἰῧίῐ

523 447 757 501 veritatis
787 454 840 501 et
879 445 1103 514 iustitia:
1150 452 1458 506 novissimis
1507 452 1833 520 temporibus
1872 451 2073 520 signiﬁ-
2103 454 2148 508 Α
2176 465 2240 503 eo
2287 452 2425 519 quod
2458 454 2641 507 orbem
2678 463 2833 508 terrae
2882 456 2948 509 ab
2983 459 3290 516 imminente
3332 464 3485 517 fatuis
3518 470 3734 523 excidio

520 542 727 593 cubant.

1114 608 1469 694 carurtv.

520 765 593 821 De
637 782 696 820 eo
733 767 873 839 quod
908 768 1095 839 Ioseph
1156 773 1385 850 princeps
1438 771 1652 840 ngypti
1704 789 1734 824 a
1799 772 2071 827 Pharaone

1122 851 1465 893 COlt‘Sll’llilltr.

584 965 729 1020 Dixit
773 985 972 1038 quoque
1027 987 1229 1023 rursum
1276 968 1485 1025 Pharao
1536 974 1605 1026 ad
1652 974 1837 1042 Ioseph
1866 990 1884 1027 :
1940 976 2069 1029 Ecce

517 1056 819 1108 constituite
845 1074 995 1124 super
1031 1060 1316 1111 universam
1345 1069 1535 1113 terram
1564 1062 1800 1132 .Egypti.
1833 1062 2069 1135 Tulitque

514 1144 763 1197 annulum
790 1146 851 1197 de
879 1163 1031 1198 manu
1056 1164 1168 1207 sua,
1215 1159 1258 1200 et
1286 1149 1426 1202 dedit
1467 1151 1518 1202 in
1564 1169 1720 1204 manu
1753 1153 1896 1220 ejus;
1921 1157 2069 1208 vesti-

513 1234 678 1303 ritque
706 1252 816 1287 eum
858 1235 989 1287 stola
1040 1237 1263 1305 byssina,
1312 1249 1358 1291 et
1404 1240 1535 1293 collo
1578 1252 1809 1311 torquem
1854 1262 2065 1298 attremit

512 1321 892 1391 circumposuit,
919 1325 1136 1395 fecitque
1175 1328 1447 1381 ascendere
1491 1346 1643 1399 super
1668 1348 1876 1385 currum
1915 1351 2065 1387 suum

511 1411 807 1474 secundum,
850 1411 1105 1467 clamante
1127 1432 1360 1483 prarcone
1404 1429 1449 1471 ct
1478 1419 1678 1472 dicente
1696 1431 1756 1473 ut
1783 1438 1956 1475 omnes
1981 1440 2065 1474 co-

513 1516 619 1552 mm
659 1517 716 1553 eo
750 1518 891 1569 genu
923 1505 1203 1572 ﬂecterent,
1255 1515 1301 1559 et
1346 1512 1676 1577 pra'positum
1722 1528 1829 1563 esse
1877 1513 2063 1570 scirent

510 1590 758 1644 tmivérste
786 1601 937 1647 terra:
979 1594 1213 1663 Afgypti.
1256 1597 1360 1650 Pro
1386 1614 1490 1665 quo
1517 1600 1703 1667 Aquila
1752 1604 2019 1657 transtulit
2048 1622 2061 1658 :

510 1674 573 1731 Et
645 1681 883 1737 clamavit
929 1686 981 1737 in
1029 1699 1297 1755 conspectu
1343 1691 1453 1758 ejus
1501 1692 1567 1743 ad
1613 1693 2059 1759 geniculationem.

2176 538 2436 594 liberarit.

2247 627 2393 680 Dedit
2414 645 2612 698 quoque
2639 630 2716 683 illi
2746 648 2953 685 uxorem
2985 634 3199 689 Aseneth
3230 639 3391 706 ﬁliam
3426 640 3732 713 Putipharis

2171 716 2454 769 sacerdotis
2482 716 2827 786 Heliopoleos.
2867 720 3161 776 Notandum
3216 736 3390 780 autem
3444 733 3583 798 quod
3628 733 3732 786 do-

2172 806 2301 857 mini
2330 807 2595 873 quondam
2622 815 2683 860 et
2716 811 2969 877 emptoris
3003 813 3083 865 sui
3126 813 3282 867 ﬁliam
3322 834 3541 874 uxorem
3571 838 3733 877 actae--

2172 897 2325 964 perit.
2354 896 2442 963 qui
2470 897 2534 949 ad
2575 897 2625 950 id
2653 896 2887 953 locorum
2917 902 3160 969 pontifex
3208 904 3539 976 lleliopolcos
3582 921 3726 965 erat.

2171 985 2347 1052 Neque
2373 987 2513 1039 enim
2543 986 2619 1040 fas
2649 989 2847 1057 absque
2873 994 3129 1047 eunuchis
3156 996 3278 1048 idoli
3310 998 3451 1051 illius
3478 1016 3595 1056 esse
3624 1020 3728 1057 an-

2168 1076 2379 1138 tistites,
2410 1084 2469 1129 ut
2494 1092 2615 1129 vera
2645 1078 2730 1131 illa
2766 1079 3105 1136 Hebraeorum
3136 1100 3290 1154 super
3319 1103 3401 1149 eo,
3428 1094 3566 1157 quod
3598 1104 3729 1148 ante

2163 1165 2273 1233 jam
2319 1167 2569 1231 diximus,
2621 1171 2852 1237 suspicio
2892 1179 3282 1243 comprobctur.
3335 1178 3551 1249 Accepit
3595 1199 3731 1255 ergo

2166 1252 2410 1311 Christus
2431 1271 2494 1308 ex
2522 1258 2769 1324 gentibus
2803 1276 3043 1325 uxorem,
3089 1263 3139 1317 td
3168 1274 3267 1329 est,
3306 1267 3622 1335 Ecclesium,
3653 1252 3727 1329 ex

2167 1364 2271 1416 qua
2306 1352 2485 1420 genuit
2513 1353 2644 1425 duos
2685 1353 2839 1421 ﬁlios,
2873 1357 2925 1411 id
2954 1365 3070 1428 est,
3104 1358 3234 1413 duos
3272 1361 3491 1431 populos
3528 1377 3593 1416 ex
3624 1362 3726 1417 Ju-

2166 1442 2314 1505 dtcis,
2340 1451 2394 1496 et
2419 1458 2484 1497 ex
2508 1447 2753 1513 gentibus
2776 1458 3140 1518 congregatos.

2240 1528 2469 1600 Triginta
2495 1544 2664 1588 autem
2688 1546 2797 1587 erat
2822 1553 3098 1601 annorum,
3128 1540 3331 1608 quando
3362 1542 3499 1594 stetit
3529 1544 3585 1599 in
3608 1561 3729 1597 con-

2164 1628 2339 1688 spectu
2388 1623 2520 1690 regis
2571 1621 2880 1679 Pharaonis.
2932 1610 3191 1695 Triginta,
3236 1628 3424 1698 inquit,
3456 1646 3724 1704 annorum

2166 1718 2279 1761 erat
2304 1709 2517 1781 Ioseph,
2548 1714 2758 1780 quando
2799 1715 2850 1768 in
2900 1725 3184 1784 conspectu
3231 1720 3370 1787 regis
3428 1720 3727 1777 Pharaonis

506 1766 855 1839 Symmachus
904 1775 1073 1842 ipsum
1110 1773 1424 1833 llebraicnm
1463 1795 1760 1835 sermonem
1803 1785 2061 1852 interpre-
2090 1777 2134 1839 Β
2163 1798 2338 1862 stetit;
2396 1766 2718 1869 ώιίάθξηφιθ
2775 1766 3139 1859 gingiuis”
3209 1766 3403 1877 ιεὲἴιυι-
3451 1766 3719 1872 chy-321:5.

504 1870 628 1916 tans
646 1863 762 1917 ait:
794 1864 860 1918 Et
886 1863 1122 1921 clamavit
1164 1872 1232 1922 ad
1256 1887 1371 1923 eum
1401 1872 1603 1925 abrech.
1646 1874 1796 1929 Unde
1826 1876 1951 1929 mihi
1981 1878 2056 1931 vi-

492 1952 675 2016 ‘detur,
714 1969 817 2008 non
849 1962 954 2009 tam
1006 1950 1200 2024 praeco,
1230 1960 1340 2011 sive
1386 1960 1795 2030 adgeniculatio,
1839 1979 1955 2031 quae
2002 1967 2054 2019 in

500 2041 782 2100 salutando
809 2046 889 2099 vel
921 2047 1189 2101 adorando
1219 2046 1411 2117 Joseph
1450 2052 1618 2119 accipi
1660 2062 1853 2121 potest,
1904 2056 2056 2111 intel-

499 2131 725 2202 ligenda,
768 2143 925 2205 quam
958 2137 1082 2191 illud
1127 2140 1271 2207 quod
1301 2141 1506 2195 llehrtei
1556 2145 1788 2209 tradunt,
1817 2146 2055 2202 dicentes

494 2230 688 2290 patrem
749 2231 978 2277 tenerum
1050 2241 1113 2280 ex
1160 2228 1261 2281 hoc
1310 2243 1556 2285 sermone
1606 2231 1906 2288 transferri.
1971 2236 2054 2290 Ab

494 2321 589 2375 me,
620 2312 813 2381 quippe
857 2314 1053 2368 dicitur
1093 2326 1261 2386 pater,
1304 2318 1438 2382 reclt,
1480 2332 1592 2400 Tt.
1630 2321 1902 2388 delicatus,
1943 2324 2054 2379 sive

492 2404 818 2469 tenerrimus,
859 2405 1197 2475 signiﬁcante
1232 2406 1508 2478 Scriptura
1557 2412 1695 2479 quod
1735 2411 1887 2478 juxta
1929 2428 2055 2481 pru-

493 2493 726 2547 dentiam
754 2496 967 2562 quidem
994 2506 1147 2565 pater
1184 2499 1422 2553 omnium
1452 2499 1572 2565 fuit,
1618 2502 1709 2555 sed
1743 2500 1897 2568 juxta
1926 2512 2055 2557 aeta-

489 2590 599 2638 tem
654 2586 974 2641 tenerrimus
1027 2588 1334 2642 adolescens
1385 2596 1437 2642 et
1479 2606 1630 2659 puer.
1682 2590 1861 2660 (Isid.)
1919 2592 2054 2646 Ecce

492 2674 686 2745 Ioseph
714 2678 803 2745 qui
834 2686 1013 2748 typum
1053 2678 1296 2733 induerat
1320 2678 1542 2744 Christi,
1575 2696 1794 2735 currum
1836 2681 2048 2746 meruit,

489 2776 544 2821 et
571 2770 893 2837 prmeonavit
924 2780 1045 2824 ante
1077 2786 1221 2834 eum,
1250 2779 1303 2824 et
1338 2770 1616 2824 constituit
1658 2770 1803 2824 illum
1842 2770 2050 2825 Pharao

490 2873 654 2927 super
687 2856 990 2915 universam
1017 2871 1210 2915 terram
1238 2859 1483 2931 Egypti;
1507 2868 1561 2913 et
1584 2861 1842 2914 Dominus
1872 2870 2053 2915 noster

490 2958 770 3018 postquam
799 2956 881 3001 est
910 2948 1199 3002 distractus
1234 2964 1261 3000 a
1293 2946 1447 3011 Juda,
1487 2957 1544 3002 ut
1572 2947 1767 3018 Ioseph
1801 2965 1830 3002 a
1870 2948 2052 3003 fratri-

418 3050 419 3053 ‘
488 3036 607 3099 bus,
652 3043 707 3102 et
742 3037 808 3091 de
850 3036 1179 3090 iufernorum
1211 3030 1428 3090 carcere
1460 3038 1776 3099 resurrexit,
1812 3040 2052 3093 ascendit

486 3141 705 3181 currum
735 3127 881 3197 regni
910 3126 1169 3190 cmlestis,
1196 3127 1261 3180 de
1306 3142 1412 3195 quo
1458 3128 1715 3196 scriptum
1764 3137 1884 3182 est:
1918 3128 2050 3182 Cur-

489 3202 705 3273 rus'Dei
734 3220 906 3276 decem
934 3218 1157 3271 millium
1184 3216 1354 3289 (Psal.
1391 3218 1576 3287 vau),
1601 3226 1654 3272 et
1678 3221 1882 3287 accepit
1908 3229 2055 3287 pote-

487 3317 680 3366 statem
727 3309 768 3361 a'
789 3308 946 3362 Patre
975 3307 1317 3376 praedicandi,
1368 3307 1505 3361 sicut
1546 3307 1740 3361 Paulus
1783 3309 2054 3375 apostolus

483 3400 564 3457 ait
604 3398 717 3452 :Et
744 3399 885 3452 dedit
930 3398 977 3451 ei
1023 3413 1207 3450 nomen
1250 3397 1387 3467 quod
1442 3405 1516 3450 est
1562 3414 1717 3466 super
1760 3414 1909 3451 omne
1962 3415 2056 3451 no-

485 3502 619 3551 men,
660 3497 717 3541 ut
755 3489 810 3541 in
850 3488 1054 3541 nomine
1080 3484 1209 3539 Jesu
1254 3501 1401 3538 omne
1437 3501 1570 3554 genu
1610 3487 1870 3554 ﬂectatur,
1909 3485 2055 3539 cmle-

484 3580 662 3643 stium,
706 3577 1026 3631 terrestrium
1056 3585 1101 3629 et
1141 3574 1462 3643 infernarum
1505 3571 1670 3644 (Phil.
1723 3574 1804 3645 tt).
1836 3575 2055 3643 Accepit

486 3684 699 3741 quoque
727 3678 781 3723 et
823 3668 1097 3731 annulum,
1147 3666 1515 3735 pontificatum
1552 3665 1756 3720 scilicet
1799 3666 1920 3720 ﬁdei
1949 3682 2054 3734 quo

488 3760 816 3814 credentium
843 3758 1035 3811 anima:
1063 3756 1249 3811 salutis
1274 3757 1424 3826 signo
1453 3755 1765 3824 signantur;
1791 3753 2054 3809 frontibus

487 3849 789 3917 nostrisque
814 3846 1062 3900 cordibus
1105 3860 1198 3898 νηι-
1226 3845 1435 3915 signum
1469 3844 1645 3898 crucis
1685 3843 1852 3914 ﬁgura
1894 3844 2053 3914 Regis

486 3937 673 3994 aeterni
717 3935 1054 4005 exprimitur.
1092 3932 1437 4002 Induiturque
1464 3933 1655 3987 stolam
1681 3933 1971 4003 byssinam,
2001 3935 2053 3989 id

488 4037 589 4093 est,
621 4041 837 4083 carnem
872 4033 1111 4080 sanctam
1138 4025 1298 4094 bysso
1340 4024 1722 4087 candidiorem,
1773 4033 1827 4078 et
1860 4024 2051 4079 stolam

487 4118 923 4175 immortalitatis.
959 4116 1179 4186 Accepit
1208 4130 1420 4184 quoque
1450 4123 1695 4183 torquem
1734 4131 1973 4178 auream,
2000 4117 2051 4171 id

486 4220 590 4274 est,
634 4208 965 4263 intellectum
1004 4207 1223 4261 bonum.
1255 4204 1440 4259 Praeco
1466 4213 1590 4258 ante
1614 4220 1735 4259 eum
1778 4206 2045 4273 praecedit,

486 4302 539 4356 id
565 4307 663 4361 est,
706 4296 1045 4351 autloannes
1069 4295 1325 4364 Baptista,
1352 4295 1441 4362 qui
1474 4294 1576 4347 iter
1601 4292 1716 4362 ejus
1745 4294 2050 4363 praecedens

486 4385 828 4459 prteconabat
871 4386 1090 4439 dicens:
1134 4381 1329 4436 Parate
1376 4384 1512 4436 viam
1557 4382 1780 4436 Domino
1834 4382 2044 4448 (Matth.

487 4484 593 4551 Ill).
635 4478 860 4533 Habebit
898 4486 951 4531 et
978 4477 1138 4530 alium
1167 4482 1468 4545 praeconem
1488 4475 1675 4528 tubam
1706 4474 1897 4544 angeli,
1926 4476 2049 4543 quia
2078 4463 2127 4521 D

489 4572 602 4640 ipse
629 4570 761 4624 dixit
787 4586 799 4619 :
827 4566 1015 4624 Veniet
1035 4567 1088 4620 in
1118 4565 1243 4619 tuba
1264 4565 1458 4635 angeli.

562 4679 706 4733 Dixit
743 4692 941 4748 quoque
988 4687 1088 4728 rex'
1117 4675 1186 4727 ad
1216 4674 1407 4746 Ioseph
1437 4690 1455 4728 :
1498 4673 1611 4746 Ego
1641 4694 1753 4730 sum
1790 4674 2001 4733 Pharao
2034 4692 2051 4729 .·

492 4769 692 4838 Absque
727 4777 814 4820 tuo
848 4765 1063 4835 imperio
1110 4782 1211 4818 non
1256 4766 1473 4820 movebit
1517 4767 1790 4838 quisquam
1840 4785 2049 4821 manum

493 4858 569 4913 vel
595 4858 773 4926 pedem
816 4857 870 4909 in
918 4854 1058 4908 onmi
1105 4864 1244 4908 terra
1291 4853 1526 4925 ngypti.
1574 4854 1834 4928 Vertitque
1869 4876 2051 4912 nomen

490 4946 654 5013 illius,
703 4955 753 4999 et
781 4945 973 4999 vocavit
1013 4960 1130 4997 eum
1161 4942 1340 5012 lingua
1367 4942 1679 5012 Egyptiaca
1732 4944 2052 5000 Salvatorcm

492 5034 695 5093 mundi.
743 5033 877 5099 Quid
925 5030 1258 5085 manifestius
1305 5031 1371 5084 de
1416 5029 1650 5103 Christo,
1695 5035 1908 5100 quando
1954 5035 2053 5089 sub

493 5125 660 5195 ﬁgura
684 5119 877 5188 Ioseph
898 5119 1143 5174 Salvator
1171 5119 1491 5184 ostenditur,
1520 5134 1626 5172 non
1657 5126 1878 5202 tantum,
1897 5122 2052 5176 unius

492 5226 647 5271 terra:
676 5210 914 5281 .Egypti,
955 5212 1046 5264 sed
1091 5211 1252 5264 etiam
1301 5211 1462 5265 totius
1513 5211 1731 5265 mundi?
1785 5211 2050 5284 (Hieron)

488 5305 638 5362 Licet
667 5304 769 5358 hoc
796 5315 987 5355 nomen
1007 5300 1423 5353 abscondilorum
1452 5310 1760 5370 repertorem
1790 5302 2048 5357 Hebraice

488 5406 662 5459 sonet,
686 5401 861 5446 tamen
889 5389 1012 5458 quia
1042 5389 1109 5442 ab
1132 5388 1381 5457 [Egyptio
1402 5390 1637 5459 ponitur,
1666 5391 1833 5460 ipsius
1858 5391 2051 5463 lingua:

489 5483 643 5537 debet
678 5481 875 5535 habere
902 5478 1183 5531 rationem.
1225 5477 1607 5551 Interpretatur
1632 5481 1773 5533 enim
1803 5494 2051 5556 sermone

488 5570 761 5640 Egyptio,
789 5567 1077 5638 saplmnuth
1099 5567 1417 5635 plraaneclta,
1448 5569 1582 5629 sive,
1610 5574 1666 5621 ut
1695 5567 2046 5641 Septuaginta

489 5660 774 5726 transferre
797 5658 1097 5719 voluerunt,
1131 5657 1513 5729 ἰ’σιθομφανιᾶχ,
1564 5655 1806 5717 Salvator
1846 5664 2044 5727 mundi,

2158 1889 2367 1956 quando
2420 1891 2518 1944 sub
2551 1899 2675 1959 typo
2724 1890 3039 1965 Pharaonis,
3091 1894 3143 1951 in
3196 1908 3485 1965 conspectu
3535 1901 3724 1956 mundi

2160 1978 2406 2046 apparuit
2438 1978 2729 2037 revelatus.
3414 1983 3421 1988 ’

2769 2091 2993 2151 CAPUT
3031 2098 3104 2151 γ..

2156 2189 2233 2243 De
2283 2206 2342 2268 eo
2388 2190 2525 2268 quod
2569 2190 2765 2268 Ioseph
2807 2202 3032 2268 tempore
3052 2197 3350 2268 Tecti/italis
3398 2203 3725 2268 congregari:

2226 2260 2452 2339 triticum
2501 2261 2553 2313 in
2600 2261 2818 2325 horrea,
2874 2260 2942 2316 ad
2998 2260 3280 2333 sedandam
3325 2260 3519 2338 [ament
3556 2260 3724 2337 futuri

2226 2339 2489 2397 temporis.

2226 2440 2473 2516 Circuivit
2517 2442 2708 2514 Ioseph
2763 2462 2938 2499 omnes
2990 2463 3220 2521 regiones
3268 2447 3487 2518 Egypti
3516 2462 3533 2499 :
3563 2450 3727 2515 venit-

2155 2548 2251 2602 que
2276 2531 2517 2598 fertilitas
2546 2544 2736 2603 septem
2764 2553 3041 2597 annorum.
3084 2546 3131 2590 et
3171 2539 3223 2589 in
3263 2524 3553 2605 manipulos
3582 2540 3729 2591 redu-

2153 2630 2247 2673 cta:
2269 2630 2471 2689 segetes,
2517 2633 2838 2692 congregatae
2861 2634 2981 2677 sunt
3007 2626 3061 2677 in
3085 2625 3271 2678 horrea
3302 2624 3542 2694 Egypti.
3594 2626 3721 2680 0m-

2154 2711 2233 2763 nis
2277 2711 2432 2764 etiam
2467 2711 2675 2781 frugum
2730 2714 3050 2769 abundantia
3077 2756 3091 2780 ,
3136 2716 3191 2768 in
3237 2716 3454 2785 singulis
3508 2719 3720 2775 urbibus

2149 2799 2357 2854 condita
2383 2809 2478 2854 est.
2509 2800 2774 2870 Tantaque
2812 2803 2911 2871 fuit
2940 2804 3214 2858 multitudo
3238 2807 3419 2869 tritici,
3455 2817 3511 2859 ut
3542 2825 3715 2861 arente

2151 2890 2312 2942 maris
2356 2902 2735 2960 coa’quaretur,
2789 2902 2836 2946 et
2896 2896 3043 2963 copia
3088 2911 3382 2951 mensuram
3429 2897 3717 2964 excederet.

2155 2975 2336 3047 (.4ug.)
2373 2977 2440 3030 Et
2468 2981 2814 3048 congregavit
2840 2980 3032 3050 Joseph
3057 2984 3470 3049 triticum,sicut
3497 3001 3721 3040 arenam

2152 3066 2315 3119 maris
2350 3066 2570 3120 multant
2605 3068 2774 3134 valde,
2817 3072 3163 3142 quoadusque
3192 3088 3300 3129 non
3336 3075 3507 3143 potuit
3535 3090 3721 3129 nume-

2076 3131 2119 3193 (ἶ
2152 3145 2283 3218 rari,
2313 3171 2417 3210 non
2446 3157 2588 3210 enim
2619 3167 2736 3212 erat
2780 3174 3055 3215 numerus.
3107 3160 3209 3215 Pro
3255 3176 3320 3219 eo
3366 3163 3568 3219 dictum
3616 3173 3721 3226 est,

2156 3258 2262 3297 non
2289 3253 2407 3298 erat
2438 3261 2715 3311 numerus,
2759 3247 2899 3315 quod
2942 3264 3133 3308 nomen
3171 3242 3379 3313 numeri
3404 3253 3585 3321 omnis
3614 3254 3726 3308 usi-

2152 3334 2249 3387 tati
2276 3335 2559 3390 excederet
2587 3337 2675 3391 illa
2720 3339 2892 3407 copia,
2939 3349 2994 3396 et
3030 3343 3295 3410 quomodo
3338 3342 3722 3413 appellaretur,

2153 3437 2257 3490 non
2300 3423 2691 3478 inveniebatur.
2730 3426 2863 3482 Nam
2909 3414 3047 3487 unde
3075 3428 3191 3485 ﬁeri
3239 3418 3415 3500 potest
3446 3442 3504 3486 ut
3539 3447 3727 3503 quam-

2154 3511 2283 3567 libet
2325 3529 2551 3583 magnte,
2594 3516 2761 3571 ﬁnitae
2808 3526 2985 3573 tamen
3032 3520 3405 3586 multitudinis,
3464 3539 3726 3585 numerus

2154 3619 2259 3656 non
2310 3604 2413 3657 sit?
2468 3607 2713 3673 quamvis
2759 3608 2860 3662 hoc
2914 3612 3146 3679 potuerit
3199 3614 3358 3667 etiam
3423 3616 3723 3671 secundum

2153 3693 2477 3761 hyperbolen
2506 3695 2628 3749 dici.
2658 3696 3010 3768 Congregavit
3042 3710 3218 3756 autem
3263 3700 3457 3772 Joseph
3504 3721 3601 3774 per
3638 3721 3725 3759 se-

2152 3790 2295 3851 ptem
2334 3798 2502 3837 annos
2561 3800 2774 3839 omnem
2822 3787 3032 3857 frugum
3080 3790 3480 3856 abundantiam,
3527 3794 3579 3850 id
3616 3805 3723 3857 est,

2153 3870 2417 3926 frumenta
2451 3873 2567 3928 ﬁdei
2605 3884 2910 3930 sanctorum
2957 3880 3164 3935 horreis
3204 3883 3458 3947 condens,
3509 3900 3606 3953 per
3630 3886 3720 3939 illa

2153 3963 2356 4015 scilicet
2414 3964 2735 4018 charismata
2803 3976 3045 4035 septem,-
3100 3972 3250 4040 quasi
3314 3989 3407 4041 per
3474 3983 3721 4042 septem,

2152 4069 2350 4115 annos,
2401 4064 2455 4106 ut
2507 4071 2626 4108 cum
2663 4065 2864 4123 septem
2917 4059 3106 4128 inepim
3151 4061 3275 4114 anni
3323 4073 3620 4130 cmperunt,
3672 4066 3723 4118 id

2151 4152 2250 4202 est,
2284 4159 2405 4196 cum
2432 4144 2687 4213 iniquitas
2717 4146 2802 4198 illa
2831 4150 3147 4213 eccm-rerit,
3179 4160 3379 4218 septem
3411 4153 3721 4221 capitalium

2150 4235 2430 4288 criminum
2460 4238 2558 4289 sub
2590 4236 2941 4302 Antichristi),
2970 4241 3181 4308 quando
3212 4242 3379 4303 fames
3409 4244 3531 4298 ﬁdei
3560 4244 3724 4300 fuerit

2152 4332 2205 4375 et
2227 4324 2434 4387 salutis,
2468 4334 2592 4378 tunc
2624 4328 2793 4381 sancti
2822 4328 3021 4395 pariter
3049 4338 3101 4382 ct
3140 4331 3320 4386 ﬁdeles
3358 4332 3591 4388 bal-eant
3629 4337 3724 4389 co-

2152 4412 2353 4479 piosam
2378 4411 2599 4479 justitia:
2637 4414 2860 4484 frugem,
2908 4433 2972 4471 tte
3014 4418 3143 4472 ﬁ-ies
3175 4435 3357 4474 eorum
3392 4422 3567 4491 inopia
3604 4440 3722 4477 ser-

2160 4504 2330 4557 monis
2362 4513 2634 4559 attenuata
2674 4505 2903 4559 deﬁciat.

2229 4592 2359 4647 Nati
2385 4605 2503 4647 sunt
2540 4606 2712 4649 autem
2752 4596 2944 4666 Joseph
2981 4587 3085 4665 ﬁlii
3114 4598 3237 4663 duo,
3271 4609 3545 4668 antequam
3577 4605 3716 4655 reni-

2159 4691 2233 4735 ret
2276 4683 2458 4751 fames,
2508 4702 2635 4754 quos
2684 4686 2730 4738 ei
2774 4687 2965 4755 peperit
2992 4688 3209 4741 Aseneth
3253 4689 3364 4757 [ilia
3411 4688 3717 4759 Putipharis

2156 4770 2437 4824 sacerdotis
2483 4771 2831 4842 Ileliopoleos.
2884 4773 3186 4845 l'ocnvitque
3232 4793 3414 4830 nomen
3460 4781 3709 4848 primoge-
3766 4796 3771 4799 ‘

2156 4862 2270 4925 niti,
2305 4861 2593 4926 Manasses,
2623 4862 2837 4925 dicens:
2883 4862 3125 4918 Oblivisci
3154 4882 3233 4918 me
3274 4866 3389 4935 fecit
3430 4867 3570 4921 Deus
3611 4886 3719 4923 om-

2155 4953 2299 5005 nium
2344 4952 2580 5005 laborum
2626 4969 2877 5015 meorum,
2928 4964 2974 5006 et
3018 4954 3200 5010 damus
3246 4957 3409 5025 patris
3452 4959 3572 5011 mei.
3605 4956 3717 5010 Νο-

2155 5058 2367 5111 menque
2404 5042 2614 5094 secundi
2640 5043 2912 5112 appellavit
2945 5043 3211 5113 Ephraim,
3238 5046 3410 5098 dicens
3434 5059 3452 5096 :
3475 5046 3715 5100 Crescere

2154 5148 2234 5183 me
2257 5130 2374 5200 fecit
2398 5130 2536 5185 Deus
2560 5131 2613 5184 in
2637 5142 2775 5185 terra
2799 5136 3117 5202 paupertatis
3139 5150 3285 5188 metu.
3316 5132 3555 5187 Observa
3575 5152 3717 5204 qua:-

2153 5220 2378 5274 stionem
2406 5235 2524 5288 qua:
2567 5230 2689 5289 post
2733 5221 2999 5291 paululum
3038 5223 3102 5285 de
3149 5221 3343 5294 Joscph
3371 5226 3714 5294 proponenda

2153 5318 2255 5373 cst,
2286 5311 2425 5376 quod
2455 5318 2580 5364 ante
2608 5310 2763 5365 famis
2799 5319 3024 5379 tempus,
3056 5328 3162 5381 quo
3195 5310 3373 5368 Jacobr
3401 5314 3623 5369 intravit
3660 5316 3713 5370 in

2153 5398 2464 5469 Egyptum,
2507 5400 2641 5453 duos
2684 5409 2885 5453 tantum
2916 5398 3108 5469 Joseph
3140 5401 3277 5455 ﬁlios
3308 5402 3574 5465 habuerit,
3606 5402 3717 5455 Ma-

2154 5504 2344 5545 nassen
2373 5500 2427 5543 et
2471 5489 2742 5558 Ephraim.
2785 5487 3060 5543 Manassen
3099 5505 3309 5548 vocans,
3362 5491 3431 5544 ab
3463 5505 3528 5544 eo
3570 5482 3715 5560 Quod

2153 5578 2221 5630 sit
2247 5578 2443 5631 oblitus
2472 5578 2714 5632 laborum
2760 5593 3000 5639 suorum,
3032 5581 3101 5631 ita
3137 5580 3277 5632 enim
3327 5579 3588 5633 llcbraice
3624 5595 3715 5633 vo-

2152 5676 2305 5723 catur
2346 5668 2551 5736 oblivio,
2588 5652 2838 5738 riphraim
2866 5683 3009 5734 vero,
3054 5686 3116 5725 eo
3143 5671 3282 5729 quod
3331 5672 3545 5726 auxerit
3590 5685 3713 5725 eum
