3948 6334
216 372 319 427 637

1208 372 1552 429 ΕΟΜΜΕΝΤ.
1594 372 1661 426 IN
1701 370 2027 429 GENESIM.
2068 407 2137 417 --
2179 376 2301 431 LIB.
2346 378 2429 434 IV.

3322 380 3422 435 658

211 492 373 555 Deus,
402 506 467 546 ex
497 491 595 543 hoc
626 490 765 543 enim
809 489 1087 552 vocabulo,
1138 490 1190 543 in
1243 489 1478 555 linguam
1524 498 1759 542 nostram
1791 489 1841 546 Α
1866 496 2036 542 matre
2076 490 2347 558 compleri,
2388 506 2505 559 qua:
2543 488 2653 556 jam
2704 498 2909 542 mortua
2959 488 3149 554 fuerat,
3190 494 3326 559 quod
3357 469 3421 544 de

207 580 537 635 transfertur
573 587 920 647 augmentum.

279 669 456 739 Igitur
478 669 750 721 transactis
789 679 975 735 septem
1015 670 1163 719 annis
1210 667 1474 732 ubertatis,
1521 669 1609 738 qui
1651 666 1764 736 fue-

210 766 329 810 runt
358 758 409 809 iu
437 755 685 825 Afggpto,
719 766 973 825 coeperunt
999 751 1165 807 venire
1187 765 1372 823 septem
1400 756 1523 808 anni
1555 758 1759 819 inopiae,

204 861 337 914 quos
375 845 681 910 praedixerat
718 844 938 911 Ioseph;
980 853 1027 895 et
1077 845 1125 894 in
1170 844 1399 895 universo
1439 846 1557 896 orbe
1600 843 1762 911 fames

203 934 498 1005 pra'valuit.
531 934 592 986 In
619 944 802 986 cuncta
832 944 999 985 autem
1032 943 1166 984 terra
1197 932 1410 1000 /Egypti
1438 942 1547 985 erat
1577 932 1758 999 fames.

207 1024 329 1090 Qua
353 1027 621 1085 esuriente,
657 1024 891 1075 clamavit
926 1022 1142 1091 populus
1189 1022 1256 1075 ad
1296 1021 1621 1075 Pharaonem
1658 1023 1759 1074 ali-

204 1125 380 1167 menta
407 1125 598 1184 petens.
641 1111 836 1176 Quibus
866 1112 951 1164 ille
993 1112 1249 1180 respondit
1276 1127 1292 1164 :
1328 1111 1405 1163 Ite
1449 1111 1516 1162 ad
1545 1109 1758 1181 Ioseph,

202 1213 253 1257 et
282 1203 529 1274 quidquid
552 1202 687 1256 vobis
713 1202 917 1265 dixerit,
944 1202 1116 1269 facite.
1168 1198 1434 1253 Crescebat
1480 1210 1647 1253 autem
1676 1202 1759 1268 fa-

201 1310 312 1347 mes
340 1293 565 1363 quotidie
588 1293 639 1346 in
676 1295 811 1345 omni
850 1303 1009 1345 terra.
1063 1280 1371 1361 Aper'uitque
1414 1291 1605 1360 Ioseph
1648 1294 1762 1345 uui-

203 1401 352 1439 versa
376 1384 579 1446 horrea,
607 1393 655 1437 et
695 1382 937 1437 vendebat
967 1381 1245 1451 Egyptiis.
1282 1381 1416 1434 Nam
1453 1393 1498 1435 et
1527 1382 1643 1437 illos
1672 1398 1760 1449 ap-

200 1483 459 1541 presserat
504 1472 683 1540 fames.
732 1470 1018 1539 Omnesque
1064 1470 1336 1539 prorinc‘ice
1391 1470 1658 1524 veniebant
1709 1471 1760 1524 in

203 1561 279 1615 1E
283 1572 513 1631 gyptunt,
543 1571 597 1614 ut
622 1568 840 1614 enterent
865 1577 1032 1624 escas,
1059 1569 1103 1613 et
1134 1559 1328 1613 malum
1366 1560 1554 1629 inopia:
1579 1570 1762 1628 tempe-

204 1661 403 1704 rarent.
432 1649 626 1719 Ioseph
654 1665 680 1703 a
712 1650 928 1719 penuria
963 1649 1212 1702 frumenti
1248 1649 1417 1703 salvat
1444 1648 1755 1718 Egyptum,

202 1750 259 1795 et
287 1740 531 1795 Christus
558 1740 696 1795 fame
718 1740 861 1794 verbi
888 1741 978 1793 Dei
1012 1739 1203 1792 liberat
1233 1739 1507 1792 mundum.
1540 1738 1759 1807 Aperuit

1860 580 1972 634 sole
1997 589 2050 635 et
2078 580 2223 645 luna,
2270 597 2392 635 cum
2436 582 2673 643 vidisset,
2707 598 2733 634 a
2785 591 2931 649 putre
2982 583 3291 647 increpante
3328 600 3422 633 uu—

1861 665 2051 729 dierat,
2085 666 2173 734 qui
2202 666 2428 719 vivebat.
2462 666 2695 718 Adurunt
2737 666 2927 718 fratres
2966 663 3156 732 Ioseph
3205 667 3372 735 ipsum
3402 683 3415 729 ;

1860 764 1915 809 et
1944 755 2218 809 Christum
2260 757 2433 809 omnis
2464 765 2633 808 cattus
2674 766 2979 809 smn-torum
3013 758 3217 818 nelo'at,
3256 768 3306 810 et
3342 759 3418 809 tli-

1859 847 1984 900 vino
2010 847 2153 900 cultu
2180 848 2422 900 honorat.
2454 847 2508 898 In
2538 846 2665 901 solis
2710 856 2885 899 autem
2928 848 3137 899 nomine
3167 848 3419 915 perfectio

1860 947 2164 990 sanctorum
2200 937 2521 1006 designatur,
2563 947 2613 989 et
2671 939 2806 991 luna:
2844 938 3188 993 similitudine
3237 940 3416 993 lime-

1861 1027 1952 1079 siu‘.
2001 1026 2317 1094 exprimitur
2365 1026 2543 1080 decus.
2594 1026 2789 1081 Omnes
2832 1044 2957 1098 ergo
3029 1038 3134 1081 tam
3182 1032 3418 1082 δίειιὶυιρς.

1859 1114 2291 1183 qnamjnniores,
2325 1124 2430 1167 tam
2456 1114 2674 1182 perfecti
2701 1112 2855 1183 quam
2884 1118 3055 1172 adhuc
3092 1120 3266 1172 minus
3297 1136 3420 1187 per-

1861 1202 1981 1257 facti
2014 1203 2063 1255 in
2095 1202 2343 1261 Ecclesia.
2394 1201 2662 1255 Christum
2702 1203 2979 1256 Dominum
3020 1206 3240 1259 adorare
3280 1201 3456 1259 dele?

1860 1299 2026 1352 ctant,
2057 1292 2121 1344 tle
2141 1306 2245 1359 quo
2292 1290 2570 1345 Psalmista
2598 1293 2707 1344 ait:
2742 1292 2806 1344 Et
2848 1293 3134 1345 adorabunt
3162 1312 3277 1346 eum
3308 1312 3417 1347 om—

1860 1395 1947 1431 nes
1980 1394 2117 1448 reges
2146 1390 2313 1440 terra',
2342 1395 2515 1433 omnes
2542 1395 2711 1448 gentes
2736 1382 2951 1433 servient
2980 1382 3025 1433 ei
3049 1380 3218 1451 (Psal.
3245 1385 3413 1437 Lm).

1930 1466 2351 1532 Qui‘dixerunt:
2398 1468 2517 1522 Non
2558 1479 2629 1522 est
2658 1470 2747 1531 ita,
2774 1470 2995 1531 domine,
3043 1472 3129 1523 sed
3170 1476 3300 1524 servi
3342 1473 3416 1523 tui

1860 1569 2101 1613 venerunt
2167 1570 2221 1612 ut
2266 1570 2488 1613 emerent
2541 1560 2697 1613 cibos.
2753 1559 2941 1612 Omnes
2983 1562 3078 1628 lilii
3126 1562 3276 1622 unius
3324 1562 3418 1615 viri

1860 1663 2058 1701 sumus.
2117 1646 2332 1716 Paciﬁci
2377 1650 2636 1711 venimus,
2678 1664 2768 1700 nec
2804 1649 3082 1717 quidquam
3126 1650 3309 1716 famuli
3344 1651 3419 1702 tui

1860 1734 2223 1788 mdchinantur
2259 1735 2403 1788 mali.
2442 1735 2639 1799 Quibus
2680 1735 2764 1787 ille
2800 1736 3093 1803 respondit:
3120 1738 3280 1788 Aliter
3306 1750 3375 1789 est
3400 1756 3416 1790 .-

202 1828 351 1883 enim
385 1831 573 1883 horrea
608 1844 698 1883 sua
735 1826 979 1882 Christus
1008 1828 1060 1879 in
1091 1828 1233 1881 omni
1278 1829 1408 1881 orbe
1448 1836 1711 1881 terrarum
1744 1848 1755 1881 :
1792 1811 1835 1868 Β
1866 1826 2135 1878 immunita
2173 1836 2324 1878 terrtc
2362 1827 2518 1894 hujus
2558 1827 2883 1880 considerare
2930 1830 3151 1881 venistis.
3201 1830 3261 1881 Et
3310 1831 3415 1882 iiIi:

201 1926 260 1971 et
288 1920 598 1989 erogatione
638 1916 882 1970 frumenti
926 1917 1028 1980 sui,
1077 1918 1252 1970 omnia
1285 1916 1601 1986 subjugm'it.
1653 1918 1763 1972 Nisi

202 2006 350 2061 enim
381 2005 574 2074 Ioseph
600 2004 789 2059 fratres
817 2005 1141 2066 vcndisse'nt,
1170 1992 1433 2063 defecerat
1468 2003 1759 2074 Egyptus;

202 2098 311 2154 nisi
356 2096 630 2151 Christum
675 2093 839 2149 Iudaei
885 2094 1292 2157 crueifixissent,
1341 2097 1573 2163 perierat
1616 2111 1766 2148 mun-

202 2187 323 2242 dus.
365 2180 558 2255 Ioseph
599 2186 760 2255 igitur
805 2186 1187 2252 interpretatur
1228 2185 1598 2253 augmentalia,
1652 2186 1765 2239 sive

200 2276 492 2344 ampliatio.
528 2273 630 2329 Sed
666 2276 718 2329 in
759 2274 846 2328 illo
878 2272 1072 2342 Ioseph
1108 2274 1504 2343 amplia’tionem
1540 2276 1765 2329 non'ba-

200 2368 341 2429 butt,
379 2367 479 2420 nisi
526 2366 634 2420 sola
691 2364 983 2436 Egyplus:
1046 2365 1096 2418 in
1141 2373 1322 2419 nostro
1356 2380 1485 2419 vero
1544 2364 1761 2433 Ioseph,

202 2466 549 2528 augmentum
603 2456 797 2509 habere
831 2455 1029 2509 meruit
1070 2455 1347 2509 universus
1395 2455 1643 2509 mundus.
1675 2455 1765 2510 ille

202 2546 449 2615 erogavit
481 2545 732 2609 tritieum,
781 2552 963 2599 noster
1006 2545 1243 2613 erogavit
1281 2544 1383 2598 Dei
1412 2546 1652 2599 verbum.
1698 2544 1765 2598 In

202 2655 407 2691 omnem
433 2639 565 2691 enim
593 2646 781 2691 terram
806 2636 958 2689 exivit
985 2648 1143 2689 sonus
1171 2642 1343 2687 eorum
1381 2633 1552 2704 (Psal.
1580 2632 1758 2694 xvm).

806 2758 1027 2821 CAPUT
1066 2765 1149 2819 Vl.

212 2880 285 2935 De
314 2898 372 2951 eo
393 2880 528 2951 quod
550 2878 713 2951 Iacob
741 2888 961 2951 tempore
998 2878 1149 2951 famis
1193 2876 1329 2928 misit
1368 2874 1505 2951 ﬁlios
1550 2874 1762 2951 suos.i_n

277 2944 563 3019 (Egyptian
600 2950 676 3019 ad
722 2944 1291 3019 entendum__t'riticun_t_.'
1335 2944 1519 3015 quibus
1574 2944 1762 3019 agnitis

274 3012 461 3084 Ioseph
493 3016 841 3087 exploratores
862 3013 1162 3087 appellavit,
1194 3015 1281 3087 sed
1311 3012 1481 3067 tamen
1505 3029 1620 3066 cum
1648 3012 1762 3081 fru-

274 3098 447 3141 rnento
471 3097 516 3139 et
541 3084 703 3156 pretio
730 3101 814 3138 eos
838 3084 1044 3137 domum
1082 3084 1291 3136 remisit.

276 3196 435 3268 (CAP.
466 3194 618 3265 xui.)
648 3194 873 3247 Audiens
913 3192 1095 3253 Iacob,
1133 3192 1269 3261 quod
1304 3191 1546 3245 alimenta
1586 3190 1765 3244 vende-

210 3294 391 3349 rentur
414 3286 465 3338 in
493 3284 739 3354 /Egypto,
767 3282 897 3336 dixit
922 3280 1046 3349 ﬁliis
1075 3282 1181 3335 suis
1204 3301 1218 3335 .'
1251 3278 1423 3345 Quare
1462 3280 1717 3350 negligitis
1744 3281 1767 3333 ?

207 3373 397 3429 Audivi
419 3376 553 3445 quod
578 3374 806 3426 triticum
832 3382 957 3425 venu
986 3372 1148 3424 detur
1172 3372 1225 3424 in
1267 3368 1517 3440 15mm.
1542 3371 1767 3423 Descen-

206 3456 313 3522 ἄξιε
339 3475 387 3520 et
411 3467 557 3519 emite
583 3462 724 3518 nobis
762 3462 1071 3524 necessaria,
1114 3470 1169 3515 at
1210 3464 1464 3532 possimus
1501 3463 1690 3523 vivere,
1718 3469 1765 3513 et

210 3575 313 3612 non
340 3564 705 3611 consuntamur
727 3554 920 3623 inopia.
971 3553 1111 3607 Dixit
1141 3551 1302 3607 Iacob
1320 3550 1451 3605 “ﬁliis
1480 3552 1592 3606 suis
1622 3568 1633 3604 :
1671 3551 1767 3605 Est

210 3645 535 3701 fi‘umentum
582 3646 635 3697 in
677 3642 939 3713 Egypto;
984 3642 1113 3696 dicit
1160 3640 1299 3695 Deus
1346 3646 1398 3694 et
1444 3640 1643 3694 Pater:
1687 3639 1767 3693 Ea:

212 3726 438 3803 1Egypto
482 3733 654 3786 vocavi
688 3730 881 3801 Filium
908 3724 1075 3783 meum
1115 3730 1259 3799 (θεέ.
1304 3730 1399 3799 x1).
1431 3716 1766 3783 Descendunt

211 3824 369 3893 igitur
393 3823 572 3876 decem
617 3822 995 3890 provectior-es,
1043 3818 1093 3872 id
1138 3826 1240 3881 est,
1283 3816 1447 3871 Iudmi
1478 3818 1627 3886 quasi
1668 3818 1766 3871 sub

210 3912 460 3981 decalogo
503 3912 633 3981 legis
676 3918 729 3963 et
771 3924 993 3981 numero
1022 3907 1315 3970 constituti,
1360 3920 1495 3974 quos
1540 3906 1650 3973 ipse
1677 3919 1767 3959 co-

212 4017 493 4071 gnoseens,
539 4016 645 4054 non
687 4007 768 4053 est
811 3999 1022 4068 agnitus
1050 3999 1116 4051 ab
1148 3998 1244 4052 eis.
1284 3996 1690 4066 COgnoscuntur
1713 4005 1767 4050 et

211 4092 477 4147 Hebraﬁ'a
510 4090 742 4144 Christo.
777 4088 877 4159 lpsi
928 4097 1100 4141 autem
1133 4100 1235 4141 non
1265 4094 1587 4157 cognoscunt
1616 4102 1759 4139 eum.

278 4180 657 4235 Descenderunt
698 4180 855 4248 igitur
882 4178 1072 4247 fratres
1108 4177 1294 4245 Ioseph
1327 4176 1521 4240 decem,
1550 4185 1604 4228 ut
1630 4192 1765 4227 eme-

210 4280 323 4325 rent
351 4270 609 4339 frumenta
646 4270 700 4322 in
747 4266 1049 4336 zEgyp'tum,
1094 4264 1364 4334 Benjainin
1408 4266 1546 4317 domi
1574 4274 1763 4317 retento

208 4379 240 4416 α
279 4360 465 4419 Iacob,
508 4360 596 4429 qui
638 4358 835 4410 dixerat
866 4357 1123 4425 fratribus.
1153 4357 1306 4425 ejus:
1349 4356 1427 4409 Ne
1454 4357 1585 4423 forte
1610 4357 1661 4409 in
1688 4357 1764 4409 iti.

208 4467 330 4503 nere
366 4448 642 4518 quidquam
692 4446 919 4514 poliatur
961 4444 1105 4497 ntali.
1155 4444 1383 4515 Ingressi
1432 4456 1547 4498 sunt
1592 4456 1761 4497 autem
1788 4469 1837 4527 ι)

208 4549 407 4596 terrain
428 4539 639 4607 .ﬂgypti
662 4552 778 4591 cum
809 4536 926 4589 aliis
952 4537 1038 4605 qui
1073 4536 1343 4606 pergebant
1374 4537 1441 4589 ad
1467 4536 1754 4589 emendum.

208 4628 341 4686 Erat
367 4639 536 4682 autem
560 4628 720 4696 fames
745 4628 796 4678 in
820 4637 955 4679 terra
993 4625 1264 4690 Chanaan,
1303 4635 1351 4679 et
1392 4624 1581 4694 Ioseph
1619 4625 1761 4692 priu—

203 4735 324 4787 reps
361 4717 592 4786 IEgypti,
622 4726 771 4785 atque
797 4715 865 4766 ad
892 4714 1033 4767 illius
1064 4724 1242 4766 nutum
1270 4714 1526 4781 frumenta
1560 4712 1759 4781 populis

206 4807 573 4863 vendebantur.
612 4805 840 4874 Cumque
883 4804 1179 4856 adorasseut
1225 4819 1338 4856 eum
1373 4808 1562 4875 fratres
1587 4802 1686 4865 sui,
1711 4811 1759 4855 et
1796 4852 1817 4859 -

205 4898 494 4968 agnovisset
518 4912 625 4959 eos,
669 4894 818 4964 quasi
864 4893 931 4946 ad
980 4891 1173 4945 alienos
1211 4893 1389 4946 durius
1432 4892 1756 4962 loquebatur,

204 4987 525 5051 interrogans
556 4996 573 5032 :
624 4980 769 5034 Unde
807 4979 1054 5033 venistis?
1098 4978 1197 5043 Qui
1249 4978 1610 5047 responderunt
1639 4992 1656 5028 :
1683 4978 1759 5031 De

205 5082 347 5125 terra
373 5071 637 5133 Chanaan,
663 5080 714 5122 ut
744 5085 972 5125 emamus
997 5068 1151 5121 victui
1181 5067 1494 5129 necessaria,
1518 5076 1563 5120 et
1585 5076 1756 5120 tamen

205 5160 396 5230 fratres
418 5160 522 5228 ipse
544 5175 867 5227 cognoscens,
898 5175 1000 5210 non
1026 5166 1097 5210 est
1124 5156 1325 5225 agnitus
1353 5156 1417 5208 ab
1444 5158 1536 5208 eis.
1569 5154 1755 5208 Recor-

206 5242 459 5317 datusque
501 5247 811 5299 somniorum
848 5250 975 5314 qua:
1020 5244 1298 5314 aliquando
1348 5244 1565 5307 viderat,
1615 5244 1686 5296 ait
1732 5256 1752 5293 :

212 5333 575 5401 E.rp.’oratores
608 5336 750 5397 estis,
788 5343 842 5385 ut
882 5334 1099 5386 videatis
1141 5332 1429 5399 inﬁrmiora
1475 5342 1625 5385 terra:
1670 5348 1751 5385 ve-

209 5422 375 5474 nistis.
406 5422 582 5492 (.lug.)
610 5422 673 5475 Et
701 5431 1023 5475 memoratus
1045 5419 1237 5491 Ioseph
1267 5422 1592 5475 somniorum
1624 5436 1751 5474 suo-

208 5525 327 5564 rnm
356 5525 472 5578 qua:
497 5512 629 5565 vidit
660 5514 791 5581 ipse,
818 5514 1169 5566 adoraverant
1204 5510 1343 5564 enim
1388 5525 1509 5564 eum
1559 5509 1752 5563 fratres

207 5600 322 5666 sui,
352 5600 443 5654 sed
479 5600 676 5669 aliquid
705 5602 757 5655 in
798 5601 899 5655 illis
926 5602 1144 5655 somniis
1172 5600 1432 5655 excelsius
1480 5598 1751 5667 inquiren-

211 5685 333 5747 dum
359 5700 459 5747 est.
507 5690 621 5747 Non
645 5691 784 5747 enim
821 5698 992 5764 potest
1018 5705 1080 5745 co
1108 5690 1263 5745 modo
1290 5690 1351 5744 de
1382 5695 1528 5759 patre
1551 5686 1663 5755 cius
1688 5702 1748 5740 ac

1867 1912 2070 1974 Decem,
2116 1914 2376 1981 inquiunt,
2417 1917 2550 1967 servi
2592 1917 2666 1967 tui
2707 1915 2892 1983 fratres
2938 1932 3143 1977 sumus,
3184 1918 3279 1980 ﬁlii
3323 1920 3418 1971 viri

1865 2002 2017 2054 unius
2058 2002 2116 2052 in
2154 2010 2290 2054 terra
2323 2002 2594 2055 Chanaan.
2642 2002 2887 2057 Minimus
2922 2020 3035 2057 cum
3066 2016 3209 2073 patre
3246 2019 3419 2061 nostra

1863 2100 1954 2143 est.
2002 2089 2149 2145 Alius
2194 2106 2293 2143 non
2330 2102 2405 2143 est
2448 2108 2619 2159 super.
2663 2092 2774 2147 Hoc
2816 2105 2907 2157 est,
2945 2097 3017 2149 ait
3053 2099 3191 2165 quod
3217 2102 3418 2155 locutus

1862 2197 1975 2235 sum
2018 2192 2039 2235 ξ
2070 2181 2437 2250 Exploratores
2488 2188 2627 2239 estis.
2670 2186 2792 2240 Iam
2839 2206 2971 2243 nunc
3019 2192 3417 2259 experimentum

1863 2274 2011 2326 vestri
2034 2273 2232 2342 capiam
2249 2290 2267 2335 ;
2287 2288 2376 2341 per
2398 2273 2613 2329 salutem
2633 2274 2942 2343 Pharaonis,
2969 2297 3067 2333 non
3092 2283 3419 2350 egredietnini

1862 2364 1979 2417 [sine
2016 2364 2175 2416 donec
2213 2365 2377 2417 veniat
2418 2366 2579 2432 frater
2620 2379 2779 2421 vester
2815 2371 3076 2432 minimus,
3125 2382 3227 2427 etc.
3283 2374 3417 2439 Quid

1863 2462 1946 2507 est
1976 2453 2114 2521 quod
2141 2452 2334 2523 Ioseph
2370 2454 2449 2507 vir
2488 2462 2592 2509 tam
2624 2458 2857 2526 sapiens,
2887 2468 3041 2527 atque
3081 2463 3148 2514 ita
3190 2477 3291 2514 non
3329 2479 3415 2517 so-

1867 2541 1972 2595 lum
2013 2544 2152 2597 inter
2183 2544 2446 2608 homines,
2488 2545 2580 2598 sed
2624 2546 2733 2615 ipsa
2771 2548 3043 2616 Scriptura
3078 2552 3237 2603 etiam
3285 2561 3420 2607 teste

1862 2631 2121 2695 laudatus,
2161 2634 2232 2687 ita
2263 2632 2409 2701 jurut
2442 2649 2536 2703 per
2572 2636 2793 2689 salutem
2848 2636 3137 2692 Pharaonis
3187 2657 3288 2695 non
3331 2658 3419 2696 ex-

1864 2723 2031 2777 ituros
2068 2721 2133 2775 de
2154 2722 2385 2792 Egypto
2414 2725 2604 2779 fratres
2624 2740 2767 2788 suos,
2796 2718 2895 2780 nisi
2927 2727 3090 2782 frater
3113 2745 3296 2783 eorum
3333 2732 3421 2799 ju-
3446 2736 3447 2739 “

1865 2811 1983 2864 niur
2006 2811 2246 2865 veniret?
2273 2812 2350 2865 An
2384 2814 2544 2866 etiam
2584 2814 2721 2869 bono
2750 2824 2802 2869 et
2830 2816 2965 2870 fldeli
2996 2818 3114 2872 vilis
3143 2830 3257 2873 erat
3283 2822 3417 2874 Pha-

1865 2902 2042 2955 raonis
2084 2901 2245 2966 salus,
2273 2903 2356 2955 cui
2402 2902 2556 2956 fidem
2596 2905 2733 2958 sicut
2776 2908 3022 2975 primitus
3064 2908 3279 2964 domino
3321 2928 3417 2965 suo

1865 2993 2112 3047 servabat
2160 2995 2211 3047 in
2248 2994 2533 3049 omnibus?
2566 2995 2776 3061 Quanto
2822 3000 2991 3067 magis
3028 3000 3172 3053 enim
3206 3001 3301 3069 ipsi
3328 3004 3417 3069 qui

1863 3099 1983 3138 eum
2022 3085 2075 3137 in
2116 3093 2262 3139 tanto
2286 3085 2488 3139 honore
2525 3086 2811 3151 locaverat,
2852 3089 2894 3141 sl
2934 3089 3005 3142 illi
3047 3092 3292 3145 εθτνςιῒηιι
3326 3094 3416 3160 qui

1869 3191 1986 3229 eum
2017 3190 2227 3229 servum
2248 3178 2544 3251 emptitinm
2577 3178 2910 3245 possidebat?
2935 3178 3081 3244 Quod
3111 3180 3156 3232 si
3186 3196 3288 3234 non
3322 3197 3417 3234 cu-

1868 3266 2020 3319 rabat
2044 3265 2338 3319 Pharaonis
2365 3264 2612 3328 salutem,
2642 3267 2879 3333 nunquid
2919 3276 2969 3319 et
2997 3262 3290 3336 'pcrjnrium
3320 3286 3417 3339 pro

1864 3352 2143 3421 Cujuslibet
2189 3353 2417 3407 hominis
2472 3354 2642 3408 salute
2696 3356 2863 3408 vitare
2926 3371 3029 3409 non
3076 3358 3293 3411 debuit?
3334 3361 3416 3413 An

1864 3457 1970 3495 non
1997 3450 2077 3497 est
2100 3440 2425 3511 periurium?
2448 3443 2637 3497 Tenuit
2662 3444 2802 3497 enim
2830 3460 2990 3497 unum
3020 3460 3221 3507 eorum.
3249 3448 3417 3504 donec

1864 3530 2069 3584 veniret
2093 3530 2386 3597 Beniamin,
2411 3540 2465 3584 et
2490 3546 2668 3584 verum
2696 3530 2891 3585 factum
2914 3542 2993 3587 est
3021 3536 3159 3601 quod
3184 3536 3412 3590 dixerat.

1865 3620 1980 3675 Non
2026 3622 2239 3676 exibitis
2280 3623 2423 3686 hinc,
2464 3623 2631 3676 donec
2666 3624 2845 3677 veniat
2883 3624 3048 3679 frater
3093 3636 3283 3681 vester.
3334 3629 3414 3683 Ad

1864 3728 2047 3766 omnes
2074 3712 2213 3766 enim
2248 3713 2417 3781 potuit
2446 3716 2715 3781 pertinere
2751 3716 2889 3783 quo-l
2922 3717 3118 3769 dictmn
3148 3727 3246 3771 est.
3281 3718 3412 3773 Nam

1866 3804 2129 3873 quomodo
2167 3812 2219 3857 et
2261 3803 2347 3857 ille
2374 3811 2627 3857 venturus
2655 3812 2815 3866 esset,
2854 3805 2950 3857 nisi
2992 3806 3055 3859 ad
3094 3821 3213 3859 cum
3250 3810 3413 3861 addu—

1864 3894 2086 3949 cendum
2130 3892 2289 3960 aliqui
2332 3892 2627 3945 redissent?
2670 3891 2774 3945 Sed
2798 3893 2937 3962 quod
2970 3894 3207 3961 sequitur
3246 3897 3411 3965 magis

1864 3992 2014 4053 urget
2050 3982 2413 4051 qnzcstionem,
2446 3982 2535 4034 ubi
2566 3982 2752 4035 iterum
2776 3981 2977 4050 juravit
2998 3983 3207 4037 dicens:

1931 4070 2119 4124 Mittite
2160 4087 2222 4122 ex
2259 4070 2397 4123 vobis
2459 4085 2615 4122 unum
2641 4110 2657 4133 ,
2710 4080 2755 4123 et
2796 4071 3036 4125 adducite
3073 4072 3283 4141 fratrem
3324 4091 3408 4127 ve—

1860 4168 2054 4221 strum,
2098 4174 2184 4210 vos
2225 4167 2392 4211 autem
2439 4158 2728 4221 vincintini,
2773 4160 3101 4230 quoadusque
3138 4162 3409 4229 manifesta

1860 4247 1961 4300 sint
1995 4245 2140 4299 verba
2178 4254 2360 4307 vestra,
2392 4246 2437 4298 si
2472 4261 2588 4298 vera
2624 4246 2793 4299 dicitis
2831 4266 2896 4301 an
2928 4266 3048 4301 non.
3092 4248 3186 4303 Sin
3215 4260 3405 4315 autent,

1860 4352 1950 4404 per
1983 4333 2198 4388 salutem
2222 4332 2535 4397 Pharaonis,
2579 4334 2923 4403 exploratores
2961 4339 3101 4399 estis,
3137 4339 3186 4392 id
3225 4348 3324 4403 est,
3362 4341 3405 4393 si

1865 4441 1968 4479 non
1996 4440 2121 4478 vera
2148 4424 2341 4487 dicitis,
2370 4426 2733 4493 exploratores
2773 4428 2928 4491 estis;
2972 4428 3091 4481 huic
3133 4432 3406 4485 sententia:

1861 4514 2176 4583 interposuit
2202 4513 2545 4582 jurationem,
2587 4516 2709 4583 quia
2746 4516 2789 4569 si
2826 4532 2946 4569 vera
2989 4532 3091 4570 non
3124 4518 3403 4583 dixissent,

1859 4602 2219 4670 exploratores
2256 4610 2455 4666 essent,
2495 4602 2614 4656 ideo
2656 4602 3045 4670 exploratorum
3077 4618 3231 4673 poena
3262 4606 3403 4675 digni

1857 4700 2053 4745 essent.
2083 4690 2225 4757 Quos
2255 4700 2429 4745 tamen
2455 4706 2577 4745 vera
2608 4692 2784 4745 dicere
2809 4693 3036 4756 sciebat;
3068 4709 3237 4762 neque
3264 4697 3402 4751 enim

1858 4778 2102 4847 perjurus
2138 4788 2218 4833 est
2253 4781 2498 4848 quisque,
2536 4782 2579 4834 si
2610 4782 2659 4835 ei
2687 4796 2842 4849 quem
2873 4783 3222 4837 castissimum
3260 4788 3403 4840 novit

1858 4874 1999 4927 dicat
2028 4890 2039 4923 :
2075 4872 2129 4925 Si
2161 4873 2259 4925 hoc
2288 4872 2602 4925 adulterium
2632 4872 2697 4925 de
2732 4888 2836 4940 quo
2864 4875 3099 4942 argueris
3133 4878 3402 4930 commisi-

1858 4961 1944 5023 sli,
1974 4960 2189 5013 damnat
2220 4969 2268 5013 te
2295 4960 2452 5023 Deus,
2482 4968 2535 5012 et
2572 4959 2654 5013 bis
2688 4960 2863 5013 verbis
2901 4961 3141 5015 adhibuit
3178 4961 3401 5030 juratioo

1856 5064 1997 5110 nem,
2049 5065 2230 5102 venum
2268 5049 2483 5102 omnino
2517 5047 2680 5115 jurat.
2732 5048 2804 5101 lbi
2845 5052 2983 5103 enim
3028 5060 3107 5104 est
3144 5052 3396 5117 conditio,

1854 5141 1975 5207 quia
2000 5138 2151 5201 dixit,
2180 5138 2223 5190 si
2253 5137 2444 5199 fecisti,
2470 5152 2625 5205 quem
2651 5144 2825 5190 tamen
2852 5152 2953 5191 non
2982 5137 3168 5193 fecisse
3195 5150 3398 5194 certum

1855 5229 2032 5282 habet.
2063 5226 2166 5280 Sed
2190 5226 2263 5279 ait
2288 5227 2477 5294 aliquis
2504 5244 2515 5277 :
2544 5226 2737 5279 Verum
2759 5236 2859 5290 est,
2884 5228 3005 5295 quia
3033 5229 3077 5281 si
3102 5228 3224 5283 fecit
3253 5231 3397 5284 adu].

1855 5321 2066 5381 terium,
2114 5317 2327 5370 damnat
2376 5315 2519 5369 illum
2549 5316 2705 5369 Deus.
2756 5315 2864 5370 lloc
2910 5325 3083 5371 autem
3136 5320 3395 5386 quomodo

1854 5426 2034 5464 verum
2058 5416 2139 5463 est
2158 5448 2171 5471 ,
2204 5408 2248 5461 si
2289 5422 2392 5460 non
2422 5421 2603 5459 verum
2632 5406 2824 5469 dicitis,
2857 5408 3218 5477 exploratores
3242 5410 3394 5474 estis,

1854 5513 1973 5551 cum
2019 5498 2179 5551 etiam
2222 5496 2265 5548 si
2313 5494 2658 5557 mentiantur,
2702 5509 2805 5547 non
2845 5505 2969 5549 sunt
3003 5497 3394 5565 exploratoms?

1854 5586 1957 5639 Sed
1984 5586 2083 5638 hoc
2104 5569 2183 5636 est
2206 5581 2347 5651 quod
2373 5582 2526 5643 dixit,
2552 5581 2619 5633 ita
2645 5582 2842 5635 dictum
2866 5597 3000 5636 esse.
3027 5584 3391 5652 Exploratores

1850 5693 1895 5730 e;
1914 5677 1995 5737 tis,
2035 5683 2284 5742 tanquam
2323 5670 2364 5723 si
2394 5669 2588 5723 dictum
2628 5680 2787 5733 esset,
2819 5672 3208 5741 exploratorum
3234 5686 3393 5743 pmna
