3948 6374
483 308 588 369 ϋῖῑζ)

1148 305 1205 357 Β.
1245 300 1504 358 llABA‘NI'
1532 302 1751 359 MAURI
1784 302 2097 371 ARCHHIP.
2142 300 2444 357 MOGUNT.
2486 295 2766 352 OPERUM
2807 291 2981 347 PARS
3019 292 3059 347 1.

3588 282 3698 340 alii

478 417 619 485 digni
656 416 811 479 estis,
836 425 939 472 hoe
968 427 1050 471 est
1083 416 1447 484 exploratores
1474 416 1801 485 deputamini
1840 408 2030 469 merito
2063 424 2098 471 Α
2132 425 2268 466 terra
2308 411 2377 465 ad
2415 417 2572 480 quam
2612 406 2842 477 pergitis,
2885 405 3143 457 deducctis
3191 419 3366 471 canos.
3391 417 3529 455 ποιοί
3574 416 3696 453 ιω

480 506 734 559 mendacii
771 506 954 559 vestri.
987 504 1126 559 Estis
1154 506 1599 574 autempotuisse
1627 504 1731 560 diei
1758 517 1856 572 pro
1883 502 2037 555 habe-

477 596 605 647 mihi
631 592 1109 662 etdep‘utabimini,
1152 594 1445 647 innumera:
1489 592 1689 651 similes
1744 590 2036 644 locutiones

477 683 690 737 docent.
725 680 876 738 Unde
906 690 987 735 est
1016 681 1100 735 illa
1127 682 1255 735 Elia:
1282 698 1295 733 :
1327 681 1428 745 Qui
1449 696 1645 748 cunque
1665 678 1951 731 exaudierit
1983 677 2037 730 in

442 835 448 842 ι
477 774 611 839 igne.
635 782 682 824 et
704 773 815 840 ipse
828 772 925 824 erit
953 771 1085 824 Deus
1107 770 1223 840 (III
1248 770 1367 838 Reg.
1393 767 1565 838 xvm).
1598 767 1710 821 Non
1745 765 1887 819 enim
1913 774 2035 817 tunc

477 861 599 918 erit.
631 860 874 915 sed‘tu‘nc
896 861 1193 913 habebitur.
1249 913 1252 917 ,
1422 847 1424 850 ’
1502 901 1505 904 ‹

548 946 615 1002 Et
639 948 795 1002 locuti
817 957 934 1001 sunt
957 949 1023 999 ad
1044 947 1289 1021 inuicem:
1316 946 1500 1000 Hsrito
1520 946 1629 999 htcc
1649 945 1892 1013 patimur,
1913 940 2034 1010 quia

477 1036 797 1107 peccavimus
839 1035 893 1087 in
935 1034 1149 1102 fratrem
1190 1043 1439 1098 nostrum,
1483 1034 1708 1088 videntes
1746 1029 2032 1101 angustiam

402 1150 407 1155 ⁴
479 1130 671 1178 anima:
696 1126 829 1193 ejus,
845 1124 973 1177 dum
996 1124 1357 1191 deprecaretur
1381 1141 1494 1187 nos,
1518 1134 1565 1178 et
1598 1141 1700 1176 non
1725 1122 2033 1175 audivimus.

481 1213 686 1266 Idcirco
710 1212 836 1266 venit
863 1228 1017 1281 super
1037 1229 1127 1265 nos
1161 1213 1257 1265 ista
1279 1213 1560 1276 tribulatio.
1604 1211 1672 1265 Et
1690 1211 1875 1281 quibus
1902 1225 2032 1261 unus

480 1302 661 1355 Ruben
681 1303 754 1355 ait
776 1321 794 1358 :
821 1299 1072 1372 Nunquid
1096 1318 1201 1374 non
1216 1302 1325 1359 dixi
1349 1302 1524 1355 vobis:
1552 1299 1728 1355 Nolite
1746 1314 1957 1368 peccare
1981 1297 2035 1350 in

478 1409 718 1463 puerum,
757 1402 805 1446 et
843 1409 959 1446 non.
979 1392 1197 1445 audistis
1220 1391 1337 1444 me?
1369 1388 1446 1443 En
1474 1389 1684 1460 sanguis
1710 1387 1823 1456 ejus
1848 1384 2032 1464 exqui—

424 1516 428 1520 -
478 1483 629 1560 ritur.
669 1482 977 1536 Nesciebant
1017 1492 1185 1535 autem
1228 1480 1365 1551 quod
1404 1477 1703 1549 intelligeret
1727 1475 1943 1545 Ioseph,
1976 1490 2034 1555 ςο

475 1572 612 1643 quod
636 1589 727 1642 per
746 1574 1065 1641 interpretem
1086 1569 1387 1640 loquebatur
1405 1569 1473 1622 ad
1495 1583 1601 1646 eos.
1624 1564 1760 1632 Quid
1788 1574 1869 1619 est
1894 1564 2035 1644 quod

478 1677 600 1716 eum
642 1662 780 1715 intra
816 1675 875 1716 se
910 1661 1229 1729 pmnitentes
1264 1659 1356 1713 ﬁlii
1394 1658 1553 1713 Israel
1590 1657 1932 1728 loquerentur
1968 1658 2033 1709 de

2136 502 2313 556 dolore
2337 501 2405 554 ad
2430 499 2642 569 inferos.
2684 496 2949 563 Qumritur
2972 503 3154 549 utrum
3187 494 3310 549 ideo
3326 493 3394 546 sd
3423 490 3689 546 inlex-smn

2134 591 2259 660 quia
2290 604 2409 644 cum
2436 588 2672 651 tristitia,
2703 600 2770 639 sn
2800 584 2961 638 etiam
2990 581 3035 637 si
3065 584 3280 638 abesset
3308 578 3559 647 tristitia,
3578 588 3695 635 tan-

2136 693 2293 748 quam
2341 678 2407 731 sd
2453 675 2720 731 infernum
2768 672 3044 727 moriendo
3087 673 3444 727 descensurus
3472 672 3591 726 hac
3618 669 3696 723 lo—

2135 767 2331 835 quitur.
2364 764 2438 818 De
2462 761 2674 817 inferno
2699 761 2841 816 enim
2866 775 3061 831 magna
3092 758 3323 829 quaestio
3341 769 3443 826 est,
3470 769 3527 815 et
3563 759 3695 829 quid

2136 857 2260 915 inde
2289 848 2565 923 Scriptura
2606 852 2820 915 sentiat,
2853 852 2984 906 locis
3020 851 3270 922 omnibus
3296 852 3387 905 ubi
3427 851 3570 906 forte
3592 850 3698 905 hoc

2134 949 2609 998 commemoratum
2638 940 2814 1006 fuerit,
2842 940 3229 995 observandum
3257 947 3359 993 est.

2725 1051 2948 1106 CAPUT
2984 1051 3087 1106 VII.

2135 1142 2213 1198 De
2254 1144 2476 1196 secundo
2520 1142 2747 1210 transitu
2792 1140 3013 1210 fratrum
3050 1140 3241 1209 Ioseph
3288 1140 3342 1193 in
3383 1139 3696 1210 tEgyptum,

2306 1209 2460 1265 simul
2480 1227 2595 1263 cum
2611 1209 2903 1288 Beniamin,
2920 1218 2970 1261 et
2989 1211 3295 1263 tentationcs
3318 1226 3516 1263 eorum.

2206 1303 2354 1371 (Car.
2385 1301 2558 1370 mu.)
2587 1300 2756 1371 Igitur
2776 1298 2942 1353 Israel
2960 1308 3107 1368 pater
3125 1316 3302 1352 eorum
3324 1299 3457 1352 dixit
3483 1299 3555 1352 ad
3575 1316 3664 1352 eos
3680 1316 3699 1352 :

2135 1394 2191 1449 Si
2217 1394 2290 1447 sic
2312 1408 2512 1446 necesse
2531 1400 2623 1453 est,
2650 1390 2802 1460 facite
2823 1388 2959 1460 quod
2981 1386 3151 1441 uultis.
3178 1386 3379 1441 Sumite
3399 1387 3464 1440 de
3486 1389 3699 1456 optimis

2134 1496 2285 1540 terra'
2309 1484 2542 1554 frugibus
2566 1483 2621 1536 in
2642 1482 2774 1536 vasis
2797 1472 2995 1540 vestris.
3022 1489 3070 1533 et
3095 1478 3289 1550 deferte
3317 1479 3425 1533 viro
3445 1492 3699 1535 munera:

2134 1576 2397 1649 modicum
2424 1574 2625 1637 resina,
2664 1581 2713 1625 et
2746 1569 2929 1635 mellis,
2962 1579 3009 1623 et
3042 1569 3291 1634 storacis,
3329 1577 3376 1621 et
3412 1577 3624 1631 stactes,
3654 1579 3700 1620 et

2135 1664 2423 1728 terebinthi,
2456 1672 2504 1716 et
2528 1658 2920 1731 amygdalarum
2944 1672 2963 1709 :
2981 1659 3255 1728 pecuniam
3278 1673 3478 1727 quoque
3525 1656 3703 1727 dupli-

478 1748 644 1804 fratre
684 1764 783 1804 suo
814 1748 1039 1820 Joseph,
1078 1750 1217 1819 quod
1256 1765 1378 1804 cum
1416 1749 1508 1803 illo
1546 1744 1684 1803 male
1719 1748 1947 1831 egerint,
1983 1744 2038 1800 et
2065 1736 2109 1793 Β
2139 1772 2246 1811 cem
2269 1755 2396 1825 ferte
2416 1753 2671 1808 vobiscum
2693 1761 2740 1805 et
2765 1750 2909 1804 illam
2928 1767 3083 1820 quam
3113 1750 3375 1803 invenistis
3395 1749 3450 1802 in
3473 1748 3702 1802 sacculis

478 1840 579 1894 hoc
607 1840 686 1896 eis
713 1840 894 1895 divino
926 1840 1129 1907 judicio
1168 1840 1500 1903 redderetur,
1533 1837 1675 1908 quod
1725 1852 1783 1891 se
1818 1836 2032 1905 pericli-

480 1929 581 1983 tari
610 1928 883 1994 videbant,
910 1928 1152 1999 adiungit
1186 1927 1459 1996 Scriptura
1488 1935 1540 1981 et
1568 1926 1729 1981 dicit:
1753 1925 1855 1995 Ipsi
1885 1925 2035 1994 igno-

478 2019 669 2076 rabant
703 2019 829 2087 quia
867 2018 1115 2097 audiebat
1153 2018 1368 2088 Ioseph,
1402 2018 1676 2086 interpres
1714 2017 1857 2071 enim
1897 2018 2038 2071 inter

482 2110 601 2163 illos
644 2118 783 2164 erat.
830 2109 944 2186 [loc
987 2108 1193 2163 scilicet
1243 2107 1637 2179 intelligendum
1680 2115 1761 2161 est
1795 2106 1913 2161 ideo
1945 2121 2036 2161 eos

480 2208 698 2269 putasse
721 2198 846 2267 quia
890 2197 979 2258 ille
1022 2197 1387 2260 nonaudirct,
1418 2196 1559 2264 quod
1588 2195 1838 2249 videbant
1880 2195 2041 2249 inter-

480 2296 708 2359 pretem,
742 2289 833 2358 qui
872 2288 1013 2343 inter
1054 2287 1172 2343 illos
1212 2297 1350 2351 erat,
1381 2286 1512 2340 nihil
1551 2286 1599 2339 ei
1635 2286 1813 2341 dicere
1853 2300 2039 2340 eorum

480 2393 600 2447 qua:
629 2378 1001 2447 loquebantur.
1036 2376 1145 2434 Nec
1176 2378 1246 2432 ob
1282 2375 1425 2429 aliud
1457 2375 1749 2429 adhibitum
1780 2373 2042 2444 putabant

483 2468 848 2537 interpretem,
896 2466 997 2519 nisi
1024 2466 1164 2535 quod
1192 2480 1375 2519 eorum
1403 2465 1635 2533 linguam
1659 2463 1757 2519 ille
1786 2464 2039 2527 nesciret,

485 2573 583 2612 nec
609 2572 736 2612 cura
764 2565 880 2612 erat
904 2556 1211 2626 interpretis
1234 2570 1293 2609 ea
1325 2555 1505 2610 dicere
1540 2554 1614 2609 illi
1652 2570 1681 2609 a
1706 2571 1812 2623 quo
1837 2537 2043 2625 positus

489 2647 683 2712 fuerat,
710 2661 827 2715 quae
857 2662 963 2700 non
1004 2646 1071 2700 ad
1101 2644 1266 2708 illum,
1296 2626 1389 2699 sed
1420 2644 1560 2698 inter
1584 2659 1642 2698 se
1669 2643 2040 2712 loquebantur.

550 2738 615 2791 Et
632 2753 858 2809 reversus
873 2734 1075 2789 locutus
1094 2745 1167 2790 est
1182 2734 1249 2813 ad
1263 2734 1397 2787 illos.
1416 2732 1717 2804 Tollensque
1732 2731 2043 2798 Simeonem,

485 2839 530 2883 ct
555 2826 722 2897 ligans
755 2825 857 2903 illis
876 2824 1231 2895 prasentibus,
1253 2824 1413 2894 jussit
1434 2823 1681 2877 ministris
1704 2832 1758 2875 ut
1779 2821 2045 2888 implerent

488 2934 666 2972 saccos
699 2930 876 2971 eorum
899 2916 1071 2969 tritico
1091 2956 1104 2981 ,
1129 2924 1177 2968 et
1200 2924 1493 2985 reponerent
1534 2913 1776 2984 pecunias
1811 2910 2047 2981 singulo-

483 3023 602 3060 rum
633 3005 686 3058 in
723 3002 942 3058 sacculis
976 3004 1107 3069 suis,
1141 3003 1276 3056 datis
1306 3018 1462 3073 supra
1497 3001 1705 3055 cibariis
1726 3004 1781 3055 in
1814 3001 1916 3055 ria.
1944 2999 2045 3064 Qui

490 3101 717 3167 fecerunt
745 3098 839 3152 ita.
872 3096 934 3149 At
964 3094 1042 3149 illi
1067 3104 1329 3166 portantes
1353 3094 1612 3163 frumenta
1644 3096 1697 3148 in
1723 3094 1903 3156 asinis,
1926 3108 2044 3162 pro-

490 3189 608 3259 fecti
627 3196 768 3241 sunt.
801 3184 936 3253 Quid
965 3193 1142 3239 autem
1169 3182 1433 3255 signiﬁcat
1460 3184 1607 3251 quod
1633 3182 1827 3237 fratres
1851 3180 2044 3250 Ioseph

491 3278 751 3334 dederunt
774 3274 1052 3348 pecuniam
1083 3273 1484 3345 inemptioncm
1513 3271 1787 3339 frumenti,
1809 3273 1901 3331 sed
1927 3286 2045 3329 eam

496 3369 617 3438 ipsi,
648 3376 865 3437 accepto
904 3365 1168 3421 frumento
1193 3366 1334 3435 quod
1362 3376 1622 3428 emerant,
1654 3366 1846 3420 iterum
1890 3380 2050 3435 pecu-

500 3461 643 3514 niam
670 3472 819 3513 suam
851 3446 1188 3526 receperunt,
1215 3456 1316 3511 nisi
1344 3457 1486 3527 quod
1506 3456 1702 3527 Ioseph
1740 3465 1923 3512 noster
1944 3473 2050 3511 non

498 3551 689 3621 qumrit
708 3556 911 3617 nostra,
936 3549 1027 3605 sed
1054 3549 1184 3605 nos?
1206 3547 1384 3604 Gratis
1405 3549 1547 3603 enim
1570 3549 1662 3603 dat
1685 3566 1781 3604 sua
1806 3565 2049 3616 munera,

493 3650 551 3693 et
593 3640 645 3693 in
685 3647 867 3693 nostra
906 3638 1173 3708 emptione
1208 3652 1306 3692 nos
1345 3637 1565 3694 ditiores
1606 3637 1748 3704 fecit,
1783 3638 1908 3709 quia
1946 3653 2052 3693 non

496 3731 722 3800 pecunia
756 3730 953 3784 emitur
981 3728 1250 3794 Christus,
1280 3729 1375 3784 sed
1397 3730 1588 3799 gratia.
1811 3738 1819 3744 ‘

573 3819 930 3889 Veneruntque
966 3818 1035 3872 ad
1061 3818 1225 3873 Iacob
1260 3830 1455 3889 patrem
1488 3836 1641 3874 suum
1678 3820 1733 3873 in
1761 3829 1896 3873 terra
1919 3819 2056 3874 Cha-

502 3928 661 3975 naan,
705 3919 753 3964 et
796 3918 1134 3963 narraverunt
1171 3910 1221 3963 ei
1259 3909 1432 3963 omnia
1470 3927 1585 3981 quce
1622 3911 1926 3964 accidissent
1957 3910 2055 3964 sibi

499 4003 722 4057 dicentes
746 4017 764 4056 :
785 4000 1009 4055 Locutus
1049 4012 1121 4055 est
1163 4001 1324 4056 nobis~
1346 4002 1585 4056 dominus
1623 4011 1774 4057 terra
1807 4003 1969 4067 dure,
2008 4012 2056 4056 et

499 4093 694 4162 putavit
725 4108 817 4146 nos
843 4091 1189 4161 exploratores
1212 4093 1505 4162 prouinciis,
1533 4102 1636 4148 etc.
1672 4093 1939 4159 Qumritur
1963 4110 2059 4149 cur

504 4183 703 4251 Joscph
736 4182 819 4235 vir
853 4182 1163 4236 mitissimus
1197 4190 1252 4236 et
1287 4184 1656 4238 sanctissimus
1701 4182 1893 4238 fratres
1934 4201 2061 4241 suos

508 4271 688 4325 taliter
733 4269 941 4323 allicere
992 4270 1218 4324 voluerit
1257 4271 1310 4324 in
1342 4270 1719 4340 .protelatione
1774 4274 2060 4342 agnitionis

507 4376 636 4424 sum,
668 4375 788 4414 cum
816 4359 924 4413 cito
950 4360 1210 4427 potuisset
1243 4360 1322 4414 eis
1370 4360 1652 4414 subvenire
1678 4361 2059 4417 innotesccndo

504 4464 654 4504 suam
695 4442 997 4516 personam.
1038 4447 1140 4501 Sed
1168 4450 1271 4504 hoc
1309 4448 1664 4513 nonultionis
1703 4465 1865 4505 causa
1910 4451 2054 4516 fecit,

509 4550 565 4594 ut
595 4539 891 4593 vindicaret
918 4538 1113 4591 malum
1141 4540 1280 4608 quod
1310 4539 1410 4594 sibi
1432 4538 1629 4595 factum
1656 4539 1847 4607 fuerat,
1870 4544 1963 4597 sed
1993 4543 2060 4597 ob

505 4628 889 4698 experientiam
916 4626 1100 4680 animi
1145 4641 1352 4692 eorum,
1397 4636 1458 4681 ut
1498 4640 1843 4699 cognosceret
1881 4641 2059 4686 utrum

509 4717 694 4770 eodem
740 4715 958 4769 stimulo
1001 4713 1221 4768 fratrem
1267 4730 1421 4769 suum
1464 4719 1732 4772 uterinum
1778 4735 2063 4790 perseque-

512 4815 717 4872 rentur,
755 4806 894 4861 sicut
938 4806 1109 4875 ipsum
1154 4806 1207 4860 in
1232 4814 1446 4862 exteras
1480 4808 1781 4876 provincias
1813 4812 2065 4867 vendide-

514 4904 655 4950 τιιιιι.

582 4983 726 5037 Dixit
767 4993 912 5051 pater
932 4984 1094 5038 Iacob
1116 4999 1135 5035 :
1157 4984 1362 5055 Absque
1391 4984 1566 5040 liberis
1598 5002 1693 5040 me.
1716 5004 1825 5042 esse
1848 4990 2061 5059 fecisti".

513 5073 703 5142 Ioseph
742 5088 844 5125 non
875 5082 948 5125 est
983 5090 1154 5141 super,
1182 5075 1392 5130 Simcon
1428 5084 1629 5130 tenetur
1656 5077 1710 5131 in
1743 5079 1987 5145 vinculis,
2020 5091 2066 5134 et

516 5160 790 5229 Benjamfn
823 5159 1103 5228 auferetis?
1144 5162 1206 5214 In
1246 5179 1326 5217 me
1357 5165 1469 5219 haec
1487 5165 1627 5219 mala
1667 5170 1839 5222 omnia
1872 5170 2067 5223 recide-

518 5261 657 5303 runt.
694 5248 791 5303 Cui
822 5249 1081 5318 respondit
1107 5249 1279 5303 Ruben
1302 5266 1319 5302 :
1343 5251 1483 5307 Duos
1507 5254 1643 5322 filios
1665 5257 2064 5324 meosinterﬁce,

515 5343 562 5396 si
589 5358 692 5394 non
719 5342 971 5394 reducere
1003 5341 1094 5393 tibi
1122 5339 1289 5394 illum.
1316 5341 1481 5397 Trade
1504 5344 1650 5398 illum
1678 5346 1732 5399 in
1764 5363 1921 5400 manu
1954 5364 2066 5401 mea

518 5443 567 5484 et
601 5449 692 5501 ego
722 5432 815 5484 tibi
853 5448 966 5484 cum
999 5432 1283 5485 restituam.
1341 5432 1404 5482 At
1436 5434 1522 5486 ille
1564 5447 1583 5485 .'
1622 5435 1741 5488 Non
1777 5437 2064 5500 descendet,

520 5522 705 5590 itaquit,
731 5520 870 5587 ﬁlius
895 5537 1035 5573 meus
1059 5520 1330 5574 uobiscum.
1376 5518 1558 5573 Frater
1581 5522 1690 5589 ejus
1717 5536 1950 5579 mortuus
1971 5536 2063 5588 est,

524 5612 628 5678 ipse
672 5611 806 5664 solus
846 5612 1105 5665 remansit.
1153 5610 1213 5665 Si
1244 5608 1371 5679 quid
1412 5608 1695 5663 ciadrersi
1736 5614 1974 5667 acciderit
2015 5615 2068 5668 in

2138 1854 2409 1915 reportata,
2446 1859 2509 1897 ne
2544 1842 2673 1913 forte
2717 1856 2890 1895 errore
2920 1839 3114 1909 fgctum
3151 1840 3238 1893 sit.
3283 1838 3388 1893 Sed
3413 1847 3461 1891 et
3480 1838 3706 1906 fratrem

2136 1941 2360 1990 vestrum
2397 1929 2579 1996 tollite,
2620 1934 2669 1985 et
2706 1930 2776 1983 lte
2817 1929 2886 1982 ad
2929 1928 3121 1983 virum.
3163 1927 3302 1981 Deus
3338 1937 3513 1980 autem
3554 1941 3706 2003 meus

2137 2022 2453 2089 omnipotens
2495 2020 2655 2089 faciat
2696 2011 2811 2073 eum
2846 2017 2992 2073 "vobis
3031 2012 3358 2088 placabilem,
3394 2016 3734 2069 etremittat.

2137 2112 2394 2173 vobiscum
2434 2109 2647 2179 fratrem
2685 2120 2905 2163 vestrum
2940 2123 3090 2179 queat
3124 2115 3256 2168 tenet
3297 2094 3351 2159 in
3374 2104 3614 2169 uinculis,
3651 2112 3707 2168 et

2112 2195 2273 2275 hunc
2316 2199 2614 2266 Benjamin.
2658 2197 2769 2269 Ego
2825 2206 2998 2251 autem
3045 2197 3195 2269 quasi
3240 2197 3452 2250 orbatus
3509 2195 3706 2264 absque

2138 2292 2312 2347 liberis
2347 2308 2453 2347 ero.
2508 2290 2723 2345 Deferte
2768 2289 2885 2344 viro
2937 2302 3190 2354 munera,
3241 2288 3442 2357 inquit,
3501 2285 3707 2355 aliquid

2141 2383 2332 2437 resina)
2357 2389 2414 2436 et
2459 2380 2651 2446 mellis,
2692 2379 2985 2451 thymiama
3003 2388 3071 2433 et
3108 2386 3327 2443 stacten,
3370 2387 3426 2433 et
3465 2378 3727 2432 terebin-.

2142 2474 2291 2529 thum
2314 2481 2370 2528 et
2394 2483 2577 2527 nuces.
2600 2471 2746 2537 Sive,
2762 2478 2823 2525 ut
2846 2470 3037 2540 Aquila
3062 2477 3117 2524 et
3145 2469 3498 2539 Symmachus
3525 2477 3710 2522 trans.-

2140 2563 2397 2627 tulerunt,
2416 2561 2713 2632 amygdala.
2738 2560 2941 2616 Idcirco
2959 2560 3062 2615 hoc
3089 2559 3376 2628 capitulum
3400 2559 3703 2629 posuimus,

2140 2662 2202 2708 ut
2234 2653 2500 2715 sciamus,
2540 2651 2630 2704 ubi
2670 2650 2724 2703 in
2758 2646 3266 2705 nostris'codicibus
3301 2647 3531 2702 habetur
3578 2648 3703 2717 thy-

2142 2743 2358 2806 miama,
2388 2740 2441 2795 in
2473 2737 2694 2794 Hebraeo
2748 2753 2867 2794 esse
2889 2736 3159 2803 nechotha,
3186 2746 3308 2800 me,
3335 2736 3477 2804 quod
3506 2732 3706 2802 Aquila

2143 2843 2380 2888 storacen
2424 2830 2724 2896 transtulit,
2760 2846 2826 2884 es
2852 2844 2958 2899 quo
2987 2829 3175 2884 domus
3200 2826 3461 2882 nechotha
3487 2840 3610 2894 quae
3645 2825 3704 2877 in

2143 2923 2278 2978 Isaia
2309 2923 2521 2994 legitur,
2551 2921 2983 2976 manifestissime
3014 2918 3144 2974 cella
3175 2916 3561 2987 thymiamatis,
3588 2914 3708 2991 size

2145 3012 2391 3077 storacis,
2421 3011 2748 3083 intelligitur,
2779 3024 2843 3065 eo
2869 3010 3009 3081 quod
3035 3010 3088 3064 in
3116 3009 3204 3063 illa
3227 3016 3465 3063 aromata
3489 3006 3709 3061 diversa

2147 3105 2255 3159 sint
2279 3103 2519 3162 condita.

2218 3196 2284 3250 In
2312 3194 2436 3267 ipsis
2466 3194 2661 3262 foribus
2696 3192 2991 3247 accedentes
3020 3190 3088 3244 ad
3116 3190 3519 3259 dispensatorem
3546 3186 3709 3243 locuti

2144 3294 2286 3344 sunt.
2325 3283 2569 3352 Oramus,
2594 3283 2819 3349 domine,
2866 3291 2922 3339 ut
2956 3281 3141 3338 audias
3172 3297 3283 3341 nos.
3311 3279 3436 3336 Iam
3469 3288 3592 3336 ante
3618 3280 3712 3333 de-

2150 3379 2438 3433 scendimus
2476 3388 2529 3430 ut
2569 3391 2850 3439 emeremus
2886 3371 3065 3439 escas;
3103 3372 3287 3445 quibus
3334 3366 3546 3441 emptis,
3586 3386 3709 3423 cum

2150 3470 2459 3524 venissemus
2499 3466 2567 3520 ad
2599 3464 2957 3528 diversorium,
3001 3463 3297 3532 aperuimus
3334 3457 3568 3515 sacculos
3609 3474 3708 3513 noo

2149 3570 2301 3625 siros,
2334 3568 2382 3613 et
2415 3559 2703 3612 invenimus
2727 3556 2997 3627 pecuniam
3030 3556 3086 3608 in
3111 3570 3200 3608 ore
3230 3544 3522 3615 saccorum,
3549 3567 3715 3621 quam

2152 3667 2288 3704 nunc
2323 3648 2501 3705 eodem
2537 3648 2760 3718 pondere
2796 3645 3183 3716 reportauimus.
3226 3641 3328 3698 Sed
3353 3643 3500 3696 aliud
3530 3633 3734 3723 attuli:

2153 3758 2266 3796 mus
2291 3752 2581 3811 argentum,
2610 3749 2665 3793 ut
2694 3754 2923 3793 emamus
2948 3753 3064 3807 qua!
3092 3735 3381 3790 necessaria
3414 3742 3554 3788 sunt.
3586 3730 3715 3786 Non

2152 3840 2226 3883 est
2255 3830 2310 3882 in
2340 3838 2514 3883 nostra
2548 3822 2853 3882 conscientia
2885 3827 2999 3897 quis
3035 3841 3147 3879 eam
3186 3824 3415 3894 posuerit
3461 3822 3518 3878 in
3564 3838 3714 3876 mar-

2152 3919 2313 3989 supiis
2340 3919 2547 3972 nostris.
2571 3918 2631 3971 At
2657 3916 2744 3971 ille
2783 3915 3074 3985 respondit:
3099 3912 3215 3969 Pas:
3237 3898 3490 3969 uobiscum
3512 3931 3533 3968 :
3551 3912 3717 3966 nolite

2154 4011 2369 4074 timere;
2395 4008 2530 4075 Deus
2562 4018 2740 4069 vester,
2769 4018 2816 4062 et
2839 3990 2989 4061 Deus.
3008 4007 3171 4075 patris
3204 4005 3371 4080 vestri,
3396 4004 3537 4058 dedit
3566 4002 3717 4072 pubis

2157 4100 2421 4152 thesauros
2462 4096 2516 4151 in
2546 4096 2765 4150 sacculis
2796 4097 2989 4150 vestris.
3056 4095 3196 4149 Nam
3250 4094 3519 4165 pecuniam
3555 4108 3715 4163 quam

2156 4189 2369 4243 dedistis
2390 4188 2535 4252 mihi,
2556 4189 2825 4258 probatam
2844 4203 2935 4257 ego
2965 4186 3146 4244 habeo.
3178 4184 3329 4252 Quod
3346 4172 3393 4237 Ia
3426 4182 3719 4253 prmposito

2159 4279 2346 4333 domus
2381 4279 2623 4342 audiunt,
2654 4276 2789 4332 Deus
2815 4286 2994 4339 rester,
3031 4287 3077 4328 et
3103 4275 3239 4328 Deus
3271 4282 3478 4344 patrum
3517 4282 3718 4326 vestro-

2162 4384 2275 4420 rum
2297 4366 2434 4420 dedit
2456 4366 2593 4420 robis
2615 4367 2879 4431 thesauros
2900 4365 2955 4417 in
2972 4362 3193 4418 sacculis
3217 4362 3415 4425 vestris,
3443 4371 3720 4430 argentum

2164 4465 2333 4509 autem
2364 4454 2879 4525 cestrumprobatu‘m
2912 4470 3003 4523 ego
3030 4453 3210 4517 habeo,
3264 4451 3602 4505 mendacium
3635 4452 3719 4504 vi-

2162 4545 2337 4610 detur,
2362 4547 2455 4600 sed
2485 4544 2680 4615 aliquid
2708 4534 3017 4615 signiﬁcare
3034 4542 3484 4601 credendumest.
3510 4541 3722 4612 Argen-

2167 4645 2280 4690 tum
2317 4637 2459 4690 enim
2484 4636 2625 4706 quod
2662 4636 2909 4689 et'datnr
2934 4642 2989 4688 et
3018 4649 3119 4687 non
3160 4632 3438 4694 minuitur,
3474 4631 3628 4704 quod.
3666 4639 3726 4685 et

2165 4724 2390 4793 probum
2420 4717 2740 4794 appellatum
2770 4732 2870 4786 est,
2906 4722 3159 4776 nimirum
3200 4720 3327 4775 illud
3379 4718 3718 4789 intelligitur,

2169 4814 2235 4867 de
2257 4828 2362 4882 quo
2387 4812 2513 4866 alibi
2536 4802 2761 4881 legimus
2784 4828 2797 4863 :
2821 4807 3045 4880 Eloquia
3068 4809 3276 4881 Domini
3311 4806 3516 4878 eloquia
3540 4820 3722 4873 casta;

2166 4907 2434 4968 argentum
2471 4899 2587 4967 igne
2609 4898 2983 4960 examinatum,
3019 4896 3294 4965 probatum
3331 4906 3503 4952 terra.
3526 4910 3717 4965 purga-

2167 4997 2275 5038 tum
2305 4986 2593 5055 septuplum
2630 4984 2800 5055 (Psal.
2834 4984 2930 5055 at).
2969 4984 3023 5038 id
3053 4993 3154 5050 est,
3182 4984 3433 5054 perfecte.

2236 5073 2408 5142 Igitur
2434 5075 2693 5142 ingressus
2722 5083 2797 5127 est
2816 5065 3008 5142 Ioseph
3042 5074 3252 5125 domum
3287 5086 3457 5124 suam.
3509 5068 3723 5123 Obtu!c.

2170 5174 2386 5227 ruutque
2418 5163 2465 5215 ei
2500 5180 2714 5216 munera
2754 5172 2978 5216 tenentes
3009 5163 3063 5216 in
3101 5162 3361 5223 amnibus,
3395 5170 3441 5213 et
3474 5160 3726 5212 adorare-

2173 5262 2291 5307 runt
2321 5253 2469 5322 proni
2504 5254 2557 5305 in
2595 5263 2752 5314 terra.
2786 5252 2848 5304 At
2880 5252 2967 5305 ille
2996 5252 3267 5305 clementer
3298 5248 3592 5303 resalutatis
3627 5249 3725 5314 eis,

2172 5345 2505 5411 interrogavit
2542 5343 2715 5395 dicens
2742 5360 2760 5397 :
2790 5342 3042 5395 Salvusne
3070 5352 3142 5394 est
3181 5352 3326 5411 pater
3377 5349 3540 5393 vester
3570 5356 3728 5394 une:

2174 5436 2235 5488 tle
2256 5452 2357 5504 quo
2380 5435 2433 5487 di
2444 5436 2625 5487 teratis
2650 5435 2774 5487 mihi
2795 5450 2811 5486 :
2836 5435 3004 5486 adhuc
3029 5434 3142 5486 rit-it
3162 5434 3185 5486 Ρ
3208 5432 3313 5496 Qui
3334 5431 3725 5500 responderunt.

2177 5524 2362 5594 Sospes
2385 5535 2456 5578 est
2482 5541 2654 5583 servus
2688 5534 2806 5577 tuus
2825 5534 2971 5591 pater
2991 5533 3178 5583 noster,
3204 5521 3375 5573 adhuc
3405 5521 3549 5585 vivit,
3572 5531 3621 5573 ct
3648 5520 3727 5571 in~

2176 5615 2371 5668 curvati
2431 5615 2772 5687 adorat'erunt
2818 5630 2971 5678 eum.
3018 5610 3264 5665 :lttollcns
3326 5620 3500 5663 autem
3540 5608 3732 5677 ,Ιοδηοιδ
