3948 6322
182 333 281 401 su

1181 329 1528 400 contuear.
1569 346 1638 401 us
1677 346 1990 403 usuusu.
2035 382 2101 392 -
2141 352 2264 407 Lm.
2306 355 2390 409 Iv.

3251 378 3389 434 JGiS

181 459 388 522 oculos,
413 453 533 512 uidit
562 455 836 524 Benjamin
857 458 1068 526 fratrem
1093 475 1243 512 suum
1267 461 1546 523 uterinum,
1569 469 1616 512 et
1639 460 1745 512 ait:
1776 463 1823 520 Λ
1850 463 2114 540 servabat.
2143 464 2312 519 Flevit
2352 465 2562 536 Ioseph,
2601 481 2653 525 ct
2693 475 2903 536 caecitas
2954 478 3097 533 Pauli
3130 483 3264 551 (Act.
3295 490 3387 548 vn)

187 546 300 602 Iste
330 557 404 602 est
443 546 605 614 frater
625 556 786 600 uester
816 548 1075 614 minimus,
1102 550 1164 602 de
1183 566 1282 618 quo
1303 550 1552 604 dixeratis
1583 551 1746 604 mihi?

186 645 240 690 et
281 651 528 690 rursum:
556 634 711 700 Deus,
738 636 928 705 inquit,
969 637 1275 690 misereatur
1299 639 1395 702 tui,
1417 637 1495 706 ﬁli
1528 640 1617 691 mi.
1647 638 1748 694 Fe-

187 725 520 794 stinavitque,
556 725 677 793 quia
709 735 964 797 commota
993 712 1197 793 fuerant
1227 727 1422 780 viscera
1453 728 1567 798 ejus
1592 745 1746 798 super

190 811 358 879 fratre
388 827 501 875 suo,
533 822 578 866 et
611 812 940 881 erumpebant
975 812 1250 884 tacrymie;
1288 824 1336 869 et
1369 817 1615 872 introieris
1653 825 1746 873 cu-

190 901 425 956 biculum
446 890 604 981 flevit,
639 901 875 957 Affectus
899 902 1024 968 boni
1060 907 1221 959 animi
1260 922 1468 978 semper
1494 912 1745 979 proclivis

188 999 276 1044 est
303 990 373 1044 ad
397 993 645 1061 pietatem
672 993 851 1048 :.unde
878 1002 932 1048 et
972 995 1031 1049 in
1057 994 1252 1067 Ioseph
1278 998 1531 1054 virtutum
1560 1017 1746 1070 possu-

189 1093 314 1135 mus
357 1084 695 1138 considerare
723 1084 973 1152 ,copiam.
1035 1084 1227 1141 Castus
1284 1102 1412 1156 ergo
1460 1101 1576 1144 erat
1622 1106 1742 1146 cum

189 1172 396 1240 sprevit
443 1172 822 1241 impudicitiam
869 1175 1122 1241 dominae;
1180 1178 1411 1247 sapiens,
1461 1195 1582 1233 cum
1628 1169 1746 1234 dili-

187 1262 335 1331 genti
373 1262 775 1334 investigatione
815 1263 1040 1320 fratrum
1074 1283 1289 1323 suorum
1324 1271 1531 1325 animos
1559 1272 1742 1340 explo-
1787 1295 1790 1298 η

187 1350 368 1416 rabat,
393 1351 624 1420 qualiter
663 1355 923 1408 sentirent
959 1355 1025 1410 de
1049 1354 1215 1411 fratre
1244 1373 1341 1412 suo
1383 1359 1612 1414 uterino.
1648 1359 1743 1415 Iu-

185 1450 307 1494 stus
334 1447 469 1506 erat,
508 1440 560 1496 iit
594 1443 921 1500 adhibitione
962 1441 1253 1517 disciplina:
1280 1449 1741 1519 delinquentibus;

182 1529 334 1597 pius,
363 1529 415 1583 in
443 1532 789 1588 conversione
811 1534 1202 1603 paenitentiam.

210 1635 216 1640 ·
264 1615 577 1689 Rursusque
604 1619 709 1675 lota
730 1622 880 1691 facie,
931 1639 1163 1693 egressus
1184 1628 1436 1682 continuit
1457 1647 1529 1696 se,
1556 1641 1612 1685 et
1640 1632 1745 1687 ait:

1816 547 2000 627 fletus
2029 554 2354 608 cstﬂhristi.
2389 555 2553 611 Lavat
2597 558 2782 616 faciem
2814 579 2981 631 suam,
3027 579 3084 622 ut
3124 547 3294 626 lumen
3339 577 3386 628 ci

1845 638 2098 693 amimum
2133 643 2397 696 restituat.
2426 645 2591 702 Lavat
2621 648 2807 704 faciem
2835 669 2984 708 suam
3011 656 3270 724 Christus,
3301 664 3388 718 ubi

1842 724 2145 794 baptizatus
2199 740 2281 785 est
2328 732 2550 801 Paulus,
2597 753 2692 805 per
2732 735 2888 806 quem
2936 743 3186 802 Dominus
3234 747 3390 806 Iesus

1845 824 1878 864 a
1913 812 2156 893 plurimis
2204 819 2492 876 videretur.
2549 824 2749 881 Dehinc
2820 829 3046 900 scyphus
3111 848 3390 906 argenteus

1844 898 2008 955 solius
2035 905 2248 959 sacculo
2277 908 2506 976 junioris
2542 913 2813 968 inseritur.
2860 898 2968 972 sed
2995 921 3120 988 quid
3149 898 3248 978 sibi
3274 926 3388 981 vult

1843 991 1984 1065 quod
2009 992 2252 1050 inventus
2276 1007 2358 1053 est
2381 1000 2432 1053 in
2459 1015 2614 1056 sacco
2642 1004 2910 1075 Benjamin
2935 1011 3382 1085 scyphusIoscph,

1842 1080 1945 1133 nisi
1984 1082 2110 1149 quia
2155 1083 2206 1138 in
2245 1088 2670 1155 corporePauli,
2714 1093 2824 1162 jam
2859 1098 3112 1154 doctrinae
3159 1080 3390 1159 cmlestis

1842 1167 2190 1239 praafulgebat
2231 1172 2514 1243 eloquium,
2552 1177 2676 1232 dum
2715 1191 2856 1236 esset
2892 1188 3130 1242 eruditus
3160 1190 3212 1242 in
3242 1190 3389 1261 lege?

1844 1257 1948 1313 Sed
1970 1259 2094 1329 quia
2119 1260 2388 1329 subjectus
2416 1279 2519 1318 non
2549 1276 2682 1333 erat,
2713 1270 2850 1326 intra
2878 1288 3089 1330 saccum
3121 1288 3237 1332 erat
3267 1257 3388 1350 scy-

1843 1348 1998 1417 phus,
2025 1349 2264 1408 doctrina
2301 1351 2438 1407 intra
2469 1356 2655 1425 legem,
2701 1359 2913 1417 lucerna
2964 1366 3100 1419 intra
3134 1348 3386 1424 modium.

1845 1435 2035 1492 Missus
2074 1447 2255 1495 tamen
2283 1441 2513 1497 Auanias
2544 1445 2677 1514 (Act.
2707 1448 2801 1519 ix),
2851 1451 2902 1504 in
2953 1453 3169 1509 Paulum
3201 1472 3391 1514 manus

1841 1528 2035 1600 posuit,
2069 1532 2392 1599 marsupium
2421 1533 2592 1597 solvit,
2623 1541 2887 1608 marsupio
2914 1543 3083 1598 soluto
3112 1556 3390 1616 argentum

1845 1618 2190 1690 resplenduit,
2216 1631 2270 1676 et
2304 1623 2668 1682 decidentibus
2709 1633 2963 1697 squamis,
2995 1635 3134 1688 velut
3168 1639 3390 1704 quibus-

186 1703 380 1760 Paum
409 1724 584 1777 ραηοο,
635 1708 833 1785 ρων,
873 1713 1152 1782 appositis,
1192 1731 1421 1770 εεοηωη
1443 1717 1655 1790 ιοεεριι,
1697 1730 1746 1776 ει
1776 1785 1817 1794 _
1846 1711 1969 1765 dam
1995 1712 2135 1767 sacci
2164 1713 2407 1777 vinculis,
2435 1714 2606 1770 soluto
2632 1733 2805 1784 sacco,
2834 1721 2885 1775 id
2912 1733 3014 1787 est,
3045 1703 3281 1794 deposito
3312 1728 3390 1791 le-

182 1809 423 1850 nonum
461 1782 738 1867 [ταινίηῇ
753 1800 1012 1885 Aggpr
1056 1821 1253 1883 quoque
1290 1809 1378 1877 qu,-
1419 1782 1822 1867 υεεσεδαήιανΒ
1848 1799 1930 1868 gis
1957 1800 2245 1867 velamine,
2286 1804 2504 1874 adeptus
2539 1814 2620 1860 est
2662 1782 2885 1877 gratiam
2921 1782 3198 1884 libertaiis,
3228 1827 3281 1872 et
3309 1785 3390 1874 re-
3463 1883 3468 1886 ,

189 1889 353 1944 simul
373 1907 622 1946 seorsum.
645 1892 895 1949 Illicitum
925 1907 999 1951 est
1025 1899 1159 1952 enim
1180 1899 1252 1953 1E
1257 1889 1463 1970 gyptiis,
1485 1904 1748 1971 comedere

191 1977 314 2033 eum
337 1980 592 2048 Hebreis,
614 1985 960 2060 etprofanum
982 1997 1164 2058 putant
1189 1986 1544 2060 hujuscemodi
1579 1995 1750 2048 convi-

191 2069 356 2124 vium.
385 2069 637 2127 Seorsum
665 2088 793 2143 ergo
830 2077 1056 2145 appositi
1086 2085 1210 2133 sunt
1241 2075 1343 2134 cibi
1371 2080 1568 2151 Ioseph
1597 2085 1748 2152 quasi

193 2156 440 2223 advenas,
464 2168 518 2214 et
544 2174 785 2216 seorsum
811 2163 1089 2231 fratribus,
1113 2168 1262 2236 quasi
1287 2170 1488 2224 exteris
1515 2173 1746 2226 natione.

191 2241 467 2331 Egyptii's
489 2264 700 2318 quoque
728 2248 973 2308 similiter
990 2269 1242 2311 seorsum
1269 2256 1420 2327 quasi
1468 2260 1747 2331 indigenis,

168 2327 576 2414 “qui-putabant
613 2357 734 2396 cum
776 2338 1070 2416 peregrinis
1095 2346 1376 2416 profanum
1412 2365 1531 2405 esse
1567 2327 1751 2408 comi-‘-

187 2441 363 2480 vrum.

189 2531 202 2539 ν’
264 2513 517 2576 Sederunt
553 2536 682 2590 ergo,
712 2537 887 2575 coram
922 2539 1005 2590 eo,
1046 2524 1418 2597 primogenitus
1442 2529 1602 2598 juxta
1642 2535 1752 2602 pri-

187 2608 451 2675 mogenita
472 2624 589 2674 sua,
621 2619 668 2664 et
701 2611 946 2667 minimus
976 2614 1136 2684 juxta
1156 2622 1359 2672 (etatem
1388 2636 1558 2688 suam,
1584 2632 1630 2676 et
1656 2624 1752 2678 mi-

187 2696 449 2752 rabantur
480 2701 632 2756 nimis
671 2705 885 2775 sumptis
925 2707 1158 2775 partibus
1194 2725 1323 2779 quas
1352 2710 1418 2764 ab
1447 2728 1506 2766 eo
1542 2730 1750 2784 accepe-

191 2796 338 2838 runt.
379 2786 648 2860 llajorque
685 2809 806 2862 pars
838 2795 968 2848 venit
990 2793 1285 2867 Benjamin,
1323 2799 1399 2854 ita
1440 2811 1506 2875 ut
1533 2802 1754 2875 quinque

189 2876 439 2954 partibus
457 2879 740 2934 excederet.
765 2880 1116 2954 Biberuntgue
1153 2896 1200 2940 et
1231 2887 1471 2944 inebriati
1493 2901 1614 2945 sunt
1638 2909 1753 2948 cum

191 2978 278 3015 eo.
320 2961 572 3044 Prmcepit
616 2979 787 3022 autem
824 2970 1014 3042 Ioseph
1056 2973 1400 3044 dispensatori
1428 2979 1612 3035 domus
1645 2999 1754 3037 suae

1842 1888 2018 1967 velata
2046 1889 2183 1945 facie
2208 1894 2469 1950 sermonis
2495 1898 2822 1966 evangelium
2850 1903 3115 1969 praedicat.

1880 1974 1885 1978 ⁷
1915 1978 2229 2049 Deprehensi
2261 1998 2383 2052 ergo
2418 1984 2602 2054 fratres
2623 1987 2812 2058 Ioseph
2842 1993 3026 2045 reversi
3062 2004 3181 2048 sunt
3214 1999 3271 2052 in
3304 2015 3394 2069 op-

1845 2068 2043 2138 pidum.
2081 2068 2384 2142 Primusque
2407 2073 2577 2130 Iudas
2612 2094 2731 2144 cum,
2757 2078 3003 2148 fratribus
3035 2084 3292 2157 ingressus
3318 2068 3393 2144 est

1847 2160 1916 2212 ad
1935 2159 2146 2230 Ioseph.
2185 2161 2294 2218 Nec
2323 2165 2448 2218 dum
2473 2167 2607 2220 enim
2646 2169 2710 2222 de
2730 2161 2840 2224 toto
2865 2171 3085 2238 abierat,
3124 2192 3393 2250 omnesque

1848 2257 1966 2301 ante
2009 2266 2124 2302 eum
2160 2251 2212 2305 in
2249 2262 2438 2307 terram
2473 2256 2669 2322 pariter
2714 2270 3033 2314 corruerunt.
3067 2263 3262 2328 Quibus
3309 2268 3394 2321 ille

1847 2338 1958 2418 ait:
1981 2337 2088 2392 Cur
2121 2341 2194 2394 sic
2220 2358 2370 2411 agere
2409 2343 2638 2398 uoluistis
2654 2346 2680 2400 1’
2714 2347 2794 2401 An
2834 2349 3102 2419 ignoratis,
3126 2355 3264 2422 quod
3287 2373 3387 2410 non

1847 2416 2128 2485 sit‘similis
2168 2434 2267 2486 mei
2311 2435 2366 2486 in
2411 2437 2702 2504 augurandi
2740 2416 2992 2493 scientia?
3046 2416 3221 2515 (Aug)
3260 2444 3395 2510 Quid

1849 2520 1949 2575 sibi
1978 2521 2102 2575 velit
2125 2523 2292 2592 quzeri
2323 2524 2474 2578 solet.
2520 2525 2600 2580 An
2643 2527 2766 2596 quia
2811 2543 2916 2583 non
2951 2531 3119 2595 serio,
3146 2533 3234 2587 sed
3275 2527 3397 2604 joco

1849 2608 2052 2663 dictum
2099 2617 2200 2674 est,
2248 2620 2306 2665 ut
2353 2613 2528 2668 exitus
2573 2615 2770 2680 docuit,
2818 2629 2921 2671 non
2971 2627 3053 2673 est
3097 2620 3393 2675 habendum

1850 2697 2201 2753 mendacium.
2253 2699 2526 2756 Mendacia
2590 2703 2735 2758 enim
2792 2719 2822 2756 a
2869 2707 3209 2762 mendacibus
3258 2711 3398 2763 serio

1849 2796 2098 2858 aguntur,
2131 2804 2233 2843 non
2263 2789 2405 2856 joco.
2451 2789 2580 2846 Cum
2621 2803 2948 2863 autem-quae
2985 2811 3086 2849 non
3118 2784 3240 2850 sunt
3276 2809 3395 2851 tan-

1850 2893 2007 2947 quam
2028 2877 2153 2948 joco
2183 2881 2449 2946 dicuntur,
2489 2896 2591 2936 non
2624 2884 2941 2952 deputantur
2971 2877 3261 2940 mendacia.
3295 2887 3396 2942 Sed

1851 2968 2020 3033 magis
2060 2977 2235 3022 movet
2267 2970 2392 3038 quid
2436 2970 2536 3024 sibi
2585 2971 2709 3024 velit
2750 2972 2847 3024 ista
2885 2974 3023 3026 actio
3049 2972 3262 3043 Ioseph,
3295 2991 3397 3044 qua

192 3053 372 3110 dicens
399 3038 603 3131 :{Imple
640 3077 816 3116 saccos
855 3038 1030 3118 eorum
1060 3038 1317 3134 frumento
1349 3079 1600 3139 quantum
1633 3089 1749 3142 pos-

1853 3054 2045 3114 fratres
2079 3073 2202 3113 suos
2224 3059 2392 3115 donec
2425 3061 2503 3114 eis
2531 3062 2762 3131 aperiret
2790 3064 2908 3131 quis
2942 3074 3101 3129 esset,
3135 3068 3287 3120 toties
3322 3068 3434 3119 lu-‘

416 3117 422 3131 .
521 3117 532 3130 .
1060 3117 1071 3134 .
1118 3117 1139 3118 η
1351 3117 1598 3139 ,νην-π..-
1633 3117 1723 3142 τ--

191 3155 318 3198 sunt
350 3163 547 3215 capere,
575 3158 772 3218 et‘pone
790 3153 1060 3221 pecuniam
1096 3154 1417 3225 singulorum
1449 3160 1503 3215 in
1528 3151 1749 3215 summi-

1853 3146 2104 3213 dificavit,
2131 3157 2185 3203 et
2229 3157 2369 3203 tanta
2399 3117 2789 3220 exspectatione
2807 3117 3131 3223 .suspen'dit.‘
3161 3156 3294 3222 Qui]
3335 3159 3397 3211 li-

181 3243 305 3288 tate
332 3238 486 3294 sacci.
516 3235 772 3310 Scyphum
797 3231 972 3315 autem
1004 3255 1171 3299 meum
1205 3257 1524 3317 argenteum,
1553 3260 1600 3305 et
1634 3270 1752 3323 pre-

194 3325 328 3377 tium
349 3323 487 3395 quod
506 3328 646 3382 dedit
673 3331 850 3396 tritici,
872 3334 1074 3407 ponein
1098 3351 1185 3388 ore
1213 3338 1352 3391 sacci
1361 3338 1609 3407 junioris.
1637 3341 1750 3397 Fa-

195 3414 434 3484 ctumque
463 3423 537 3468 est
555 3416 662 3481 ita,
701 3426 749 3471 et
776 3427 893 3472 orta
916 3403 1064 3474 mane
1087 3421 1285 3479 dimissi
1308 3403 1426 3479 sunt
1449 3435 1564 3482 cum
1591 3433 1751 3486 asinis

195 3503 331 3556 suis.
372 3504 555 3559 Solent
584 3507 723 3575 hinc,
741 3508 936 3563 ebriosi
965 3510 1215 3568 adhibere
1243 3517 1536 3576 testimonii
1566 3531 1751 3590 patro-

194 3592 418 3665 cinium,
458 3609 562 3648 non
595 3603 813 3665 propter
851 3598 970 3653 illos
1020 3598 1158 3655 filios
1191 3602 1375 3669 Israel,
1416 3607 1509 3660 sed
1537 3619 1754 3681 propter

196 3681 419 3753 Ioseph,
452 3684 543 3754 qui
566 3685 716 3741 valde
766 3690 978 3758 sapiens
1023 3696 1439 3750 commendatur.
1494 3698 1597 3755 Sed
1650 3703 1751 3758 hoc

198 3773 448 3838 verbum,
485 3782 538 3828 et
573 3790 671 3845 pro
714 3778 957 3834 satietate
993 3779 1163 3836 solere
1195 3781 1316 3852 peni
1361 3785 1413 3839 in
1441 3786 1750 3858 Scripturis,

200 3860 298 3929 qui
341 3861 621 3932 diligenter
666 3865 954 3922 adverterit
1001 3870 1181 3925 multis
1227 3872 1279 3926 in
1323 3872 1462 3930 locis
1500 3877 1750 3934 inveniet.

199 3949 354 4007 Unde
387 3961 468 4007 est
497 3952 660 4009 illud:
696 3953 1160 4034 Visitasti‘terram
1181 4002 1193 4026 ,
1225 3971 1272 4016 et
1301 3963 1566 4020 inebriasti
1605 3968 1751 4034 eam;

195 4042 555 4113 multiplicasu
578 4045 752 4100 ditare
782 4061 843 4100 ea
867 4045 1034 4122 (Psal.
1061 4047 1229 4124 LXIV),
1258 4068 1322 4110 eo
1344 4057 1483 4124 quod
1515 4058 1566 4111 in
1601 4058 1753 4115 laude

195 4133 583 4192 benedictionis
601 4131 710 4191 'boc
734 4139 960 4215 positum
990 4149 1091 4206 est,
1121 4151 1174 4197 et
1201 4145 1396 4199 donum
1427 4147 1520 4202 Dei
1549 4165 1750 4205 memo-

197 4217 372 4280 ratur.
401 4227 632 4298 Apparet
657 4229 793 4285 hanc
817 4231 1130 4287 ebrietatem
1170 4236 1499 4292 saturitatem
1547 4237 1753 4310 signifi-

196 4333 347 4374 care.
409 4319 540 4387 Nam
598 4320 674 4374 ita
721 4321 976 4392 inebriari
1033 4331 1092 4377 ut
1137 4325 1468 4382 inebriantur
1522 4331 1750 4398 ebriosi,

1854 3247 1940 3293 cet
1983 3247 2132 3292 tanto
2177 3239 2249 3294 sit
2279 3241 2492 3294 suavius
2539 3256 2674 3299 cum,
2703 3241 2910 3310 legitur,
2956 3245 3294 3311 quantoillis
3331 3249 3400 3300 sit
3432 3312 3437 3318 _

1851 3326 2175 3395 inopinatius
2215 3342 2333 3381 cum
2374 3324 2565 3398 quibus
2599 3332 2787 3399 agitur,
2814 3340 2988 3386 tamen
3021 3334 3294 3402 sapientia:
3337 3337 3400 3388 il-

1851 3415 1954 3472 lius
1985 3419 2276 3487 gravitate,
2312 3418 2412 3472 nisi
2454 3434 2702 3488 magnum
2732 3421 2926 3495 aliquid
2968 3423 3067 3475 isto
3095 3425 3246 3490 quasi
3277 3425 3398 3506 ludo

1851 3507 2259 3579 significaretur,
2307 3522 2404 3562 nec
2445 3509 2512 3562 ab
2548 3524 2612 3563 eo
2653 3509 2823 3574 ﬁeret,
2848 3526 2962 3565 nec
2995 3510 3090 3565 illa
3124 3511 3394 3582 Scriptura

1851 3600 2240 3665 contineretur,
2260 3600 2310 3653 in
2335 3614 2438 3669 qua
2468 3606 2551 3654 est
2577 3607 2735 3653 tanta:
2760 3602 3061 3656 sanctitatis
3086 3602 3409 3665 auctoritas,

1849 3697 1905 3745 et
1936 3690 2421 3759 prophetandorum
2463 3700 2611 3746 tanta
2650 3692 2872 3746 intentio
2910 3692 3225 3748 futurorum.
3280 3694 3393 3750 Non

1849 3778 2177 3851 negligenter
2212 3780 2652 3850 considerandum
2705 3768 2848 3850 puto,
2892 3790 3089 3854 tantam
3128 3772 3395 3839 miseriam

1851 3868 1905 3923 in
1931 3869 2035 3923 hac
2058 3870 2459 3938 perturbatione
2504 3869 2730 3925 fratrum
2769 3886 2982 3926 suorum
3017 3875 3278 3943 quomodo
3308 3873 3398 3929 Io-

1816 3978 1820 3983 ’
1850 3960 1981 4029 seph
2005 3960 2237 4029 quandiu
2261 3960 2448 4025 voluit,
2476 3961 2664 4026 tenuit,
2697 3969 2751 4014 et
2771 3959 3236 4029 quantum‘voluiti
3253 3979 3398 4018 mora

1849 4050 2118 4118 produxit,
2145 4065 2247 4106 non
2273 4066 2365 4105 eos
2386 4051 2568 4120 utique
2591 4050 3177 4118 facienscalamitdsos‘,’
3190 4055 3397 4123 quando

1848 4139 2011 4193 etiam
2050 4147 2209 4195 tanta:
2247 4141 2480 4210 ipsorum
2520 4140 2709 4195 futurae
2754 4142 2947 4196 laetitia:
2976 4144 3175 4214 exitum
3202 4146 3398 4214 cogita-

1849 4225 1970 4292 bat;
2001 4237 2057 4284 et
2084 4238 2251 4284 totum
2282 4231 2383 4287 hoc
2412 4230 2553 4298 quod
2590 4231 2797 4300 agebat,
2837 4241 2894 4284 ut
2928 4247 3110 4285 eorum
3146 4232 3392 4302 gaudium

1849 4316 2172 4383 differretur,
2213 4319 2280 4373 ad
2321 4319 2422 4374 hoc
2458 4309 2664 4389 agebat,
2697 4327 2756 4373 ut
2789 4320 2973 4375 eadem
3021 4321 3270 4375 dilatione
3312 4338 3399 4376 cu-

197 4423 304 4462 ηοο
339 4409 444 4477 ipsi
492 4400 646 4464 ιθίτεθ
710 4410 841 4466 “me
888 4420 970 4466 est
995 4453 1009 4478 ν
1062 4415 1315 4492 σπουδαίη
1362 4417 1563 4487 majore
1591 4435 1755 4490 quam
1776 4448 1828 4506 Β
1851 4407 2163 4473 mularetur,
2196 4416 2447 4506 tanquam
2474 4423 2589 4463 non
2625 4419 2802 4463 essent
2833 4410 3105 4506 condignae
3123 4412 3396 4506 passi-ones

197 4492 434 4553 Satietali
500 4498 690 4556 suﬂicit
747 4503 970 4559 humore
1018 4509 1404 4592 corrumpitur,
1459 4511 1597 4565 sicut
1639 4514 1749 4568 vita

195 4587 554 4654 ebriosorum,
583 4589 672 4658 qui
717 4607 820 4646 non
868 4594 1095 4648 satietati
1140 4587 1198 4649 se
1228 4596 1451 4666 replent,
1479 4600 1573 4653 sed
1616 4617 1752 4657 mer-

195 4684 401 4744 guntur
427 4679 642 4735 diluvio.

273 4765 422 4837 (CAP.
462 4768 628 4838 xuv.)
666 4768 794 4823 Tum
839 4771 1050 4842 Ioseph,
1103 4779 1350 4830 accersito
1401 4779 1751 4849 dispensatore

196 4856 417 4909 domus:
434 4853 615 4926 Surge,
639 4858 823 4926 inquit,
849 4867 1145 4931 persequere
1171 4864 1320 4927 uiros,
1351 4873 1397 4918 et
1424 4864 1750 4935 apprehensis
1832 4895 1840 4898 ι

195 4947 359 5000 dicito
384 4962 402 4999 :
426 4945 598 5009 Quare
623 4947 913 5002 reddidistis
935 4949 1126 5003 malum
1163 4967 1256 5021 pro
1280 4953 1423 5014 bono
1440 4955 1465 5007 .9
1489 4953 1747 5025 Scyphum

194 5052 354 5108 quem
375 5035 535 5104 furati
561 5037 699 5099 estis,
723 5038 829 5104 ipse
851 5049 921 5090 est
955 5039 1008 5090 in
1039 5055 1137 5108 quo
1167 5040 1288 5093 bibit
1322 5042 1560 5096 dominus
1582 5061 1744 5110 meus,

195 5136 252 5182 ct
289 5141 344 5179 sn
374 5140 473 5196 quo
506 5126 752 5193 augurari
783 5125 927 5179 solet.
959 5125 1241 5181 Pessimum
1271 5147 1373 5183 rem
1396 5132 1604 5200 fecistis,
1638 5144 1742 5190 etc.

199 5213 388 5285 (Isid.)
429 5211 646 5282 Mystice
680 5228 826 5277 vero,
857 5215 995 5282 quod
1028 5215 1222 5286 IoSeph
1256 5206 1589 5285 inmitus'est
1620 5237 1744 5291 par-

198 5301 384 5356 vulum
412 5302 627 5355 fratrem
655 5317 830 5365 suum,
868 5303 1128 5380 significat
1152 5307 1288 5373 quod
1317 5307 1571 5361 Dominus
1597 5309 1750 5363 Iesus

197 5391 336 5447 vidit
355 5383 593 5452 Paulum,
618 5391 827 5459 quando
852 5391 939 5445 lux
966 5393 1309 5447 cireumfulsit
1335 5410 1457 5448 eum
1485 5396 1618 5466 (Act.
1647 5397 1745 5462 ix).
1775 5441 1780 5446 .

197 5481 463 5540 Parvulas
501 5481 714 5543 dicitur,
753 5481 876 5548 quia
922 5481 1153 5536 non'dum
1205 5483 1255 5534 in
1285 5498 1442 5536 carne
1489 5493 1748 5537 maturam

199 5572 340 5628 fidei
353 5554 563 5626 aetatem
589 5569 824 5638 gerebat.
869 5569 1016 5624 Unde
1047 5571 1203 5622 etiam
1235 5578 1288 5622 et
1321 5570 1625 5649 adolescens
1674 5571 1742 5623 le-

197 5662 361 5732 gitur,
414 5655 627 5728 quando
672 5657 1013 5736 lapidamium
1063 5657 1384 5726 Stephanum
1433 5660 1745 5713 vestimenta

1851 4513 2036 4552 eorum
2073 4498 2129 4551 in
2152 4507 2264 4568 toto
2300 4499 2390 4554 illo
2415 4507 2650 4568 tempore
2676 4513 2780 4565 quo
2808 4498 3170 4564 turbabantur,
3209 4501 3276 4553 ad
3308 4501 3392 4580 fu-

1852 4595 2025 4651 turam
2055 4587 2278 4658 gloriam
2320 4588 2708 4651 exsultatiouis,
2738 4602 2856 4656 quae
2899 4588 2950 4640 in
2979 4589 3054 4642 eis
3090 4587 3261 4647 fuerat
3306 4606 3392 4645 rc-

1850 4678 2098 4744 velanda,
2143 4676 2308 4732 fratre
2343 4679 2578 4748 cognito,
2613 4691 2769 4745 quem
2808 4691 2840 4730 a
2879 4693 2938 4731 se
2971 4678 3232 4746 perditum
3276 4695 3392 4736 esse

1850 4769 2266 4824 arbitrabantur.
2872 4808 2879 4814 ο
2983 4762 2985 4764 ’

1921 4858 2019 4915 Cui
2053 4857 2224 4912 Iudas
2248 4873 2266 4910 :
2291 4856 2427 4920 Quid
2468 4854 2897 4925 respondebimsts,
2947 4855 3136 4924 inquit,
3185 4856 3390 4910 domino

1851 4962 1983 5012 meo,
2022 4945 2099 4999 vet
2124 4945 2249 5014 quid
2285 4944 2571 5014 loquemur,
2615 4954 2704 4998 aut
2732 4943 2875 5012 juste
2905 4944 3180 5011 poterimus
3218 4945 3390 4998 ob.’en-

1815 5035 2017 5091 dere)
2059 5033 2199 5089 Deus
2260 5034 2446 5087 invenit
2496 5033 2812 5101 iniquita.em
2853 5036 3112 5085 seruorum
3153 5049 3386 5100 suorum.

1852 5123 2154 5176 Enomnes
2191 5120 2321 5173 serui
2369 5135 2544 5172 sumus
2585 5117 2782 5169 domini
2817 5119 2945 5184 mei,
2984 5129 3029 5171 et
3060 5124 3228 5174 noset
3252 5121 3391 5189 apud

1850 5225 1997 5280 quem
2035 5210 2275 5265 inuentus.
2296 5216 2368 5260 est
2408 5206 2647 5276 scyphus,
2675 5215 2776 5260 etc.
2809 5205 2974 5292 Multa.
3005 5207 3058 5260 in
3089 5209 3392 5263 narratione

1847 5299 1995 5354 Iudae
2021 5299 2175 5352 aliter
2196 5295 2334 5351 dicta
2365 5304 2487 5350 sunt
2511 5307 2668 5365 quam
2698 5309 2816 5349 cum
2848 5296 2950 5350 illis
2973 5307 3152 5367 egerat
3172 5295 3386 5366 Ioseph,

1847 5387 2092 5457 quamvis
2129 5385 2265 5454 apud
2303 5399 2422 5438 eum
2465 5367 2797 5452 loqueretur,
2844 5393 2902 5439 ut
2946 5387 3162 5439 omnino
3194 5386 3258 5440 de
3305 5387 3390 5441 illa

1843 5463 2241 5530 insimulatione
2275 5473 2415 5541 quod
2451 5473 2817 5542 exploratores
2852 5483 3052 5538 essent,
3075 5473 3222 5529 nihil
3251 5475 3391 5529 dice-

1848 5575 2011 5620 retur.
2041 5563 2192 5628 Quod
2226 5571 2405 5616 utrum
2443 5562 2682 5617 consulto
2723 5563 2936 5618 tacitum
2974 5566 3063 5626 sit,
3102 5579 3168 5616 an
3209 5562 3392 5618 fecerit

1850 5652 2260 5726 perturbationis
2300 5650 2516 5714 oblivio,
2555 5665 2660 5709 non
2700 5661 2934 5722 apparet,
2994 5651 3123 5705 Nam
3169 5662 3222 5706 et
3265 5653 3392 5708 illud
