3948 6332
500 238 604 294 6ιὸ

1137 231 1200 287 Β.
1240 229 1491 288 RABANI
1533 229 1749 287 MAUR!
1788 225 2101 283 ARCIIIEP.
2142 223 2448 283 MOGUNT.
2489 225 2769 283 OPERUM
2806 219 2983 282 PARS
3026 226 3064 280 I.

3611 229 3723 285 διι

499 322 640 423 quod
692 330 941 404 dixerunt
983 361 1042 402 se
1088 346 1156 400 ab
1191 346 1306 416 ipso
1347 344 1542 412 Joseph
1596 323 1952 411 interrogatos
1999 353 2065 394 oe
2094 345 2138 401 Α
2171 343 2281 388 rate
2324 333 2629 404 quantocius
2675 335 2945 397 venientes,
2998 353 3088 388 nec
3136 338 3409 390 dimittatis
3451 337 3738 406 quidquam

451 430 457 436 ’
497 453 646 513 patre
675 451 728 495 et
761 440 925 494 fratre
951 453 1067 503 suo,
1101 453 1157 492 se
1191 447 1368 505 autem
1405 435 1489 486 illa
1527 430 1874 500 interroganti
1922 430 2052 483 indi-

498 548 674 595 casse,
704 531 896 583 mirum
932 530 975 583 si
1016 529 1094 583 vel
1132 527 1197 581 ad
1233 524 1551 580 sententiam
1595 528 1770 589 potest
1809 520 1908 572 ista
1938 534 2062 587 per-

498 623 684 674 venire
743 621 1008 682 narratio,
1069 626 1124 670 ut
1179 631 1294 670 eam
1355 620 1564 667 constet
1621 626 1738 665 esse
1793 625 2062 673 veracem,

499 727 805 780 quanquam
843 718 898 764 et
927 709 970 761 si
1009 708 1182 773 aliqua
1222 703 1353 757 falsa
1386 703 1437 755 in
1470 716 1530 755 ea
1562 711 1706 763 sunt,
1741 698 1849 754 falli
1889 699 2063 766 potius

498 819 593 872 per
620 803 937 856 oblivionem
982 798 1169 866 potuit,
1199 811 1358 864 quam
1406 793 1632 846 auderet
1675 790 1891 845 mentiri
1924 788 2060 857 apud

499 908 620 946 eum
649 891 964 959 prmsertim,
1001 888 1086 941 cui
1129 902 1230 940 non
1267 886 1409 938 sicut
1458 881 1737 943 nescienti,
1776 882 1869 935 sed
1901 881 2062 932 etiam

501 981 588 1035 illa
621 997 740 1048 qua;
778 986 1000 1032 noverat
1036 992 1157 1030 eum
1185 976 1342 1036 seire,
1377 975 1440 1028 ad
1478 973 1791 1027 ﬂectendum
1819 972 1935 1040 ejus
1966 970 2064 1023 mi-

499 1070 866 1133 sericordiam,
901 1068 1196 1121 narrationi
1238 1066 1528 1118 inserebat.

1080 1175 1301 1230 CAPUT
1342 1175 1469 1228 VIII.

502 1266 597 1319 Cbi
625 1265 814 1335 Ioseph
849 1267 1034 1335 fratres
1059 1268 1139 1318 sui
1166 1273 1472 1332 agnoscunt,
1499 1279 1632 1335 quos
1655 1261 1850 1335 remisit
1880 1278 1943 1312 aa
1970 1277 2063 1330 pa-

566 1349 694 1389 trem
729 1330 900 1395 suum,
945 1346 997 1387 ut
1028 1351 1141 1387 eum
1172 1330 1286 1386 cum
1328 1342 1437 1402 tota
1472 1333 1627 1384 domo
1674 1349 1773 1384 sua
1816 1330 2060 1384 ducerent

568 1407 634 1457 ad
667 1423 719 1459 se
754 1407 806 1459 in
843 1405 1147 1473 .‘Egyptum.

572 1507 715 1587 (Cir.
755 1515 899 1583 ην.)
949 1513 1059 1584 Ego
1112 1530 1250 1576 sum,
1296 1513 1370 1564 ait
1421 1509 1638 1580 Ioseph,
1668 1509 1831 1578 frater
1878 1518 2058 1572 vester,

491 1625 641 1676 quem
666 1606 966 1660 vendidistis
990 1605 1040 1657 in
1071 1604 1338 1673 /Egypto;
1368 1603 1524 1655 nolite
1540 1590 1760 1671 'pavere,
1804 1617 1891 1654 nec
1917 1601 2058 1653 vobis
2096 1662 2097 1666 η

2165 423 2229 477 de
2267 422 2570 493 supellectili
2599 435 2784 486 vestra,
2811 425 2932 493 quia
2963 440 3136 478 omnes
3167 424 3383 494 Αἴθρη)ιί
3410 442 3526 494 opes
3553 437 3739 479 vestris

2164 523 2332 566 erunt.
2364 512 2486 566 llaec
2533 515 2690 566 verba
2739 512 3030 567 Pharaonis
3080 529 3196 582 quae
3222 515 3285 568 de
3334 513 3496 570 Iacob
3521 523 3576 568 et
3607 514 3738 568 filiis

2163 602 2371 657 locutus
2397 611 2497 665 est,
2543 601 2840 672 significant
2884 601 3133 671 gaudium
3183 605 3391 673 gentilis
3441 605 3616 676 populi
3665 603 3737 658 ob

2165 695 2566 750 conversionem
2597 693 2916 747 .Iudaaorum.
2949 692 3134 763 Magna
3164 695 3276 746 sine
3316 696 3476 749 dubio
3518 705 3598 750 est
3641 695 3737 748 de-

2164 785 2305 838 votio
2336 783 2588 838 Ecclesia:
2631 778 2887 851 gentium,
2936 784 3078 850 quod
3128 783 3450 838 lsraelitieus
3506 785 3734 855 populus

2163 877 2227 929 ad
2260 877 2415 928 Iidem
2447 875 2864 942 Cliristiiveniet.
2908 874 3110 940 Quibus
3141 876 3183 929 si
3221 887 3616 941 convertantur,
3673 887 3731 932 et

2164 963 2281 1018 ﬁtICI
2311 964 2507 1017 Christi
2558 964 2844 1031 participes
2892 965 3209 1029 exstiterint,
3254 967 3517 1033 pronittit
3561 970 3731 1036 spiri-

2163 1053 2329 1106 tuales
2369 1067 2498 1121 Opes
2554 1053 2832 1114 virtutum,
2879 1060 2933 1105 et
2978 1053 3204 1121 gratiam
3255 1054 3483 1123 Spiritus
3531 1060 3730 1120 sancti,

2161 1163 2264 1217 qua
2297 1163 2450 1201 nemo
2476 1146 2563 1215 qui
2595 1144 2827 1214 perfecte
2855 1145 3072 1214 accipit,
3101 1145 3388 1215 indigentia
3414 1147 3536 1201 boni
3572 1149 3729 1201 labo-

2164 1237 2324 1291 rabit.

2237 1326 2488 1379 Fecerunt
2516 1326 2614 1394 ﬁlii
2653 1324 2820 1378 Israel
2858 1334 2912 1376 ut
2942 1340 3014 1376 ets
3043 1324 3343 1377 mandatum
3376 1324 3564 1389 fuerat.
3598 1323 3731 1387 Qui-

2163 1419 2255 1471 bus
2296 1418 2434 1469 dedit
2465 1416 2656 1484 Ioseph
2701 1415 2932 1484 plaustra
2973 1410 3252 1468 secundum
3297 1413 3587 1465 Pharaonis
3623 1416 3714 1465 im.

2161 1509 2381 1578 perium,
2407 1517 2454 1559 et
2485 1507 2678 1558 cibaria
2708 1507 2760 1556 in
2790 1506 2985 1569 itinere,
3017 1504 3330 1574 singulisque
3362 1504 3585 1572 proferri
3605 1505 3730 1572 jus-

2160 1601 2227 1653 sit
2256 1600 2403 1652 binas
2432 1597 2624 1659 stolas;
2656 1596 2929 1664 Benjamin
2957 1611 3070 1648 vero
3097 1595 3234 1646 dedit
3263 1603 3512 1648 trecentos
3543 1611 3730 1663 argen-

493 1700 684 1750 durum
711 1713 820 1750 esse
850 1697 1081 1749 videatur
1109 1696 1246 1764 quod
1283 1695 1580 1748 vendidistis
1612 1709 1690 1746 me
1714 1694 1766 1746 in
1789 1693 1868 1745 Itis
1895 1693 2058 1761 regio-
2087 1679 2133 1737 Β
2160 1697 2263 1740 teos
2291 1703 2407 1738 cum
2448 1686 2670 1754 quinque
2709 1683 2852 1736 stolis
2879 1684 3101 1752 optimis,
3144 1683 3454 1734 tantumdem
3491 1685 3726 1750 pecunia:

496 1788 670 1850 nibus,
695 1802 786 1854 pro
809 1786 975 1838 salute
1013 1787 1336 1838 enim'vestra
1366 1784 1613 1836 misit-me
1643 1784 1779 1835 Deus
1807 1793 1927 1835 ante
1951 1799 2054 1836 vos.

493 1876 770 1928 Biennium
793 1884 868 1927 est
908 1875 1040 1927 enim
1068 1876 1206 1942 quod
1239 1873 1399 1940 fames
1427 1874 1573 1941 carpit
1598 1889 1705 1926 esse
1736 1873 1789 1924 in
1819 1882 1977 1935 terra,
2013 1882 2060 1924 et

494 1967 664 2018 adhuc
701 1967 923 2034 quinque
948 1967 1068 2017 anni
1101 1976 1307 2025 restant,
1334 1965 1517 2030 quibus
1551 1980 1642 2016 nec
1678 1964 2054 2031 araripoterit,

494 2072 584 2107 nec
614 2056 752 2108 meti.
784 2054 1143 2122 Prazmisitque
1169 2071 1248 2106 me
1273 2053 1429 2115 Deus,
1466 2062 1516 2104 ut
1557 2054 1879 2104 reserremini
1907 2067 2060 2120 super

494 2152 706 2205 terram,
731 2153 777 2194 et
818 2151 960 2195 escas
991 2143 1348 2214 adviuendum
1376 2142 1560 2194 habere
1575 2142 1803 2211 possitis.
1834 2141 1955 2193 Non
1981 2157 2060 2193 ve-

493 2242 600 2283 stro
629 2230 864 2292 consilio,
901 2231 988 2283 sed
1030 2231 1124 2283 Dei
1167 2231 1263 2283 huc
1296 2229 1552 2283 voluntate
1577 2232 1781 2283 missus
1804 2245 1939 2291 sum,
1967 2230 2058 2298 qui

495 2319 613 2388 fecit
657 2335 736 2370 me
775 2320 922 2387 quasi
961 2315 1507 2387 patrem-Pharaonis,
1555 2326 1600 2368 et
1641 2317 1904 2369 dominum
1946 2317 2060 2368 uni-

494 2429 649 2465 verste
670 2412 853 2464 domus
883 2411 1016 2479 ejus,
1057 2429 1116 2462 ac
1143 2411 1423 2479 principem
1465 2412 1518 2462 in
1560 2412 1698 2462 omni
1725 2421 1863 2461 terra
1894 2408 2059 2478 [Egi]:

493 2503 584 2569 pti.
642 2499 778 2564 Quid
811 2508 892 2552 est
922 2500 1058 2565 quod
1085 2499 1214 2550 dicit
1255 2497 1469 2566 Ioseph,
1511 2496 1769 2550 Pra'misit
1797 2514 1872 2550 me
1895 2497 2054 2560 Deus,

492 2604 549 2644 ut
577 2593 897 2645 rescrvemini
924 2607 1075 2659 super
1098 2600 1308 2653 terram,
1339 2602 1381 2642 et
1411 2606 1552 2643 escas
1575 2591 1642 2642 ad
1670 2589 1938 2642 vivendum
1963 2590 2059 2641 ha—

495 2684 609 2734 bere
643 2681 890 2748 possitis?
933 2680 1081 2746 Quod
1125 2681 1275 2748 juxta
1307 2680 1408 2732 alia
1453 2679 1776 2745 exemplaria
1809 2679 1882 2731 ita
1925 2677 2055 2746 legi-

496 2777 583 2819 tur
611 2784 624 2818 :
654 2767 794 2820 Misit
818 2769 951 2820 enim
993 2783 1070 2817 me
1098 2766 1233 2818 Deus
1279 2775 1395 2817 ante
1425 2782 1530 2827 vos,
1567 2781 1828 2821 remanere
1867 2775 2058 2817 vestras

497 2857 741 2924 reliquias
768 2871 922 2923 super
943 2865 1151 2918 terram,
1180 2865 1224 2906 et
1271 2855 1497 2906 enutrire
1545 2864 1765 2906 vestrum
1812 2854 2057 2923 reliquia-

498 2950 653 3011 rium,
685 2950 876 3002 mirum
920 2959 1018 3002 est.
1065 2949 1170 3001 lloc
1199 2950 1339 3001 enim
1385 2966 1489 3002 non
1530 2967 1905 3021 usquequaque
1932 2969 2056 3007 con-

497 3048 675 3101 SOnat,
708 3047 762 3090 ut
806 3038 1054 3106 reliquias
1096 3038 1174 3091 vel
1220 3039 1584 3107 reliquiarium
1622 3044 1943 3111 accipiamus
1969 3044 2057 3098 Ia-

497 3131 596 3183 cob
622 3137 676 3182 et
701 3129 835 3182 filios
861 3128 1170 3196 ejus,leum
1225 3143 1411 3183 omnes
1458 3131 1564 3183 sint
1621 3131 1926 3186 incolumes.
1973 3134 2055 3187 An

495 3217 635 3271 forte
664 3217 928 3285 significat
969 3216 1117 3278 illud,
1149 3216 1254 3269 alto
1281 3227 1590 3287 secretoque
1620 3221 1887 3290 mysterio,
1918 3225 2057 3290 quod

501 3309 578 3361 ait
603 3307 907 3376 Apostolus,
941 3306 1187 3376 Reliquae
1227 3325 1317 3376 per
1360 3309 1652 3363 electionem
1679 3313 1861 3380 gratia:
1903 3312 2058 3366 salva:

499 3399 652 3465 facta:
692 3407 812 3450 sunt
844 3397 1014 3465 (Rom.
1082 3398 1179 3467 is),
1233 3392 1351 3463 quia
1395 3399 1649 3469 propheta
1697 3403 2052 3470 praedixerat:

498 3486 566 3538 Et
597 3487 640 3538 si
671 3486 824 3553 fuerit
854 3503 1094 3538 numerus
1126 3487 1352 3553 ﬁliorum
1397 3487 1564 3542 Israel
1601 3491 1732 3542 sicut
1760 3509 1917 3544 arena
1949 3511 2054 3545 ma-

498 3579 588 3639 ris,
639 3578 867 3645 reliquitv
904 3576 1058 3629 salva:
1098 3577 1218 3644 fient
1272 3577 1405 3647 (ιω.
1441 3595 1512 3643 x;
1559 3578 1676 3633 Ose.
1728 3581 1788 3650 ι).
1835 3583 1926 3636 Ad
1958 3584 2055 3636 hoc

497 3666 638 3718 enim
666 3666 871 3718 occisus
897 3673 979 3718 est
1008 3664 1253 3718 Christus
1289 3680 1317 3717 a
1359 3665 1555 3721 Iudaeis
1585 3678 1638 3722 et
1674 3671 1897 3722 traditus
1924 3686 2054 3739 gen-

500 3749 659 3811 tibus,
704 3758 956 3816 tanquam
996 3747 1189 3817 Joseph
1240 3748 1508 3818 Egyptiis
1537 3766 1565 3804 a
1613 3752 1882 3814 fratribus,
1915 3763 2057 3807 utet

496 3841 736 3908 reliquiae
760 3839 920 3892 Israel
941 3838 1108 3892 salvto
1142 3839 1345 3901 tierent,
1375 3841 1544 3913 .unde
1573 3841 1701 3893 dicit
1725 3834 2005 3910 Apostolus
2039 3861 2051 3896 :

501 3930 640 3982 Nam
668 3939 713 3981 et
738 3945 828 3997 ego
852 3927 1092 3982 Israelita
1136 3944 1278 3991 sum,
1325 3938 1372 3981 et
1411 3939 1473 3980 ut
1519 3929 1785 3998 plenitudo
1829 3934 2053 4001 gentium

497 4020 808 4079 itm'aret,-et
832 4019 906 4070 sic
933 4020 1096 4070 omnis
1132 4016 1300 4071 Israel
1345 4019 1518 4072 salvus
1561 4019 1704 4087 fieret
1748 4021 1916 4090 (Rom.
1954 4023 2051 4090 x1),

497 4110 548 4162 i-.l
579 4118 680 4169 est,
725 4124 790 4161 ex
826 4109 1062 4175 reliquiis
1084 4108 1244 4162 lsrael
1279 4107 1572 4166 secundum
1599 4125 1837 4175 carnem,
1871 4121 1923 4165 et
1947 4113 2055 4180 ple-

497 4198 741 4250 nitudine
761 4198 992 4264 gentium
1014 4212 1135 4262 qua:
1165 4199 1216 4251 in
1251 4198 1354 4252 fide
1385 4198 1582 4256 Christi
1626 4202 2051 4270 secundumspi-

497 4288 656 4340 ritum
689 4293 811 4338 sunt
845 4285 1030 4339 Israel.
1059 4288 1163 4342 Aut
1199 4288 1241 4340 si
1270 4297 1335 4342 et.
1357 4289 1499 4357 genti
1534 4288 1603 4341 illi
1632 4290 1933 4345 Israelitico
1974 4308 2054 4346 re-

495 4385 600 4428 stat
630 4375 750 4428 lidei
774 4375 1062 4443 plenitudo,
1101 4391 1165 4429 ex
1196 4391 1298 4444 qua
1326 4370 1482 4432 erant
1511 4377 1841 4445 reliqttite,.in
1865 4382 2055 4449 quibus

495 4464 734 4531 reliquiis
756 4499 760 4503 -
779 4474 900 4518 tunc
926 4473 982 4518 et
1005 4467 1232 4533 apostoli
1257 4466 1404 4522 salvi
1444 4465 1732 4531 factisunt,
1767 4471 1868 4524 hoc
1892 4472 2055 4542 signi-

494 4553 777 4607 tieaturea
804 4553 1152 4621 plenitudine
1198 4555 1524 4610 liberatiouis
1571 4556 1752 4622 Israel,
1796 4574 1908 4628 qua
1958 4577 2054 4630 per

496 4639 710 4708 Moysen
738 4654 800 4692 ex
831 4639 1060 4710 Egypto
1092 4641 1297 4695 liberati
1329 4652 1468 4696 sunt.

566 4729 912 4799 Auditumque
964 4740 1038 4784 est
1099 4743 1146 4783 et
1189 4732 1371 4787 celebri
1418 4751 1648 4793 sermone
1693 4737 1953 4807 vulgatum
1997 4741 2050 4794 in

497 4815 620 4868 aula
648 4819 778 4886 regis
801 4835 818 4870 :
875 4817 1130 4872 Venerunt
1175 4819 1363 4888 fratres
1408 4821 1622 4892 Ioseph,
1650 4835 1697 4879 et
1735 4828 1938 4895 gauisus
1980 4841 2054 4884 est

499 4906 709 4959 Pluu'ao
736 4919 885 4977 atque
903 4911 1293 4979 omnisfamilia
1310 4913 1460 4980 ejus;
1485 4913 1715 4983 dixitque
1745 4917 1813 4967 ad
1843 4915 2050 4987 Ioseph.

499 5008 554 5046 ut
581 4996 865 5064 imperaret
918 4997 1168 5068 fratribus
1216 5003 1326 5056 suis
1356 5003 1553 5060 .diceus
1578 5017 1595 5053 :
1643 5003 1932 5059 Onerantes
1965 5007 2057 5074 ju-

497 5085 786 5148 menta,.ite
807 5086 863 5137 in
887 5094 1080 5139 terram
1121 5088 1390 5154 Chanaan,
1421 5100 1470 5144 et
1509 5091 1670 5145 tollite
1690 5093 1831 5148 -ietde
1858 5106 2054 5162 patrem

483 5185 815 5238 vestiam-et
841 5177 1217 5244 cognationem,
1247 5188 1297 5230 et
1328 5179 1493 5237 venite
1515 5180 1583 5234 ad
1609 5195 1706 5242 me,
1728 5189 1778 5232 et
1804 5197 1898 5249 ego
1919 5181 2053 5235 dabo

493 5264 832 5320 vobiswia
873 5265 1006 5320 bona
1054 5263 1287 5332 .Egypti,
1342 5277 1397 5318 ut
1442 5268 1727 5320 comedatis
1774 5268 2054 5320 medullam

494 5352 1132 5424 terrm.-I’rtvcipe-etittm
1189 5366 1244 5407 ut
1286 5357 1468 5410 tollant
1519 5357 1755 5427 plaustra
1795 5361 1870 5413 .de
1911 5371 2054 5414 terra

497 5443 734 5512 .Egypti,
766 5445 833 5496 ad
861 5445 1233 5500 subiectionem
1261 5444 1591 5512 parvulorum
1614 5463 1830 5500 suorum
1857 5457 1904 5500 et
1932 5465 2055 5501 con-

489 5531 697 5598 juguut,
726 5549 785 5585 ac
810 5534 964 5584 dicito
991 5546 1006 5581 :
1038 5531 1223 5584 Tollite
1260 5543 1456 5601 patrem
1502 5544 1740 5597 vestrum,
1786 5544 1833 5587 et
1877 5551 2053 5604 pmpe-

2160 1792 2204 1835 et
2234 1786 2445 1834 vestium
2473 1780 2677 1835 mittens
2705 1779 2839 1844 patri
2865 1777 3205 1841 suo,addens
3231 1779 3303 1829 eis
3328 1777 3498 1828 asinos
3523 1777 3720 1840 decem,

2158 1875 2246 1943 qui
2289 1873 2618 1925 subveherent
2647 1887 2708 1923 ea:
2754 1871 2988 1926 omnibus
3021 1871 3211 1922 divitiis
3251 1869 3494 1938 ngypti,
3527 1879 3574 1922 et
3603 1870 3722 1922 toti-

2157 1963 2272 2016 dem
2321 1963 2497 2014 asinus
2541 1961 2766 2021 triticum
2809 1961 2858 2011 in
2901 1960 3100 2022 itinere,
3133 1975 3391 2028 partesque
3432 1969 3718 2027 portantes.

2159 2050 2348 2121 (Isid.)
2395 2050 2511 2102 Daii
2563 2057 2684 2101 sunt
2730 2046 3003 2114 Benjamin
3053 2050 3269 2101 trecenti
3311 2049 3548 2116 argentei
3595 2064 3717 2101 cum

2158 2129 2570 2209 quinquestolis
2598 2137 2831 2204 optimis.
2863 2137 3151 2191 Trecentos
3197 2148 3478 2204 argenteos
3506 2152 3533 2188 a
3563 2135 3720 2189 Chri-

2115 2240 2239 2291 -διο
2301 2230 2524 2298 accipit,
2577 2231 2876 2296 quicunque
2927 2229 3178 2295 praedicat
3237 2227 3550 2282 Trinitatem
3606 2229 3720 2282 sive

2157 2317 2352 2372 Christi
2397 2333 2638 2380 crucem;
2683 2316 2903 2384 ideoque
2951 2317 3147 2370 Paulus
3181 2317 3253 2370 ait
3289 2334 3300 2368 :
3351 2317 3532 2386 Neque
3571 2320 3715 2370 enim

2147 2406 2383 2473 judicavi
2414 2406 2546 2457 scire
2575 2422 2651 2456 me
2677 2404 2872 2474 aliquid
2901 2406 3033 2460 inter
3062 2422 3168 2470 vos,
3202 2407 3299 2458 nisi
3333 2404 3595 2458 Christum
3625 2406 3718 2460 Ie-

2154 2511 2289 2557 sum,
2319 2504 2362 2546 et
2396 2495 2531 2548 hunc
2567 2495 2869 2560 cruci/imum
2913 2493 2958 2563 (I
2989 2493 3108 2547 Cor.
3141 2496 3217 2564 tt).
3262 2495 3506 2564 Quinque
3551 2496 3718 2552 stolas

2152 2585 2370 2652 accipit,
2399 2585 2448 2638 id
2477 2593 2562 2638 est
2581 2585 2899 2653 sapientium
2926 2586 3266 2655 omniumque
3295 2604 3546 2646 sensuum
3578 2588 3711 2642 mul-

2157 2658 2361 2743 tiplices
2413 2674 2737 2742 disciplinas.
2791 2674 3048 2728 Prtecellit
3093 2691 3218 2744 ergo
3269 2676 3483 2741 Paulus,
3531 2679 3715 2748 eisque

2155 2762 2413 2814 exuberat
2457 2763 2632 2828 portio
2679 2763 3007 2816 meritorum.
3056 2763 3160 2820 Sed
3213 2774 3387 2820 tamen
3423 2765 3620 2820 habent
3661 2774 3718 2820 et

2157 2850 2369 2914 fratres,
2394 2851 2444 2905 id
2470 2859 2569 2914 est,
2596 2852 2682 2903 alii
2714 2853 3086 2920 praedicatores
3110 2855 3333 2922 gratiam
3361 2869 3531 2919 suam,
3562 2856 3716 2910 binas

2156 2943 2337 3005 stolas,
2368 2943 2421 2996 id
2449 2952 2636 3005 est,.,ut
2658 2942 3008 3001 conﬁteantur
3035 2944 3302 2998 Christum
3326 2955 3379 2997 et
3405 2947 3569 3000 Deum
3595 2961 3716 3001 esse

2158 3041 2213 3086 et
2242 3033 2507 3089 hominem
2533 3031 2683 3099 juxta
2712 3033 2850 3100 quod
2881 3033 2932 3084 in
2963 3031 3264 3087 Proverbiis
3301 3034 3556 3102 loquitur,
3591 3033 3714 3089 0m-

2159 3140 2245 3176 nes
2279 3123 2541 3176 domestici
2567 3123 2678 3190 ejus
2714 3123 2876 3174 vestiti
2895 3133 3022 3176 sunt
3049 3123 3336 3192 duplicibus
3363 3123 3542 3190 (Prov.
3568 3125 3714 3193 ιιι).

2156 3215 2208 3268 id
2237 3215 2582 3283 est,tmystica
2618 3214 2695 3265 vel
2725 3215 2909 3266 morali
2954 3214 3311 3282 intelligentia.
3352 3214 3636 3271 Mittuntur
3661 3224 3716 3267 et

2156 3306 2294 3374 patri
2329 3318 2573 3365 munera,
2599 3303 3262 3365 Filius,honoratPatrem,
3289 3303 3532 3356 Christus
3553 3317 3717 3371 p0th-

2157 3400 2272 3454 lum.
2291 3414 2444 3453 suum
2475 3398 2750 3467 promissis
2784 3398 2969 3452 imitat
2997 3397 3321 3452 muneribus.
3354 3396 3574 3450 Portant
3604 3397 3718 3449 hate.

2157 3503 2376 3540 munera
2405 3487 2537 3539 asini
2574 3487 2668 3548 illi,
2693 3487 2913 3555 gentiles
2946 3486 3156 3543 inutiles
3185 3494 3237 3539 et
3275 3485 3546 3548 laboriosi,
3575 3500 3719 3539 nunc

2153 3586 2331 3630 autem
2358 3577 2513 3633 utiles
2539 3585 2749 3645 portant
2780 3579 2830 3629 in
2858 3586 2980 3646 typo
3002 3576 3197 3631 Christi
3230 3592 3477 3633 munera.
3492 3577 3719 3631 Portant

2152 3667 2208 3720 in
2241 3666 2525 3733 Evangelio
2553 3681 2832 3722 munerum
2865 3666 3187 3735 largitorem.
3432 3722 3434 3724 τ

2226 3755 2430 3810 Dimisit
2459 3770 2578 3823 ergo
2625 3755 2808 3823 fratres
2836 3772 2990 3818 suos;
3020 3754 3459 3822 proﬁciscentibus
3478 3756 3561 3806 .ait
3584 3769 3601 3804 :
3635 3755 3717 3809 Ne

2152 3844 2452 3900 irascamini
2495 3845 2558 3903 in,
2582 3845 2679 3898 via.
2707 3843 2808 3907 Qui
2840 3845 3165 3906 ascendentes
3201 3859 3263 3896 ea:
3285 3841 3535 3912 .Egypto,
3570 3860 3719 3896 cene-

2155 3943 2272 3988 runt
2301 3936 2353 3986 in
2398 3944 2585 3987 terram
2626 3934 2871 3996 Chanaan
2902 3935 2970 3987 ad
3003 3945 3199 4003 patrem
3246 3951 3399 4022 spum
3422 3935 3632 3998 Iacob,
3669 3947 3717 3988 et

2155 4027 2516 4083 nuntiaverunt
2545 4025 2590 4077 ei
2622 4025 2844 4088 dicentes
2879 4040 2893 4074 :
2927 4024 3112 4093 Ioseph
3152 4025 3288 4086 vivit,
3316 4033 3363 4076 et
3402 4025 3508 4092 ipse
3549 4025 3720 4077 domi-

2133 4123 2309 4165 .natur
2359 4115 2410 4166 in
2457 4115 2592 4166 omni
2640 4125 2775 4165 terra
2821 4113 3070 4181 rEgypti,
3111 4121 3214 4167 etc.
3259 4111 3718 4181 Dittiisit.IosepIt

2153 4189 2349 4267 fratres
2396 4219 2520 4264 suos
2554 4205 2641 4271 qui
2687 4203 3064 4263 nuntiaverunt
3107 4203 3241 4272 patri
3288 4219 3384 4257 suo
3434 4204 3713 4261 dicentes:
3752 4217 3760 4226 λ

2154 4293 2347 4363 Ioseph
2378 4295 2518 4357 vivit,
2546 4304 2594 4354 et
2613 4295 2727 4362 ipse
2751 4304 2824 4353 est
2859 4292 3108 4354 dominus,
3124 4293 3184 4347 in
3212 4293 3348 4346 muni
3383 4302 3518 4345 terra
3548 4291 3717 4361 Αἶαν.

2155 4385 2249 4452 pti.
2273 4384 2695 4451 Expavitantom
2719 4380 2902 4446 Jaeob,
2927 4381 3088 4446 idest
3104 4380 3262 4451 plebs
3285 4380 3581 4436 incredula.
3609 4380 3717 4435 Sed

2155 4481 2442 4557 postquam
2458 4471 2667 4542 Christi
2710 4481 2858 4539 gesta
2901 4471 3241 4539 cognoverit,
3288 4470 3571 4528 reviviscet
3602 4472 3714 4538 spi-

2155 4553 2286 4616 ritus
2320 4561 2455 4628 ejus,
2482 4571 2535 4615 et
2563 4561 2650 4628 qui
2701 4570 2939 4620 mortuus
2969 4561 3270 4624 videbatur,
3315 4553 3440 4616 fidei
3467 4576 3714 4616 resurre-

2151 4651 2344 4705 ctionis
2368 4649 2562 4705 Christi
2595 4649 2911 4702 viviﬁcatnr.
2944 4649 3173 4710 Vocatur
3202 4664 3326 4718 ergo
3356 4665 3386 4701 a
3416 4648 3542 4704 ﬁliis
3577 4650 3713 4710 suis,

2154 4738 2205 4792 id
2229 4737 2340 4801 est',
2377 4755 2406 4791 ει
2436 4737 2615 4801 Petro,
2665 4737 2844 4799 Paulo,
2881 4735 3105 4800 Joanne,
3144 4739 3367 4807 p0pulus
3407 4737 3712 4813 Iudtrorum

2153 4826 2415 4893 invitatur.
2433 4828 2500 4880 ad
2526 4826 2770 4896 gratiam.
2799 4824 3043 4882 Occurrit
3083 4826 3156 4879 illi
3186 4825 3349 4882 Iudas
3371 4829 3510 4895 quod
3540 4823 3708 4881 intin-

2154 4923 2416 4982 pretatum
2445 4923 2529 4968 est
2563 4914 2829 4981 confessio,
2853 4916 2976 4982 quia
3005 4916 3254 4985 pmcedit
3277 4909 3387 4982 jam
3423 4913 3708 4978 confessio,

2155 5017 2287 5070 quos
2329 5011 2452 5056 aute
2480 5003 2697 5071 perﬁdia
2743 5005 3076 5071 possidebat;
3107 5014 3161 5059 et
3206 5002 3505 5073 sicJoseph
3549 5020 3710 5058 verus

2155 5091 2398 5145 Christus
2424 5092 2683 5154 occurrit,
2726 5091 2815 5159 qui
2857 5105 3036 5148 senem
3079 5091 3186 5159 iam
3229 5099 3388 5146 tctate
3417 5094 3708 5161 suscipiat,

2156 5178 2356 5233 ultimis
2386 5180 2715 5249 temporibus
2756 5179 3002 5250 populum
3028 5178 3350 5244 Iudaeorum,
3380 5195 3708 5238 nauseam-

2157 5268 2280 5322 dum
2307 5267 2447 5322 illius
2480 5268 2690 5332 merita,
2729 5271 2821 5323 sed
2865 5269 3151 5326 secundum
3173 5268 3491 5328 electionem
3525 5271 3712 5339 gratias

2157 5371 2288 5417 suae,
2315 5366 2370 5411 et
2397 5357 2618 5426 imponit
2665 5372 2875 5411 manum
2919 5372 3078 5427 super
3103 5357 3283 5410 oculos
3305 5357 3441 5425 ejus,
3468 5363 3528 5416 et,
3548 5357 3708 5420 eieci-

2159 5459 2320 5510 tatem
2345 5449 2536 5503 aufert.
2563 5449 2724 5518 Cujus
2754 5452 2888 5506 idem
2929 5451 3134 5506 distulit
3176 5451 3487 5517 caecitatem,
3519 5460 3590 5506 ut
3617 5465 3711 5519 po-

2156 5551 2384 5592 stremus
2421 5538 2676 5602 crederet,
2709 5543 2796 5609 qui
2823 5550 2943 5595 ante
2967 5556 3067 5595 non
3096 5542 3264 5610 potuit
3291 5556 3410 5597 esse
3437 5540 3709 5597 credulas.
