  <div class='ocr_page' id='page_1' title='image "/cluster/home/n/w/nwhite01/storage/ocr_20150623/107/uva.x000827064/330.png"; bbox 0 0 3948 6338; ppageno 0'>
   <div class='ocr_carea' id='block_1_1' title="bbox 196 370 295 425">
    <p class='ocr_par' dir='ltr' id='par_1_1' title="bbox 196 370 295 425">
     <span class='ocr_line' id='line_1_1' title="bbox 196 370 295 425; baseline 0 0"><span class='ocrx_word' id='word_1_1' title='bbox 196 370 295 425; x_wconf 73' lang='grc'><strong><em>649</em></strong></span> 
     </span>
    </p>
   </div>
   <div class='ocr_carea' id='block_1_2' title="bbox 1146 357 2398 420">
    <p class='ocr_par' dir='ltr' id='par_1_2' title="bbox 1146 357 2398 420">
     <span class='ocr_line' id='line_1_2' title="bbox 1146 357 2398 420; baseline -0.006 -2"><span class='ocrx_word' id='word_1_2' title='bbox 1146 404 1147 407; x_wconf 60' lang='grc' dir='ltr'><strong>η</strong></span> <span class='ocrx_word' id='word_1_3' title='bbox 1194 362 1539 420; x_wconf 81' lang='lat' dir='ltr'><strong><em>COMMENT.</em></strong></span> <span class='ocrx_word' id='word_1_4' title='bbox 1580 360 1644 412; x_wconf 85' lang='lat' dir='ltr'><strong><em>IN</em></strong></span> <span class='ocrx_word' id='word_1_5' title='bbox 1685 357 2001 413; x_wconf 74' lang='lat' dir='ltr'><strong><em>GENESIM.</em></strong></span> <span class='ocrx_word' id='word_1_6' title='bbox 2040 390 2107 412; x_wconf 61' lang='grc' dir='ltr'><strong><em>τ-</em></strong></span> <span class='ocrx_word' id='word_1_7' title='bbox 2145 360 2269 414; x_wconf 82' lang='lat' dir='ltr'><strong><em>LIB.</em></strong></span> <span class='ocrx_word' id='word_1_8' title='bbox 2313 358 2398 411; x_wconf 84' lang='lat' dir='ltr'><strong><em>IV.</em></strong></span> 
     </span>
    </p>
   </div>
   <div class='ocr_carea' id='block_1_3' title="bbox 3281 359 3380 410">
    <p class='ocr_par' dir='ltr' id='par_1_3' title="bbox 3281 359 3380 410">
     <span class='ocr_line' id='line_1_3' title="bbox 3281 359 3380 410; baseline -0.02 0"><span class='ocrx_word' id='word_1_9' title='bbox 3281 359 3380 410; x_wconf 72' lang='grc' dir='ltr'><strong><em>(ἰῖίο</em></strong></span> 
     </span>
    </p>
   </div>
   <div class='ocr_carea' id='block_1_4' title="bbox 193 470 3380 547">
    <p class='ocr_par' dir='ltr' id='par_1_4' title="bbox 193 470 3380 547">
     <span class='ocr_line' id='line_1_4' title="bbox 193 470 3380 547; baseline -0.005 -5"><span class='ocrx_word' id='word_1_10' title='bbox 193 488 477 547; x_wconf 61' lang='lat' dir='ltr'><strong><em>duxissent,</em></strong></span> <span class='ocrx_word' id='word_1_11' title='bbox 500 482 637 535; x_wconf 85' lang='lat' dir='ltr'><strong><em>dedit</em></strong></span> <span class='ocrx_word' id='word_1_12' title='bbox 667 481 736 533; x_wconf 88' lang='lat' dir='ltr'><strong><em>eis</em></strong></span> <span class='ocrx_word' id='word_1_13' title='bbox 766 480 1007 532; x_wconf 88' lang='lat' dir='ltr'><strong><em>alimenta</em></strong></span> <span class='ocrx_word' id='word_1_14' title='bbox 1035 494 1127 546; x_wconf 89' lang='lat' dir='ltr'><strong><em>pro</em></strong></span> <span class='ocrx_word' id='word_1_15' title='bbox 1153 479 1292 546; x_wconf 89' lang='lat' dir='ltr'><strong><em>equis</em></strong></span> <span class='ocrx_word' id='word_1_16' title='bbox 1321 517 1334 541; x_wconf 93' lang='lat'><strong><em>,</em></strong></span> <span class='ocrx_word' id='word_1_17' title='bbox 1378 492 1424 528; x_wconf 81' lang='lat' dir='ltr'><strong><em>et</em></strong></span> <span class='ocrx_word' id='word_1_18' title='bbox 1472 476 1665 536; x_wconf 83' lang='lat' dir='ltr'><strong><em>ovibus,</em></strong></span> <span class='ocrx_word' id='word_1_19' title='bbox 1693 479 1737 523; x_wconf 88' lang='lat' dir='ltr'><strong><em>et</em></strong></span> <span class='ocrx_word' id='word_1_20' title='bbox 1770 479 1816 530; x_wconf 82' lang='grc' dir='ltr'><strong>Α</strong></span> <span class='ocrx_word' id='word_1_21' title='bbox 1843 473 2215 540; x_wconf 84' lang='lat' dir='ltr'><strong><em>dispensantur</em></strong></span> <span class='ocrx_word' id='word_1_22' title='bbox 2242 489 2337 541; x_wconf 88' lang='lat' dir='ltr'><strong><em>pro</em></strong></span> <span class='ocrx_word' id='word_1_23' title='bbox 2369 472 2585 525; x_wconf 85' lang='lat' dir='ltr'><strong><em>meritis.</em></strong></span> <span class='ocrx_word' id='word_1_24' title='bbox 2640 470 2744 539; x_wconf 81' lang='lat' dir='ltr'><strong><em>lloe</em></strong></span> <span class='ocrx_word' id='word_1_25' title='bbox 2790 480 2841 523; x_wconf 86' lang='lat' dir='ltr'><strong><em>et</em></strong></span> <span class='ocrx_word' id='word_1_26' title='bbox 2873 472 3063 526; x_wconf 75' lang='lat' dir='ltr'><strong><em>l‘aidus</em></strong></span> <span class='ocrx_word' id='word_1_27' title='bbox 3090 474 3233 535; x_wconf 77' lang='lat' dir='ltr'><strong><em>fecit,</em></strong></span> <span class='ocrx_word' id='word_1_28' title='bbox 3264 489 3380 527; x_wconf 89' lang='lat' dir='ltr'><strong><em>cum</em></strong></span> 
     </span>
    </p>
   </div>
   <div class='ocr_carea' id='block_1_5' title="bbox 194 567 1736 641">
    <p class='ocr_par' dir='ltr' id='par_1_5' title="bbox 194 567 1736 641">
     <span class='ocr_line' id='line_1_5' title="bbox 194 567 1736 641; baseline -0.012 -9"><span class='ocrx_word' id='word_1_29' title='bbox 194 580 382 641; x_wconf 88' lang='lat' dir='ltr'><strong><em>bobus,</em></strong></span> <span class='ocrx_word' id='word_1_30' title='bbox 427 586 473 628; x_wconf 88' lang='lat' dir='ltr'><strong><em>et</em></strong></span> <span class='ocrx_word' id='word_1_31' title='bbox 503 575 697 637; x_wconf 78' lang='lat' dir='ltr'><strong><em>asinis;</em></strong></span> <span class='ocrx_word' id='word_1_32' title='bbox 752 572 1148 639; x_wconf 84' lang='lat' dir='ltr'><strong><em>sustentavitque</em></strong></span> <span class='ocrx_word' id='word_1_33' title='bbox 1195 584 1279 620; x_wconf 88' lang='lat' dir='ltr'><strong><em>eos</em></strong></span> <span class='ocrx_word' id='word_1_34' title='bbox 1326 567 1415 619; x_wconf 87' lang='lat' dir='ltr'><strong><em>illo</em></strong></span> <span class='ocrx_word' id='word_1_35' title='bbox 1468 583 1603 619; x_wconf 86' lang='lat' dir='ltr'><strong><em>anno</em></strong></span> <span class='ocrx_word' id='word_1_36' title='bbox 1644 580 1736 632; x_wconf 87' lang='lat' dir='ltr'><strong><em>pro</em></strong></span> 
     </span>
    </p>
   </div>
   <div class='ocr_carea' id='block_1_6' title="bbox 193 658 1738 731">
    <p class='ocr_par' dir='ltr' id='par_1_6' title="bbox 193 658 1738 731">
     <span class='ocr_line' id='line_1_6' title="bbox 193 658 1738 731; baseline -0.012 -13"><span class='ocrx_word' id='word_1_37' title='bbox 193 664 593 718; x_wconf 71' lang='lat' dir='ltr'><strong><em>commutatione</em></strong></span> <span class='ocrx_word' id='word_1_38' title='bbox 629 677 886 731; x_wconf 85' lang='lat' dir='ltr'><strong><em>pecorum.</em></strong></span> <span class='ocrx_word' id='word_1_39' title='bbox 943 658 1198 711; x_wconf 78' lang='lat' dir='ltr'><strong><em>Venerunt</em></strong></span> <span class='ocrx_word' id='word_1_40' title='bbox 1241 671 1439 725; x_wconf 90' lang='lat' dir='ltr'><strong><em>quoque</em></strong></span> <span class='ocrx_word' id='word_1_41' title='bbox 1480 668 1616 706; x_wconf 89' lang='lat' dir='ltr'><strong><em>anno</em></strong></span> <span class='ocrx_word' id='word_1_42' title='bbox 1650 672 1738 708; x_wconf 46' lang='lat' dir='ltr'><strong><em>ser</em></strong></span> 
     </span>
    </p>
   </div>
   <div class='ocr_carea' id='block_1_7' title="bbox 194 746 1742 816">
    <p class='ocr_par' dir='ltr' id='par_1_7' title="bbox 194 746 1742 816">
     <span class='ocr_line' id='line_1_7' title="bbox 194 746 1742 816; baseline -0.007 -8"><span class='ocrx_word' id='word_1_43' title='bbox 194 755 386 816; x_wconf 83' lang='lat' dir='ltr'><strong><em>cando,</em></strong></span> <span class='ocrx_word' id='word_1_44' title='bbox 412 763 457 805; x_wconf 86' lang='lat' dir='ltr'><strong><em>et</em></strong></span> <span class='ocrx_word' id='word_1_45' title='bbox 484 752 719 804; x_wconf 73' lang='lat' dir='ltr'><strong><em>dixerunt</em></strong></span> <span class='ocrx_word' id='word_1_46' title='bbox 750 751 797 802; x_wconf 88' lang='lat' dir='ltr'><strong><em>ei</em></strong></span> <span class='ocrx_word' id='word_1_47' title='bbox 835 766 852 803; x_wconf 90' lang='lat'><strong><em>:</em></strong></span> <span class='ocrx_word' id='word_1_48' title='bbox 884 746 1002 801; x_wconf 75' lang='lat' dir='ltr'><strong><em>Non</em></strong></span> <span class='ocrx_word' id='word_1_49' title='bbox 1040 746 1265 801; x_wconf 85' lang='lat' dir='ltr'><strong><em>celamus</em></strong></span> <span class='ocrx_word' id='word_1_50' title='bbox 1313 746 1519 798; x_wconf 89' lang='lat' dir='ltr'><strong><em>domino</em></strong></span> <span class='ocrx_word' id='word_1_51' title='bbox 1567 751 1742 797; x_wconf 86' lang='lat' dir='ltr'><strong><em>nostra</em></strong></span> 
     </span>
    </p>
   </div>
   <div class='ocr_carea' id='block_1_8' title="bbox 192 833 1739 913">
    <p class='ocr_par' dir='ltr' id='par_1_8' title="bbox 192 833 1739 913">
     <span class='ocr_line' id='line_1_8' title="bbox 192 833 1739 913; baseline -0.007 -20"><span class='ocrx_word' id='word_1_52' title='bbox 192 845 331 913; x_wconf 84' lang='lat' dir='ltr'><strong><em>quod</em></strong></span> <span class='ocrx_word' id='word_1_53' title='bbox 366 843 629 911; x_wconf 59' lang='lat' dir='ltr'><strong><em>deficiente</em></strong></span> <span class='ocrx_word' id='word_1_54' title='bbox 660 840 896 910; x_wconf 79' lang='lat' dir='ltr'><strong><em>pecunia,</em></strong></span> <span class='ocrx_word' id='word_1_55' title='bbox 927 847 973 891; x_wconf 89' lang='lat' dir='ltr'><strong><em>et</em></strong></span> <span class='ocrx_word' id='word_1_56' title='bbox 1018 853 1200 905; x_wconf 84' lang='lat' dir='ltr'><strong><em>pecora</em></strong></span> <span class='ocrx_word' id='word_1_57' title='bbox 1246 833 1399 889; x_wconf 88' lang='lat' dir='ltr'><strong><em>simul</em></strong></span> <span class='ocrx_word' id='word_1_58' title='bbox 1427 834 1739 898; x_wconf 85' lang='lat' dir='ltr'><strong><em>defecerunt,</em></strong></span> 
     </span>
    </p>
   </div>
   <div class='ocr_carea' id='block_1_9' title="bbox 195 920 1742 1001">
    <p class='ocr_par' dir='ltr' id='par_1_9' title="bbox 195 920 1742 1001">
     <span class='ocr_line' id='line_1_9' title="bbox 195 920 1742 1001; baseline -0.012 -14"><span class='ocrx_word' id='word_1_59' title='bbox 195 951 286 1001; x_wconf 85' lang='lat' dir='ltr'><strong><em>nec</em></strong></span> <span class='ocrx_word' id='word_1_60' title='bbox 319 933 451 986; x_wconf 86' lang='lat' dir='ltr'><strong><em>clam</em></strong></span> <span class='ocrx_word' id='word_1_61' title='bbox 477 941 524 985; x_wconf 92' lang='lat' dir='ltr'><strong><em>te</em></strong></span> <span class='ocrx_word' id='word_1_62' title='bbox 570 941 641 984; x_wconf 90' lang='lat' dir='ltr'><strong><em>est</em></strong></span> <span class='ocrx_word' id='word_1_63' title='bbox 667 929 802 1000; x_wconf 91' lang='lat' dir='ltr'><strong><em>quod</em></strong></span> <span class='ocrx_word' id='word_1_64' title='bbox 833 929 1018 995; x_wconf 89' lang='lat' dir='ltr'><strong><em>absque</em></strong></span> <span class='ocrx_word' id='word_1_65' title='bbox 1047 924 1339 995; x_wconf 88' lang='lat' dir='ltr'><strong><em>corporibus</em></strong></span> <span class='ocrx_word' id='word_1_66' title='bbox 1366 935 1411 976; x_wconf 91' lang='lat' dir='ltr'><strong><em>et</em></strong></span> <span class='ocrx_word' id='word_1_67' title='bbox 1436 933 1595 984; x_wconf 88' lang='lat' dir='ltr'><strong><em>terra,</em></strong></span> <span class='ocrx_word' id='word_1_68' title='bbox 1619 920 1742 972; x_wconf 87' lang='lat' dir='ltr'><strong><em>nihil</em></strong></span> 
     </span>
    </p>
   </div>
   <div class='ocr_carea' id='block_1_10' title="bbox 194 1013 1742 1085">
    <p class='ocr_par' dir='ltr' id='par_1_10' title="bbox 194 1013 1742 1085">
     <span class='ocr_line' id='line_1_10' title="bbox 194 1013 1742 1085; baseline -0.01 -11"><span class='ocrx_word' id='word_1_69' title='bbox 194 1023 499 1076; x_wconf 79' lang='lat' dir='ltr'><strong><em>habeamus.</em></strong></span> <span class='ocrx_word' id='word_1_70' title='bbox 546 1019 652 1073; x_wconf 86' lang='lat' dir='ltr'><strong><em>Cur</em></strong></span> <span class='ocrx_word' id='word_1_71' title='bbox 679 1033 797 1085; x_wconf 87' lang='lat' dir='ltr'><strong><em>ergo</em></strong></span> <span class='ocrx_word' id='word_1_72' title='bbox 835 1016 1085 1068; x_wconf 87' lang='lat' dir='ltr'><strong><em>morimur</em></strong></span> <span class='ocrx_word' id='word_1_73' title='bbox 1123 1024 1170 1066; x_wconf 89' lang='lat' dir='ltr'><strong><em>te</em></strong></span> <span class='ocrx_word' id='word_1_74' title='bbox 1221 1013 1454 1065; x_wconf 75' lang='lat' dir='ltr'><strong><em>vidente?</em></strong></span> <span class='ocrx_word' id='word_1_75' title='bbox 1478 1020 1524 1062; x_wconf 88' lang='lat' dir='ltr'><strong><em>et</em></strong></span> <span class='ocrx_word' id='word_1_76' title='bbox 1556 1026 1648 1061; x_wconf 90' lang='lat' dir='ltr'><strong><em>nos</em></strong></span> <span class='ocrx_word' id='word_1_77' title='bbox 1696 1017 1742 1058; x_wconf 81' lang='lat' dir='ltr'><strong><em>rt</em></strong></span> 
     </span>
    </p>
   </div>
   <div class='ocr_carea' id='block_1_11' title="bbox 200 1104 1743 1167">
    <p class='ocr_par' dir='ltr' id='par_1_11' title="bbox 200 1104 1743 1167">
     <span class='ocr_line' id='line_1_11' title="bbox 200 1104 1743 1167; baseline -0.012 0"><span class='ocrx_word' id='word_1_78' title='bbox 200 1125 340 1167; x_wconf 89' lang='lat' dir='ltr'><strong><em>terra</em></strong></span> <span class='ocrx_word' id='word_1_79' title='bbox 368 1123 542 1165; x_wconf 87' lang='lat' dir='ltr'><strong><em>nostra</em></strong></span> <span class='ocrx_word' id='word_1_80' title='bbox 578 1111 650 1162; x_wconf 90' lang='lat' dir='ltr'><strong><em>tui</em></strong></span> <span class='ocrx_word' id='word_1_81' title='bbox 682 1108 889 1161; x_wconf 86' lang='lat' dir='ltr'><strong><em>erimus.</em></strong></span> <span class='ocrx_word' id='word_1_82' title='bbox 922 1105 1048 1159; x_wconf 85' lang='lat' dir='ltr'><strong><em>Eme</em></strong></span> <span class='ocrx_word' id='word_1_83' title='bbox 1086 1121 1176 1157; x_wconf 88' lang='lat' dir='ltr'><strong><em>nos</em></strong></span> <span class='ocrx_word' id='word_1_84' title='bbox 1218 1105 1271 1156; x_wconf 86' lang='lat' dir='ltr'><strong><em>in</em></strong></span> <span class='ocrx_word' id='word_1_85' title='bbox 1317 1104 1605 1155; x_wconf 85' lang='lat' dir='ltr'><strong><em>servitutem</em></strong></span> <span class='ocrx_word' id='word_1_86' title='bbox 1661 1114 1743 1150; x_wconf 90' lang='lat' dir='ltr'><strong><em>re-</em></strong></span> 
     </span>
    </p>
   </div>
   <div class='ocr_carea' id='block_1_12' title="bbox 193 1186 1746 1272">
    <p class='ocr_par' dir='ltr' id='par_1_12' title="bbox 193 1186 1746 1272">
     <span class='ocr_line' id='line_1_12' title="bbox 193 1186 1746 1272; baseline -0.014 -16"><span class='ocrx_word' id='word_1_87' title='bbox 193 1204 355 1272; x_wconf 90' lang='lat' dir='ltr'><strong><em>giam,</em></strong></span> <span class='ocrx_word' id='word_1_88' title='bbox 384 1211 431 1254; x_wconf 89' lang='lat' dir='ltr'><strong><em>et</em></strong></span> <span class='ocrx_word' id='word_1_89' title='bbox 459 1200 626 1269; x_wconf 73' lang='lat' dir='ltr'><strong><em>pra&#39;be</em></strong></span> <span class='ocrx_word' id='word_1_90' title='bbox 653 1196 865 1258; x_wconf 88' lang='lat' dir='ltr'><strong><em>semina,</em></strong></span> <span class='ocrx_word' id='word_1_91' title='bbox 897 1210 977 1259; x_wconf 88' lang='lat' dir='ltr'><strong><em>ne,</em></strong></span> <span class='ocrx_word' id='word_1_92' title='bbox 1014 1201 1250 1260; x_wconf 89' lang='lat' dir='ltr'><strong><em>pereunte</em></strong></span> <span class='ocrx_word' id='word_1_93' title='bbox 1277 1189 1491 1251; x_wconf 77' lang='lat' dir='ltr'><strong><em>cultore,</em></strong></span> <span class='ocrx_word' id='word_1_94' title='bbox 1546 1186 1746 1252; x_wconf 87' lang='lat' dir='ltr'><strong><em>rediga-</em></strong></span> 
     </span>
    </p>
   </div>
   <div class='ocr_carea' id='block_1_13' title="bbox 193 1276 1745 1350">
    <p class='ocr_par' dir='ltr' id='par_1_13' title="bbox 193 1276 1745 1350">
     <span class='ocr_line' id='line_1_13' title="bbox 193 1276 1745 1350; baseline -0.01 -5"><span class='ocrx_word' id='word_1_95' title='bbox 193 1303 279 1344; x_wconf 91' lang='lat' dir='ltr'><strong><em>tur</em></strong></span> <span class='ocrx_word' id='word_1_96' title='bbox 318 1302 455 1345; x_wconf 87' lang='lat' dir='ltr'><strong><em>terra</em></strong></span> <span class='ocrx_word' id='word_1_97' title='bbox 483 1290 535 1341; x_wconf 88' lang='lat' dir='ltr'><strong><em>in</em></strong></span> <span class='ocrx_word' id='word_1_98' title='bbox 564 1287 909 1341; x_wconf 79' lang='lat' dir='ltr'><strong><em>solitudinem.</em></strong></span> <span class='ocrx_word' id='word_1_99' title='bbox 960 1282 1135 1349; x_wconf 81' lang='lat' dir='ltr'><strong><em>Quaeri</em></strong></span> <span class='ocrx_word' id='word_1_100' title='bbox 1182 1289 1370 1350; x_wconf 79' lang='lat' dir='ltr'><strong><em>potest,</em></strong></span> <span class='ocrx_word' id='word_1_101' title='bbox 1404 1295 1524 1333; x_wconf 89' lang='lat' dir='ltr'><strong><em>eum</em></strong></span> <span class='ocrx_word' id='word_1_102' title='bbox 1550 1276 1745 1345; x_wconf 86' lang='lat' dir='ltr'><strong><em>Joseph</em></strong></span> 
     </span>
    </p>
   </div>
   <div class='ocr_carea' id='block_1_14' title="bbox 194 1369 1747 1445">
    <p class='ocr_par' dir='ltr' id='par_1_14' title="bbox 194 1369 1747 1445">
     <span class='ocr_line' id='line_1_14' title="bbox 194 1369 1747 1445; baseline -0.01 -13"><span class='ocrx_word' id='word_1_103' title='bbox 194 1380 465 1433; x_wconf 87' lang='lat' dir='ltr'><strong><em>frmneuta</em></strong></span> <span class='ocrx_word' id='word_1_104' title='bbox 503 1376 795 1445; x_wconf 83' lang='lat' dir='ltr'><strong><em>collegerit,</em></strong></span> <span class='ocrx_word' id='word_1_105' title='bbox 827 1374 965 1428; x_wconf 89' lang='lat' dir='ltr'><strong><em>unde</em></strong></span> <span class='ocrx_word' id='word_1_106' title='bbox 994 1372 1233 1426; x_wconf 79' lang='lat' dir='ltr'><strong><em>homines</em></strong></span> <span class='ocrx_word' id='word_1_107' title='bbox 1261 1369 1518 1430; x_wconf 88' lang='lat' dir='ltr'><strong><em>viverent,</em></strong></span> <span class='ocrx_word' id='word_1_108' title='bbox 1553 1380 1747 1435; x_wconf 81' lang='lat' dir='ltr'><strong><em>pecora</em></strong></span> 
     </span>
    </p>
   </div>
   <div class='ocr_carea' id='block_1_15' title="bbox 195 1454 1749 1527">
    <p class='ocr_par' dir='ltr' id='par_1_15' title="bbox 195 1454 1749 1527">
     <span class='ocr_line' id='line_1_15' title="bbox 195 1454 1749 1527; baseline -0.009 -7"><span class='ocrx_word' id='word_1_109' title='bbox 195 1467 340 1521; x_wconf 88' lang='lat' dir='ltr'><strong><em>unde</em></strong></span> <span class='ocrx_word' id='word_1_110' title='bbox 368 1466 776 1527; x_wconf 78' lang='lat' dir='ltr'><strong><em>vivebant,.eum</em></strong></span> <span class='ocrx_word' id='word_1_111' title='bbox 800 1470 945 1516; x_wconf 90' lang='lat' dir='ltr'><strong><em>tanta</em></strong></span> <span class='ocrx_word' id='word_1_112' title='bbox 972 1460 1137 1513; x_wconf 90' lang='lat' dir='ltr'><strong><em>fames</em></strong></span> <span class='ocrx_word' id='word_1_113' title='bbox 1159 1456 1547 1512; x_wconf 83' lang='lat' dir='ltr'><strong><em>invaleseeret?</em></strong></span> <span class='ocrx_word' id='word_1_114' title='bbox 1582 1454 1749 1508; x_wconf 83' lang='lat' dir='ltr'><strong><em>maxi-</em></strong></span> 
     </span>
    </p>
   </div>
   <div class='ocr_carea' id='block_1_16' title="bbox 197 1540 1751 1625">
    <p class='ocr_par' dir='ltr' id='par_1_16' title="bbox 197 1540 1751 1625">
     <span class='ocr_line' id='line_1_16' title="bbox 197 1540 1751 1625; baseline -0.012 -13"><span class='ocrx_word' id='word_1_115' title='bbox 197 1573 284 1611; x_wconf 90' lang='lat' dir='ltr'><strong><em>me</em></strong></span> <span class='ocrx_word' id='word_1_116' title='bbox 330 1558 452 1625; x_wconf 88' lang='lat' dir='ltr'><strong><em>quia</em></strong></span> <span class='ocrx_word' id='word_1_117' title='bbox 498 1555 691 1608; x_wconf 89' lang='lat' dir='ltr'><strong><em>fratres</em></strong></span> <span class='ocrx_word' id='word_1_118' title='bbox 739 1551 931 1620; x_wconf 79' lang='lat' dir='ltr'><strong><em>Joseph</em></strong></span> <span class='ocrx_word' id='word_1_119' title='bbox 977 1547 1236 1603; x_wconf 83' lang='lat' dir='ltr'><strong><em>Pharaoni</em></strong></span> <span class='ocrx_word' id='word_1_120' title='bbox 1284 1545 1527 1599; x_wconf 81' lang='lat' dir='ltr'><strong><em>dixeram</em></strong></span> <span class='ocrx_word' id='word_1_121' title='bbox 1566 1557 1580 1596; x_wconf 91' lang='lat'><strong>:</strong></span> <span class='ocrx_word' id='word_1_122' title='bbox 1630 1540 1751 1595; x_wconf 86' lang='lat' dir='ltr'><strong><em>Non</em></strong></span> 
     </span>
    </p>
   </div>
   <div class='ocr_carea' id='block_1_17' title="bbox 194 1632 1749 1724">
    <p class='ocr_par' dir='ltr' id='par_1_17' title="bbox 194 1632 1749 1724">
     <span class='ocr_line' id='line_1_17' title="bbox 194 1632 1749 1724; baseline -0.012 -26"><span class='ocrx_word' id='word_1_123' title='bbox 194 1654 317 1698; x_wconf 87' lang='lat' dir='ltr'><strong><em>sunt</em></strong></span> <span class='ocrx_word' id='word_1_124' title='bbox 351 1645 483 1697; x_wconf 90' lang='lat' dir='ltr'><strong><em>enim</em></strong></span> <span class='ocrx_word' id='word_1_125' title='bbox 513 1658 706 1711; x_wconf 84' lang='lat' dir='ltr'><strong><em>pascua</em></strong></span> <span class='ocrx_word' id='word_1_126' title='bbox 731 1639 993 1708; x_wconf 85' lang='lat' dir='ltr'><strong><em>pecoribus</em></strong></span> <span class='ocrx_word' id='word_1_127' title='bbox 1022 1650 1297 1705; x_wconf 84' lang='lat' dir='ltr'><strong><em>puerorum</em></strong></span> <span class='ocrx_word' id='word_1_128' title='bbox 1331 1644 1573 1724; x_wconf 46' lang='lat' dir='ltr'><strong><em>tuorumi</em></strong></span> <span class='ocrx_word' id='word_1_129' title='bbox 1604 1632 1749 1682; x_wconf 84' lang='lat' dir='ltr'><strong><em>inva-</em></strong></span> 
     </span>
    </p>
   </div>
   <div class='ocr_carea' id='block_1_18' title="bbox 195 1719 1753 1800">
    <p class='ocr_par' dir='ltr' id='par_1_18' title="bbox 195 1719 1753 1800">
     <span class='ocr_line' id='line_1_18' title="bbox 195 1719 1753 1800; baseline -0.01 -14"><span class='ocrx_word' id='word_1_130' title='bbox 195 1735 293 1788; x_wconf 88' lang='lat' dir='ltr'><strong><em>luit</em></strong></span> <span class='ocrx_word' id='word_1_131' title='bbox 326 1735 459 1786; x_wconf 88' lang='lat' dir='ltr'><strong><em>enim</em></strong></span> <span class='ocrx_word' id='word_1_132' title='bbox 491 1731 655 1800; x_wconf 84' lang='lat' dir='ltr'><strong><em>fames</em></strong></span> <span class='ocrx_word' id='word_1_133' title='bbox 685 1730 737 1781; x_wconf 90' lang='lat' dir='ltr'><strong><em>in</em></strong></span> <span class='ocrx_word' id='word_1_134' title='bbox 767 1740 902 1781; x_wconf 91' lang='lat' dir='ltr'><strong><em>terra</em></strong></span> <span class='ocrx_word' id='word_1_135' title='bbox 945 1725 1213 1787; x_wconf 81' lang='lat' dir='ltr'><strong><em>Chanaan,</em></strong></span> <span class='ocrx_word' id='word_1_136' title='bbox 1258 1733 1310 1777; x_wconf 91' lang='lat' dir='ltr'><strong><em>et</em></strong></span> <span class='ocrx_word' id='word_1_137' title='bbox 1355 1719 1570 1792; x_wconf 77' lang='lat' dir='ltr'><strong><em>propter</em></strong></span> <span class='ocrx_word' id='word_1_138' title='bbox 1614 1719 1753 1772; x_wconf 88' lang='lat' dir='ltr'><strong><em>hanc</em></strong></span> 
     </span>
    </p>
   </div>
   <div class='ocr_carea' id='block_1_19' title="bbox 1840 562 3386 631">
    <p class='ocr_par' dir='ltr' id='par_1_19' title="bbox 1840 562 3386 631">
     <span class='ocr_line' id='line_1_19' title="bbox 1840 562 3386 631; baseline 0.002 -17"><span class='ocrx_word' id='word_1_139' title='bbox 1840 562 1986 615; x_wconf 90' lang='lat' dir='ltr'><strong><em>illum</em></strong></span> <span class='ocrx_word' id='word_1_140' title='bbox 2018 563 2105 631; x_wconf 90' lang='lat' dir='ltr'><strong><em>qui</em></strong></span> <span class='ocrx_word' id='word_1_141' title='bbox 2147 562 2392 629; x_wconf 85' lang='lat' dir='ltr'><strong><em>indignus</em></strong></span> <span class='ocrx_word' id='word_1_142' title='bbox 2425 571 2726 615; x_wconf 88' lang='lat' dir='ltr'><strong><em>sanctorum</em></strong></span> <span class='ocrx_word' id='word_1_143' title='bbox 2753 566 3024 616; x_wconf 85' lang='lat' dir='ltr'><strong><em>consortio</em></strong></span> <span class='ocrx_word' id='word_1_144' title='bbox 3050 563 3147 617; x_wconf 89' lang='lat' dir='ltr'><strong><em>fuit</em></strong></span> <span class='ocrx_word' id='word_1_145' title='bbox 3169 566 3386 619; x_wconf 76' lang='lat' dir='ltr'><strong><em>tradidit</em></strong></span> 
     </span>
    </p>
   </div>
   <div class='ocr_carea' id='block_1_20' title="bbox 1842 651 3385 721">
    <p class='ocr_par' dir='ltr' id='par_1_20' title="bbox 1842 651 3385 721">
     <span class='ocr_line' id='line_1_20' title="bbox 1842 651 3385 721; baseline 0.005 -18"><span class='ocrx_word' id='word_1_146' title='bbox 1842 652 2050 704; x_wconf 73' lang='lat' dir='ltr'><strong><em>Satanae</em></strong></span> <span class='ocrx_word' id='word_1_147' title='bbox 2097 652 2147 721; x_wconf 85' lang='lat' dir='ltr'><strong><em>(I</em></strong></span> <span class='ocrx_word' id='word_1_148' title='bbox 2184 651 2300 704; x_wconf 79' lang='lat' dir='ltr'><strong><em>Cor.</em></strong></span> <span class='ocrx_word' id='word_1_149' title='bbox 2332 652 2405 721; x_wconf 71' lang='grc' dir='ltr'><strong><em>ν),</em></strong></span> <span class='ocrx_word' id='word_1_150' title='bbox 2442 652 2607 706; x_wconf 84' lang='lat' dir='ltr'><strong><em>Nemo</em></strong></span> <span class='ocrx_word' id='word_1_151' title='bbox 2638 652 2813 721; x_wconf 86' lang='lat' dir='ltr'><strong><em>itaque</em></strong></span> <span class='ocrx_word' id='word_1_152' title='bbox 2838 654 2979 707; x_wconf 82' lang='lat' dir='ltr'><strong><em>dicat</em></strong></span> <span class='ocrx_word' id='word_1_153' title='bbox 3007 654 3225 709; x_wconf 87' lang='lat' dir='ltr'><strong><em>Paulum</em></strong></span> <span class='ocrx_word' id='word_1_154' title='bbox 3257 656 3385 711; x_wconf 90' lang='lat' dir='ltr'><strong><em>dure</em></strong></span> 
     </span>
    </p>
   </div>
   <div class='ocr_carea' id='block_1_21' title="bbox 1841 742 3389 816">
    <p class='ocr_par' dir='ltr' id='par_1_21' title="bbox 1841 742 3389 816">
     <span class='ocr_line' id='line_1_21' title="bbox 1841 742 3389 816; baseline 0.005 -22"><span class='ocrx_word' id='word_1_155' title='bbox 1841 742 2014 809; x_wconf 79' lang='lat' dir='ltr'><strong><em>egisse</em></strong></span> <span class='ocrx_word' id='word_1_156' title='bbox 2038 780 2051 801; x_wconf 84' lang='lat'><strong><em>,</em></strong></span> <span class='ocrx_word' id='word_1_157' title='bbox 2085 742 2173 808; x_wconf 85' lang='lat' dir='ltr'><strong><em>qui</em></strong></span> <span class='ocrx_word' id='word_1_158' title='bbox 2216 742 2483 795; x_wconf 85' lang='lat' dir='ltr'><strong><em>hominem</em></strong></span> <span class='ocrx_word' id='word_1_159' title='bbox 2509 744 2571 795; x_wconf 88' lang='lat' dir='ltr'><strong><em>de</em></strong></span> <span class='ocrx_word' id='word_1_160' title='bbox 2599 742 2833 796; x_wconf 85' lang='lat' dir='ltr'><strong><em>Ecclesia</em></strong></span> <span class='ocrx_word' id='word_1_161' title='bbox 2862 743 3035 812; x_wconf 69' lang='lat' dir='ltr'><strong><em>eiecit,</em></strong></span> <span class='ocrx_word' id='word_1_162' title='bbox 3064 754 3119 797; x_wconf 90' lang='lat' dir='ltr'><strong><em>ut</em></strong></span> <span class='ocrx_word' id='word_1_163' title='bbox 3140 745 3389 816; x_wconf 86' lang='lat' dir='ltr'><strong><em>expulsus</em></strong></span> 
     </span>
    </p>
   </div>
   <div class='ocr_carea' id='block_1_22' title="bbox 1842 830 3389 898">
    <p class='ocr_par' dir='ltr' id='par_1_22' title="bbox 1842 830 3389 898">
     <span class='ocr_line' id='line_1_22' title="bbox 1842 830 3389 898; baseline 0.006 -17"><span class='ocrx_word' id='word_1_164' title='bbox 1842 830 2069 882; x_wconf 76' lang='lat' dir='ltr'><strong><em>disceret</em></strong></span> <span class='ocrx_word' id='word_1_165' title='bbox 2107 846 2210 883; x_wconf 90' lang='lat' dir='ltr'><strong><em>non</em></strong></span> <span class='ocrx_word' id='word_1_166' title='bbox 2240 830 2626 898; x_wconf 87' lang='lat' dir='ltr'><strong><em>blasphemare.</em></strong></span> <span class='ocrx_word' id='word_1_167' title='bbox 2674 832 2913 886; x_wconf 80' lang='lat' dir='ltr'><strong><em>Hominis</em></strong></span> <span class='ocrx_word' id='word_1_168' title='bbox 2956 834 3095 888; x_wconf 90' lang='lat' dir='ltr'><strong><em>enim</em></strong></span> <span class='ocrx_word' id='word_1_169' title='bbox 3146 836 3389 891; x_wconf 85' lang='lat' dir='ltr'><strong><em>voluntas</em></strong></span> 
     </span>
    </p>
   </div>
   <div class='ocr_carea' id='block_1_23' title="bbox 1844 918 3391 989">
    <p class='ocr_par' dir='ltr' id='par_1_23' title="bbox 1844 918 3391 989">
     <span class='ocr_line' id='line_1_23' title="bbox 1844 918 3391 989; baseline 0.007 -20"><span class='ocrx_word' id='word_1_170' title='bbox 1844 918 2021 985; x_wconf 81' lang='lat' dir='ltr'><strong><em>iniqua</em></strong></span> <span class='ocrx_word' id='word_1_171' title='bbox 2050 928 2152 983; x_wconf 87' lang='lat' dir='ltr'><strong><em>est,</em></strong></span> <span class='ocrx_word' id='word_1_172' title='bbox 2183 935 2302 972; x_wconf 91' lang='lat' dir='ltr'><strong><em>cum</em></strong></span> <span class='ocrx_word' id='word_1_173' title='bbox 2330 935 2514 973; x_wconf 87' lang='lat' dir='ltr'><strong><em>amans</em></strong></span> <span class='ocrx_word' id='word_1_174' title='bbox 2538 929 2767 986; x_wconf 88' lang='lat' dir='ltr'><strong><em>terrena,</em></strong></span> <span class='ocrx_word' id='word_1_175' title='bbox 2789 922 2987 977; x_wconf 89' lang='lat' dir='ltr'><strong><em>deserit</em></strong></span> <span class='ocrx_word' id='word_1_176' title='bbox 3021 922 3257 979; x_wconf 68' lang='lat' dir='ltr'><strong><em>caelestia</em></strong></span> <span class='ocrx_word' id='word_1_177' title='bbox 3283 966 3298 989; x_wconf 91' lang='lat'><strong><em>,</em></strong></span> <span class='ocrx_word' id='word_1_178' title='bbox 3335 936 3391 982; x_wconf 89' lang='lat' dir='ltr'><strong><em>et</em></strong></span> 
     </span>
    </p>
   </div>
   <div class='ocr_carea' id='block_1_24' title="bbox 1841 1009 3389 1078">
    <p class='ocr_par' dir='ltr' id='par_1_24' title="bbox 1841 1009 3389 1078">
     <span class='ocr_line' id='line_1_24' title="bbox 1841 1009 3389 1078; baseline 0.007 -19"><span class='ocrx_word' id='word_1_179' title='bbox 1841 1018 2058 1076; x_wconf 81' lang='lat' dir='ltr'><strong><em>propter</em></strong></span> <span class='ocrx_word' id='word_1_180' title='bbox 2092 1009 2367 1062; x_wconf 81' lang='lat' dir='ltr'><strong><em>avaritiam</em></strong></span> <span class='ocrx_word' id='word_1_181' title='bbox 2397 1025 2454 1063; x_wconf 90' lang='lat' dir='ltr'><strong><em>se</em></strong></span> <span class='ocrx_word' id='word_1_182' title='bbox 2477 1009 2689 1078; x_wconf 88' lang='lat' dir='ltr'><strong><em>subjicit</em></strong></span> <span class='ocrx_word' id='word_1_183' title='bbox 2716 1012 2942 1067; x_wconf 83' lang='lat' dir='ltr'><strong><em>diabolo.</em></strong></span> <span class='ocrx_word' id='word_1_184' title='bbox 2979 1014 3187 1068; x_wconf 87' lang='lat' dir='ltr'><strong><em>Domini</em></strong></span> <span class='ocrx_word' id='word_1_185' title='bbox 3213 1026 3389 1070; x_wconf 91' lang='lat' dir='ltr'><strong><em>autem</em></strong></span> 
     </span>
    </p>
   </div>
   <div class='ocr_carea' id='block_1_25' title="bbox 1844 1098 3389 1168">
    <p class='ocr_par' dir='ltr' id='par_1_25' title="bbox 1844 1098 3389 1168">
     <span class='ocr_line' id='line_1_25' title="bbox 1844 1098 3389 1168; baseline 0.005 -19"><span class='ocrx_word' id='word_1_186' title='bbox 1844 1105 1925 1150; x_wconf 88' lang='lat' dir='ltr'><strong><em>est</em></strong></span> <span class='ocrx_word' id='word_1_187' title='bbox 1954 1098 2235 1165; x_wconf 85' lang='lat' dir='ltr'><strong><em>promissio</em></strong></span> <span class='ocrx_word' id='word_1_188' title='bbox 2256 1098 2417 1167; x_wconf 83' lang='lat' dir='ltr'><strong><em>justa,</em></strong></span> <span class='ocrx_word' id='word_1_189' title='bbox 2449 1114 2566 1151; x_wconf 90' lang='lat' dir='ltr'><strong><em>eum</em></strong></span> <span class='ocrx_word' id='word_1_190' title='bbox 2589 1114 2707 1152; x_wconf 89' lang='lat' dir='ltr'><strong><em>eum</em></strong></span> <span class='ocrx_word' id='word_1_191' title='bbox 2737 1100 2844 1168; x_wconf 89' lang='lat' dir='ltr'><strong><em>qui,</em></strong></span> <span class='ocrx_word' id='word_1_192' title='bbox 2874 1117 3127 1168; x_wconf 86' lang='lat' dir='ltr'><strong><em>spernens</em></strong></span> <span class='ocrx_word' id='word_1_193' title='bbox 3150 1104 3389 1168; x_wconf 85' lang='lat' dir='ltr'><strong><em>meliora,</em></strong></span> 
     </span>
    </p>
   </div>
   <div class='ocr_carea' id='block_1_26' title="bbox 1844 1186 3392 1257">
    <p class='ocr_par' dir='ltr' id='par_1_26' title="bbox 1844 1186 3392 1257">
     <span class='ocr_line' id='line_1_26' title="bbox 1844 1186 3392 1257; baseline 0.005 -18"><span class='ocrx_word' id='word_1_194' title='bbox 1844 1186 2004 1253; x_wconf 81' lang='lat' dir='ltr'><strong><em>elegit</em></strong></span> <span class='ocrx_word' id='word_1_195' title='bbox 2051 1187 2250 1256; x_wconf 86' lang='lat' dir='ltr'><strong><em>pejora,</em></strong></span> <span class='ocrx_word' id='word_1_196' title='bbox 2292 1187 2511 1241; x_wconf 85' lang='lat' dir='ltr'><strong><em>dimittit</em></strong></span> <span class='ocrx_word' id='word_1_197' title='bbox 2552 1189 2776 1243; x_wconf 76' lang='lat' dir='ltr'><strong><em>arbitrio</em></strong></span> <span class='ocrx_word' id='word_1_198' title='bbox 2802 1205 2898 1244; x_wconf 89' lang='lat' dir='ltr'><strong><em>suo</em></strong></span> <span class='ocrx_word' id='word_1_199' title='bbox 2928 1198 2984 1244; x_wconf 88' lang='lat' dir='ltr'><strong><em>ut</em></strong></span> <span class='ocrx_word' id='word_1_200' title='bbox 3031 1191 3205 1257; x_wconf 84' lang='lat' dir='ltr'><strong><em>cadat,</em></strong></span> <span class='ocrx_word' id='word_1_201' title='bbox 3251 1202 3304 1247; x_wconf 88' lang='lat' dir='ltr'><strong><em>et</em></strong></span> <span class='ocrx_word' id='word_1_202' title='bbox 3341 1194 3392 1246; x_wconf 92' lang='lat' dir='ltr'><strong><em>iu</em></strong></span> 
     </span>
    </p>
   </div>
   <div class='ocr_carea' id='block_1_27' title="bbox 1847 1273 3389 1345">
    <p class='ocr_par' dir='ltr' id='par_1_27' title="bbox 1847 1273 3389 1345">
     <span class='ocr_line' id='line_1_27' title="bbox 1847 1273 3389 1345; baseline 0.006 -19"><span class='ocrx_word' id='word_1_203' title='bbox 1847 1273 2125 1327; x_wconf 83' lang='lat' dir='ltr'><strong><em>desideriis</em></strong></span> <span class='ocrx_word' id='word_1_204' title='bbox 2157 1275 2486 1329; x_wconf 80' lang='lat' dir='ltr'><strong><em>infirmorum</em></strong></span> <span class='ocrx_word' id='word_1_205' title='bbox 2525 1278 2831 1332; x_wconf 84' lang='lat' dir='ltr'><strong><em>subruatur.</em></strong></span> <span class='ocrx_word' id='word_1_206' title='bbox 2862 1279 3010 1345; x_wconf 87' lang='lat' dir='ltr'><strong><em>Quod</em></strong></span> <span class='ocrx_word' id='word_1_207' title='bbox 3042 1283 3216 1335; x_wconf 86' lang='lat' dir='ltr'><strong><em>autem</em></strong></span> <span class='ocrx_word' id='word_1_208' title='bbox 3257 1282 3389 1337; x_wconf 85' lang='lat' dir='ltr'><strong><em>diei-</em></strong></span> 
     </span>
    </p>
   </div>
   <div class='ocr_carea' id='block_1_28' title="bbox 1849 1364 3397 1441">
    <p class='ocr_par' dir='ltr' id='par_1_28' title="bbox 1849 1364 3397 1441">
     <span class='ocr_line' id='line_1_28' title="bbox 1849 1364 3397 1441; baseline 0.005 -25"><span class='ocrx_word' id='word_1_209' title='bbox 1849 1370 1955 1427; x_wconf 85' lang='lat' dir='ltr'><strong><em>tur,</em></strong></span> <span class='ocrx_word' id='word_1_210' title='bbox 1991 1364 2293 1441; x_wconf 81' lang='lat' dir='ltr'><strong><em>sacerdotes</em></strong></span> <span class='ocrx_word' id='word_1_211' title='bbox 2315 1380 2418 1419; x_wconf 89' lang='lat' dir='ltr'><strong><em>non</em></strong></span> <span class='ocrx_word' id='word_1_212' title='bbox 2447 1366 2893 1441; x_wconf 73' lang='lat' dir='ltr'><strong><em>compulsosesse</em></strong></span> <span class='ocrx_word' id='word_1_213' title='bbox 2924 1369 3150 1423; x_wconf 87' lang='lat' dir='ltr'><strong><em>vendere</em></strong></span> <span class='ocrx_word' id='word_1_214' title='bbox 3189 1384 3397 1438; x_wconf 84' lang='lat' dir='ltr'><strong><em>posses-</em></strong></span> 
     </span>
    </p>
   </div>
   <div class='ocr_carea' id='block_1_29' title="bbox 1849 1451 3397 1521">
    <p class='ocr_par' dir='ltr' id='par_1_29' title="bbox 1849 1451 3397 1521">
     <span class='ocr_line' id='line_1_29' title="bbox 1849 1451 3397 1521; baseline 0.006 -17"><span class='ocrx_word' id='word_1_215' title='bbox 1849 1451 2026 1505; x_wconf 87' lang='lat' dir='ltr'><strong><em>siones</em></strong></span> <span class='ocrx_word' id='word_1_216' title='bbox 2068 1468 2193 1507; x_wconf 83' lang='lat' dir='ltr'><strong><em>suas</em></strong></span> <span class='ocrx_word' id='word_1_217' title='bbox 2224 1492 2238 1517; x_wconf 89' lang='lat'><strong><em>,</em></strong></span> <span class='ocrx_word' id='word_1_218' title='bbox 2289 1455 2420 1521; x_wconf 84' lang='lat' dir='ltr'><strong><em>quia</em></strong></span> <span class='ocrx_word' id='word_1_219' title='bbox 2448 1454 2550 1509; x_wconf 90' lang='lat' dir='ltr'><strong><em>illis</em></strong></span> <span class='ocrx_word' id='word_1_220' title='bbox 2591 1464 2789 1509; x_wconf 86' lang='lat' dir='ltr'><strong><em>statuta</em></strong></span> <span class='ocrx_word' id='word_1_221' title='bbox 2836 1458 3035 1511; x_wconf 86' lang='lat' dir='ltr'><strong><em>cibaria</em></strong></span> <span class='ocrx_word' id='word_1_222' title='bbox 3082 1474 3147 1511; x_wconf 79' lang='lat' dir='ltr'><strong><em>ex</em></strong></span> <span class='ocrx_word' id='word_1_223' title='bbox 3190 1459 3397 1514; x_wconf 87' lang='lat' dir='ltr'><strong><em>horreis</em></strong></span> 
     </span>
    </p>
   </div>
   <div class='ocr_carea' id='block_1_30' title="bbox 1849 1540 3395 1614">
    <p class='ocr_par' dir='ltr' id='par_1_30' title="bbox 1849 1540 3395 1614">
     <span class='ocr_line' id='line_1_30' title="bbox 1849 1540 3395 1614; baseline 0.006 -22"><span class='ocrx_word' id='word_1_224' title='bbox 1849 1540 2074 1607; x_wconf 79' lang='lat' dir='ltr'><strong><em>publicis</em></strong></span> <span class='ocrx_word' id='word_1_225' title='bbox 2102 1542 2471 1611; x_wconf 71' lang='lat' dir='ltr'><strong><em>prtebebantur</em></strong></span> <span class='ocrx_word' id='word_1_226' title='bbox 2496 1584 2510 1608; x_wconf 95' lang='lat'><strong><em>,</em></strong></span> <span class='ocrx_word' id='word_1_227' title='bbox 2560 1544 2823 1614; x_wconf 77' lang='lat' dir='ltr'><strong><em>signiﬁcat</em></strong></span> <span class='ocrx_word' id='word_1_228' title='bbox 2867 1554 3061 1600; x_wconf 90' lang='lat' dir='ltr'><strong><em>terram</em></strong></span> <span class='ocrx_word' id='word_1_229' title='bbox 3104 1547 3353 1602; x_wconf 76' lang='lat' dir='ltr'><strong><em>Ecclesia:</em></strong></span> <span class='ocrx_word' id='word_1_230' title='bbox 3380 1589 3395 1612; x_wconf 95' lang='lat'><strong><em>,</em></strong></span> 
     </span>
    </p>
   </div>
   <div class='ocr_carea' id='block_1_31' title="bbox 1852 1630 3400 1697">
    <p class='ocr_par' dir='ltr' id='par_1_31' title="bbox 1852 1630 3400 1697">
     <span class='ocr_line' id='line_1_31' title="bbox 1852 1630 3400 1697; baseline 0.006 -16"><span class='ocrx_word' id='word_1_231' title='bbox 1852 1643 1956 1697; x_wconf 89' lang='lat' dir='ltr'><strong><em>qua</em></strong></span> <span class='ocrx_word' id='word_1_232' title='bbox 1986 1630 2096 1682; x_wconf 88' lang='lat' dir='ltr'><strong><em>veri</em></strong></span> <span class='ocrx_word' id='word_1_233' title='bbox 2121 1639 2245 1684; x_wconf 89' lang='lat' dir='ltr'><strong><em>sunt</em></strong></span> <span class='ocrx_word' id='word_1_234' title='bbox 2274 1633 2600 1697; x_wconf 85' lang='lat' dir='ltr'><strong><em>sacerdotes,</em></strong></span> <span class='ocrx_word' id='word_1_235' title='bbox 2625 1632 2844 1688; x_wconf 81' lang='lat' dir='ltr'><strong><em>liberam</em></strong></span> <span class='ocrx_word' id='word_1_236' title='bbox 2870 1651 2987 1690; x_wconf 88' lang='lat' dir='ltr'><strong><em>esse</em></strong></span> <span class='ocrx_word' id='word_1_237' title='bbox 3012 1651 3229 1691; x_wconf 88' lang='lat' dir='ltr'><strong><em>accessu</em></strong></span> <span class='ocrx_word' id='word_1_238' title='bbox 3254 1654 3400 1691; x_wconf 91' lang='lat' dir='ltr'><strong><em>mun-</em></strong></span> 
     </span>
    </p>
   </div>
   <div class='ocr_carea' id='block_1_32' title="bbox 1853 1718 3400 1795">
    <p class='ocr_par' dir='ltr' id='par_1_32' title="bbox 1853 1718 3400 1795">
     <span class='ocr_line' id='line_1_32' title="bbox 1853 1718 3400 1795; baseline 0.008 -25"><span class='ocrx_word' id='word_1_239' title='bbox 1853 1718 1999 1783; x_wconf 86' lang='lat' dir='ltr'><strong><em>diali,</em></strong></span> <span class='ocrx_word' id='word_1_240' title='bbox 2026 1720 2149 1789; x_wconf 88' lang='lat' dir='ltr'><strong><em>quia</em></strong></span> <span class='ocrx_word' id='word_1_241' title='bbox 2179 1720 2343 1775; x_wconf 84' lang='lat' dir='ltr'><strong><em>verbo</em></strong></span> <span class='ocrx_word' id='word_1_242' title='bbox 2371 1722 2552 1776; x_wconf 90' lang='lat' dir='ltr'><strong><em>divino</em></strong></span> <span class='ocrx_word' id='word_1_243' title='bbox 2577 1724 2935 1778; x_wconf 87' lang='lat' dir='ltr'><strong><em>indesinenter</em></strong></span> <span class='ocrx_word' id='word_1_244' title='bbox 2979 1728 3215 1795; x_wconf 81' lang='lat' dir='ltr'><strong><em>pascitur</em></strong></span> <span class='ocrx_word' id='word_1_245' title='bbox 3242 1768 3256 1790; x_wconf 89' lang='lat'><strong><em>,</em></strong></span> <span class='ocrx_word' id='word_1_246' title='bbox 3302 1744 3400 1783; x_wconf 89' lang='lat' dir='ltr'><strong><em>nec</em></strong></span> 
     </span>
    </p>
   </div>
   <div class='ocr_carea' id='block_1_33' title="bbox 197 1794 3402 1890">
    <p class='ocr_par' dir='ltr' id='par_1_33' title="bbox 197 1794 3402 1890">
     <span class='ocr_line' id='line_1_33' title="bbox 197 1794 3402 1890; baseline -0.002 -13"><span class='ocrx_word' id='word_1_247' title='bbox 197 1825 363 1878; x_wconf 88' lang='lat' dir='ltr'><strong><em>etiam</em></strong></span> <span class='ocrx_word' id='word_1_248' title='bbox 390 1794 617 1890; x_wconf 80' lang='lat' dir='ltr'><strong><em>inopiam</em></strong></span> <span class='ocrx_word' id='word_1_249' title='bbox 668 1831 981 1887; x_wconf 87' lang='lat' dir='ltr'><strong><em>pascuorum</em></strong></span> <span class='ocrx_word' id='word_1_250' title='bbox 1008 1855 1022 1879; x_wconf 95' lang='lat'><strong><em>,</em></strong></span> <span class='ocrx_word' id='word_1_251' title='bbox 1054 1830 1112 1868; x_wconf 91' lang='lat' dir='ltr'><strong><em>se</em></strong></span> <span class='ocrx_word' id='word_1_252' title='bbox 1144 1815 1349 1867; x_wconf 89' lang='lat' dir='ltr'><strong><em>venisse</em></strong></span> <span class='ocrx_word' id='word_1_253' title='bbox 1374 1823 1751 1867; x_wconf 80' lang='lat' dir='ltr'><strong><em>eommemora-</em></strong></span> <span class='ocrx_word' id='word_1_254' title='bbox 1784 1794 1829 1851; x_wconf 84' lang='grc' dir='ltr'>Β</span> <span class='ocrx_word' id='word_1_255' title='bbox 1858 1807 2109 1862; x_wconf 88' lang='lat' dir='ltr'><strong><em>damnum</em></strong></span> <span class='ocrx_word' id='word_1_256' title='bbox 2160 1809 2317 1864; x_wconf 79' lang='lat' dir='ltr'><strong><em>famis</em></strong></span> <span class='ocrx_word' id='word_1_257' title='bbox 2365 1810 2655 1879; x_wconf 70' lang='lat' dir='ltr'><strong><em>spi‘ritualis</em></strong></span> <span class='ocrx_word' id='word_1_258' title='bbox 2698 1812 2861 1866; x_wconf 91' lang='lat' dir='ltr'><strong><em>ullum</em></strong></span> <span class='ocrx_word' id='word_1_259' title='bbox 2907 1794 3205 1870; x_wconf 87' lang='lat' dir='ltr'><strong><em>sustinebit.</em></strong></span> <span class='ocrx_word' id='word_1_260' title='bbox 3233 1816 3402 1870; x_wconf 85' lang='lat' dir='ltr'><strong><em>Aliter</em></strong></span> 
     </span>
    </p>
   </div>
   <div class='ocr_carea' id='block_1_34' title="bbox 198 1901 1753 1973">
    <p class='ocr_par' dir='ltr' id='par_1_34' title="bbox 198 1901 1753 1973">
     <span class='ocr_line' id='line_1_34' title="bbox 198 1901 1753 1973; baseline -0.008 -8"><span class='ocrx_word' id='word_1_261' title='bbox 198 1920 408 1965; x_wconf 86' lang='lat' dir='ltr'><strong><em>verant.</em></strong></span> <span class='ocrx_word' id='word_1_262' title='bbox 432 1910 655 1963; x_wconf 77' lang='lat' dir='ltr'><strong><em>Proinde</em></strong></span> <span class='ocrx_word' id='word_1_263' title='bbox 680 1908 723 1960; x_wconf 79' lang='lat' dir='ltr'><strong><em>si</em></strong></span> <span class='ocrx_word' id='word_1_264' title='bbox 745 1923 804 1961; x_wconf 89' lang='lat' dir='ltr'><strong><em>ea</em></strong></span> <span class='ocrx_word' id='word_1_265' title='bbox 831 1904 969 1959; x_wconf 85' lang='lat' dir='ltr'><strong><em>fame</em></strong></span> <span class='ocrx_word' id='word_1_266' title='bbox 995 1919 1188 1973; x_wconf 87' lang='lat' dir='ltr'><strong><em>pascua</em></strong></span> <span class='ocrx_word' id='word_1_267' title='bbox 1214 1901 1517 1958; x_wconf 90' lang='lat' dir='ltr'><strong><em>defecerant</em></strong></span> <span class='ocrx_word' id='word_1_268' title='bbox 1539 1901 1590 1954; x_wconf 91' lang='lat' dir='ltr'><strong><em>in</em></strong></span> <span class='ocrx_word' id='word_1_269' title='bbox 1612 1908 1753 1953; x_wconf 90' lang='lat' dir='ltr'><strong><em>terra</em></strong></span> 
     </span>
    </p>
   </div>
   <div class='ocr_carea' id='block_1_35' title="bbox 198 1988 1755 2065">
    <p class='ocr_par' dir='ltr' id='par_1_35' title="bbox 198 1988 1755 2065">
     <span class='ocr_line' id='line_1_35' title="bbox 198 1988 1755 2065; baseline -0.008 -11"><span class='ocrx_word' id='word_1_270' title='bbox 198 2002 497 2063; x_wconf 84' lang='lat' dir='ltr'><strong><em>Chanaan,</em></strong></span> <span class='ocrx_word' id='word_1_271' title='bbox 549 2014 643 2051; x_wconf 85' lang='lat' dir='ltr'><strong><em>cur</em></strong></span> <span class='ocrx_word' id='word_1_272' title='bbox 679 1998 729 2049; x_wconf 91' lang='lat' dir='ltr'><strong><em>in</em></strong></span> <span class='ocrx_word' id='word_1_273' title='bbox 777 1994 1005 2065; x_wconf 61' lang='lat' dir='ltr'><strong><em>Egypto</em></strong></span> <span class='ocrx_word' id='word_1_274' title='bbox 1055 2008 1157 2046; x_wconf 89' lang='lat' dir='ltr'><strong><em>non</em></strong></span> <span class='ocrx_word' id='word_1_275' title='bbox 1204 1990 1526 2055; x_wconf 82' lang='lat' dir='ltr'><strong><em>defecerant,</em></strong></span> <span class='ocrx_word' id='word_1_276' title='bbox 1569 1988 1755 2043; x_wconf 86' lang='lat' dir='ltr'><strong><em>eadem</em></strong></span> 
     </span>
    </p>
   </div>
   <div class='ocr_carea' id='block_1_36' title="bbox 202 2078 1757 2154">
    <p class='ocr_par' dir='ltr' id='par_1_36' title="bbox 202 2078 1757 2154">
     <span class='ocr_line' id='line_1_36' title="bbox 202 2078 1757 2154; baseline -0.008 -11"><span class='ocrx_word' id='word_1_277' title='bbox 202 2100 334 2143; x_wconf 88' lang='lat' dir='ltr'><strong><em>tunc</em></strong></span> <span class='ocrx_word' id='word_1_278' title='bbox 364 2087 503 2141; x_wconf 86' lang='lat' dir='ltr'><strong><em>fame</em></strong></span> <span class='ocrx_word' id='word_1_279' title='bbox 531 2087 727 2154; x_wconf 64' lang='lat' dir='ltr'><strong><em>utique</em></strong></span> <span class='ocrx_word' id='word_1_280' title='bbox 752 2082 1145 2138; x_wconf 86' lang='lat' dir='ltr'><strong><em>invalescente?</em></strong></span> <span class='ocrx_word' id='word_1_281' title='bbox 1171 2081 1249 2134; x_wconf 82' lang='lat' dir='ltr'><strong><em>An</em></strong></span> <span class='ocrx_word' id='word_1_282' title='bbox 1288 2078 1757 2149; x_wconf 8' lang='lat' dir='ltr'><strong><em>sicutsperhihetur</em></strong></span> 
     </span>
    </p>
   </div>
   <div class='ocr_carea' id='block_1_37' title="bbox 201 2168 1757 2248">
    <p class='ocr_par' dir='ltr' id='par_1_37' title="bbox 201 2168 1757 2248">
     <span class='ocr_line' id='line_1_37' title="bbox 201 2168 1757 2248; baseline -0.008 -14"><span class='ocrx_word' id='word_1_283' title='bbox 201 2181 271 2234; x_wconf 90' lang='lat' dir='ltr'><strong><em>ab</em></strong></span> <span class='ocrx_word' id='word_1_284' title='bbox 320 2180 399 2233; x_wconf 88' lang='lat' dir='ltr'><strong><em>eis</em></strong></span> <span class='ocrx_word' id='word_1_285' title='bbox 433 2178 522 2248; x_wconf 91' lang='lat' dir='ltr'><strong><em>qui</em></strong></span> <span class='ocrx_word' id='word_1_286' title='bbox 551 2177 663 2229; x_wconf 83' lang='lat' dir='ltr'><strong><em>loca</em></strong></span> <span class='ocrx_word' id='word_1_287' title='bbox 695 2176 903 2239; x_wconf 88' lang='lat' dir='ltr'><strong><em>sciunt,</em></strong></span> <span class='ocrx_word' id='word_1_288' title='bbox 936 2175 988 2227; x_wconf 91' lang='lat' dir='ltr'><strong><em>in</em></strong></span> <span class='ocrx_word' id='word_1_289' title='bbox 1022 2172 1201 2226; x_wconf 90' lang='lat' dir='ltr'><strong><em>multis</em></strong></span> <span class='ocrx_word' id='word_1_290' title='bbox 1234 2170 1448 2240; x_wconf 62' lang='lat' dir='ltr'><strong><em>[Egypti</em></strong></span> <span class='ocrx_word' id='word_1_291' title='bbox 1480 2168 1757 2239; x_wconf 87' lang='lat' dir='ltr'><strong><em>paludibus</em></strong></span> 
     </span>
    </p>
   </div>
   <div class='ocr_carea' id='block_1_38' title="bbox 201 2256 1759 2340">
    <p class='ocr_par' dir='ltr' id='par_1_38' title="bbox 201 2256 1759 2340">
     <span class='ocr_line' id='line_1_38' title="bbox 201 2256 1759 2340; baseline -0.009 -17"><span class='ocrx_word' id='word_1_292' title='bbox 201 2277 457 2340; x_wconf 79' lang='lat' dir='ltr'><strong><em>poterant</em></strong></span> <span class='ocrx_word' id='word_1_293' title='bbox 490 2260 682 2338; x_wconf 75' lang='lat' dir='ltr'><strong><em>pascha</em></strong></span> <span class='ocrx_word' id='word_1_294' title='bbox 724 2280 825 2318; x_wconf 90' lang='lat' dir='ltr'><strong><em>non</em></strong></span> <span class='ocrx_word' id='word_1_295' title='bbox 854 2265 1061 2326; x_wconf 84' lang='lat' dir='ltr'><strong><em>deesse,</em></strong></span> <span class='ocrx_word' id='word_1_296' title='bbox 1083 2262 1241 2314; x_wconf 85' lang='lat' dir='ltr'><strong><em>etiam</em></strong></span> <span class='ocrx_word' id='word_1_297' title='bbox 1264 2274 1383 2313; x_wconf 90' lang='lat' dir='ltr'><strong><em>cum</em></strong></span> <span class='ocrx_word' id='word_1_298' title='bbox 1425 2256 1592 2312; x_wconf 89' lang='lat' dir='ltr'><strong><em>fames</em></strong></span> <span class='ocrx_word' id='word_1_299' title='bbox 1619 2264 1759 2310; x_wconf 87' lang='lat' dir='ltr'><strong><em>esset</em></strong></span> 
     </span>
    </p>
   </div>
   <div class='ocr_carea' id='block_1_39' title="bbox 201 2344 1759 2421">
    <p class='ocr_par' dir='ltr' id='par_1_39' title="bbox 201 2344 1759 2421">
     <span class='ocr_line' id='line_1_39' title="bbox 201 2344 1759 2421; baseline -0.008 -11"><span class='ocrx_word' id='word_1_300' title='bbox 201 2358 612 2418; x_wconf 82' lang='lat' dir='ltr'><strong><em>frumentorum,</em></strong></span> <span class='ocrx_word' id='word_1_301' title='bbox 646 2368 762 2421; x_wconf 72' lang='lat' dir='ltr'><strong><em>qua:</em></strong></span> <span class='ocrx_word' id='word_1_302' title='bbox 790 2351 959 2404; x_wconf 88' lang='lat' dir='ltr'><strong><em>solent</em></strong></span> <span class='ocrx_word' id='word_1_303' title='bbox 1004 2349 1103 2402; x_wconf 84' lang='lat' dir='ltr'><strong><em>Nili</em></strong></span> <span class='ocrx_word' id='word_1_304' title='bbox 1137 2348 1367 2401; x_wconf 84' lang='lat' dir='ltr'><strong><em>ﬂuminis</em></strong></span> <span class='ocrx_word' id='word_1_305' title='bbox 1415 2344 1759 2399; x_wconf 87' lang='lat' dir='ltr'><strong><em>inundatione</em></strong></span> 
     </span>
    </p>
   </div>
   <div class='ocr_carea' id='block_1_40' title="bbox 200 2433 1759 2516">
    <p class='ocr_par' dir='ltr' id='par_1_40' title="bbox 200 2433 1759 2516">
     <span class='ocr_line' id='line_1_40' title="bbox 200 2433 1759 2516; baseline -0.011 -16"><span class='ocrx_word' id='word_1_306' title='bbox 200 2445 527 2516; x_wconf 86' lang='lat' dir='ltr'><strong><em>provenire?</em></strong></span> <span class='ocrx_word' id='word_1_307' title='bbox 555 2443 717 2511; x_wconf 82' lang='lat' dir='ltr'><strong><em>Magis</em></strong></span> <span class='ocrx_word' id='word_1_308' title='bbox 746 2441 903 2494; x_wconf 87' lang='lat' dir='ltr'><strong><em>enim</em></strong></span> <span class='ocrx_word' id='word_1_309' title='bbox 937 2440 1185 2493; x_wconf 87' lang='lat' dir='ltr'><strong><em>dicuntur</em></strong></span> <span class='ocrx_word' id='word_1_310' title='bbox 1223 2437 1440 2505; x_wconf 88' lang='lat' dir='ltr'><strong><em>paludes</em></strong></span> <span class='ocrx_word' id='word_1_311' title='bbox 1482 2434 1585 2487; x_wconf 75' lang='lat' dir='ltr'><strong><em>illa:</em></strong></span> <span class='ocrx_word' id='word_1_312' title='bbox 1621 2433 1759 2487; x_wconf 87' lang='lat' dir='ltr'><strong><em>lera-</em></strong></span> 
     </span>
    </p>
   </div>
   <div class='ocr_carea' id='block_1_41' title="bbox 203 2524 1759 2601">
    <p class='ocr_par' dir='ltr' id='par_1_41' title="bbox 203 2524 1759 2601">
     <span class='ocr_line' id='line_1_41' title="bbox 203 2524 1759 2601; baseline -0.008 -13"><span class='ocrx_word' id='word_1_313' title='bbox 203 2535 325 2589; x_wconf 84' lang='lat' dir='ltr'><strong><em>cius</em></strong></span> <span class='ocrx_word' id='word_1_314' title='bbox 372 2547 567 2601; x_wconf 86' lang='lat' dir='ltr'><strong><em>pascua</em></strong></span> <span class='ocrx_word' id='word_1_315' title='bbox 607 2532 822 2600; x_wconf 78' lang='lat' dir='ltr'><strong><em>gignere</em></strong></span> <span class='ocrx_word' id='word_1_316' title='bbox 849 2570 861 2593; x_wconf 89' lang='lat'><strong><em>,</em></strong></span> <span class='ocrx_word' id='word_1_317' title='bbox 904 2528 1115 2598; x_wconf 87' lang='lat' dir='ltr'><strong><em>quando</em></strong></span> <span class='ocrx_word' id='word_1_318' title='bbox 1151 2542 1285 2596; x_wconf 87' lang='lat' dir='ltr'><strong><em>aqua</em></strong></span> <span class='ocrx_word' id='word_1_319' title='bbox 1327 2525 1428 2580; x_wconf 88' lang='lat' dir='ltr'><strong><em>Nili</em></strong></span> <span class='ocrx_word' id='word_1_320' title='bbox 1462 2524 1636 2578; x_wconf 89' lang='lat' dir='ltr'><strong><em>minus</em></strong></span> <span class='ocrx_word' id='word_1_321' title='bbox 1669 2537 1759 2576; x_wconf 86' lang='lat' dir='ltr'><strong><em>ex-</em></strong></span> 
     </span>
    </p>
   </div>
   <div class='ocr_carea' id='block_1_42' title="bbox 203 2622 421 2679">
    <p class='ocr_par' dir='ltr' id='par_1_42' title="bbox 203 2622 421 2679">
     <span class='ocr_line' id='line_1_42' title="bbox 203 2622 421 2679; baseline -0.018 -1"><span class='ocrx_word' id='word_1_322' title='bbox 203 2622 421 2679; x_wconf 86' lang='lat' dir='ltr'><strong><em>crescit.</em></strong></span> 
     </span>
    </p>
   </div>
   <div class='ocr_carea' id='block_1_43' title="bbox 800 2704 1150 2762">
    <p class='ocr_par' dir='ltr' id='par_1_43' title="bbox 800 2704 1150 2762">
     <span class='ocr_line' id='line_1_43' title="bbox 800 2704 1150 2762; baseline -0.011 0"><span class='ocrx_word' id='word_1_323' title='bbox 800 2704 1023 2762; x_wconf 81' lang='lat' dir='ltr'><strong>CAPUT</strong></span> <span class='ocrx_word' id='word_1_324' title='bbox 1065 2706 1150 2759; x_wconf 85' lang='lat' dir='ltr'><strong><em>XI.</em></strong></span> 
     </span>
    </p>
   </div>
   <div class='ocr_carea' id='block_1_44' title="bbox 209 2788 1763 2870">
    <p class='ocr_par' dir='ltr' id='par_1_44' title="bbox 209 2788 1763 2870">
     <span class='ocr_line' id='line_1_44' title="bbox 209 2788 1763 2870; baseline -0.009 -16"><span class='ocrx_word' id='word_1_325' title='bbox 209 2801 288 2854; x_wconf 81' lang='lat' dir='ltr'><strong><em>De</em></strong></span> <span class='ocrx_word' id='word_1_326' title='bbox 316 2803 378 2853; x_wconf 85' lang='lat' dir='ltr'><strong><em>eo</em></strong></span> <span class='ocrx_word' id='word_1_327' title='bbox 409 2798 545 2870; x_wconf 84' lang='lat' dir='ltr'><strong><em>quod</em></strong></span> <span class='ocrx_word' id='word_1_328' title='bbox 586 2797 778 2870; x_wconf 60' lang='lat' dir='ltr'><strong><em>Ioseph</em></strong></span> <span class='ocrx_word' id='word_1_329' title='bbox 829 2796 1095 2870; x_wconf 75' lang='lat' dir='ltr'><strong><em>acquisivit</em></strong></span> <span class='ocrx_word' id='word_1_330' title='bbox 1144 2804 1297 2870; x_wconf 74' lang='lat' dir='ltr'><strong><em>totam</em></strong></span> <span class='ocrx_word' id='word_1_331' title='bbox 1330 2802 1519 2845; x_wconf 84' lang='lat' dir='ltr'><strong><em>terram</em></strong></span> <span class='ocrx_word' id='word_1_332' title='bbox 1548 2788 1763 2861; x_wconf 65' lang='lat' dir='ltr'><strong><em>Aiggpti</em></strong></span> 
     </span>
    </p>
   </div>
   <div class='ocr_carea' id='block_1_45' title="bbox 636 2864 1341 2934">
    <p class='ocr_par' dir='ltr' id='par_1_45' title="bbox 636 2864 1341 2934">
     <span class='ocr_line' id='line_1_45' title="bbox 636 2864 1341 2934; baseline -0.007 -15"><span class='ocrx_word' id='word_1_333' title='bbox 636 2864 928 2919; x_wconf 77' lang='lat' dir='ltr'><strong><em>Pharaonis</em></strong></span> <span class='ocrx_word' id='word_1_334' title='bbox 955 2864 1341 2934; x_wconf 82' lang='lat' dir='ltr'><strong><em>possessionem.</em></strong></span> 
     </span>
    </p>
   </div>
   <div class='ocr_carea' id='block_1_46' title="bbox 281 2970 1763 3051">
    <p class='ocr_par' dir='ltr' id='par_1_46' title="bbox 281 2970 1763 3051">
     <span class='ocr_line' id='line_1_46' title="bbox 281 2970 1763 3051; baseline -0.009 -14"><span class='ocrx_word' id='word_1_335' title='bbox 281 2985 424 3037; x_wconf 80' lang='lat' dir='ltr'><strong><em>Emit</em></strong></span> <span class='ocrx_word' id='word_1_336' title='bbox 449 2984 605 3051; x_wconf 81' lang='lat' dir='ltr'><strong><em>igitur</em></strong></span> <span class='ocrx_word' id='word_1_337' title='bbox 631 2979 819 3049; x_wconf 76' lang='lat' dir='ltr'><strong><em>Ioseph</em></strong></span> <span class='ocrx_word' id='word_1_338' title='bbox 845 2992 1042 3030; x_wconf 87' lang='lat' dir='ltr'><strong><em>omnem</em></strong></span> <span class='ocrx_word' id='word_1_339' title='bbox 1081 2985 1270 3028; x_wconf 82' lang='lat' dir='ltr'><strong><em>terram</em></strong></span> <span class='ocrx_word' id='word_1_340' title='bbox 1295 2973 1524 3042; x_wconf 56' lang='grc' dir='ltr'><strong><em>[Ἐρυμνιῂ</em></strong></span> <span class='ocrx_word' id='word_1_341' title='bbox 1547 2970 1763 3026; x_wconf 87' lang='lat' dir='ltr'><strong><em>venden-</em></strong></span> 
     </span>
    </p>
   </div>
   <div class='ocr_carea' id='block_1_47' title="bbox 208 3060 1758 3142">
    <p class='ocr_par' dir='ltr' id='par_1_47' title="bbox 208 3060 1758 3142">
     <span class='ocr_line' id='line_1_47' title="bbox 208 3060 1758 3142; baseline -0.012 -12"><span class='ocrx_word' id='word_1_342' title='bbox 208 3078 348 3130; x_wconf 86' lang='lat' dir='ltr'><strong><em>tibus</em></strong></span> <span class='ocrx_word' id='word_1_343' title='bbox 366 3071 579 3142; x_wconf 86' lang='lat' dir='ltr'><strong><em>singulis</em></strong></span> <span class='ocrx_word' id='word_1_344' title='bbox 598 3060 938 3140; x_wconf 76' lang='lat' dir='ltr'><strong><em>possessiones</em></strong></span> <span class='ocrx_word' id='word_1_345' title='bbox 954 3082 1073 3118; x_wconf 90' lang='lat' dir='ltr'><strong><em>suas</em></strong></span> <span class='ocrx_word' id='word_1_346' title='bbox 1093 3070 1199 3133; x_wconf 77' lang='lat' dir='ltr'><strong><em>pra:</em></strong></span> <span class='ocrx_word' id='word_1_347' title='bbox 1220 3063 1570 3132; x_wconf 83' lang='lat' dir='ltr'><strong><em>magnitudine</em></strong></span> <span class='ocrx_word' id='word_1_348' title='bbox 1585 3061 1758 3129; x_wconf 88' lang='lat' dir='ltr'><strong><em>famis.</em></strong></span> 
     </span>
    </p>
   </div>
   <div class='ocr_carea' id='block_1_48' title="bbox 209 3151 1764 3235">
    <p class='ocr_par' dir='ltr' id='par_1_48' title="bbox 209 3151 1764 3235">
     <span class='ocr_line' id='line_1_48' title="bbox 209 3151 1764 3235; baseline -0.012 -16"><span class='ocrx_word' id='word_1_349' title='bbox 209 3164 539 3235; x_wconf 82' lang='lat' dir='ltr'><strong><em>Subjecitque</em></strong></span> <span class='ocrx_word' id='word_1_350' title='bbox 566 3176 678 3214; x_wconf 88' lang='lat' dir='ltr'><strong><em>eam</em></strong></span> <span class='ocrx_word' id='word_1_351' title='bbox 711 3156 992 3218; x_wconf 80' lang='lat' dir='ltr'><strong><em>Pharaoni,</em></strong></span> <span class='ocrx_word' id='word_1_352' title='bbox 1024 3163 1071 3207; x_wconf 89' lang='lat' dir='ltr'><strong><em>et</em></strong></span> <span class='ocrx_word' id='word_1_353' title='bbox 1097 3162 1304 3206; x_wconf 89' lang='lat' dir='ltr'><strong><em>cunctos</em></strong></span> <span class='ocrx_word' id='word_1_354' title='bbox 1331 3151 1543 3229; x_wconf 80' lang='lat' dir='ltr'><strong><em>populos</em></strong></span> <span class='ocrx_word' id='word_1_355' title='bbox 1571 3151 1705 3219; x_wconf 83' lang='lat' dir='ltr'><strong><em>ejus,</em></strong></span> <span class='ocrx_word' id='word_1_356' title='bbox 1734 3166 1764 3201; x_wconf 92' lang='lat' dir='ltr'><strong><em>a</em></strong></span> 
     </span>
    </p>
   </div>
   <div class='ocr_carea' id='block_1_49' title="bbox 209 3240 1763 3314">
    <p class='ocr_par' dir='ltr' id='par_1_49' title="bbox 209 3240 1763 3314">
     <span class='ocr_line' id='line_1_49' title="bbox 209 3240 1763 3314; baseline -0.012 -5"><span class='ocrx_word' id='word_1_357' title='bbox 209 3253 498 3309; x_wconf 81' lang='lat' dir='ltr'><strong><em>novissimis</em></strong></span> <span class='ocrx_word' id='word_1_358' title='bbox 536 3248 768 3302; x_wconf 88' lang='lat' dir='ltr'><strong><em>terminis</em></strong></span> <span class='ocrx_word' id='word_1_359' title='bbox 800 3240 1032 3314; x_wconf 81' lang='lat' dir='ltr'><strong><em>gypti,</em></strong></span> <span class='ocrx_word' id='word_1_360' title='bbox 1073 3257 1232 3311; x_wconf 89' lang='lat' dir='ltr'><strong><em>usque</em></strong></span> <span class='ocrx_word' id='word_1_361' title='bbox 1262 3241 1327 3293; x_wconf 88' lang='lat' dir='ltr'><strong><em>ad</em></strong></span> <span class='ocrx_word' id='word_1_362' title='bbox 1355 3248 1605 3293; x_wconf 72' lang='lat' dir='ltr'><strong><em>extremos</em></strong></span> <span class='ocrx_word' id='word_1_363' title='bbox 1635 3240 1763 3306; x_wconf 79' lang='lat' dir='ltr'><strong><em>ﬁnes</em></strong></span> 
     </span>
    </p>
   </div>
   <div class='ocr_carea' id='block_1_50' title="bbox 207 3328 1766 3412">
    <p class='ocr_par' dir='ltr' id='par_1_50' title="bbox 207 3328 1766 3412">
     <span class='ocr_line' id='line_1_50' title="bbox 207 3328 1766 3412; baseline -0.013 -13"><span class='ocrx_word' id='word_1_364' title='bbox 207 3344 327 3412; x_wconf 86' lang='lat' dir='ltr'><strong><em>ejus</em></strong></span> <span class='ocrx_word' id='word_1_365' title='bbox 369 3351 554 3411; x_wconf 77' lang='lat' dir='ltr'><strong><em>prieter</em></strong></span> <span class='ocrx_word' id='word_1_366' title='bbox 599 3348 789 3391; x_wconf 89' lang='lat' dir='ltr'><strong><em>terram</em></strong></span> <span class='ocrx_word' id='word_1_367' title='bbox 825 3333 1147 3387; x_wconf 85' lang='lat' dir='ltr'><strong><em>sacerdotum</em></strong></span> <span class='ocrx_word' id='word_1_368' title='bbox 1171 3372 1183 3393; x_wconf 89' lang='lat'><strong><em>,</em></strong></span> <span class='ocrx_word' id='word_1_369' title='bbox 1217 3346 1332 3399; x_wconf 67' lang='lat' dir='ltr'><strong><em>qua:</em></strong></span> <span class='ocrx_word' id='word_1_370' title='bbox 1368 3347 1399 3381; x_wconf 92' lang='lat' dir='ltr'><strong><em>a</em></strong></span> <span class='ocrx_word' id='word_1_371' title='bbox 1432 3345 1544 3397; x_wconf 87' lang='lat' dir='ltr'><strong><em>rege</em></strong></span> <span class='ocrx_word' id='word_1_372' title='bbox 1574 3328 1766 3379; x_wconf 88' lang='lat' dir='ltr'><strong><em>tradita</em></strong></span> 
     </span>
    </p>
   </div>
   <div class='ocr_carea' id='block_1_51' title="bbox 208 3419 1765 3503">
    <p class='ocr_par' dir='ltr' id='par_1_51' title="bbox 208 3419 1765 3503">
     <span class='ocr_line' id='line_1_51' title="bbox 208 3419 1765 3503; baseline -0.01 -17"><span class='ocrx_word' id='word_1_373' title='bbox 208 3435 384 3503; x_wconf 85' lang='lat' dir='ltr'><strong><em>fuerat</em></strong></span> <span class='ocrx_word' id='word_1_374' title='bbox 414 3431 509 3495; x_wconf 89' lang='lat' dir='ltr'><strong><em>eis,</em></strong></span> <span class='ocrx_word' id='word_1_375' title='bbox 535 3428 716 3499; x_wconf 87' lang='lat' dir='ltr'><strong><em>quibus</em></strong></span> <span class='ocrx_word' id='word_1_376' title='bbox 740 3434 785 3479; x_wconf 90' lang='lat' dir='ltr'><strong><em>et</em></strong></span> <span class='ocrx_word' id='word_1_377' title='bbox 808 3434 1001 3501; x_wconf 84' lang='lat' dir='ltr'><strong><em>statuta</em></strong></span> <span class='ocrx_word' id='word_1_378' title='bbox 1021 3423 1212 3476; x_wconf 88' lang='lat' dir='ltr'><strong><em>cibaria</em></strong></span> <span class='ocrx_word' id='word_1_379' title='bbox 1240 3433 1305 3483; x_wconf 68' lang='lat' dir='ltr'><strong><em>ea;</em></strong></span> <span class='ocrx_word' id='word_1_380' title='bbox 1328 3421 1523 3474; x_wconf 83' lang='lat' dir='ltr'><strong><em>horreis</em></strong></span> <span class='ocrx_word' id='word_1_381' title='bbox 1548 3419 1765 3489; x_wconf 83' lang='lat' dir='ltr'><strong><em>publicis</em></strong></span> 
     </span>
    </p>
   </div>
   <div class='ocr_carea' id='block_1_52' title="bbox 208 3508 1767 3590">
    <p class='ocr_par' dir='ltr' id='par_1_52' title="bbox 208 3508 1767 3590">
     <span class='ocr_line' id='line_1_52' title="bbox 208 3508 1767 3590; baseline -0.009 -17"><span class='ocrx_word' id='word_1_382' title='bbox 208 3520 591 3590; x_wconf 74' lang='lat' dir='ltr'><strong><em>praebebantur,</em></strong></span> <span class='ocrx_word' id='word_1_383' title='bbox 637 3527 685 3569; x_wconf 88' lang='lat' dir='ltr'><strong><em>et</em></strong></span> <span class='ocrx_word' id='word_1_384' title='bbox 721 3515 914 3567; x_wconf 85' lang='lat' dir='ltr'><strong><em>idcirco</em></strong></span> <span class='ocrx_word' id='word_1_385' title='bbox 956 3529 1057 3566; x_wconf 90' lang='lat' dir='ltr'><strong><em>non</em></strong></span> <span class='ocrx_word' id='word_1_386' title='bbox 1108 3520 1224 3565; x_wconf 90' lang='lat' dir='ltr'><strong><em>sunt</em></strong></span> <span class='ocrx_word' id='word_1_387' title='bbox 1261 3508 1509 3578; x_wconf 84' lang='lat' dir='ltr'><strong><em>compulsi</em></strong></span> <span class='ocrx_word' id='word_1_388' title='bbox 1551 3509 1767 3563; x_wconf 85' lang='lat' dir='ltr'><strong><em>vendere</em></strong></span> 
     </span>
    </p>
   </div>
   <div class='ocr_carea' id='block_1_53' title="bbox 208 3597 1767 3680">
    <p class='ocr_par' dir='ltr' id='par_1_53' title="bbox 208 3597 1767 3680">
     <span class='ocr_line' id='line_1_53' title="bbox 208 3597 1767 3680; baseline -0.01 -16"><span class='ocrx_word' id='word_1_389' title='bbox 208 3609 557 3680; x_wconf 85' lang='lat' dir='ltr'><strong><em>possessiones</em></strong></span> <span class='ocrx_word' id='word_1_390' title='bbox 609 3621 731 3659; x_wconf 85' lang='lat' dir='ltr'><strong><em>suas</em></strong></span> <span class='ocrx_word' id='word_1_391' title='bbox 764 3644 778 3670; x_wconf 94' lang='lat'><strong><em>,</em></strong></span> <span class='ocrx_word' id='word_1_392' title='bbox 827 3611 933 3657; x_wconf 89' lang='lat' dir='ltr'><strong><em>etc.</em></strong></span> <span class='ocrx_word' id='word_1_393' title='bbox 962 3601 1019 3654; x_wconf 87' lang='lat' dir='ltr'><strong><em>In</em></strong></span> <span class='ocrx_word' id='word_1_394' title='bbox 1040 3610 1108 3654; x_wconf 88' lang='lat' dir='ltr'><strong><em>&#39;eo</em></strong></span> <span class='ocrx_word' id='word_1_395' title='bbox 1136 3599 1275 3669; x_wconf 91' lang='lat' dir='ltr'><strong><em>quod</em></strong></span> <span class='ocrx_word' id='word_1_396' title='bbox 1316 3597 1509 3667; x_wconf 72' lang='lat' dir='ltr'><strong><em>Ioseph</em></strong></span> <span class='ocrx_word' id='word_1_397' title='bbox 1555 3611 1767 3651; x_wconf 87' lang='lat' dir='ltr'><strong><em>onmem</em></strong></span> 
     </span>
    </p>
   </div>
   <div class='ocr_carea' id='block_1_54' title="bbox 211 3688 1770 3768">
    <p class='ocr_par' dir='ltr' id='par_1_54' title="bbox 211 3688 1770 3768">
     <span class='ocr_line' id='line_1_54' title="bbox 211 3688 1770 3768; baseline -0.009 -14"><span class='ocrx_word' id='word_1_398' title='bbox 211 3709 417 3754; x_wconf 89' lang='lat' dir='ltr'><strong><em>terram</em></strong></span> <span class='ocrx_word' id='word_1_399' title='bbox 465 3696 678 3768; x_wconf 65' lang='lat' dir='ltr'><strong><em>Egypti</em></strong></span> <span class='ocrx_word' id='word_1_400' title='bbox 707 3694 854 3758; x_wconf 88' lang='lat' dir='ltr'><strong><em>emit,</em></strong></span> <span class='ocrx_word' id='word_1_401' title='bbox 908 3692 1232 3761; x_wconf 72' lang='lat' dir='ltr'><strong><em>subiecitque</em></strong></span> <span class='ocrx_word' id='word_1_402' title='bbox 1258 3704 1373 3743; x_wconf 89' lang='lat' dir='ltr'><strong><em>eam</em></strong></span> <span class='ocrx_word' id='word_1_403' title='bbox 1402 3688 1691 3751; x_wconf 85' lang='lat' dir='ltr'><strong><em>Pharaoni,</em></strong></span> <span class='ocrx_word' id='word_1_404' title='bbox 1716 3697 1770 3741; x_wconf 91' lang='lat' dir='ltr'><strong><em>et</em></strong></span> 
     </span>
    </p>
   </div>
   <div class='ocr_carea' id='block_1_55' title="bbox 211 3778 1769 3858">
    <p class='ocr_par' dir='ltr' id='par_1_55' title="bbox 211 3778 1769 3858">
     <span class='ocr_line' id='line_1_55' title="bbox 211 3778 1769 3858; baseline -0.008 -15"><span class='ocrx_word' id='word_1_405' title='bbox 211 3795 444 3844; x_wconf 87' lang='lat' dir='ltr'><strong><em>cunctos</em></strong></span> <span class='ocrx_word' id='word_1_406' title='bbox 482 3787 710 3858; x_wconf 88' lang='lat' dir='ltr'><strong><em>populos</em></strong></span> <span class='ocrx_word' id='word_1_407' title='bbox 754 3785 890 3854; x_wconf 88' lang='lat' dir='ltr'><strong><em>ejus,</em></strong></span> <span class='ocrx_word' id='word_1_408' title='bbox 924 3798 1033 3836; x_wconf 86' lang='lat' dir='ltr'><strong><em>non</em></strong></span> <span class='ocrx_word' id='word_1_409' title='bbox 1066 3780 1333 3849; x_wconf 70' lang='lat' dir='ltr'><strong><em>iniustitia:</em></strong></span> <span class='ocrx_word' id='word_1_410' title='bbox 1358 3778 1442 3832; x_wconf 89' lang='lat' dir='ltr'><strong><em>vel</em></strong></span> <span class='ocrx_word' id='word_1_411' title='bbox 1472 3778 1769 3848; x_wconf 88' lang='lat' dir='ltr'><strong><em>iniquitatis</em></strong></span> 
     </span>
    </p>
   </div>
   <div class='ocr_carea' id='block_1_56' title="bbox 212 3867 1771 3948">
    <p class='ocr_par' dir='ltr' id='par_1_56' title="bbox 212 3867 1771 3948">
     <span class='ocr_line' id='line_1_56' title="bbox 212 3867 1771 3948; baseline -0.008 -17"><span class='ocrx_word' id='word_1_412' title='bbox 212 3878 369 3948; x_wconf 86' lang='lat' dir='ltr'><strong><em>argui</em></strong></span> <span class='ocrx_word' id='word_1_413' title='bbox 399 3884 597 3946; x_wconf 83' lang='lat' dir='ltr'><strong><em>potest,</em></strong></span> <span class='ocrx_word' id='word_1_414' title='bbox 628 3874 859 3927; x_wconf 84' lang='lat' dir='ltr'><strong><em>maxime</em></strong></span> <span class='ocrx_word' id='word_1_415' title='bbox 898 3886 1019 3925; x_wconf 92' lang='lat' dir='ltr'><strong><em>cum</em></strong></span> <span class='ocrx_word' id='word_1_416' title='bbox 1060 3868 1283 3923; x_wconf 83' lang='lat' dir='ltr'><strong><em>ﬁdelitas</em></strong></span> <span class='ocrx_word' id='word_1_417' title='bbox 1316 3868 1429 3936; x_wconf 85' lang='lat' dir='ltr'><strong><em>ejus</em></strong></span> <span class='ocrx_word' id='word_1_418' title='bbox 1472 3867 1592 3920; x_wconf 75' lang='lat' dir='ltr'><strong><em>inde</em></strong></span> <span class='ocrx_word' id='word_1_419' title='bbox 1625 3881 1771 3919; x_wconf 92' lang='lat' dir='ltr'><strong><em>eom-</em></strong></span> 
     </span>
    </p>
   </div>
   <div class='ocr_carea' id='block_1_57' title="bbox 214 3954 1766 4031">
    <p class='ocr_par' dir='ltr' id='par_1_57' title="bbox 214 3954 1766 4031">
     <span class='ocr_line' id='line_1_57' title="bbox 214 3954 1766 4031; baseline -0.008 -11"><span class='ocrx_word' id='word_1_420' title='bbox 214 3966 518 4027; x_wconf 88' lang='lat' dir='ltr'><strong><em>mendetur,</em></strong></span> <span class='ocrx_word' id='word_1_421' title='bbox 551 3963 675 4031; x_wconf 86' lang='lat' dir='ltr'><strong><em>quia</em></strong></span> <span class='ocrx_word' id='word_1_422' title='bbox 711 3960 907 4013; x_wconf 88' lang='lat' dir='ltr'><strong><em>nullius</em></strong></span> <span class='ocrx_word' id='word_1_423' title='bbox 950 3973 1187 4028; x_wconf 77' lang='lat' dir='ltr'><strong><em>persona:</em></strong></span> <span class='ocrx_word' id='word_1_424' title='bbox 1228 3956 1451 4025; x_wconf 78' lang='lat' dir='ltr'><strong><em>gratiam</em></strong></span> <span class='ocrx_word' id='word_1_425' title='bbox 1496 3954 1766 4023; x_wconf 89' lang='lat' dir='ltr'><strong><em>suscepit,</em></strong></span> 
     </span>
    </p>
   </div>
   <div class='ocr_carea' id='block_1_58' title="bbox 214 4045 1769 4124">
    <p class='ocr_par' dir='ltr' id='par_1_58' title="bbox 214 4045 1769 4124">
     <span class='ocr_line' id='line_1_58' title="bbox 214 4045 1769 4124; baseline -0.008 -15"><span class='ocrx_word' id='word_1_426' title='bbox 214 4055 311 4110; x_wconf 88' lang='lat' dir='ltr'><strong><em>sed</em></strong></span> <span class='ocrx_word' id='word_1_427' title='bbox 334 4055 482 4124; x_wconf 86' lang='lat' dir='ltr'><strong><em>juxta</em></strong></span> <span class='ocrx_word' id='word_1_428' title='bbox 513 4051 767 4121; x_wconf 88' lang='lat' dir='ltr'><strong><em>emptoris</em></strong></span> <span class='ocrx_word' id='word_1_429' title='bbox 800 4049 1051 4119; x_wconf 90' lang='lat' dir='ltr'><strong><em>pretium,</em></strong></span> <span class='ocrx_word' id='word_1_430' title='bbox 1078 4062 1227 4115; x_wconf 67' lang='lat' dir='ltr'><strong><em>aaquo</em></strong></span> <span class='ocrx_word' id='word_1_431' title='bbox 1261 4045 1539 4100; x_wconf 88' lang='lat' dir='ltr'><strong><em>libramine</em></strong></span> <span class='ocrx_word' id='word_1_432' title='bbox 1580 4045 1769 4112; x_wconf 88' lang='lat' dir='ltr'><strong><em>stipem</em></strong></span> 
     </span>
    </p>
   </div>
   <div class='ocr_carea' id='block_1_59' title="bbox 216 4132 1768 4215">
    <p class='ocr_par' dir='ltr' id='par_1_59' title="bbox 216 4132 1768 4215">
     <span class='ocr_line' id='line_1_59' title="bbox 216 4132 1768 4215; baseline -0.008 -16"><span class='ocrx_word' id='word_1_433' title='bbox 216 4147 421 4215; x_wconf 82' lang='lat' dir='ltr'><strong><em>regiam</em></strong></span> <span class='ocrx_word' id='word_1_434' title='bbox 478 4132 835 4212; x_wconf 86' lang='lat' dir='ltr'><strong><em>indigentibus</em></strong></span> <span class='ocrx_word' id='word_1_435' title='bbox 888 4137 1266 4207; x_wconf 88' lang='lat' dir='ltr'><strong><em>compensavit.</em></strong></span> <span class='ocrx_word' id='word_1_436' title='bbox 1318 4136 1536 4205; x_wconf 81' lang='lat' dir='ltr'><strong><em>Mystice</em></strong></span> <span class='ocrx_word' id='word_1_437' title='bbox 1593 4143 1768 4187; x_wconf 89' lang='lat' dir='ltr'><strong><em>autem</em></strong></span> 
     </span>
    </p>
   </div>
   <div class='ocr_carea' id='block_1_60' title="bbox 216 4226 1771 4304">
    <p class='ocr_par' dir='ltr' id='par_1_60' title="bbox 216 4226 1771 4304">
     <span class='ocr_line' id='line_1_60' title="bbox 216 4226 1771 4304; baseline -0.008 -15"><span class='ocrx_word' id='word_1_438' title='bbox 216 4235 697 4304; x_wconf 82' lang='lat' dir='ltr'><strong><em>significatonmes</em></strong></span> <span class='ocrx_word' id='word_1_439' title='bbox 742 4230 831 4298; x_wconf 85' lang='lat' dir='ltr'><strong><em>qui</em></strong></span> <span class='ocrx_word' id='word_1_440' title='bbox 885 4229 936 4281; x_wconf 91' lang='lat' dir='ltr'><strong><em>in</em></strong></span> <span class='ocrx_word' id='word_1_441' title='bbox 982 4227 1211 4297; x_wconf 64' lang='lat' dir='ltr'><strong><em>Egypto</em></strong></span> <span class='ocrx_word' id='word_1_442' title='bbox 1240 4226 1500 4294; x_wconf 89' lang='lat' dir='ltr'><strong><em>spirituali</em></strong></span> <span class='ocrx_word' id='word_1_443' title='bbox 1543 4233 1688 4287; x_wconf 90' lang='lat' dir='ltr'><strong><em>sunt,</em></strong></span> <span class='ocrx_word' id='word_1_444' title='bbox 1718 4233 1771 4277; x_wconf 88' lang='lat' dir='ltr'><strong><em>et</em></strong></span> 
     </span>
    </p>
   </div>
   <div class='ocr_carea' id='block_1_61' title="bbox 216 4314 1771 4391">
    <p class='ocr_par' dir='ltr' id='par_1_61' title="bbox 216 4314 1771 4391">
     <span class='ocr_line' id='line_1_61' title="bbox 216 4314 1771 4391; baseline -0.005 -16"><span class='ocrx_word' id='word_1_445' title='bbox 216 4322 441 4391; x_wconf 58' lang='lat' dir='ltr'><strong><em>Egypti</em></strong></span> <span class='ocrx_word' id='word_1_446' title='bbox 469 4335 597 4389; x_wconf 80' lang='lat' dir='ltr'><strong><em>apes</em></strong></span> <span class='ocrx_word' id='word_1_447' title='bbox 626 4319 894 4380; x_wconf 87' lang='lat' dir='ltr'><strong><em>ambiunt,</em></strong></span> <span class='ocrx_word' id='word_1_448' title='bbox 924 4331 1106 4373; x_wconf 80' lang='lat' dir='ltr'><strong><em>servos</em></strong></span> <span class='ocrx_word' id='word_1_449' title='bbox 1127 4332 1260 4370; x_wconf 92' lang='lat' dir='ltr'><strong><em>esse.</em></strong></span> <span class='ocrx_word' id='word_1_450' title='bbox 1290 4314 1406 4368; x_wconf 87' lang='lat' dir='ltr'><strong><em>Jam</em></strong></span> <span class='ocrx_word' id='word_1_451' title='bbox 1434 4315 1573 4368; x_wconf 90' lang='lat' dir='ltr'><strong><em>enim</em></strong></span> <span class='ocrx_word' id='word_1_452' title='bbox 1601 4314 1771 4367; x_wconf 90' lang='lat' dir='ltr'><strong><em>nullus</em></strong></span> 
     </span>
    </p>
   </div>
   <div class='ocr_carea' id='block_1_62' title="bbox 1857 1897 3401 1971">
    <p class='ocr_par' dir='ltr' id='par_1_62' title="bbox 1857 1897 3401 1971">
     <span class='ocr_line' id='line_1_62' title="bbox 1857 1897 3401 1971; baseline 0.007 -23"><span class='ocrx_word' id='word_1_453' title='bbox 1857 1906 2033 1951; x_wconf 91' lang='lat' dir='ltr'><strong><em>autem</em></strong></span> <span class='ocrx_word' id='word_1_454' title='bbox 2083 1899 2282 1967; x_wconf 88' lang='lat' dir='ltr'><strong><em>emptio</em></strong></span> <span class='ocrx_word' id='word_1_455' title='bbox 2327 1897 2520 1968; x_wconf 85' lang='lat' dir='ltr'><strong><em>Joseph</em></strong></span> <span class='ocrx_word' id='word_1_456' title='bbox 2573 1916 2674 1969; x_wconf 90' lang='lat' dir='ltr'><strong><em>qua</em></strong></span> <span class='ocrx_word' id='word_1_457' title='bbox 2729 1901 2965 1971; x_wconf 88' lang='lat' dir='ltr'><strong><em>frugibus</em></strong></span> <span class='ocrx_word' id='word_1_458' title='bbox 3019 1905 3145 1958; x_wconf 89' lang='lat' dir='ltr'><strong><em>emit</em></strong></span> <span class='ocrx_word' id='word_1_459' title='bbox 3206 1912 3401 1960; x_wconf 86' lang='lat' dir='ltr'><strong><em>terram</em></strong></span> 
     </span>
    </p>
   </div>
   <div class='ocr_carea' id='block_1_63' title="bbox 1857 1982 3401 2071">
    <p class='ocr_par' dir='ltr' id='par_1_63' title="bbox 1857 1982 3401 2071">
     <span class='ocr_line' id='line_1_63' title="bbox 1857 1982 3401 2071; baseline 0.008 -35"><span class='ocrx_word' id='word_1_460' title='bbox 1857 1982 2117 2055; x_wconf 65' lang='lat' dir='ltr'><strong><em>Egypti,</em></strong></span> <span class='ocrx_word' id='word_1_461' title='bbox 2163 1986 2430 2055; x_wconf 83' lang='lat' dir='ltr'><strong><em>significat</em></strong></span> <span class='ocrx_word' id='word_1_462' title='bbox 2480 1988 2887 2071; x_wconf 78' lang='lat' dir='ltr'><strong><em>Christum-sua</em></strong></span> <span class='ocrx_word' id='word_1_463' title='bbox 2925 1990 3161 2045; x_wconf 88' lang='lat' dir='ltr'><strong><em>doctrina</em></strong></span> <span class='ocrx_word' id='word_1_464' title='bbox 3214 2001 3269 2046; x_wconf 89' lang='lat' dir='ltr'><strong><em>et</em></strong></span> <span class='ocrx_word' id='word_1_465' title='bbox 3321 1994 3401 2048; x_wconf 88' lang='lat' dir='ltr'><strong><em>sui</em></strong></span> 
     </span>
    </p>
   </div>
   <div class='ocr_carea' id='block_1_64' title="bbox 1857 2075 3401 2146">
    <p class='ocr_par' dir='ltr' id='par_1_64' title="bbox 1857 2075 3401 2146">
     <span class='ocr_line' id='line_1_64' title="bbox 1857 2075 3401 2146; baseline 0.005 -19"><span class='ocrx_word' id='word_1_466' title='bbox 1857 2075 2131 2145; x_wconf 85' lang='lat' dir='ltr'><strong><em>sanguinis</em></strong></span> <span class='ocrx_word' id='word_1_467' title='bbox 2180 2077 2352 2146; x_wconf 88' lang='lat' dir='ltr'><strong><em>pretio</em></strong></span> <span class='ocrx_word' id='word_1_468' title='bbox 2417 2077 2722 2131; x_wconf 86' lang='lat' dir='ltr'><strong><em>universum</em></strong></span> <span class='ocrx_word' id='word_1_469' title='bbox 2802 2080 3052 2133; x_wconf 88' lang='lat' dir='ltr'><strong><em>mundum</em></strong></span> <span class='ocrx_word' id='word_1_470' title='bbox 3124 2081 3401 2136; x_wconf 87' lang='lat' dir='ltr'><strong><em>redimere.</em></strong></span> 
     </span>
    </p>
   </div>
   <div class='ocr_carea' id='block_1_65' title="bbox 1858 2166 2309 2238">
    <p class='ocr_par' dir='ltr' id='par_1_65' title="bbox 1858 2166 2309 2238">
     <span class='ocr_line' id='line_1_65' title="bbox 1858 2166 2309 2238; baseline 0.004 -20"><span class='ocrx_word' id='word_1_471' title='bbox 1858 2166 2112 2234; x_wconf 84' lang='lat' dir='ltr'><strong><em>Quodque</em></strong></span> <span class='ocrx_word' id='word_1_472' title='bbox 2137 2166 2264 2229; x_wconf 76' lang='lat' dir='ltr'><strong><em>dieit</em></strong></span> <span class='ocrx_word' id='word_1_473' title='bbox 2282 2186 2309 2238; x_wconf 11' lang='grc' dir='ltr'><strong><em>με</em></strong></span> 
     </span>
    </p>
   </div>
   <div class='ocr_carea' id='block_1_66' title="bbox 1927 2256 3408 2331">
    <p class='ocr_par' dir='ltr' id='par_1_66' title="bbox 1927 2256 3408 2331">
     <span class='ocr_line' id='line_1_66' title="bbox 1927 2256 3408 2331; baseline 0.004 -23"><span class='ocrx_word' id='word_1_474' title='bbox 1927 2256 2151 2325; x_wconf 78' lang='lat' dir='ltr'><strong><em>Accipite</em></strong></span> <span class='ocrx_word' id='word_1_475' title='bbox 2168 2257 2364 2310; x_wconf 86' lang='lat' dir='ltr'><strong><em>semina</em></strong></span> <span class='ocrx_word' id='word_1_476' title='bbox 2376 2266 2420 2309; x_wconf 91' lang='lat' dir='ltr'><strong><em>et</em></strong></span> <span class='ocrx_word' id='word_1_477' title='bbox 2441 2267 2590 2311; x_wconf 84' lang='lat' dir='ltr'><strong><em>serite</em></strong></span> <span class='ocrx_word' id='word_1_478' title='bbox 2611 2274 2777 2327; x_wconf 88' lang='lat' dir='ltr'><strong><em>agros,</em></strong></span> <span class='ocrx_word' id='word_1_479' title='bbox 2797 2270 2847 2310; x_wconf 91' lang='lat' dir='ltr'><strong><em>ut</em></strong></span> <span class='ocrx_word' id='word_1_480' title='bbox 2863 2258 3034 2328; x_wconf 77' lang='lat' dir='ltr'><strong><em>fruges</em></strong></span> <span class='ocrx_word' id='word_1_481' title='bbox 3050 2259 3233 2314; x_wconf 86' lang='lat' dir='ltr'><strong><em>habere</em></strong></span> <span class='ocrx_word' id='word_1_482' title='bbox 3244 2264 3408 2331; x_wconf 88' lang='lat' dir='ltr'><strong><em>possi-</em></strong></span> 
     </span>
    </p>
   </div>
   <div class='ocr_carea' id='block_1_67' title="bbox 1859 2346 3403 2421">
    <p class='ocr_par' dir='ltr' id='par_1_67' title="bbox 1859 2346 3403 2421">
     <span class='ocr_line' id='line_1_67' title="bbox 1859 2346 3403 2421; baseline 0.004 -24"><span class='ocrx_word' id='word_1_483' title='bbox 1859 2346 1969 2398; x_wconf 89' lang='lat' dir='ltr'><strong><em>tis:</em></strong></span> <span class='ocrx_word' id='word_1_484' title='bbox 2001 2346 2233 2414; x_wconf 82' lang='lat' dir='ltr'><strong><em>quintam</em></strong></span> <span class='ocrx_word' id='word_1_485' title='bbox 2276 2355 2474 2414; x_wconf 86' lang='lat' dir='ltr'><strong><em>partem</em></strong></span> <span class='ocrx_word' id='word_1_486' title='bbox 2524 2349 2627 2416; x_wconf 90' lang='lat' dir='ltr'><strong><em>regi</em></strong></span> <span class='ocrx_word' id='word_1_487' title='bbox 2664 2347 2883 2413; x_wconf 87' lang='lat' dir='ltr'><strong><em>dabitis,</em></strong></span> <span class='ocrx_word' id='word_1_488' title='bbox 2922 2357 3145 2418; x_wconf 86' lang='lat' dir='ltr'><strong><em>quatuor</em></strong></span> <span class='ocrx_word' id='word_1_489' title='bbox 3182 2348 3403 2421; x_wconf 88' lang='lat' dir='ltr'><strong><em>reliquas</em></strong></span> 
     </span>
    </p>
   </div>
   <div class='ocr_carea' id='block_1_68' title="bbox 1857 2436 3408 2507">
    <p class='ocr_par' dir='ltr' id='par_1_68' title="bbox 1857 2436 3408 2507">
     <span class='ocr_line' id='line_1_68' title="bbox 1857 2436 3408 2507; baseline 0.002 -18"><span class='ocrx_word' id='word_1_490' title='bbox 1857 2436 2097 2504; x_wconf 85' lang='lat' dir='ltr'><strong><em>permitto</em></strong></span> <span class='ocrx_word' id='word_1_491' title='bbox 2132 2436 2269 2489; x_wconf 85' lang='lat' dir='ltr'><strong><em>vobis</em></strong></span> <span class='ocrx_word' id='word_1_492' title='bbox 2300 2436 2352 2488; x_wconf 90' lang='lat' dir='ltr'><strong><em>in</em></strong></span> <span class='ocrx_word' id='word_1_493' title='bbox 2379 2446 2672 2501; x_wconf 83' lang='lat' dir='ltr'><strong><em>sementem,</em></strong></span> <span class='ocrx_word' id='word_1_494' title='bbox 2722 2446 2768 2490; x_wconf 88' lang='lat' dir='ltr'><strong><em>et</em></strong></span> <span class='ocrx_word' id='word_1_495' title='bbox 2793 2438 2845 2492; x_wconf 91' lang='lat' dir='ltr'><strong><em>in</em></strong></span> <span class='ocrx_word' id='word_1_496' title='bbox 2869 2439 3005 2493; x_wconf 86' lang='lat' dir='ltr'><strong><em>cibos</em></strong></span> <span class='ocrx_word' id='word_1_497' title='bbox 3030 2438 3242 2507; x_wconf 76' lang='lat' dir='ltr'><strong><em>familiis</em></strong></span> <span class='ocrx_word' id='word_1_498' title='bbox 3270 2450 3314 2493; x_wconf 92' lang='lat' dir='ltr'><strong><em>et</em></strong></span> <span class='ocrx_word' id='word_1_499' title='bbox 3345 2439 3408 2492; x_wconf 86' lang='lat' dir='ltr'><strong><em>li-</em></strong></span> 
     </span>
    </p>
   </div>
   <div class='ocr_carea' id='block_1_69' title="bbox 1861 2524 3406 2594">
    <p class='ocr_par' dir='ltr' id='par_1_69' title="bbox 1861 2524 3406 2594">
     <span class='ocr_line' id='line_1_69' title="bbox 1861 2524 3406 2594; baseline 0.003 -18"><span class='ocrx_word' id='word_1_500' title='bbox 1861 2524 1992 2579; x_wconf 89' lang='lat' dir='ltr'><strong><em>beris</em></strong></span> <span class='ocrx_word' id='word_1_501' title='bbox 2020 2526 2217 2589; x_wconf 84' lang='lat' dir='ltr'><strong><em>vestris,</em></strong></span> <span class='ocrx_word' id='word_1_502' title='bbox 2262 2525 2505 2594; x_wconf 86' lang='lat' dir='ltr'><strong><em>accipere</em></strong></span> <span class='ocrx_word' id='word_1_503' title='bbox 2544 2525 2760 2579; x_wconf 83' lang='lat' dir='ltr'><strong><em>mandat</em></strong></span> <span class='ocrx_word' id='word_1_504' title='bbox 2816 2540 3016 2591; x_wconf 88' lang='lat' dir='ltr'><strong><em>semen,</em></strong></span> <span class='ocrx_word' id='word_1_505' title='bbox 3049 2528 3151 2582; x_wconf 90' lang='lat' dir='ltr'><strong><em>hoc</em></strong></span> <span class='ocrx_word' id='word_1_506' title='bbox 3176 2534 3259 2582; x_wconf 88' lang='lat' dir='ltr'><strong><em>est</em></strong></span> <span class='ocrx_word' id='word_1_507' title='bbox 3287 2542 3406 2581; x_wconf 89' lang='lat' dir='ltr'><strong><em>ver-</em></strong></span> 
     </span>
    </p>
   </div>
   <div class='ocr_carea' id='block_1_70' title="bbox 1860 2606 3408 2687">
    <p class='ocr_par' dir='ltr' id='par_1_70' title="bbox 1860 2606 3408 2687">
     <span class='ocr_line' id='line_1_70' title="bbox 1860 2606 3408 2687; baseline 0.004 -19"><span class='ocrx_word' id='word_1_508' title='bbox 1860 2615 1985 2668; x_wconf 87' lang='lat' dir='ltr'><strong><em>bum</em></strong></span> <span class='ocrx_word' id='word_1_509' title='bbox 2028 2615 2141 2679; x_wconf 90' lang='lat' dir='ltr'><strong><em>Dei,</em></strong></span> <span class='ocrx_word' id='word_1_510' title='bbox 2184 2624 2238 2669; x_wconf 92' lang='lat' dir='ltr'><strong><em>et</em></strong></span> <span class='ocrx_word' id='word_1_511' title='bbox 2270 2631 2457 2670; x_wconf 82' lang='lat' dir='ltr'><strong><em>serere</em></strong></span> <span class='ocrx_word' id='word_1_512' title='bbox 2502 2632 2675 2686; x_wconf 86' lang='lat' dir='ltr'><strong><em>agros,</em></strong></span> <span class='ocrx_word' id='word_1_513' title='bbox 2727 2633 2954 2687; x_wconf 88' lang='lat' dir='ltr'><strong><em>corpora</em></strong></span> <span class='ocrx_word' id='word_1_514' title='bbox 3000 2606 3244 2675; x_wconf 85' lang='lat' dir='ltr'><strong><em>videlicet</em></strong></span> <span class='ocrx_word' id='word_1_515' title='bbox 3290 2636 3408 2685; x_wconf 88' lang='lat' dir='ltr'><strong><em>sua,</em></strong></span> 
     </span>
    </p>
   </div>
   <div class='ocr_carea' id='block_1_71' title="bbox 1861 2706 3409 2778">
    <p class='ocr_par' dir='ltr' id='par_1_71' title="bbox 1861 2706 3409 2778">
     <span class='ocr_line' id='line_1_71' title="bbox 1861 2706 3409 2778; baseline 0.005 -22"><span class='ocrx_word' id='word_1_516' title='bbox 1861 2720 1981 2773; x_wconf 73' lang='lat' dir='ltr'><strong><em>qua:</em></strong></span> <span class='ocrx_word' id='word_1_517' title='bbox 2022 2720 2238 2759; x_wconf 86' lang='lat' dir='ltr'><strong><em>vomere</em></strong></span> <span class='ocrx_word' id='word_1_518' title='bbox 2278 2706 2585 2775; x_wconf 87' lang='lat' dir='ltr'><strong><em>evangelico</em></strong></span> <span class='ocrx_word' id='word_1_519' title='bbox 2630 2716 2869 2771; x_wconf 87' lang='lat' dir='ltr'><strong><em>exarata,</em></strong></span> <span class='ocrx_word' id='word_1_520' title='bbox 2926 2715 2991 2765; x_wconf 68' lang='lat' dir='ltr'><strong><em>et,</em></strong></span> <span class='ocrx_word' id='word_1_521' title='bbox 3014 2708 3216 2763; x_wconf 88' lang='lat' dir='ltr'><strong><em>semine</em></strong></span> <span class='ocrx_word' id='word_1_522' title='bbox 3251 2710 3409 2778; x_wconf 90' lang='lat' dir='ltr'><strong><em>spiri—</em></strong></span> 
     </span>
    </p>
   </div>
   <div class='ocr_carea' id='block_1_72' title="bbox 1864 2794 3413 2866">
    <p class='ocr_par' dir='ltr' id='par_1_72' title="bbox 1864 2794 3413 2866">
     <span class='ocr_line' id='line_1_72' title="bbox 1864 2794 3413 2866; baseline 0.004 -19"><span class='ocrx_word' id='word_1_523' title='bbox 1864 2794 1993 2847; x_wconf 88' lang='lat' dir='ltr'><strong><em>tuali</em></strong></span> <span class='ocrx_word' id='word_1_524' title='bbox 2041 2795 2322 2860; x_wconf 87' lang='lat' dir='ltr'><strong><em>seminata,</em></strong></span> <span class='ocrx_word' id='word_1_525' title='bbox 2378 2794 2585 2850; x_wconf 73' lang='lat' dir='ltr'><strong><em>fruetus</em></strong></span> <span class='ocrx_word' id='word_1_526' title='bbox 2634 2796 2891 2851; x_wconf 88' lang='lat' dir='ltr'><strong><em>virtutum</em></strong></span> <span class='ocrx_word' id='word_1_527' title='bbox 2940 2800 3255 2866; x_wconf 86' lang='lat' dir='ltr'><strong><em>germinant.</em></strong></span> <span class='ocrx_word' id='word_1_528' title='bbox 3311 2799 3413 2853; x_wconf 85' lang='lat' dir='ltr'><strong><em>Per</em></strong></span> 
     </span>
    </p>
   </div>
   <div class='ocr_carea' id='block_1_73' title="bbox 1863 2883 3455 2962">
    <p class='ocr_par' dir='ltr' id='par_1_73' title="bbox 1863 2883 3455 2962">
     <span class='ocr_line' id='line_1_73' title="bbox 1863 2883 3455 2962; baseline 0.004 -26"><span class='ocrx_word' id='word_1_529' title='bbox 1863 2883 2102 2951; x_wconf 89' lang='lat' dir='ltr'><strong><em>quintam</em></strong></span> <span class='ocrx_word' id='word_1_530' title='bbox 2129 2892 2333 2953; x_wconf 88' lang='lat' dir='ltr'><strong><em>partem</em></strong></span> <span class='ocrx_word' id='word_1_531' title='bbox 2373 2900 2491 2952; x_wconf 68' lang='lat' dir='ltr'><strong><em>quae</em></strong></span> <span class='ocrx_word' id='word_1_532' title='bbox 2527 2885 2739 2953; x_wconf 86' lang='lat' dir='ltr'><strong><em>regibus</em></strong></span> <span class='ocrx_word' id='word_1_533' title='bbox 2763 2885 3007 2951; x_wconf 90' lang='lat' dir='ltr'><strong><em>dabatur,</em></strong></span> <span class='ocrx_word' id='word_1_534' title='bbox 3032 2887 3263 2955; x_wconf 90' lang='lat' dir='ltr'><strong><em>quinque</em></strong></span> <span class='ocrx_word' id='word_1_535' title='bbox 3293 2903 3412 2942; x_wconf 80' lang='lat' dir='ltr'><strong><em>sen-</em></strong></span> <span class='ocrx_word' id='word_1_536' title='bbox 3434 2931 3455 2962; x_wconf 43' lang='grc' dir='ltr'><strong>ε</strong></span> 
     </span>
    </p>
   </div>
   <div class='ocr_carea' id='block_1_74' title="bbox 1864 2973 3415 3046">
    <p class='ocr_par' dir='ltr' id='par_1_74' title="bbox 1864 2973 3415 3046">
     <span class='ocr_line' id='line_1_74' title="bbox 1864 2973 3415 3046; baseline 0.003 -18"><span class='ocrx_word' id='word_1_537' title='bbox 1864 2988 2015 3028; x_wconf 90' lang='lat' dir='ltr'><strong><em>suum</em></strong></span> <span class='ocrx_word' id='word_1_538' title='bbox 2044 2988 2259 3038; x_wconf 89' lang='lat' dir='ltr'><strong><em>census,</em></strong></span> <span class='ocrx_word' id='word_1_539' title='bbox 2304 2976 2446 3044; x_wconf 90' lang='lat' dir='ltr'><strong><em>quod</em></strong></span> <span class='ocrx_word' id='word_1_540' title='bbox 2490 2973 2703 3029; x_wconf 88' lang='lat' dir='ltr'><strong><em>Christo</em></strong></span> <span class='ocrx_word' id='word_1_541' title='bbox 2740 2990 2868 3029; x_wconf 80' lang='lat' dir='ltr'><strong><em>vero</em></strong></span> <span class='ocrx_word' id='word_1_542' title='bbox 2911 2978 3018 3046; x_wconf 86' lang='lat' dir='ltr'><strong><em>regi</em></strong></span> <span class='ocrx_word' id='word_1_543' title='bbox 3046 2976 3175 3030; x_wconf 85' lang='lat' dir='ltr'><strong><em>solvi</em></strong></span> <span class='ocrx_word' id='word_1_544' title='bbox 3203 2977 3415 3042; x_wconf 80' lang='lat' dir='ltr'><strong><em>debeat,</em></strong></span> 
     </span>
    </p>
   </div>
   <div class='ocr_carea' id='block_1_75' title="bbox 1870 3064 3419 3132">
    <p class='ocr_par' dir='ltr' id='par_1_75' title="bbox 1870 3064 3419 3132">
     <span class='ocr_line' id='line_1_75' title="bbox 1870 3064 3419 3132; baseline 0.003 -15"><span class='ocrx_word' id='word_1_545' title='bbox 1870 3065 2164 3117; x_wconf 86' lang='lat' dir='ltr'><strong><em>intimatur.</em></strong></span> <span class='ocrx_word' id='word_1_546' title='bbox 2193 3064 2437 3130; x_wconf 83' lang='lat' dir='ltr'><strong><em>Quatuor</em></strong></span> <span class='ocrx_word' id='word_1_547' title='bbox 2464 3080 2590 3119; x_wconf 85' lang='lat' dir='ltr'><strong><em>vero</em></strong></span> <span class='ocrx_word' id='word_1_548' title='bbox 2635 3065 2822 3132; x_wconf 78' lang='lat' dir='ltr'><strong><em>reliqui</em></strong></span> <span class='ocrx_word' id='word_1_549' title='bbox 2869 3065 2919 3118; x_wconf 91' lang='lat' dir='ltr'><strong><em>in</em></strong></span> <span class='ocrx_word' id='word_1_550' title='bbox 2960 3074 3251 3120; x_wconf 88' lang='lat' dir='ltr'><strong><em>sementem</em></strong></span> <span class='ocrx_word' id='word_1_551' title='bbox 3282 3075 3337 3121; x_wconf 92' lang='lat' dir='ltr'><strong><em>et</em></strong></span> <span class='ocrx_word' id='word_1_552' title='bbox 3363 3068 3419 3121; x_wconf 90' lang='lat' dir='ltr'><strong><em>iu</em></strong></span> 
     </span>
    </p>
   </div>
   <div class='ocr_carea' id='block_1_76' title="bbox 1870 3158 3419 3228">
    <p class='ocr_par' dir='ltr' id='par_1_76' title="bbox 1870 3158 3419 3228">
     <span class='ocr_line' id='line_1_76' title="bbox 1870 3158 3419 3228; baseline 0.003 -17"><span class='ocrx_word' id='word_1_553' title='bbox 1870 3158 2017 3212; x_wconf 87' lang='lat' dir='ltr'><strong><em>cibos</em></strong></span> <span class='ocrx_word' id='word_1_554' title='bbox 2040 3159 2438 3226; x_wconf 89' lang='lat' dir='ltr'><strong><em>possessoribus</em></strong></span> <span class='ocrx_word' id='word_1_555' title='bbox 2462 3160 2867 3227; x_wconf 89' lang='lat' dir='ltr'><strong><em>permittuntur,</em></strong></span> <span class='ocrx_word' id='word_1_556' title='bbox 2890 3160 3013 3228; x_wconf 89' lang='lat' dir='ltr'><strong><em>quia</em></strong></span> <span class='ocrx_word' id='word_1_557' title='bbox 3042 3160 3265 3214; x_wconf 82' lang='lat' dir='ltr'><strong><em>actualis</em></strong></span> <span class='ocrx_word' id='word_1_558' title='bbox 3298 3161 3419 3215; x_wconf 73' lang='lat' dir='ltr'><strong><em>vita:</em></strong></span> 
     </span>
    </p>
   </div>
   <div class='ocr_carea' id='block_1_77' title="bbox 1871 3248 3419 3327">
    <p class='ocr_par' dir='ltr' id='par_1_77' title="bbox 1871 3248 3419 3327">
     <span class='ocr_line' id='line_1_77' title="bbox 1871 3248 3419 3327; baseline 0.004 -29"><span class='ocrx_word' id='word_1_559' title='bbox 1871 3263 1998 3300; x_wconf 30' lang='lat' dir='ltr'><strong><em>usus</em></strong></span> <span class='ocrx_word' id='word_1_560' title='bbox 2039 3248 2326 3316; x_wconf 89' lang='lat' dir='ltr'><strong><em>unicuique</em></strong></span> <span class='ocrx_word' id='word_1_561' title='bbox 2356 3250 2689 3313; x_wconf 85' lang='lat' dir='ltr'><strong><em>conceditur,</em></strong></span> <span class='ocrx_word' id='word_1_562' title='bbox 2715 3256 2979 3317; x_wconf 90' lang='lat' dir='ltr'><strong><em>quatenus</em></strong></span> <span class='ocrx_word' id='word_1_563' title='bbox 3006 3251 3419 3327; x_wconf 38' lang='lat' dir='ltr'><strong><em>semina-teper}:</em></strong></span> 
     </span>
    </p>
   </div>
   <div class='ocr_carea' id='block_1_78' title="bbox 1868 3337 3415 3406">
    <p class='ocr_par' dir='ltr' id='par_1_78' title="bbox 1868 3337 3415 3406">
     <span class='ocr_line' id='line_1_78' title="bbox 1868 3337 3415 3406; baseline 0.004 -17"><span class='ocrx_word' id='word_1_564' title='bbox 1868 3339 2150 3401; x_wconf 83' lang='lat' dir='ltr'><strong><em>virtutum,</em></strong></span> <span class='ocrx_word' id='word_1_565' title='bbox 2195 3348 2253 3391; x_wconf 87' lang='lat' dir='ltr'><strong><em>ut</em></strong></span> <span class='ocrx_word' id='word_1_566' title='bbox 2282 3337 2486 3392; x_wconf 89' lang='lat' dir='ltr'><strong><em>fructus</em></strong></span> <span class='ocrx_word' id='word_1_567' title='bbox 2520 3338 2742 3406; x_wconf 70' lang='lat' dir='ltr'><strong><em>iustitia:</em></strong></span> <span class='ocrx_word' id='word_1_568' title='bbox 2788 3347 2954 3393; x_wconf 84' lang='lat' dir='ltr'><strong><em>metat</em></strong></span> <span class='ocrx_word' id='word_1_569' title='bbox 2981 3341 3032 3393; x_wconf 92' lang='lat' dir='ltr'><strong><em>in</em></strong></span> <span class='ocrx_word' id='word_1_570' title='bbox 3065 3341 3230 3394; x_wconf 83' lang='lat' dir='ltr'><strong><em>vitam</em></strong></span> <span class='ocrx_word' id='word_1_571' title='bbox 3257 3349 3415 3395; x_wconf 69' lang='lat' dir='ltr'><strong><em>mter~</em></strong></span> 
     </span>
    </p>
   </div>
   <div class='ocr_carea' id='block_1_79' title="bbox 1870 3425 3420 3495">
    <p class='ocr_par' dir='ltr' id='par_1_79' title="bbox 1870 3425 3420 3495">
     <span class='ocr_line' id='line_1_79' title="bbox 1870 3425 3420 3495; baseline 0.005 -17"><span class='ocrx_word' id='word_1_572' title='bbox 1870 3442 1993 3480; x_wconf 88' lang='lat' dir='ltr'><strong><em>nam</em></strong></span> <span class='ocrx_word' id='word_1_573' title='bbox 2025 3444 2037 3479; x_wconf 89' lang='lat'><strong>:</strong></span> <span class='ocrx_word' id='word_1_574' title='bbox 2065 3426 2204 3495; x_wconf 88' lang='lat' dir='ltr'><strong><em>quod</em></strong></span> <span class='ocrx_word' id='word_1_575' title='bbox 2226 3442 2254 3480; x_wconf 89' lang='lat' dir='ltr'><strong><em>a</em></strong></span> <span class='ocrx_word' id='word_1_576' title='bbox 2286 3425 2562 3481; x_wconf 87' lang='lat' dir='ltr'><strong><em>Salvatore</em></strong></span> <span class='ocrx_word' id='word_1_577' title='bbox 2603 3438 2785 3481; x_wconf 85' lang='lat' dir='ltr'><strong><em>nostro</em></strong></span> <span class='ocrx_word' id='word_1_578' title='bbox 2828 3430 3093 3483; x_wconf 88' lang='lat' dir='ltr'><strong><em>veraciter</em></strong></span> <span class='ocrx_word' id='word_1_579' title='bbox 3131 3431 3284 3485; x_wconf 80' lang='lat' dir='ltr'><strong><em>nobis</em></strong></span> <span class='ocrx_word' id='word_1_580' title='bbox 3328 3431 3420 3485; x_wconf 90' lang='lat' dir='ltr'><strong><em>tri-</em></strong></span> 
     </span>
    </p>
   </div>
   <div class='ocr_carea' id='block_1_80' title="bbox 1871 3514 3425 3586">
    <p class='ocr_par' dir='ltr' id='par_1_80' title="bbox 1871 3514 3425 3586">
     <span class='ocr_line' id='line_1_80' title="bbox 1871 3514 3425 3586; baseline 0.003 -18"><span class='ocrx_word' id='word_1_581' title='bbox 1871 3516 2065 3569; x_wconf 85' lang='lat' dir='ltr'><strong><em>buitur.</em></strong></span> <span class='ocrx_word' id='word_1_582' title='bbox 2099 3516 2248 3570; x_wconf 91' lang='lat' dir='ltr'><strong><em>Unde</em></strong></span> <span class='ocrx_word' id='word_1_583' title='bbox 2276 3514 2470 3585; x_wconf 86' lang='lat' dir='ltr'><strong><em>Joseph</em></strong></span> <span class='ocrx_word' id='word_1_584' title='bbox 2512 3516 2746 3586; x_wconf 62' lang='lat' dir='ltr'><strong><em>Egyptii</em></strong></span> <span class='ocrx_word' id='word_1_585' title='bbox 2792 3518 3012 3572; x_wconf 91' lang='lat' dir='ltr'><strong><em>dieunt:</em></strong></span> <span class='ocrx_word' id='word_1_586' title='bbox 3044 3518 3201 3573; x_wconf 91' lang='lat' dir='ltr'><strong><em>Salus</em></strong></span> <span class='ocrx_word' id='word_1_587' title='bbox 3248 3529 3425 3573; x_wconf 88' lang='lat' dir='ltr'><strong><em>nostra</em></strong></span> 
     </span>
    </p>
   </div>
   <div class='ocr_carea' id='block_1_81' title="bbox 1868 3598 3425 3677">
    <p class='ocr_par' dir='ltr' id='par_1_81' title="bbox 1868 3598 3425 3677">
     <span class='ocr_line' id='line_1_81' title="bbox 1868 3598 3425 3677; baseline 0.004 -20"><span class='ocrx_word' id='word_1_588' title='bbox 1868 3607 1922 3658; x_wconf 89' lang='lat' dir='ltr'><strong><em>in</em></strong></span> <span class='ocrx_word' id='word_1_589' title='bbox 1971 3622 2126 3658; x_wconf 88' lang='lat' dir='ltr'><strong><em>manu</em></strong></span> <span class='ocrx_word' id='word_1_590' title='bbox 2177 3617 2267 3659; x_wconf 86' lang='lat' dir='ltr'><strong><em>tua</em></strong></span> <span class='ocrx_word' id='word_1_591' title='bbox 2312 3616 2409 3668; x_wconf 84' lang='lat' dir='ltr'><strong><em>est,</em></strong></span> <span class='ocrx_word' id='word_1_592' title='bbox 2456 3607 2579 3673; x_wconf 89' lang='lat' dir='ltr'><strong><em>quia</em></strong></span> <span class='ocrx_word' id='word_1_593' title='bbox 2624 3606 2959 3661; x_wconf 87' lang='lat' dir='ltr'><strong><em>manifestum</em></strong></span> <span class='ocrx_word' id='word_1_594' title='bbox 2995 3609 3241 3677; x_wconf 88' lang='lat' dir='ltr'><strong><em>estquod</em></strong></span> <span class='ocrx_word' id='word_1_595' title='bbox 3281 3598 3425 3664; x_wconf 85' lang='lat' dir='ltr'><strong><em>salus</em></strong></span> 
     </span>
    </p>
   </div>
   <div class='ocr_carea' id='block_1_82' title="bbox 1871 3696 3093 3766">
    <p class='ocr_par' dir='ltr' id='par_1_82' title="bbox 1871 3696 3093 3766">
     <span class='ocr_line' id='line_1_82' title="bbox 1871 3696 3093 3766; baseline 0.005 -19"><span class='ocrx_word' id='word_1_596' title='bbox 1871 3697 2049 3751; x_wconf 89' lang='lat' dir='ltr'><strong><em>mundi</em></strong></span> <span class='ocrx_word' id='word_1_597' title='bbox 2076 3698 2127 3750; x_wconf 92' lang='lat' dir='ltr'><strong><em>in</em></strong></span> <span class='ocrx_word' id='word_1_598' title='bbox 2164 3696 2361 3752; x_wconf 87' lang='lat' dir='ltr'><strong><em>Christi</em></strong></span> <span class='ocrx_word' id='word_1_599' title='bbox 2391 3708 2653 3766; x_wconf 87' lang='lat' dir='ltr'><strong><em>potestate</em></strong></span> <span class='ocrx_word' id='word_1_600' title='bbox 2678 3708 2761 3754; x_wconf 91' lang='lat' dir='ltr'><strong><em>est</em></strong></span> <span class='ocrx_word' id='word_1_601' title='bbox 2783 3700 3093 3755; x_wconf 87' lang='lat' dir='ltr'><strong><em>constituta.</em></strong></span> 
     </span>
    </p>
   </div>
   <div class='ocr_carea' id='block_1_83' title="bbox 2471 3807 2843 3863">
    <p class='ocr_par' dir='ltr' id='par_1_83' title="bbox 2471 3807 2843 3863">
     <span class='ocr_line' id='line_1_83' title="bbox 2471 3807 2843 3863; baseline -0.003 -2"><span class='ocrx_word' id='word_1_602' title='bbox 2471 3807 2694 3863; x_wconf 85' lang='lat' dir='ltr'><strong><em>CAPUT</em></strong></span> <span class='ocrx_word' id='word_1_603' title='bbox 2731 3807 2843 3861; x_wconf 82' lang='lat' dir='ltr'><strong>XII.</strong></span> 
     </span>
    </p>
   </div>
   <div class='ocr_carea' id='block_1_84' title="bbox 1944 3893 3353 3977">
    <p class='ocr_par' dir='ltr' id='par_1_84' title="bbox 1944 3893 3353 3977">
     <span class='ocr_line' id='line_1_84' title="bbox 1944 3893 3353 3977; baseline 0.006 -33"><span class='ocrx_word' id='word_1_604' title='bbox 1944 3893 2040 3947; x_wconf 89' lang='lat' dir='ltr'><strong><em>Ubi</em></strong></span> <span class='ocrx_word' id='word_1_605' title='bbox 2085 3895 2248 3947; x_wconf 85' lang='lat' dir='ltr'><strong><em>Jacob</em></strong></span> <span class='ocrx_word' id='word_1_606' title='bbox 2288 3896 2476 3964; x_wconf 78' lang='lat' dir='ltr'><strong><em>Ioseph</em></strong></span> <span class='ocrx_word' id='word_1_607' title='bbox 2516 3912 2615 3977; x_wconf 83' lang='lat' dir='ltr'><strong><em>pro</em></strong></span> <span class='ocrx_word' id='word_1_608' title='bbox 2638 3896 2901 3977; x_wconf 68' lang='lat' dir='ltr'><strong><em>sepultura</em></strong></span> <span class='ocrx_word' id='word_1_609' title='bbox 2930 3904 3025 3951; x_wconf 76' lang='lat' dir='ltr'><strong><em>s‘ua</em></strong></span> <span class='ocrx_word' id='word_1_610' title='bbox 3056 3898 3353 3966; x_wconf 58' lang='lat' dir='ltr'><strong><em>iuramento</em></strong></span> 
     </span>
    </p>
   </div>
   <div class='ocr_carea' id='block_1_85' title="bbox 2468 3974 2797 4018">
    <p class='ocr_par' dir='ltr' id='par_1_85' title="bbox 2468 3974 2797 4018">
     <span class='ocr_line' id='line_1_85' title="bbox 2468 3974 2797 4018; baseline 0.012 -4"><span class='ocrx_word' id='word_1_611' title='bbox 2468 3974 2797 4018; x_wconf 67' lang='lat' dir='ltr'><strong><em>constrinxit.</em></strong></span> 
     </span>
    </p>
   </div>
   <div class='ocr_carea' id='block_1_86' title="bbox 1945 4055 3428 4126">
    <p class='ocr_par' dir='ltr' id='par_1_86' title="bbox 1945 4055 3428 4126">
     <span class='ocr_line' id='line_1_86' title="bbox 1945 4055 3428 4126; baseline 0.004 -19"><span class='ocrx_word' id='word_1_612' title='bbox 1945 4055 2203 4109; x_wconf 78' lang='lat' dir='ltr'><strong><em>Habitavit</em></strong></span> <span class='ocrx_word' id='word_1_613' title='bbox 2234 4074 2353 4125; x_wconf 85' lang='lat' dir='ltr'><strong><em>ergo</em></strong></span> <span class='ocrx_word' id='word_1_614' title='bbox 2378 4056 2540 4110; x_wconf 87' lang='lat' dir='ltr'><strong><em>Israel</em></strong></span> <span class='ocrx_word' id='word_1_615' title='bbox 2560 4058 2615 4109; x_wconf 88' lang='lat' dir='ltr'><strong><em>in</em></strong></span> <span class='ocrx_word' id='word_1_616' title='bbox 2636 4056 2886 4126; x_wconf 63' lang='lat' dir='ltr'><strong><em>ngypto,</em></strong></span> <span class='ocrx_word' id='word_1_617' title='bbox 2902 4059 2955 4112; x_wconf 91' lang='lat' dir='ltr'><strong><em>id</em></strong></span> <span class='ocrx_word' id='word_1_618' title='bbox 2968 4068 3061 4125; x_wconf 84' lang='lat' dir='ltr'><strong><em>est,</em></strong></span> <span class='ocrx_word' id='word_1_619' title='bbox 3078 4060 3132 4111; x_wconf 85' lang='lat' dir='ltr'><strong><em>in</em></strong></span> <span class='ocrx_word' id='word_1_620' title='bbox 3148 4068 3284 4113; x_wconf 88' lang='lat' dir='ltr'><strong><em>terra</em></strong></span> <span class='ocrx_word' id='word_1_621' title='bbox 3307 4058 3428 4113; x_wconf 80' lang='lat' dir='ltr'><strong><em>Ges-</em></strong></span> 
     </span>
    </p>
   </div>
   <div class='ocr_carea' id='block_1_87' title="bbox 1870 4148 3428 4217">
    <p class='ocr_par' dir='ltr' id='par_1_87' title="bbox 1870 4148 3428 4217">
     <span class='ocr_line' id='line_1_87' title="bbox 1870 4148 3428 4217; baseline 0.003 -18"><span class='ocrx_word' id='word_1_622' title='bbox 1870 4155 2041 4209; x_wconf 87' lang='lat' dir='ltr'><strong><em>sen,et</em></strong></span> <span class='ocrx_word' id='word_1_623' title='bbox 2054 4148 2274 4214; x_wconf 86' lang='lat' dir='ltr'><strong><em>possedit</em></strong></span> <span class='ocrx_word' id='word_1_624' title='bbox 2299 4163 2445 4211; x_wconf 86' lang='lat' dir='ltr'><strong><em>eam;</em></strong></span> <span class='ocrx_word' id='word_1_625' title='bbox 2466 4156 2745 4217; x_wconf 85' lang='lat' dir='ltr'><strong><em>auctusque</em></strong></span> <span class='ocrx_word' id='word_1_626' title='bbox 2768 4158 2860 4210; x_wconf 87' lang='lat' dir='ltr'><strong><em>est,</em></strong></span> <span class='ocrx_word' id='word_1_627' title='bbox 2886 4157 2932 4201; x_wconf 89' lang='lat' dir='ltr'><strong><em>et</em></strong></span> <span class='ocrx_word' id='word_1_628' title='bbox 2954 4148 3319 4217; x_wconf 88' lang='lat' dir='ltr'><strong><em>multiplicatus</em></strong></span> <span class='ocrx_word' id='word_1_629' title='bbox 3350 4154 3428 4204; x_wconf 83' lang='lat' dir='ltr'><strong><em>ni-</em></strong></span> 
     </span>
    </p>
   </div>
   <div class='ocr_carea' id='block_1_88' title="bbox 1871 4231 3427 4308">
    <p class='ocr_par' dir='ltr' id='par_1_88' title="bbox 1871 4231 3427 4308">
     <span class='ocr_line' id='line_1_88' title="bbox 1871 4231 3427 4308; baseline 0.003 -22"><span class='ocrx_word' id='word_1_630' title='bbox 1871 4234 1986 4296; x_wconf 80' lang='lat' dir='ltr'><strong><em>mis;</em></strong></span> <span class='ocrx_word' id='word_1_631' title='bbox 2005 4244 2049 4287; x_wconf 89' lang='lat' dir='ltr'><strong><em>et</em></strong></span> <span class='ocrx_word' id='word_1_632' title='bbox 2073 4235 2196 4287; x_wconf 71' lang='lat' dir='ltr'><strong><em>vixit</em></strong></span> <span class='ocrx_word' id='word_1_633' title='bbox 2216 4236 2269 4286; x_wconf 88' lang='lat' dir='ltr'><strong><em>in</em></strong></span> <span class='ocrx_word' id='word_1_634' title='bbox 2289 4252 2348 4286; x_wconf 91' lang='lat' dir='ltr'><strong><em>ea</em></strong></span> <span class='ocrx_word' id='word_1_635' title='bbox 2375 4236 2543 4287; x_wconf 89' lang='lat' dir='ltr'><strong><em>decem</em></strong></span> <span class='ocrx_word' id='word_1_636' title='bbox 2564 4244 2611 4287; x_wconf 88' lang='lat' dir='ltr'><strong><em>et</em></strong></span> <span class='ocrx_word' id='word_1_637' title='bbox 2633 4245 2819 4303; x_wconf 88' lang='lat' dir='ltr'><strong><em>septem</em></strong></span> <span class='ocrx_word' id='word_1_638' title='bbox 2847 4238 3017 4290; x_wconf 89' lang='lat' dir='ltr'><strong><em>annis.</em></strong></span> <span class='ocrx_word' id='word_1_639' title='bbox 3045 4231 3292 4308; x_wconf 80' lang='lat' dir='ltr'><strong><em>Factiqitc</em></strong></span> <span class='ocrx_word' id='word_1_640' title='bbox 3305 4251 3427 4292; x_wconf 88' lang='lat' dir='ltr'><strong><em>sunt</em></strong></span> 
     </span>
    </p>
   </div>
   <div class='ocr_carea' id='block_1_89' title="bbox 1873 4323 3427 4396">
    <p class='ocr_par' dir='ltr' id='par_1_89' title="bbox 1873 4323 3427 4396">
     <span class='ocr_line' id='line_1_89' title="bbox 1873 4323 3427 4396; baseline 0.003 -21"><span class='ocrx_word' id='word_1_641' title='bbox 1873 4340 2047 4377; x_wconf 88' lang='lat' dir='ltr'><strong><em>omnes</em></strong></span> <span class='ocrx_word' id='word_1_642' title='bbox 2092 4324 2199 4376; x_wconf 88' lang='lat' dir='ltr'><strong><em>dies</em></strong></span> <span class='ocrx_word' id='word_1_643' title='bbox 2245 4324 2358 4375; x_wconf 70' lang='lat' dir='ltr'><strong><em>vita:</em></strong></span> <span class='ocrx_word' id='word_1_644' title='bbox 2407 4323 2546 4375; x_wconf 86' lang='lat' dir='ltr'><strong><em>illius</em></strong></span> <span class='ocrx_word' id='word_1_645' title='bbox 2596 4333 2797 4377; x_wconf 85' lang='lat' dir='ltr'><strong><em>centum</em></strong></span> <span class='ocrx_word' id='word_1_646' title='bbox 2847 4326 3191 4396; x_wconf 89' lang='lat' dir='ltr'><strong><em>quadraginta</em></strong></span> <span class='ocrx_word' id='word_1_647' title='bbox 3238 4336 3427 4395; x_wconf 81' lang='lat' dir='ltr'><strong><em>septem</em></strong></span> 
     </span>
    </p>
   </div>
   <div class='ocr_carea' id='block_1_90' title="bbox 215 4404 3428 4489">
    <p class='ocr_par' dir='ltr' id='par_1_90' title="bbox 215 4404 3428 4489">
     <span class='ocr_line' id='line_1_90' title="bbox 215 4404 3428 4489; baseline 0.002 -26"><span class='ocrx_word' id='word_1_648' title='bbox 215 4424 304 4466; x_wconf 77' lang='lat' dir='ltr'><strong><em>est</em></strong></span> <span class='ocrx_word' id='word_1_649' title='bbox 353 4412 485 4465; x_wconf 90' lang='lat' dir='ltr'><strong><em>liber</em></strong></span> <span class='ocrx_word' id='word_1_650' title='bbox 529 4409 829 4479; x_wconf 66' lang='lat' dir='ltr'><strong><em>Aigyptius.</em></strong></span> <span class='ocrx_word' id='word_1_651' title='bbox 866 4404 1310 4462; x_wconf 67' lang='lat' dir='ltr'><strong><em>Carnalisautem</em></strong></span> <span class='ocrx_word' id='word_1_652' title='bbox 1354 4416 1453 4469; x_wconf 88' lang='lat' dir='ltr'><strong><em>est,</em></strong></span> <span class='ocrx_word' id='word_1_653' title='bbox 1489 4416 1540 4460; x_wconf 90' lang='lat' dir='ltr'><strong><em>et</em></strong></span> <span class='ocrx_word' id='word_1_654' title='bbox 1572 4422 1771 4459; x_wconf 85' lang='lat' dir='ltr'><strong><em>venun-</em></strong></span> <span class='ocrx_word' id='word_1_655' title='bbox 1802 4432 1849 4489; x_wconf 82' lang='lat' dir='ltr'><strong>D</strong></span> <span class='ocrx_word' id='word_1_656' title='bbox 1876 4429 2149 4465; x_wconf 80' lang='lat' dir='ltr'><strong><em>anuonim.</em></strong></span> <span class='ocrx_word' id='word_1_657' title='bbox 2215 4410 2443 4481; x_wconf 83' lang='lat' dir='ltr'><strong><em>Cumque</em></strong></span> <span class='ocrx_word' id='word_1_658' title='bbox 2503 4415 2910 4483; x_wconf 86' lang='lat' dir='ltr'><strong><em>appropinquare</em></strong></span> <span class='ocrx_word' id='word_1_659' title='bbox 2973 4426 3196 4468; x_wconf 77' lang='lat' dir='ltr'><strong><em>cerneret</em></strong></span> <span class='ocrx_word' id='word_1_660' title='bbox 3250 4418 3428 4470; x_wconf 87' lang='lat' dir='ltr'><strong><em>mortis</em></strong></span> 
     </span>
    </p>
   </div>
   <div class='ocr_carea' id='block_1_91' title="bbox 218 4495 1765 4569">
    <p class='ocr_par' dir='ltr' id='par_1_91' title="bbox 218 4495 1765 4569">
     <span class='ocr_line' id='line_1_91' title="bbox 218 4495 1765 4569; baseline -0.006 -13"><span class='ocrx_word' id='word_1_661' title='bbox 218 4505 379 4557; x_wconf 88' lang='lat' dir='ltr'><strong><em>datus</em></strong></span> <span class='ocrx_word' id='word_1_662' title='bbox 409 4502 507 4555; x_wconf 88' lang='lat' dir='ltr'><strong><em>sub</em></strong></span> <span class='ocrx_word' id='word_1_663' title='bbox 538 4508 775 4569; x_wconf 69' lang='lat' dir='ltr'><strong><em>pCt‘CllIO.</em></strong></span> <span class='ocrx_word' id='word_1_664' title='bbox 812 4498 1017 4551; x_wconf 88' lang='lat' dir='ltr'><strong><em>Pharao</em></strong></span> <span class='ocrx_word' id='word_1_665' title='bbox 1046 4498 1184 4549; x_wconf 91' lang='lat' dir='ltr'><strong><em>enim</em></strong></span> <span class='ocrx_word' id='word_1_666' title='bbox 1226 4512 1318 4550; x_wconf 89' lang='lat' dir='ltr'><strong><em>eos</em></strong></span> <span class='ocrx_word' id='word_1_667' title='bbox 1370 4496 1469 4549; x_wconf 90' lang='lat' dir='ltr'><strong><em>sibi</em></strong></span> <span class='ocrx_word' id='word_1_668' title='bbox 1514 4495 1726 4561; x_wconf 87' lang='lat' dir='ltr'><strong><em>subjicit</em></strong></span> <span class='ocrx_word' id='word_1_669' title='bbox 1753 4512 1765 4556; x_wconf 89' lang='lat'>;</span> 
     </span>
    </p>
   </div>
   <div class='ocr_carea' id='block_1_92' title="bbox 216 4574 1772 4655">
    <p class='ocr_par' dir='ltr' id='par_1_92' title="bbox 216 4574 1772 4655">
     <span class='ocr_line' id='line_1_92' title="bbox 216 4574 1772 4655; baseline -0.004 -9"><span class='ocrx_word' id='word_1_670' title='bbox 216 4606 271 4646; x_wconf 88' lang='lat' dir='ltr'><strong><em>et</em></strong></span> <span class='ocrx_word' id='word_1_671' title='bbox 302 4574 528 4645; x_wconf 82' lang='lat' dir='ltr'><strong><em>fortasse</em></strong></span> <span class='ocrx_word' id='word_1_672' title='bbox 553 4592 669 4643; x_wconf 81' lang='lat' dir='ltr'><strong><em>ideo</em></strong></span> <span class='ocrx_word' id='word_1_673' title='bbox 695 4588 815 4641; x_wconf 82' lang='lat' dir='ltr'><strong><em>alihi</em></strong></span> <span class='ocrx_word' id='word_1_674' title='bbox 847 4589 1042 4640; x_wconf 87' lang='lat' dir='ltr'><strong><em>dictum</em></strong></span> <span class='ocrx_word' id='word_1_675' title='bbox 1069 4597 1149 4641; x_wconf 89' lang='lat' dir='ltr'><strong><em>est</em></strong></span> <span class='ocrx_word' id='word_1_676' title='bbox 1183 4606 1194 4637; x_wconf 90' lang='lat'><strong>:</strong></span> <span class='ocrx_word' id='word_1_677' title='bbox 1245 4587 1352 4655; x_wconf 86' lang='lat' dir='ltr'><strong><em>Ego</em></strong></span> <span class='ocrx_word' id='word_1_678' title='bbox 1377 4587 1772 4643; x_wconf 81' lang='lat' dir='ltr'><strong><em>sumDominus</em></strong></span> 
     </span>
    </p>
   </div>
   <div class='ocr_carea' id='block_1_93' title="bbox 218 4677 1769 4750">
    <p class='ocr_par' dir='ltr' id='par_1_93' title="bbox 218 4677 1769 4750">
     <span class='ocr_line' id='line_1_93' title="bbox 218 4677 1769 4750; baseline -0.005 -15"><span class='ocrx_word' id='word_1_679' title='bbox 218 4684 363 4735; x_wconf 85' lang='lat' dir='ltr'><strong><em>Deus</em></strong></span> <span class='ocrx_word' id='word_1_680' title='bbox 410 4692 547 4745; x_wconf 87' lang='lat' dir='ltr'><strong><em>tuus,</em></strong></span> <span class='ocrx_word' id='word_1_681' title='bbox 579 4682 665 4750; x_wconf 88' lang='lat' dir='ltr'><strong><em>qui</em></strong></span> <span class='ocrx_word' id='word_1_682' title='bbox 702 4681 827 4732; x_wconf 67' lang='lat' dir='ltr'><strong><em>duxi</em></strong></span> <span class='ocrx_word' id='word_1_683' title='bbox 876 4689 923 4731; x_wconf 91' lang='lat' dir='ltr'><strong><em>te</em></strong></span> <span class='ocrx_word' id='word_1_684' title='bbox 951 4680 1013 4731; x_wconf 91' lang='lat' dir='ltr'><strong><em>de</em></strong></span> <span class='ocrx_word' id='word_1_685' title='bbox 1059 4689 1197 4731; x_wconf 85' lang='lat' dir='ltr'><strong><em>terra</em></strong></span> <span class='ocrx_word' id='word_1_686' title='bbox 1224 4678 1466 4746; x_wconf 67' lang='lat' dir='ltr'><strong><em>zEgypti,</em></strong></span> <span class='ocrx_word' id='word_1_687' title='bbox 1510 4678 1572 4729; x_wconf 88' lang='lat' dir='ltr'><strong><em>de</em></strong></span> <span class='ocrx_word' id='word_1_688' title='bbox 1618 4677 1769 4728; x_wconf 85' lang='lat' dir='ltr'><strong><em>domo</em></strong></span> 
     </span>
    </p>
   </div>
   <div class='ocr_carea' id='block_1_94' title="bbox 216 4765 1769 4839">
    <p class='ocr_par' dir='ltr' id='par_1_94' title="bbox 216 4765 1769 4839">
     <span class='ocr_line' id='line_1_94' title="bbox 216 4765 1769 4839; baseline -0.004 -15"><span class='ocrx_word' id='word_1_689' title='bbox 216 4769 699 4839; x_wconf 63' lang='lat' dir='ltr'><strong><em>servilutilea&#39;od.</em></strong></span> <span class='ocrx_word' id='word_1_690' title='bbox 741 4785 866 4831; x_wconf 81' lang='lat' dir='ltr'><strong><em>xm;</em></strong></span> <span class='ocrx_word' id='word_1_691' title='bbox 912 4769 1064 4820; x_wconf 84' lang='lat' dir='ltr'><strong><em>Deut.</em></strong></span> <span class='ocrx_word' id='word_1_692' title='bbox 1091 4785 1139 4830; x_wconf 92' lang='lat' dir='ltr'><strong><em>v,</em></strong></span> <span class='ocrx_word' id='word_1_693' title='bbox 1174 4784 1243 4831; x_wconf 73' lang='lat' dir='ltr'><strong><em>vr,</em></strong></span> <span class='ocrx_word' id='word_1_694' title='bbox 1273 4765 1387 4835; x_wconf 79' lang='lat' dir='ltr'><strong><em>vn).</em></strong></span> <span class='ocrx_word' id='word_1_695' title='bbox 1432 4766 1581 4820; x_wconf 82' lang='lat' dir='ltr'><strong><em>Unde</em></strong></span> <span class='ocrx_word' id='word_1_696' title='bbox 1626 4766 1769 4833; x_wconf 77' lang='lat' dir='ltr'><strong><em>Apo-</em></strong></span> 
     </span>
    </p>
   </div>
   <div class='ocr_carea' id='block_1_95' title="bbox 217 4841 1771 4925">
    <p class='ocr_par' dir='ltr' id='par_1_95' title="bbox 217 4841 1771 4925">
     <span class='ocr_line' id='line_1_95' title="bbox 217 4841 1771 4925; baseline -0.004 -13"><span class='ocrx_word' id='word_1_697' title='bbox 217 4860 392 4912; x_wconf 81' lang='lat' dir='ltr'><strong><em>stolas</em></strong></span> <span class='ocrx_word' id='word_1_698' title='bbox 428 4856 667 4911; x_wconf 71' lang='lat' dir='ltr'><strong><em>fidelibus</em></strong></span> <span class='ocrx_word' id='word_1_699' title='bbox 707 4857 942 4925; x_wconf 72' lang='lat' dir='ltr'><strong><em>praecipit</em></strong></span> <span class='ocrx_word' id='word_1_700' title='bbox 982 4856 1162 4908; x_wconf 88' lang='lat' dir='ltr'><strong><em>dicens</em></strong></span> <span class='ocrx_word' id='word_1_701' title='bbox 1205 4870 1218 4906; x_wconf 87' lang='lat'><strong>:</strong></span> <span class='ocrx_word' id='word_1_702' title='bbox 1274 4854 1393 4907; x_wconf 71' lang='lat' dir='ltr'><strong><em>Non</em></strong></span> <span class='ocrx_word' id='word_1_703' title='bbox 1427 4871 1547 4922; x_wconf 88' lang='lat' dir='ltr'><strong><em>ergo</em></strong></span> <span class='ocrx_word' id='word_1_704' title='bbox 1602 4841 1771 4922; x_wconf 84' lang='lat' dir='ltr'><strong><em>regnet</em></strong></span> 
     </span>
    </p>
   </div>
   <div class='ocr_carea' id='block_1_96' title="bbox 216 4938 1773 5017">
    <p class='ocr_par' dir='ltr' id='par_1_96' title="bbox 216 4938 1773 5017">
     <span class='ocr_line' id='line_1_96' title="bbox 216 4938 1773 5017; baseline -0.004 -17"><span class='ocrx_word' id='word_1_705' title='bbox 216 4956 487 5017; x_wconf 79' lang='lat' dir='ltr'><strong><em>peccatum</em></strong></span> <span class='ocrx_word' id='word_1_706' title='bbox 517 4945 569 4998; x_wconf 89' lang='lat' dir='ltr'><strong><em>in</em></strong></span> <span class='ocrx_word' id='word_1_707' title='bbox 600 4938 761 4999; x_wconf 70' lang='lat' dir='ltr'><strong><em>vestro</em></strong></span> <span class='ocrx_word' id='word_1_708' title='bbox 791 4944 999 4997; x_wconf 84' lang='lat' dir='ltr'><strong><em>mortali</em></strong></span> <span class='ocrx_word' id='word_1_709' title='bbox 1028 4961 1236 5011; x_wconf 86' lang='lat' dir='ltr'><strong><em>corpore</em></strong></span> <span class='ocrx_word' id='word_1_710' title='bbox 1262 4984 1276 5005; x_wconf 94' lang='lat'><strong><em>,</em></strong></span> <span class='ocrx_word' id='word_1_711' title='bbox 1321 4944 1389 4995; x_wconf 83' lang='lat' dir='ltr'><strong><em>ad</em></strong></span> <span class='ocrx_word' id='word_1_712' title='bbox 1437 4944 1773 4995; x_wconf 87' lang='lat' dir='ltr'><strong><em>obediendum</em></strong></span> 
     </span>
    </p>
   </div>
   <div class='ocr_carea' id='block_1_97' title="bbox 218 5030 1778 5102">
    <p class='ocr_par' dir='ltr' id='par_1_97' title="bbox 218 5030 1778 5102">
     <span class='ocr_line' id='line_1_97' title="bbox 218 5030 1778 5102; baseline -0.003 -16"><span class='ocrx_word' id='word_1_713' title='bbox 218 5034 493 5087; x_wconf 80' lang='lat' dir='ltr'><strong><em>desideriis</em></strong></span> <span class='ocrx_word' id='word_1_714' title='bbox 522 5033 633 5102; x_wconf 85' lang='lat' dir='ltr'><strong><em>ejus</em></strong></span> <span class='ocrx_word' id='word_1_715' title='bbox 661 5031 834 5102; x_wconf 82' lang='lat' dir='ltr'><strong><em>(Rom.</em></strong></span> <span class='ocrx_word' id='word_1_716' title='bbox 866 5031 959 5099; x_wconf 71' lang='lat' dir='ltr'><strong><em>vn).</em></strong></span> <span class='ocrx_word' id='word_1_717' title='bbox 997 5032 1060 5083; x_wconf 79' lang='lat' dir='ltr'><strong><em>Et</em></strong></span> <span class='ocrx_word' id='word_1_718' title='bbox 1089 5032 1211 5083; x_wconf 86' lang='lat' dir='ltr'><strong><em>item</em></strong></span> <span class='ocrx_word' id='word_1_719' title='bbox 1249 5048 1260 5081; x_wconf 94' lang='lat'><strong>:</strong></span> <span class='ocrx_word' id='word_1_720' title='bbox 1306 5030 1382 5081; x_wconf 80' lang='lat' dir='ltr'><strong><em>An</em></strong></span> <span class='ocrx_word' id='word_1_721' title='bbox 1413 5030 1615 5081; x_wconf 86' lang='lat' dir='ltr'><strong><em>nescitis</em></strong></span> <span class='ocrx_word' id='word_1_722' title='bbox 1641 5069 1654 5090; x_wconf 88' lang='lat'><strong><em>,</em></strong></span> <span class='ocrx_word' id='word_1_723' title='bbox 1699 5030 1778 5083; x_wconf 84' lang='lat' dir='ltr'><strong><em>in-</em></strong></span> 
     </span>
    </p>
   </div>
   <div class='ocr_carea' id='block_1_98' title="bbox 220 5120 1780 5193">
    <p class='ocr_par' dir='ltr' id='par_1_98' title="bbox 220 5120 1780 5193">
     <span class='ocr_line' id='line_1_98' title="bbox 220 5120 1780 5193; baseline -0.004 -16"><span class='ocrx_word' id='word_1_724' title='bbox 220 5125 638 5193; x_wconf 84' lang='lat' dir='ltr'><strong><em>quit,quoniam</em></strong></span> <span class='ocrx_word' id='word_1_725' title='bbox 684 5124 766 5175; x_wconf 85' lang='lat' dir='ltr'><strong><em>cui</em></strong></span> <span class='ocrx_word' id='word_1_726' title='bbox 801 5123 1046 5173; x_wconf 76' lang='lat' dir='ltr'><strong><em>exhibetis</em></strong></span> <span class='ocrx_word' id='word_1_727' title='bbox 1094 5137 1177 5172; x_wconf 88' lang='lat' dir='ltr'><strong><em>vos</em></strong></span> <span class='ocrx_word' id='word_1_728' title='bbox 1215 5137 1383 5171; x_wconf 83' lang='lat' dir='ltr'><strong><em>servos</em></strong></span> <span class='ocrx_word' id='word_1_729' title='bbox 1433 5120 1499 5170; x_wconf 93' lang='lat' dir='ltr'><strong><em>ad</em></strong></span> <span class='ocrx_word' id='word_1_730' title='bbox 1548 5120 1780 5172; x_wconf 78' lang='lat' dir='ltr'><strong><em>obedien-</em></strong></span> 
     </span>
    </p>
   </div>
   <div class='ocr_carea' id='block_1_99' title="bbox 219 5209 1777 5279">
    <p class='ocr_par' dir='ltr' id='par_1_99' title="bbox 219 5209 1777 5279">
     <span class='ocr_line' id='line_1_99' title="bbox 219 5209 1777 5279; baseline -0.003 -13"><span class='ocrx_word' id='word_1_731' title='bbox 219 5216 373 5275; x_wconf 88' lang='lat' dir='ltr'><strong><em>dum,</em></strong></span> <span class='ocrx_word' id='word_1_732' title='bbox 412 5214 541 5265; x_wconf 84' lang='lat' dir='ltr'><strong><em>servi</em></strong></span> <span class='ocrx_word' id='word_1_733' title='bbox 590 5214 709 5264; x_wconf 83' lang='lat' dir='ltr'><strong><em>estis</em></strong></span> <span class='ocrx_word' id='word_1_734' title='bbox 755 5211 867 5279; x_wconf 84' lang='lat' dir='ltr'><strong><em>ejus</em></strong></span> <span class='ocrx_word' id='word_1_735' title='bbox 905 5211 986 5260; x_wconf 90' lang='lat' dir='ltr'><strong><em>cui</em></strong></span> <span class='ocrx_word' id='word_1_736' title='bbox 1034 5209 1297 5269; x_wconf 83' lang='lat' dir='ltr'><strong><em>obedistis,</em></strong></span> <span class='ocrx_word' id='word_1_737' title='bbox 1345 5210 1446 5261; x_wconf 83' lang='lat' dir='ltr'><strong><em>sive</em></strong></span> <span class='ocrx_word' id='word_1_738' title='bbox 1489 5211 1682 5276; x_wconf 85' lang='lat' dir='ltr'><strong><em>peccati</em></strong></span> <span class='ocrx_word' id='word_1_739' title='bbox 1724 5211 1777 5261; x_wconf 86' lang='lat' dir='ltr'><strong><em>in</em></strong></span> 
     </span>
    </p>
   </div>
   <div class='ocr_carea' id='block_1_100' title="bbox 219 5298 1778 5369">
    <p class='ocr_par' dir='ltr' id='par_1_100' title="bbox 219 5298 1778 5369">
     <span class='ocr_line' id='line_1_100' title="bbox 219 5298 1778 5369; baseline -0.002 -13"><span class='ocrx_word' id='word_1_740' title='bbox 219 5315 460 5364; x_wconf 67' lang='lat' dir='ltr'><strong><em>inertem,</em></strong></span> <span class='ocrx_word' id='word_1_741' title='bbox 492 5304 592 5355; x_wconf 75' lang='lat' dir='ltr'><strong><em>sim:</em></strong></span> <span class='ocrx_word' id='word_1_742' title='bbox 618 5302 918 5354; x_wconf 82' lang='lat' dir='ltr'><strong><em>obeditionis</em></strong></span> <span class='ocrx_word' id='word_1_743' title='bbox 946 5300 1013 5353; x_wconf 92' lang='lat' dir='ltr'><strong><em>ad</em></strong></span> <span class='ocrx_word' id='word_1_744' title='bbox 1027 5301 1287 5368; x_wconf 77' lang='lat' dir='ltr'><strong><em>justitiam</em></strong></span> <span class='ocrx_word' id='word_1_745' title='bbox 1310 5299 1357 5369; x_wconf 93' lang='lat' dir='ltr'><strong><em>(I</em></strong></span> <span class='ocrx_word' id='word_1_746' title='bbox 1365 5300 1494 5369; x_wconf 85' lang='lat' dir='ltr'><strong><em>bid.)</em></strong></span> <span class='ocrx_word' id='word_1_747' title='bbox 1517 5300 1539 5351; x_wconf 75' lang='grc' dir='ltr'><strong><em>’ἶ</em></strong></span> <span class='ocrx_word' id='word_1_748' title='bbox 1565 5298 1681 5352; x_wconf 88' lang='lat' dir='ltr'><strong><em>Jam</em></strong></span> <span class='ocrx_word' id='word_1_749' title='bbox 1714 5300 1778 5353; x_wconf 88' lang='lat' dir='ltr'><strong><em>de</em></strong></span> 
     </span>
    </p>
   </div>
   <div class='ocr_carea' id='block_1_101' title="bbox 221 5388 1777 5457">
    <p class='ocr_par' dir='ltr' id='par_1_101' title="bbox 221 5388 1777 5457">
     <span class='ocr_line' id='line_1_101' title="bbox 221 5388 1777 5457; baseline -0.003 -11"><span class='ocrx_word' id='word_1_750' title='bbox 221 5392 467 5447; x_wconf 70' lang='lat' dir='ltr'><strong><em>Hebrmis</em></strong></span> <span class='ocrx_word' id='word_1_751' title='bbox 508 5391 763 5457; x_wconf 87' lang='lat' dir='ltr'><strong><em>scriptum</em></strong></span> <span class='ocrx_word' id='word_1_752' title='bbox 811 5399 894 5443; x_wconf 87' lang='lat' dir='ltr'><strong><em>est</em></strong></span> <span class='ocrx_word' id='word_1_753' title='bbox 938 5388 1076 5457; x_wconf 81' lang='lat' dir='ltr'><strong><em>quod</em></strong></span> <span class='ocrx_word' id='word_1_754' title='bbox 1109 5389 1362 5441; x_wconf 85' lang='lat' dir='ltr'><strong><em>violenter</em></strong></span> <span class='ocrx_word' id='word_1_755' title='bbox 1390 5388 1441 5441; x_wconf 89' lang='lat' dir='ltr'><strong><em>in</em></strong></span> <span class='ocrx_word' id='word_1_756' title='bbox 1469 5389 1777 5442; x_wconf 77' lang='lat' dir='ltr'><strong><em>servitutem</em></strong></span> 
     </span>
    </p>
   </div>
   <div class='ocr_carea' id='block_1_102' title="bbox 222 5478 1781 5548">
    <p class='ocr_par' dir='ltr' id='par_1_102' title="bbox 222 5478 1781 5548">
     <span class='ocr_line' id='line_1_102' title="bbox 222 5478 1781 5548; baseline -0.003 -13"><span class='ocrx_word' id='word_1_757' title='bbox 222 5480 430 5535; x_wconf 83' lang='lat' dir='ltr'><strong><em>redacti</em></strong></span> <span class='ocrx_word' id='word_1_758' title='bbox 463 5489 604 5532; x_wconf 72' lang='lat' dir='ltr'><strong><em>sunt.</em></strong></span> <span class='ocrx_word' id='word_1_759' title='bbox 638 5478 941 5548; x_wconf 58' lang='lat' dir='ltr'><strong><em>Egyptium</em></strong></span> <span class='ocrx_word' id='word_1_760' title='bbox 981 5494 1106 5532; x_wconf 86' lang='lat' dir='ltr'><strong><em>vero</em></strong></span> <span class='ocrx_word' id='word_1_761' title='bbox 1135 5478 1379 5546; x_wconf 87' lang='lat' dir='ltr'><strong><em>populum</em></strong></span> <span class='ocrx_word' id='word_1_762' title='bbox 1412 5478 1561 5531; x_wconf 82' lang='lat' dir='ltr'><strong><em>facile</em></strong></span> <span class='ocrx_word' id='word_1_763' title='bbox 1585 5479 1636 5531; x_wconf 90' lang='lat' dir='ltr'><strong><em>in</em></strong></span> <span class='ocrx_word' id='word_1_764' title='bbox 1667 5492 1781 5533; x_wconf 70' lang='lat' dir='ltr'><strong><em>ser-</em></strong></span> 
     </span>
    </p>
   </div>
   <div class='ocr_carea' id='block_1_103' title="bbox 221 5568 1781 5637">
    <p class='ocr_par' dir='ltr' id='par_1_103' title="bbox 221 5568 1781 5637">
     <span class='ocr_line' id='line_1_103' title="bbox 221 5568 1781 5637; baseline -0.001 -15"><span class='ocrx_word' id='word_1_765' title='bbox 221 5570 450 5622; x_wconf 83' lang='lat' dir='ltr'><strong><em>vitutetu</em></strong></span> <span class='ocrx_word' id='word_1_766' title='bbox 501 5570 702 5637; x_wconf 78' lang='lat' dir='ltr'><strong><em>redegit</em></strong></span> <span class='ocrx_word' id='word_1_767' title='bbox 748 5568 976 5622; x_wconf 85' lang='lat' dir='ltr'><strong><em>Pharao.</em></strong></span> <span class='ocrx_word' id='word_1_768' title='bbox 1010 5568 1369 5621; x_wconf 84' lang='lat' dir='ltr'><strong><em>Vendiderunt</em></strong></span> <span class='ocrx_word' id='word_1_769' title='bbox 1402 5568 1541 5621; x_wconf 89' lang='lat' dir='ltr'><strong><em>enim</em></strong></span> <span class='ocrx_word' id='word_1_770' title='bbox 1588 5578 1781 5622; x_wconf 80' lang='lat' dir='ltr'><strong><em>semet-</em></strong></span> 
     </span>
    </p>
   </div>
   <div class='ocr_carea' id='block_1_104' title="bbox 227 5644 1780 5728">
    <p class='ocr_par' dir='ltr' id='par_1_104' title="bbox 227 5644 1780 5728">
     <span class='ocr_line' id='line_1_104' title="bbox 227 5644 1780 5728; baseline -0.001 -16"><span class='ocrx_word' id='word_1_771' title='bbox 227 5662 397 5728; x_wconf 74' lang='lat' dir='ltr'><strong><em>ipsos.</em></strong></span> <span class='ocrx_word' id='word_1_772' title='bbox 429 5644 537 5711; x_wconf 78' lang='lat' dir='ltr'><strong><em>Non</em></strong></span> <span class='ocrx_word' id='word_1_773' title='bbox 570 5675 695 5727; x_wconf 74' lang='lat' dir='ltr'><strong><em>ergo</em></strong></span> <span class='ocrx_word' id='word_1_774' title='bbox 724 5659 1104 5727; x_wconf 83' lang='lat' dir='ltr'><strong><em>dispensatoris</em></strong></span> <span class='ocrx_word' id='word_1_775' title='bbox 1133 5657 1284 5726; x_wconf 89' lang='lat' dir='ltr'><strong><em>culpa</em></strong></span> <span class='ocrx_word' id='word_1_776' title='bbox 1310 5666 1392 5711; x_wconf 86' lang='lat' dir='ltr'><strong><em>est</em></strong></span> <span class='ocrx_word' id='word_1_777' title='bbox 1422 5698 1438 5721; x_wconf 91' lang='lat'><strong><em>,</em></strong></span> <span class='ocrx_word' id='word_1_778' title='bbox 1487 5659 1574 5714; x_wconf 88' lang='lat' dir='ltr'><strong><em>ubi</em></strong></span> <span class='ocrx_word' id='word_1_779' title='bbox 1624 5659 1780 5728; x_wconf 81' lang='lat' dir='ltr'><strong><em>digna</em></strong></span> 
     </span>
    </p>
   </div>
   <div class='ocr_carea' id='block_1_105' title="bbox 670 5747 1174 5809">
    <p class='ocr_par' dir='ltr' id='par_1_105' title="bbox 670 5747 1174 5809">
     <span class='ocr_line' id='line_1_105' title="bbox 670 5747 1174 5809; baseline -0.008 -3"><span class='ocrx_word' id='word_1_780' title='bbox 670 5750 937 5809; x_wconf 66' lang='lat' dir='ltr'><strong><em>l’A&#39;rnOL.</em></strong></span> <span class='ocrx_word' id='word_1_781' title='bbox 991 5747 1174 5804; x_wconf 83' lang='lat' dir='ltr'><strong><em>CVII.</em></strong></span> 
     </span>
    </p>
   </div>
   <div class='ocr_carea' id='block_1_106' title="bbox 138 6324 303 6338">
    <p class='ocr_par' dir='ltr' id='par_1_106' title="bbox 138 6324 303 6338">
     <span class='ocr_line' id='line_1_106' title="bbox 138 6324 303 6338; baseline -0.012 -3"><span class='ocrx_word' id='word_1_782' title='bbox 138 6334 147 6338; x_wconf 50' lang='grc' dir='ltr'>η</span> <span class='ocrx_word' id='word_1_783' title='bbox 192 6324 303 6338; x_wconf 59' lang='grc' dir='ltr'><strong><em>απτ-ν</em></strong></span> 
     </span>
    </p>
   </div>
   <div class='ocr_carea' id='block_1_107' title="bbox 1877 4498 3428 4569">
    <p class='ocr_par' dir='ltr' id='par_1_107' title="bbox 1877 4498 3428 4569">
     <span class='ocr_line' id='line_1_107' title="bbox 1877 4498 3428 4569; baseline 0.003 -19"><span class='ocrx_word' id='word_1_784' title='bbox 1877 4500 2035 4562; x_wconf 85' lang='lat' dir='ltr'><strong><em>diem,</em></strong></span> <span class='ocrx_word' id='word_1_785' title='bbox 2066 4500 2262 4552; x_wconf 82' lang='lat' dir='ltr'><strong><em>vocavit</em></strong></span> <span class='ocrx_word' id='word_1_786' title='bbox 2300 4500 2467 4567; x_wconf 75' lang='lat' dir='ltr'><strong><em>ﬁlium</em></strong></span> <span class='ocrx_word' id='word_1_787' title='bbox 2509 4516 2657 4551; x_wconf 89' lang='lat' dir='ltr'><strong><em>suum</em></strong></span> <span class='ocrx_word' id='word_1_788' title='bbox 2700 4498 2913 4569; x_wconf 75' lang='lat' dir='ltr'><strong><em>Ioseph,</em></strong></span> <span class='ocrx_word' id='word_1_789' title='bbox 2943 4511 2988 4554; x_wconf 91' lang='lat' dir='ltr'><strong><em>et</em></strong></span> <span class='ocrx_word' id='word_1_790' title='bbox 3016 4502 3145 4554; x_wconf 71' lang='lat' dir='ltr'><strong><em>dixit</em></strong></span> <span class='ocrx_word' id='word_1_791' title='bbox 3182 4503 3249 4555; x_wconf 90' lang='lat' dir='ltr'><strong><em>ad</em></strong></span> <span class='ocrx_word' id='word_1_792' title='bbox 3272 4519 3387 4557; x_wconf 84' lang='lat' dir='ltr'><strong><em>eum</em></strong></span> <span class='ocrx_word' id='word_1_793' title='bbox 3409 4516 3428 4554; x_wconf 89' lang='lat'><strong><em>:</em></strong></span> 
     </span>
    </p>
   </div>
   <div class='ocr_carea' id='block_1_108' title="bbox 1878 4588 3428 4661">
    <p class='ocr_par' dir='ltr' id='par_1_108' title="bbox 1878 4588 3428 4661">
     <span class='ocr_line' id='line_1_108' title="bbox 1878 4588 3428 4661; baseline 0.003 -19"><span class='ocrx_word' id='word_1_794' title='bbox 1878 4588 1939 4642; x_wconf 90' lang='lat' dir='ltr'><strong><em>Si</em></strong></span> <span class='ocrx_word' id='word_1_795' title='bbox 1961 4590 2124 4641; x_wconf 80' lang='lat' dir='ltr'><strong><em>inveni</em></strong></span> <span class='ocrx_word' id='word_1_796' title='bbox 2146 4591 2364 4657; x_wconf 87' lang='lat' dir='ltr'><strong><em>gratiam</em></strong></span> <span class='ocrx_word' id='word_1_797' title='bbox 2393 4592 2445 4641; x_wconf 86' lang='lat' dir='ltr'><strong><em>in</em></strong></span> <span class='ocrx_word' id='word_1_798' title='bbox 2467 4601 2735 4657; x_wconf 79' lang='lat' dir='ltr'><strong><em>conspectu</em></strong></span> <span class='ocrx_word' id='word_1_799' title='bbox 2763 4601 2873 4655; x_wconf 87' lang='lat' dir='ltr'><strong><em>tuo,</em></strong></span> <span class='ocrx_word' id='word_1_800' title='bbox 2896 4598 3025 4661; x_wconf 86' lang='lat' dir='ltr'><strong><em>pone</em></strong></span> <span class='ocrx_word' id='word_1_801' title='bbox 3050 4610 3259 4646; x_wconf 88' lang='lat' dir='ltr'><strong><em>manum</em></strong></span> <span class='ocrx_word' id='word_1_802' title='bbox 3285 4602 3428 4647; x_wconf 88' lang='lat' dir='ltr'><strong><em>tuam</em></strong></span> 
     </span>
    </p>
   </div>
   <div class='ocr_carea' id='block_1_109' title="bbox 1876 4670 3443 4748">
    <p class='ocr_par' dir='ltr' id='par_1_109' title="bbox 1876 4670 3443 4748">
     <span class='ocr_line' id='line_1_109' title="bbox 1876 4670 3443 4748; baseline 0.001 -16"><span class='ocrx_word' id='word_1_803' title='bbox 1876 4681 1969 4732; x_wconf 88' lang='lat' dir='ltr'><strong><em>sub</em></strong></span> <span class='ocrx_word' id='word_1_804' title='bbox 1990 4680 2188 4748; x_wconf 85' lang='lat' dir='ltr'><strong><em>femore</em></strong></span> <span class='ocrx_word' id='word_1_805' title='bbox 2220 4697 2350 4743; x_wconf 89' lang='lat' dir='ltr'><strong><em>meo,</em></strong></span> <span class='ocrx_word' id='word_1_806' title='bbox 2379 4691 2425 4733; x_wconf 92' lang='lat' dir='ltr'><strong><em>et</em></strong></span> <span class='ocrx_word' id='word_1_807' title='bbox 2448 4683 2606 4748; x_wconf 82' lang='lat' dir='ltr'><strong><em>facies</em></strong></span> <span class='ocrx_word' id='word_1_808' title='bbox 2638 4683 2763 4734; x_wconf 89' lang='lat' dir='ltr'><strong><em>mihi</em></strong></span> <span class='ocrx_word' id='word_1_809' title='bbox 2790 4681 3194 4734; x_wconf 84' lang='lat' dir='ltr'><strong><em>misericordiam</em></strong></span> <span class='ocrx_word' id='word_1_810' title='bbox 3221 4670 3443 4736; x_wconf 8' lang='lat' dir='ltr'><strong><em>et&#39;iveri?</em></strong></span> 
     </span>
    </p>
   </div>
   <div class='ocr_carea' id='block_1_110' title="bbox 1876 4770 3441 4839">
    <p class='ocr_par' dir='ltr' id='par_1_110' title="bbox 1876 4770 3441 4839">
     <span class='ocr_line' id='line_1_110' title="bbox 1876 4770 3441 4839; baseline 0.003 -19"><span class='ocrx_word' id='word_1_811' title='bbox 1876 4780 2054 4831; x_wconf 87' lang='lat' dir='ltr'><strong><em>tatem,</em></strong></span> <span class='ocrx_word' id='word_1_812' title='bbox 2086 4780 2140 4821; x_wconf 89' lang='lat' dir='ltr'><strong><em>ut</em></strong></span> <span class='ocrx_word' id='word_1_813' title='bbox 2171 4788 2272 4822; x_wconf 92' lang='lat' dir='ltr'><strong><em>non</em></strong></span> <span class='ocrx_word' id='word_1_814' title='bbox 2300 4770 2512 4839; x_wconf 86' lang='lat' dir='ltr'><strong><em>sepelias</em></strong></span> <span class='ocrx_word' id='word_1_815' title='bbox 2552 4787 2629 4823; x_wconf 90' lang='lat' dir='ltr'><strong><em>me</em></strong></span> <span class='ocrx_word' id='word_1_816' title='bbox 2669 4772 2719 4823; x_wconf 90' lang='lat' dir='ltr'><strong><em>in</em></strong></span> <span class='ocrx_word' id='word_1_817' title='bbox 2759 4770 3131 4839; x_wconf 57' lang='lat' dir='ltr'><strong><em>nggpto,.sed</em></strong></span> <span class='ocrx_word' id='word_1_818' title='bbox 3172 4770 3441 4824; x_wconf 86' lang='lat' dir='ltr'><strong><em>dormiam‘</em></strong></span> 
     </span>
    </p>
   </div>
   <div class='ocr_carea' id='block_1_111' title="bbox 1879 4858 3427 4927">
    <p class='ocr_par' dir='ltr' id='par_1_111' title="bbox 1879 4858 3427 4927">
     <span class='ocr_line' id='line_1_111' title="bbox 1879 4858 3427 4927; baseline 0.003 -20"><span class='ocrx_word' id='word_1_819' title='bbox 1879 4873 1993 4908; x_wconf 77' lang='lat' dir='ltr'><strong><em>cum</em></strong></span> <span class='ocrx_word' id='word_1_820' title='bbox 2031 4858 2262 4924; x_wconf 88' lang='lat' dir='ltr'><strong><em>patribus</em></strong></span> <span class='ocrx_word' id='word_1_821' title='bbox 2296 4859 2439 4919; x_wconf 87' lang='lat' dir='ltr'><strong><em>meis,</em></strong></span> <span class='ocrx_word' id='word_1_822' title='bbox 2482 4869 2527 4911; x_wconf 90' lang='lat' dir='ltr'><strong><em>et</em></strong></span> <span class='ocrx_word' id='word_1_823' title='bbox 2555 4860 2762 4927; x_wconf 81' lang='lat' dir='ltr'><strong><em>auferas</em></strong></span> <span class='ocrx_word' id='word_1_824' title='bbox 2793 4875 2870 4911; x_wconf 91' lang='lat' dir='ltr'><strong><em>me</em></strong></span> <span class='ocrx_word' id='word_1_825' title='bbox 2893 4859 2956 4910; x_wconf 91' lang='lat' dir='ltr'><strong><em>de</em></strong></span> <span class='ocrx_word' id='word_1_826' title='bbox 2985 4868 3121 4911; x_wconf 89' lang='lat' dir='ltr'><strong><em>terra</em></strong></span> <span class='ocrx_word' id='word_1_827' title='bbox 3156 4858 3271 4923; x_wconf 78' lang='lat' dir='ltr'><strong><em>hac,</em></strong></span> <span class='ocrx_word' id='word_1_828' title='bbox 3305 4877 3427 4912; x_wconf 86' lang='lat' dir='ltr'><strong><em>con-</em></strong></span> 
     </span>
    </p>
   </div>
   <div class='ocr_carea' id='block_1_112' title="bbox 1878 4943 3430 5014">
    <p class='ocr_par' dir='ltr' id='par_1_112' title="bbox 1878 4943 3430 5014">
     <span class='ocr_line' id='line_1_112' title="bbox 1878 4943 3430 5014; baseline 0.003 -19"><span class='ocrx_word' id='word_1_829' title='bbox 1878 4945 2071 5013; x_wconf 88' lang='lat' dir='ltr'><strong><em>dasque</em></strong></span> <span class='ocrx_word' id='word_1_830' title='bbox 2094 4948 2145 4997; x_wconf 87' lang='lat' dir='ltr'><strong><em>in</em></strong></span> <span class='ocrx_word' id='word_1_831' title='bbox 2166 4946 2398 5014; x_wconf 88' lang='lat' dir='ltr'><strong><em>sepulcro</em></strong></span> <span class='ocrx_word' id='word_1_832' title='bbox 2436 4948 2711 5014; x_wconf 84' lang='lat' dir='ltr'><strong><em>majorum.</em></strong></span> <span class='ocrx_word' id='word_1_833' title='bbox 2761 4946 3045 4999; x_wconf 83' lang='lat' dir='ltr'><strong><em>Moriturns</em></strong></span> <span class='ocrx_word' id='word_1_834' title='bbox 3088 4943 3271 5010; x_wconf 80' lang='lat' dir='ltr'><strong><em>Jacob,</em></strong></span> <span class='ocrx_word' id='word_1_835' title='bbox 3320 4945 3430 5000; x_wconf 86' lang='lat' dir='ltr'><strong><em>ﬁlio</em></strong></span> 
     </span>
    </p>
   </div>
   <div class='ocr_carea' id='block_1_113' title="bbox 1880 5032 3428 5103">
    <p class='ocr_par' dir='ltr' id='par_1_113' title="bbox 1880 5032 3428 5103">
     <span class='ocr_line' id='line_1_113' title="bbox 1880 5032 3428 5103; baseline 0.002 -18"><span class='ocrx_word' id='word_1_836' title='bbox 1880 5047 1977 5085; x_wconf 92' lang='lat' dir='ltr'><strong><em>suo</em></strong></span> <span class='ocrx_word' id='word_1_837' title='bbox 2003 5032 2197 5101; x_wconf 85' lang='lat' dir='ltr'><strong><em>Joseph</em></strong></span> <span class='ocrx_word' id='word_1_838' title='bbox 2222 5034 2349 5086; x_wconf 83' lang='lat' dir='ltr'><strong><em>dicit</em></strong></span> <span class='ocrx_word' id='word_1_839' title='bbox 2376 5054 2387 5085; x_wconf 87' lang='lat'>:</span> <span class='ocrx_word' id='word_1_840' title='bbox 2424 5034 2481 5088; x_wconf 90' lang='lat' dir='ltr'><strong><em>Si</em></strong></span> <span class='ocrx_word' id='word_1_841' title='bbox 2506 5037 2673 5087; x_wconf 71' lang='lat' dir='ltr'><strong><em>inveni</em></strong></span> <span class='ocrx_word' id='word_1_842' title='bbox 2694 5036 2911 5103; x_wconf 87' lang='lat' dir='ltr'><strong><em>gratiam</em></strong></span> <span class='ocrx_word' id='word_1_843' title='bbox 2940 5036 2991 5087; x_wconf 90' lang='lat' dir='ltr'><strong><em>in</em></strong></span> <span class='ocrx_word' id='word_1_844' title='bbox 3017 5045 3286 5102; x_wconf 81' lang='lat' dir='ltr'><strong><em>conspectu</em></strong></span> <span class='ocrx_word' id='word_1_845' title='bbox 3317 5045 3428 5099; x_wconf 89' lang='lat' dir='ltr'><strong><em>tuo,</em></strong></span> 
     </span>
    </p>
   </div>
   <div class='ocr_carea' id='block_1_114' title="bbox 1880 5122 3428 5191">
    <p class='ocr_par' dir='ltr' id='par_1_114' title="bbox 1880 5122 3428 5191">
     <span class='ocr_line' id='line_1_114' title="bbox 1880 5122 3428 5191; baseline 0.001 -18"><span class='ocrx_word' id='word_1_846' title='bbox 1880 5123 2073 5189; x_wconf 84' lang='lat' dir='ltr'><strong><em>subjice</em></strong></span> <span class='ocrx_word' id='word_1_847' title='bbox 2106 5138 2314 5174; x_wconf 89' lang='lat' dir='ltr'><strong><em>manum</em></strong></span> <span class='ocrx_word' id='word_1_848' title='bbox 2352 5133 2494 5174; x_wconf 88' lang='lat' dir='ltr'><strong><em>tuam</em></strong></span> <span class='ocrx_word' id='word_1_849' title='bbox 2526 5124 2618 5176; x_wconf 89' lang='lat' dir='ltr'><strong><em>sub</em></strong></span> <span class='ocrx_word' id='word_1_850' title='bbox 2647 5123 2837 5191; x_wconf 85' lang='lat' dir='ltr'><strong><em>femore</em></strong></span> <span class='ocrx_word' id='word_1_851' title='bbox 2864 5140 2993 5189; x_wconf 86' lang='lat' dir='ltr'><strong><em>meo,</em></strong></span> <span class='ocrx_word' id='word_1_852' title='bbox 3020 5133 3065 5175; x_wconf 90' lang='lat' dir='ltr'><strong><em>et</em></strong></span> <span class='ocrx_word' id='word_1_853' title='bbox 3095 5122 3250 5189; x_wconf 81' lang='lat' dir='ltr'><strong><em>facies</em></strong></span> <span class='ocrx_word' id='word_1_854' title='bbox 3275 5124 3325 5175; x_wconf 90' lang='lat' dir='ltr'><strong><em>in</em></strong></span> <span class='ocrx_word' id='word_1_855' title='bbox 3349 5139 3428 5175; x_wconf 89' lang='lat' dir='ltr'><strong><em>me</em></strong></span> 
     </span>
    </p>
   </div>
   <div class='ocr_carea' id='block_1_115' title="bbox 1882 5212 3430 5280">
    <p class='ocr_par' dir='ltr' id='par_1_115' title="bbox 1882 5212 3430 5280">
     <span class='ocr_line' id='line_1_115' title="bbox 1882 5212 3430 5280; baseline 0 -16"><span class='ocrx_word' id='word_1_856' title='bbox 1882 5212 2286 5265; x_wconf 86' lang='lat' dir='ltr'><strong><em>misericordiam</em></strong></span> <span class='ocrx_word' id='word_1_857' title='bbox 2329 5224 2374 5264; x_wconf 88' lang='lat' dir='ltr'><strong><em>et</em></strong></span> <span class='ocrx_word' id='word_1_858' title='bbox 2410 5214 2690 5265; x_wconf 74' lang='lat' dir='ltr'><strong><em>veritatem.</em></strong></span> <span class='ocrx_word' id='word_1_859' title='bbox 2724 5214 2796 5266; x_wconf 86' lang='lat' dir='ltr'><strong><em>Ea</em></strong></span> <span class='ocrx_word' id='word_1_860' title='bbox 2823 5213 2986 5266; x_wconf 85' lang='lat' dir='ltr'><strong><em>lilium</em></strong></span> <span class='ocrx_word' id='word_1_861' title='bbox 3010 5213 3278 5280; x_wconf 89' lang='lat' dir='ltr'><strong><em>juratione</em></strong></span> <span class='ocrx_word' id='word_1_862' title='bbox 3304 5228 3430 5266; x_wconf 84' lang='lat' dir='ltr'><strong><em>eon-</em></strong></span> 
     </span>
    </p>
   </div>
   <div class='ocr_carea' id='block_1_116' title="bbox 1883 5300 3432 5370">
    <p class='ocr_par' dir='ltr' id='par_1_116' title="bbox 1883 5300 3432 5370">
     <span class='ocr_line' id='line_1_116' title="bbox 1883 5300 3432 5370; baseline -0.001 -15"><span class='ocrx_word' id='word_1_863' title='bbox 1883 5302 2134 5370; x_wconf 84' lang='lat' dir='ltr'><strong><em>stringit,</em></strong></span> <span class='ocrx_word' id='word_1_864' title='bbox 2189 5316 2291 5367; x_wconf 88' lang='lat' dir='ltr'><strong><em>qua</em></strong></span> <span class='ocrx_word' id='word_1_865' title='bbox 2340 5315 2552 5354; x_wconf 82' lang='lat' dir='ltr'><strong><em>servum</em></strong></span> <span class='ocrx_word' id='word_1_866' title='bbox 2607 5302 2923 5356; x_wconf 74' lang='lat' dir='ltr'><strong><em>constrinxit</em></strong></span> <span class='ocrx_word' id='word_1_867' title='bbox 2975 5300 3241 5353; x_wconf 83' lang='lat' dir='ltr'><strong><em>Abraham</em></strong></span> <span class='ocrx_word' id='word_1_868' title='bbox 3282 5318 3294 5351; x_wconf 91' lang='lat'><strong>:</strong></span> <span class='ocrx_word' id='word_1_869' title='bbox 3346 5300 3432 5353; x_wconf 87' lang='lat' dir='ltr'><strong><em>ille</em></strong></span> 
     </span>
    </p>
   </div>
   <div class='ocr_carea' id='block_1_117' title="bbox 1885 5388 3433 5455">
    <p class='ocr_par' dir='ltr' id='par_1_117' title="bbox 1885 5388 3433 5455">
     <span class='ocr_line' id='line_1_117' title="bbox 1885 5388 3433 5455; baseline -0.002 -12"><span class='ocrx_word' id='word_1_870' title='bbox 1885 5392 2139 5444; x_wconf 90' lang='lat' dir='ltr'><strong><em>mandans</em></strong></span> <span class='ocrx_word' id='word_1_871' title='bbox 2170 5391 2306 5445; x_wconf 90' lang='lat' dir='ltr'><strong><em>unde</em></strong></span> <span class='ocrx_word' id='word_1_872' title='bbox 2335 5406 2469 5443; x_wconf 78' lang='lat' dir='ltr'><strong><em>uxor</em></strong></span> <span class='ocrx_word' id='word_1_873' title='bbox 2501 5392 2721 5445; x_wconf 87' lang='lat' dir='ltr'><strong><em>ducatur</em></strong></span> <span class='ocrx_word' id='word_1_874' title='bbox 2760 5391 2866 5443; x_wconf 83' lang='lat' dir='ltr'><strong><em>filio</em></strong></span> <span class='ocrx_word' id='word_1_875' title='bbox 2910 5405 3025 5452; x_wconf 90' lang='lat' dir='ltr'><strong><em>suo,</em></strong></span> <span class='ocrx_word' id='word_1_876' title='bbox 3073 5390 3172 5441; x_wconf 90' lang='lat' dir='ltr'><strong><em>iste</em></strong></span> <span class='ocrx_word' id='word_1_877' title='bbox 3201 5388 3433 5455; x_wconf 77' lang='lat' dir='ltr'><strong><em>sepultu-</em></strong></span> 
     </span>
    </p>
   </div>
   <div class='ocr_carea' id='block_1_118' title="bbox 1885 5483 3427 5552">
    <p class='ocr_par' dir='ltr' id='par_1_118' title="bbox 1885 5483 3427 5552">
     <span class='ocr_line' id='line_1_118' title="bbox 1885 5483 3427 5552; baseline -0.001 -17"><span class='ocrx_word' id='word_1_878' title='bbox 1885 5500 1997 5537; x_wconf 87' lang='lat' dir='ltr'><strong><em>ram</em></strong></span> <span class='ocrx_word' id='word_1_879' title='bbox 2050 5485 2426 5537; x_wconf 85' lang='lat' dir='ltr'><strong><em>eommendans</em></strong></span> <span class='ocrx_word' id='word_1_880' title='bbox 2474 5484 2712 5552; x_wconf 87' lang='lat' dir='ltr'><strong><em>corporis</em></strong></span> <span class='ocrx_word' id='word_1_881' title='bbox 2752 5484 2849 5535; x_wconf 88' lang='lat' dir='ltr'><strong><em>sui.</em></strong></span> <span class='ocrx_word' id='word_1_882' title='bbox 2897 5483 2949 5534; x_wconf 90' lang='lat' dir='ltr'><strong><em>ln</em></strong></span> <span class='ocrx_word' id='word_1_883' title='bbox 2990 5490 3212 5548; x_wconf 83' lang='lat' dir='ltr'><strong><em>utraque</em></strong></span> <span class='ocrx_word' id='word_1_884' title='bbox 3251 5488 3427 5534; x_wconf 87' lang='lat' dir='ltr'><strong><em>tamen</em></strong></span> 
     </span>
    </p>
   </div>
   <div class='ocr_carea' id='block_1_119' title="bbox 1883 5568 3431 5638">
    <p class='ocr_par' dir='ltr' id='par_1_119' title="bbox 1883 5568 3431 5638">
     <span class='ocr_line' id='line_1_119' title="bbox 1883 5568 3431 5638; baseline -0.004 -11"><span class='ocrx_word' id='word_1_885' title='bbox 1883 5589 2043 5627; x_wconf 88' lang='lat' dir='ltr'><strong><em>causa</em></strong></span> <span class='ocrx_word' id='word_1_886' title='bbox 2088 5573 2358 5627; x_wconf 89' lang='lat' dir='ltr'><strong><em>nominata</em></strong></span> <span class='ocrx_word' id='word_1_887' title='bbox 2408 5581 2531 5627; x_wconf 90' lang='lat' dir='ltr'><strong><em>sunt</em></strong></span> <span class='ocrx_word' id='word_1_888' title='bbox 2569 5572 2671 5624; x_wconf 90' lang='lat' dir='ltr'><strong><em>duo</em></strong></span> <span class='ocrx_word' id='word_1_889' title='bbox 2706 5571 2813 5631; x_wconf 90' lang='lat' dir='ltr'><strong><em>illa,</em></strong></span> <span class='ocrx_word' id='word_1_890' title='bbox 2842 5586 2956 5638; x_wconf 76' lang='lat' dir='ltr'><strong><em>qure</em></strong></span> <span class='ocrx_word' id='word_1_891' title='bbox 2991 5569 3165 5638; x_wconf 88' lang='lat' dir='ltr'><strong><em>magni</em></strong></span> <span class='ocrx_word' id='word_1_892' title='bbox 3192 5568 3431 5621; x_wconf 86' lang='lat' dir='ltr'><strong><em>habenda</em></strong></span> 
     </span>
    </p>
   </div>
   <div class='ocr_carea' id='block_1_120' title="bbox 1887 5658 3433 5730">
    <p class='ocr_par' dir='ltr' id='par_1_120' title="bbox 1887 5658 3433 5730">
     <span class='ocr_line' id='line_1_120' title="bbox 1887 5658 3433 5730; baseline -0.002 -17"><span class='ocrx_word' id='word_1_893' title='bbox 1887 5671 2043 5729; x_wconf 88' lang='lat' dir='ltr'><strong><em>atque</em></strong></span> <span class='ocrx_word' id='word_1_894' title='bbox 2083 5661 2355 5730; x_wconf 76' lang='lat' dir='ltr'><strong><em>pendentia</em></strong></span> <span class='ocrx_word' id='word_1_895' title='bbox 2400 5662 2603 5715; x_wconf 87' lang='lat' dir='ltr'><strong><em>suntin</em></strong></span> <span class='ocrx_word' id='word_1_896' title='bbox 2638 5660 2924 5728; x_wconf 84' lang='lat' dir='ltr'><strong><em>Scripturis</em></strong></span> <span class='ocrx_word' id='word_1_897' title='bbox 2977 5658 3252 5717; x_wconf 86' lang='lat' dir='ltr'><strong><em>omnibus,</em></strong></span> <span class='ocrx_word' id='word_1_898' title='bbox 3303 5673 3433 5725; x_wconf 86' lang='lat' dir='ltr'><strong><em>qua-</em></strong></span> 
     </span>
    </p>
   </div>
   <div class='ocr_carea' id='block_1_121' title="bbox 2968 5749 3034 5806">
    <p class='ocr_par' dir='ltr' id='par_1_121' title="bbox 2968 5749 3034 5806">
     <span class='ocr_line' id='line_1_121' title="bbox 2968 5749 3034 5806; baseline 0 0"><span class='ocrx_word' id='word_1_899' title='bbox 2968 5749 3034 5806; x_wconf 68' lang='lat' dir='ltr'><strong><em>ill</em></strong></span> 
     </span>
    </p>
   </div>
  </div>
