3948 6314
510 263 599 317 (iiii

1167 260 1223 312 Β.
1267 258 1514 313 ΠᾹΒᾹΝΙ
1558 258 1770 315 λιλυιιι
1808 258 2068 314 ΑΒ(ὶίΙὲΕέ

2172 258 2461 317 llOGUNl‘.
2502 263 2779 322 OPERUM
2817 268 2994 325 PARS
3032 271 3070 325 I.

3636 274 3740 328 65!

503 394 713 448 cunque
754 378 1034 446 dispersim
1070 377 1323 448 leguntur
1364 376 1731 431 miscrit'tordia
1762 382 1815 428 et
1839 372 2066 441 iustitia,
2104 375 2145 431 Α
2177 388 2276 426 non
2300 386 2736 433 contemnuntur.
2772 380 2960 436 Valent
2989 386 3131 438 enim
3160 388 3225 440 ad
3254 403 3506 458 magnam
3536 389 3738 446 discre.

511 470 587 520 vel
621 467 988 521 misericordia
1021 475 1074 521 et
1093 467 1374 537 judicium,
1413 467 1493 520 vel
1518 464 1881 519 misericordia
1910 473 1962 516 et
1986 478 2072 514 ve-

509 560 657 611 ritas.
702 544 1145 626 Quandoquidem
1180 559 1423 627 quodam
1476 557 1591 609 loco
1646 554 1901 623 scriptum
1948 562 2067 606 est:

504 650 769 704 l’niversa:
810 650 907 703 via:
955 650 1157 702 Domini
1195 648 1549 701 misericordia
1591 648 1637 699 ct
1670 646 1857 721 veritas
1898 642 2069 714 (Psal.

506 741 673 809 xm).
718 740 798 795 Ita
842 741 954 795 lucc
999 739 1103 793 duo
1144 738 1370 791 multum
1415 736 1805 797 commendata,
1848 734 2072 787 multum

503 833 893 889 consideranda
923 840 1065 883 sunt.
1101 828 1301 883 Servus
1329 837 1509 881 autem
1547 828 1775 881 Abraha:
1821 827 2028 881 dixerat
2058 843 2069 877 :

506 923 709 976 Facitis
738 925 792 976 in
819 923 1097 976 Dominum
1146 938 1316 975 meum
1369 904 1779 975 misericordiam
1822 929 1870 973 et
1909 920 2067 988 justi-

504 1013 649 1064 lium.
695 1011 843 1064 Sicut
881 1018 936 1063 et
977 1011 1076 1064 iste
1114 1009 1223 1065 ﬁlio
1260 1025 1356 1064 suo
1390 1011 1560 1064 dicit:
1597 1008 1661 1062 Ut
1709 1009 1875 1077 facias
1910 1010 1963 1061 in
1993 1026 2072 1061 me

502 1099 909 1152 misericordiam
933 1109 984 1152 et
1012 1102 1293 1153 ueritatem.
1335 1100 1471 1165 Quid
1509 1100 1608 1153 sibi
1662 1108 1840 1153 autem
1888 1098 2015 1152 velit
2040 1109 2090 1152 a‘

503 1198 649 1242 lauto
681 1189 797 1243 viro
844 1197 952 1243 tam
996 1190 1222 1244 sollicita
1269 1191 1511 1258 corporis
1555 1189 1979 1255 commendatio,
2014 1198 2073 1243 ut

500 1301 605 1337 non
658 1284 711 1337 in
760 1282 995 1353 Egypto
1039 1284 1348 1352 sepeliatur,
1394 1283 1487 1337 sed
1530 1283 1582 1336 in
1629 1289 1773 1337 terra
1817 1282 2082 1341 Chanaan.

492 1374 643 1442 juxta
680 1356 861 1443 patres
906 1374 1068 1427 suos?
1106 1372 1297 1425 Mirum
1346 1372 1559 1425 videtur
1592 1381 1645 1425 et
1685 1372 1834 1440 quasi
1882 1371 2071 1425 absur-

501 1466 651 1526 dum,
676 1479 776 1517 nec
801 1463 1126 1517 conveniens
1160 1470 1321 1517 tanta:
1361 1462 1693 1517 excellentia:
1727 1463 1923 1516 mentis
1948 1476 2073 1531 pro-

500 1557 745 1627 phetica},
776 1555 817 1609 si
842 1555 944 1609 hoc
963 1569 1030 1609 ex
1051 1554 1327 1608 hominum
1351 1555 1740 1609 consuetudine
1762 1555 2069 1608 metiamur.

501 1646 557 1701 Si
606 1654 784 1699 autem
832 1644 886 1698 in
935 1643 1021 1698 bis
1065 1644 1313 1699 omnibus
1356 1651 1693 1698 sacramenta
1740 1651 2067 1713 quaerantur,

2178 467 2397 530 tionem,
2424 471 2668 536 quamvis
2702 480 2756 523 et
2795 486 2952 524 unam
2984 474 3101 543 plus
3132 475 3363 531 litteram
3391 479 3592 535 habere
3622 496 3743 549 pos-

2174 567 2254 611 set
2294 558 2335 611 si
2374 566 2518 612 esset
2558 575 2686 623 suae,
2720 569 2775 614 et
2805 578 2907 616 non
2931 571 3073 617 esset
3105 568 3284 631 αὐτοῦ,
3315 569 3406 622 sed
3435 572 3638 625 ἑαυτοῦ.
3665 572 3745 627 Ac

2174 665 2268 717 per.
2296 649 2395 702 hoc
2431 651 2621 704 merito
2648 640 2907 719 quaeritur
2944 655 3069 722 quid
3109 657 3179 709 sit
3216 661 3358 727 quod
3404 662 3607 717 dictum
3636 676 3743 719 est.

2175 738 2305 790 Nam
2352 737 2510 794 facile
2555 740 2868 813 intelligitur
2916 760 3097 800 senem
3136 748 3224 815 qui
3266 751 3470 821 virgam
3511 752 3745 819 ferebat,

2173 842 2235 880 eo
2258 844 2405 883 more
2432 845 2538 898 quo
2567 832 2652 885 illa
2687 842 2818 887 setas
2847 835 3094 890 baculum
3140 837 3275 892 solet
3312 851 3552 909 portare,
3592 853 3651 898 ut
3687 859 3748 898 se

2174 918 2455 974 inclinaret
2484 922 2549 975 ad
2580 922 2864 977 Dominum
2900 927 3247 991 adorandum,
3283 929 3335 982 id
3366 931 3552 999 utique
3598 932 3743 988 fece-

2175 1011 2243 1062 rit
2290 1026 2450 1079 super
2489 1027 2748 1066 cacumen
2772 1015 2934 1084 virgte
2966 1024 3287 1087 su:e,quam
3315 1020 3393 1074 sic
3419 1020 3648 1087 fciebat,
3686 1034 3747 1077 ut

2171 1116 2332 1169 super
2374 1115 2493 1154 eam
2534 1110 2694 1171 caput
2736 1104 3059 1169 inclinanda,
3097 1110 3349 1164 adoraret
3379 1110 3571 1165 Deum.
3598 1113 3741 1179 Quid

2171 1198 2250 1243 cst
2276 1205 2424 1259 ergo,
2454 1190 2700 1245 Adoravit
2744 1210 2897 1264 super
2920 1211 3166 1250 cacumen
3188 1198 3343 1269 virga:
3374 1201 3507 1271 ejus,
3549 1202 3603 1256 id
3635 1212 3743 1264 est,

2171 1288 2265 1366 ﬁlii
2321 1290 2401 1343 sui
2442 1289 2676 1359 Ioseph?
2720 1290 2803 1345 An
2853 1291 2990 1348 forte
3036 1293 3232 1349 tulerat
3274 1295 3342 1350 ab
3394 1312 3459 1352 eo
3500 1298 3742 1367 virgam,

2170 1381 2384 1449 quando
2412 1382 2461 1433 ei
2500 1381 2715 1450 jurabat
2762 1382 2901 1436 idem
2946 1383 3121 1438 ﬁlius?
3162 1392 3216 1439 et
3256 1385 3383 1440 dum
3415 1401 3534 1441 eam
3574 1398 3742 1451 tenet,

2170 1478 2290 1541 post
2320 1472 2481 1524 verba
2506 1471 2764 1540 jurantis,
2810 1472 3045 1526 nondum
3078 1473 3168 1527 illa
3216 1474 3445 1539 reddita,
3486 1491 3611 1531 mox
3644 1478 3743 1532 ad-

2169 1564 2343 1618 oravit
2364 1565 2529 1619 Deum
2547 1564 2570 1617 ?
2589 1565 2704 1619 Non
2732 1566 2875 1619 enim
2902 1567 3135 1635 pudebat
3159 1570 3282 1623 eum
3310 1568 3454 1623 ferre
3476 1571 3746 1639 tantisper

2174 1656 2382 1726 insigne
2415 1656 2695 1733 potestatis
2733 1656 2827 1712 lilii
2862 1659 2967 1723 sui,
3000 1657 3089 1713 ubi
3117 1658 3286 1728 ﬁgura
3314 1675 3527 1731 magna
3555 1662 3632 1716 rei
3660 1660 3745 1714 ln-

500 1734 723 1801 majeris
778 1733 1154 1787 admirationis
1198 1733 1453 1803 gaudium
1506 1734 1607 1803 ipsi
1660 1734 1755 1803 qui
1808 1733 2068 1789 invenerit

2178 1715 2309 1800 turnr
2334 1715 2710 1817 praesignatur.

498 1828 721 1880 orietur.
774 1825 1136 1879 Cadaveribus
1183 1825 1380 1895 quippe
1428 1833 1764 1880 mortuorum
1792 1866 1806 1890 ,
1857 1833 2073 1894 peccata

498 1916 786 1987 signiﬁcari
816 1916 869 1969 in
899 1915 1016 1986 lege
1044 1930 1150 1969 non
1176 1914 1397 1970 dubium
1426 1924 1531 1982 est,
1559 1932 1679 1972 cum
1697 1915 1956 1985 jubentur
1979 1918 2075 1970 lio—

502 2008 678 2061 mines
716 2014 838 2076 post
881 2020 1069 2060 eorum
1113 2007 1574 2073 contractionem,
1627 2007 1742 2062 sive
1784 2008 2072 2076 qualecum-

503 2116 610 2168 que
639 2105 997 2162 contraetum,
1030 2105 1283 2167 tanquam
1312 2098 1382 2153 ab
1408 2098 1749 2153 immunditia
1775 2097 2069 2168 puriﬁeari,

496 2203 553 2244 et
602 2191 725 2244 hinc
774 2188 860 2242 illa
905 2188 1171 2243 sententia
1220 2188 1361 2243 dicta
1401 2197 1526 2244 est:
1560 2187 1664 2253 Qui
1706 2188 2000 2259 baptizatur
2037 2206 2071 2242 a

497 2290 724 2342 mortuo,
767 2287 813 2332 et
859 2280 1047 2332 iterum
1083 2278 1247 2348 tangit
1279 2276 1453 2343 illum,
1491 2278 1619 2348 quid
1639 2278 1842 2349 pro/icit
1879 2277 2071 2331 lavatio

498 2369 653 2439 ejus?
691 2366 780 2421 Sic
805 2376 851 2420 et
877 2368 965 2437 qui
996 2366 1207 2436 jejunat
1249 2383 1406 2437 super
1439 2375 1649 2438 peccata
1673 2383 1791 2432 sua,
1815 2375 1863 2419 et
1885 2366 2071 2420 iterum

500 2457 774 2511 ambulans
811 2457 921 2509 ha'c
947 2456 1125 2509 eadem
1146 2455 1274 2525 facit
1300 2455 1489 2527 (Eccli.
1537 2455 1743 2528 XXXIv).
1786 2456 2071 2527 Sepultum

498 2564 627 2617 ergo
650 2556 982 2601 mortuorum
1011 2546 1385 2601 remissionem
1406 2545 1680 2616 signiﬁcat
1699 2552 2069 2615 peccatorum,

497 2657 564 2695 eo
588 2640 861 2708 pertinens
887 2636 1030 2706 quod
1054 2636 1256 2690 dictum
1281 2645 1399 2690 est:
1426 2634 1577 2690 Beati
1600 2651 1824 2703 quorum
1842 2634 2073 2688 remissae

497 2741 616 2785 sunt
646 2729 971 2797 iniquitates,
1002 2734 1051 2793 et
1079 2742 1299 2796 quorum
1339 2735 1471 2779 tecta
1505 2734 1625 2779 sunt
1662 2716 1871 2795 peccata
1890 2721 2069 2791 (Psal.

499 2822 673 2889 sui).
718 2818 819 2873 Ubi
857 2833 988 2887 ergo
1015 2815 1320 2884 sepelienda
1369 2822 1527 2869 erant
1568 2814 1672 2868 bac
1715 2812 2069 2885 signiﬁcantia

498 2912 929 2983 patriarcharum
979 2911 1264 2971 cadavera,
1307 2907 1411 2961 nisi
1449 2906 1504 2961 in
1549 2922 1614 2962 ea
1662 2914 1805 2973 terra
1849 2905 1941 2960 ubi
1980 2905 2071 2960 ille

496 2987 788 3057 cruciﬁxus
833 3009 960 3065 est,
1013 2999 1166 3068 cujus
1216 2996 1479 3066 sanguine
1537 2994 1684 3050 facta
1731 3004 1815 3051 est
1879 2995 2069 3051 remis-

2741 1876 2969 1935 CAPUT
3006 1879 3141 1934 XIII:

2343 1965 2420 2020 De
2445 1982 2505 2020 eo
2531 1966 2671 2036 quod
2706 1967 2869 2023 Iacob
2900 1967 3038 2036 ﬁlios
3062 1966 3255 2040 Ioseph
3287 1969 3565 2024 benedixit.

2243 2072 2391 2145 (Cui.
2421 2073 2638 2141 sunt.)
2664 2074 2763 2129 His
2792 2076 2868 2128 ita
2897 2078 3195 2141 transactis,
3224 2078 3522 2132 nuntiatum
3546 2088 3623 2132 est
3647 2078 3747 2132 Jo-

2169 2161 2289 2234 seph
2312 2164 2468 2233 ’φαοά
2497 2173 2769 2234 (egrotaret
2807 2175 2956 2234 pater
2990 2167 3123 2235 ejus.
3157 2166 3263 2230 Qui
3297 2170 3580 2237 assumptis
3611 2168 3744 2222 duo-

2170 2255 2263 2307 bus
2303 2253 2427 2322 ﬁliis
2469 2256 2615 2319 suis,
2660 2246 2904 2319 Manasse
2936 2264 2983 2307 et
3022 2254 3299 2324 Ephraim,
3341 2257 3419 2310 ire
3462 2259 3720 2326 perrexit.

2170 2345 2476 2413 Dictumque
2512 2353 2587 2397 est
2620 2344 2768 2397 seni:
2793 2343 2927 2398 Ecce
2965 2344 3109 2414 filius
3137 2354 3257 2399 tuus
3282 2344 3477 2415 Ioseph
3506 2348 3647 2400 venit
3674 2348 3747 2399 ad

2168 2444 2237 2488 te.
2262 2432 2365 2499 Qui
2388 2434 2727 2501 confortatus,
2751 2433 2882 2486 sedit
2908 2432 2964 2487 in
2993 2432 3211 2497 lectulo;
3237 2444 3283 2488 et
3309 2436 3542 2505 ingresso
3586 2435 3658 2489 ad
3689 2453 3748 2490 se

2169 2526 2243 2579 ait
2266 2538 2285 2575 :
2311 2525 2451 2577 Deus
2482 2523 2801 2593 omnipotens
2823 2523 3063 2592 apparuit
3094 2523 3223 2576 mihi
3243 2522 3298 2576 in
3325 2522 3495 2589 Lusa,
3523 2540 3643 2593 qua
3666 2534 3745 2578 est

2168 2617 2224 2668 in
2266 2624 2405 2667 terra
2450 2610 2727 2675 Chanaan,
2769 2610 3123 2681 benedixitque
3168 2612 3300 2664 mihi
3321 2620 3372 2665 et
3394 2612 3467 2665 ait
3491 2631 3511 2667 :
3535 2612 3652 2682 Ego
3693 2623 3749 2667 te

2169 2707 2367 2773 augebo
2393 2713 2441 2756 et
2470 2701 2847 2771 multiplicabo,
2890 2712 2939 2754 et
2974 2702 3167 2770 faciam
3204 2703 3258 2754 in
3297 2702 3478 2756 turbas
3517 2702 3745 2773 populo.

2171 2811 2307 2847 rum.
2332 2793 2506 2846 Etiam
2527 2794 2615 2847 hic
2635 2802 3024 2847 commemorat
3045 2789 3211 2846 Jacob
3231 2794 3621 2861 promissiones
3645 2794 3744 2850 Dei

2167 2900 2292 2955 erga
2319 2899 2378 2938 se
2406 2882 2595 2946 factas,
2630 2883 2761 2937 dicit
2802 2883 2904 2937 sibi
2945 2883 3146 2938 dictum
3173 2901 3185 2936 :
3217 2881 3437 2937 Faciam
3463 2894 3514 2937 te
3534 2886 3587 2937 in
3613 2901 3746 2938 con-

2168 2974 2490 3045 gregationes
2515 2975 2763 3043 gentium.
2809 2972 3014 3039 Quibus
3055 2973 3236 3027 verbis
3282 2974 3453 3043 magis
3500 2973 3744 3029 ﬁdelium

496 3094 579 3148 sio
651 3090 1036 3161 peccatorum?
1102 3087 1363 3142 Mortibus
1419 3085 1565 3140 enim
1630 3085 2068 3155 patriarcharum

2172 3066 2506 3120 vocationem
2549 3064 2818 3135 signiﬁcat
2858 3079 3019 3133 quam
3048 3063 3280 3119 carnalis
3300 3065 3516 3135 generis
3540 3080 3744 3136 propa-

422 3232 425 3236 .
498 3190 718 3249 peccata
741 3180 1016 3233 hominum
1049 3178 1272 3247 ﬁgurata
1303 3165 1447 3229 sunt.
1480 3174 1676 3229 Dicunt
1698 3182 1876 3228 autem
1907 3175 1977 3228 ab
2005 3165 2071 3228 eo

500 3273 641 3333 loco,
668 3271 810 3339 quod
835 3267 1219 3322 Abrabemium
1258 3274 1500 3329 vocatur,
1542 3265 1630 3318 ubi
1666 3272 1792 3318 sunt
1822 3264 1920 3316 ista
1950 3278 2091 3332 cor-q

498 3376 650 3430 pora,
690 3360 877 3412 abesse
901 3358 1076 3411 locum
1106 3354 1197 3408 ubi
1223 3353 1513 3409 cruciﬁxus
1538 3361 1620 3406 est
1641 3352 1917 3414 Dominus,
1957 3350 2070 3405 fere

502 3453 719 3522 triginta
752 3448 1008 3510 millibus,
1046 3454 1106 3499 ut
1137 3446 1297 3500 etiam
1330 3446 1445 3513 ipse
1474 3448 1731 3497 numerus
1753 3457 1874 3496 eum
1904 3440 2067 3509 signi-

501 3545 663 3597 ﬁcare
712 3540 1040 3609 intelligatur
1069 3538 1159 3606 qui
1202 3538 1255 3591 in
1300 3536 1568 3604 baptismo
1608 3533 1856 3602 apparuit
1898 3531 2069 3585 ferme

499 3636 717 3705 triginta
760 3648 1055 3694 annorum;
1092 3637 1147 3682 et
1200 3629 1244 3683 si
1290 3628 1415 3696 quid
1462 3624 1605 3679 aliud
1634 3625 1700 3678 de
1725 3638 1785 3677 re
1813 3630 1959 3677 tanta
1986 3621 2067 3676 vel

500 3730 601 3782 hoc
630 3725 789 3778 modo
809 3721 894 3777 vel
923 3721 1207 3775 sublimius
1237 3717 1459 3786 intelligi
1489 3722 1688 3786 potest,
1728 3717 1856 3769 dum
1888 3723 2063 3767 tamen

497 3832 603 3868 non
650 3813 848 3866 frustra
900 3810 1251 3872 arbitremur,
1306 3806 1442 3859 tales
1485 3821 1550 3860 ac
1598 3812 1775 3857 tantos
1824 3803 2067 3857 homines

497 3905 589 3958 llci
615 3911 818 3956 tantam
843 3900 1073 3970 gessisse
1105 3912 1289 3952 curam
1332 3911 1430 3965 pro
1471 3890 1791 3964 sepeliendis
1823 3893 2065 3962 corpori-

496 3995 597 4049 bus
646 3992 777 4056 suis,
828 4006 952 4047 cum
994 3990 1066 4044 sit
1094 3998 1254 4057 atque
1283 4003 1404 4042 esse
1450 3988 1643 4042 debeat
1680 3985 1915 4039 ﬁdelium
1963 3986 2064 4039 ista

497 4084 783 4146 securitas,
814 4082 954 4150 quod
998 4080 1304 4147 ubicunque
1330 4093 1557 4147 corpora
1584 4093 1769 4133 eorum
1798 4076 2064 4145 scpelian-
2109 4133 2120 4145 κ

497 4186 603 4237 tur,
637 4173 719 4227 vel
748 4171 1009 4242 insepulta
1054 4171 1224 4225 etiam
1260 4170 1331 4225 ob
1372 4169 1709 4223 inimicorum
1753 4166 1955 4221 rabiem
1983 4182 2066 4220 re-

496 4266 833 4333 linquantur,
877 4267 971 4313 aut
1011 4274 1109 4328 pro
1139 4274 1326 4312 eorum
1355 4258 1575 4311 libidine
1597 4256 1885 4311 dilacerata
1908 4259 2066 4309 absu-

495 4362 732 4417 mautur,
781 4367 884 4405 non
939 4351 1058 4404 ideo
1086 4348 1167 4402 vel
1206 4347 1383 4401 minus
1426 4347 1709 4416 integram,
1756 4346 1840 4401 vel
1886 4347 2061 4399 minus

496 4445 779 4515 gloriosam
806 4456 992 4495 eorum
1023 4438 1473 4493 resurrectionem
1501 4435 1757 4489 futuram.

565 4531 663 4586 Cui
710 4530 969 4599 respondit
1004 4528 1238 4596 Ioseph:
1286 4526 1399 4596 Ego
1441 4526 1630 4589 faciam
1667 4524 1807 4595 quod
1832 4525 2062 4594 jussisti.

498 4624 563 4677 lit
588 4622 693 4687 illc,
715 4622 845 4690 jura
871 4635 1012 4683 ergo,
1035 4618 1219 4686 inquit.
1246 4616 1361 4681 Quo
1378 4616 1610 4684 jurante,
1639 4615 1873 4668 adoravit
1898 4613 2067 4668 Israel

496 4716 682 4778 Deum,
710 4727 981 4766 conversus
1002 4708 1070 4762 ad
1094 4707 1267 4761 lectuli
1289 4717 1462 4775 caput.
1518 4705 1752 4761 Sanctus
1780 4706 1979 4775 quippe
2011 4712 2067 4760 et

498 4807 607 4859 Deo
647 4802 859 4856 deditus
898 4799 1001 4863 vir,
1044 4810 1334 4867 oppressus
1381 4804 1676 4855 senectute,
1717 4795 1796 4848 sic
1834 4794 2065 4848 habebat

498 4893 747 4949 lectulum
776 4891 1032 4959 positum,
1075 4894 1135 4941 ut
1178 4886 1292 4955 ipse
1323 4884 1556 4953 jacentis
1599 4884 1814 4937 habitus
1860 4886 2061 4954 absque

495 4983 806 5038 (lillicultate
846 4980 950 5034 ulla
991 4980 1057 5033 ad
1108 4977 1405 5032 orationem
1435 4981 1578 5028 esset
1599 4981 1838 5042 paratus.
1882 4973 2059 5043 (Aug.)

495 5076 646 5142 Quod
670 5074 867 5127 habent
891 5071 1107 5139 quidam
1134 5068 1308 5122 Latini
1339 5065 1555 5121 codices
1582 5083 1594 5116 :
1624 5062 1688 5115 Et
1713 5062 1947 5116 adoravit
1973 5079 2062 5115 su-

492 5184 575 5234 per
608 5172 761 5233 caput
809 5160 968 5229 rirgm
1005 5157 1138 5226 ejus,
1182 5154 1418 5209 nonnulli
1456 5152 1790 5208 emendatius
1820 5153 2054 5206 habent:

494 5254 729 5309 ador/irit
775 5265 929 5319 super
972 5257 1125 5315 caput
1175 5246 1328 5314 uirgae
1369 5262 1499 5309 sate,
1547 5245 1599 5298 id
1641 5252 1745 5305 est,
1794 5243 1848 5297 in
1886 5244 2059 5311 capite

497 5346 660 5408 vit-pm
688 5355 819 5403 suae,
864 5338 978 5392 sive
1006 5337 1058 5389 in
1098 5348 1379 5397 cacumen,
1423 5335 1535 5388 sive
1580 5348 1740 5401 super
1781 5346 2055 5397 cacumen.

496 5434 653 5489 l-‘allit
677 5432 824 5487 enim
854 5444 948 5483 eos
975 5426 1220 5482 Gratcum
1249 5424 1488 5487 verbum,
1515 5423 1656 5492 quod
1679 5422 1879 5477 eisdem
1919 5422 2059 5476 litte-

499 5526 572 5577 ris
598 5520 871 5577 suibitur.
900 5521 1011 5573 sive
1037 5515 1153 5585 ejus
1184 5516 1298 5569 sive
1328 5529 1459 5578 sua,
1483 5513 1574 5567 sed
1598 5522 1849 5568 accentus
1877 5513 2056 5581 dispa-

500 5630 587 5671 res
627 5623 767 5678 sunt,
810 5620 863 5668 et
898 5624 966 5665 an
1004 5610 1082 5665 eis
1113 5610 1202 5678 qui
1249 5608 1347 5663 ista
1380 5615 1643 5662 noverunt
1686 5608 1737 5660 in
1783 5607 2056 5661 codicibus

2171 3156 2462 3225 gationem.
2702 3222 2709 3229 .

2236 3266 2354 3321 Duo
2376 3262 2538 3337 igitur
2559 3267 2660 3336 filii
2695 3268 2771 3321 tui
2794 3268 2883 3338 qui
2913 3269 3023 3322 nati
3041 3277 3161 3321 sunt
3195 3267 3289 3320 tibi
3313 3268 3368 3320 in
3396 3277 3538 3321 terra
3568 3268 3744 3339 Egyo

2166 3362 2262 3429 pti,
2286 3369 2561 3429 antequam
2582 3360 2801 3414 uenirem
2827 3361 2928 3413 huc
2950 3360 3020 3413 ad
3045 3369 3114 3424 te,
3145 3360 3249 3414 mei
3273 3370 3447 3425 erunt,
3480 3360 3741 3430 Ephraim

2167 3460 2215 3504 et
2259 3450 2561 3514 Manasses,
2596 3451 2729 3503 sicut
2771 3450 2952 3503 Ruben
2992 3461 3039 3503 et
3064 3448 3323 3513 'Simeon,
3364 3451 3745 3519 reputabuntur

2167 3540 2314 3593 mihi.
2368 3539 2611 3609 Reliquos
2658 3549 2831 3592 autem
2870 3555 2997 3608 quos
3045 3539 3282 3608 genueris
3335 3548 3449 3608 post
3492 3555 3603 3603 eos,
3662 3541 3745 3593 tui

2167 3637 2337 3692 erunt,
2368 3638 2413 3681 et
2446 3629 2652 3681 nomine
2679 3628 2910 3696 fratrum
2938 3644 3153 3681 suorum
3192 3628 3513 3681 vocabuntur
3542 3630 3597 3680 in
3620 3645 3745 3697 pos-

2166 3718 2479 3771 sessionibus
2514 3717 2641 3770 suis.
2690 3716 2745 3770 Si
2787 3718 2908 3785 quis
2949 3716 3289 3786 ambigebat,
3339 3718 3481 3786 quod
3524 3727 3744 3786 septua-

2166 3808 2311 3878 ginta
2360 3808 2551 3862 anima:
2597 3807 2911 3861 introissent
2955 3806 3245 3877 zEgyptum
3288 3806 3519 3861 ﬁliorum
3548 3805 3741 3871 Israel,

2167 3906 2221 3953 et
2247 3900 2388 3966 quod
2414 3897 2619 3966 Josepb-
2637 3912 2702 3951 eo
2732 3905 2969 3965 tempore
2992 3911 3099 3964 quo
3129 3896 3404 3966 ingressus
3433 3903 3517 3949 est
3544 3893 3738 3958 Jacoli,

2169 4004 2272 4041 non
2319 4002 2508 4040 novem
2554 3987 2647 4040 sed
2690 3987 2821 4039 duos
2866 3984 3004 4039 ﬁlios
3042 3984 3564 4048 tantum‘habuerit,
3594 3998 3739 4053 pue-

2168 4078 2305 4131 senti
2335 4076 2565 4145 capitulo
2588 4075 2955 4129 conﬁrmatur.
3000 4073 3274 4144 Siquidem
3301 4074 3415 4142 ipse
3446 4072 3615 4127 Iacob
3651 4072 3735 4127 lo-

2166 4167 2373 4234 quitur,
2402 4166 2537 4219 duos
2565 4181 2687 4219 eum
2718 4164 2855 4219 ﬁlios
2892 4165 3164 4228 habuisse,
3197 4179 3303 4219 non
3332 4178 3547 4228 novem.
3578 4164 3738 4229 Quod

2168 4264 2342 4307 autem
2387 4254 2554 4308 dicit:
2588 4253 2838 4322 Ephraim
2881 4263 2927 4305 et
2978 4252 3238 4317 Manasse,
3284 4252 3418 4306 sicut
3464 4250 3646 4305 Ruben
3686 4261 3738 4305 et

2170 4344 2403 4408 Simeon,
2426 4354 2574 4397 erunt
2608 4344 2756 4408 mihi,
2790 4343 2919 4398 illud
2952 4343 3216 4412 signiﬁcat
3245 4361 3258 4396 :
3290 4344 3427 4397 sicut
3459 4341 3649 4397 Ruben
3683 4352 3739 4397 et

2090 4407 2143 4466 Β
2169 4439 2387 4494 Simeon
2435 4438 2551 4493 dum
2587 4440 2757 4492 tribus
2794 4448 2972 4502 erunt,
3005 4448 3061 4492 et
3087 4453 3152 4492 ex
3180 4437 3293 4492 suis
3320 4438 3595 4492 vocabulis
3636 4454 3737 4507 ap-

2166 4528 2524 4598 pellabuntur,
2564 4528 2642 4580 sic
2681 4526 2933 4604 Ephraim
2980 4535 3035 4580 et
3079 4526 3351 4581 Manasses
3392 4526 3510 4579 duae
3561 4526 3735 4580 tribus

2166 4629 2345 4683 erunt,
2384 4620 2623 4689 duosque
2659 4618 2881 4688 populos
2905 4620 3287 4687 procreabant,
3313 4625 3368 4672 et
3394 4619 3473 4671 sic
3504 4618 3736 4671 haeredi-

2166 4714 2356 4768 tabunt
2408 4722 2605 4766 terram
2666 4712 3098 4780 repromissionis
3148 4713 3286 4789 sicut
3336 4721 3391 4765 et
3439 4710 3533 4765 ﬁlii
3586 4711 3731 4766 mei.

2166 4804 2411 4874 Reliquos
2432 4812 2621 4862 autem,
2642 4802 2738 4865 ait,
2760 4802 2916 4870 ﬁlios,
2932 4818 3059 4871 quos
3080 4812 3191 4872 post
3211 4812 3424 4854 mortem
3450 4816 3615 4854 meam
3643 4816 3734 4869 ge-

2164 4894 2360 4957 nueris,
2391 4892 2679 4946 ostendens
2722 4891 2946 4943 necdum
2984 4891 3073 4944 illo
3113 4898 3355 4959 tempore
3396 4899 3729 4958 procreatos,

2162 4983 2240 5034 tui
2291 4991 2458 5043 erunt,
2507 4990 2553 5033 et
2599 4980 2651 5033 in
2694 4980 2897 5031 nomine
2930 4979 3153 5047 fratrum
3176 4994 3385 5031 suorum
3412 4977 3733 5030 uocabantur

2162 5072 2215 5123 in
2245 5069 2547 5122 [hereditate
2588 5082 2717 5127 sunt
2740 5066 2878 5131 Non,
2921 5066 3112 5135 inquit,
3150 5066 3414 5134 accipient
3437 5065 3729 5132 separatim

2162 5169 2383 5221 terram,
2415 5172 2511 5211 nec
2538 5156 2801 5210 funiculus
2831 5157 3104 5210 habebunt
3130 5155 3396 5225 proprios,
3425 5163 3483 5207 ut
3510 5154 3732 5221 reliqua

2162 5250 2351 5311 tribus,
2392 5248 2483 5302 sed
2524 5249 2574 5300 in
2621 5247 2861 5301 tribubus
2892 5246 3143 5313 Ephraim
3178 5253 3231 5297 et
3266 5243 3533 5306 Manasse,
3571 5245 3726 5312 quasi

2161 5339 2481 5407 appendices
2504 5336 2682 5405 pepuli
2712 5334 3216 5389 commiscebuntur.

2233 5427 2363 5480 Mihi
2414 5437 2587 5480 autem
2637 5426 2846 5495 quando
2892 5425 3150 5479 ueniebam
3202 5425 3265 5478 de
3312 5422 3727 5493 Mesomtamia,

2160 5528 2366 5571 mortua
2393 5526 2465 5570 est
2498 5515 2687 5570 Rachel
2722 5517 2777 5569 in
2813 5525 2948 5569 terra
2977 5513 3250 5576 Chanaan,
3283 5514 3335 5566 in
3365 5514 3476 5582 ipso
3508 5515 3727 5573 itinere;

2160 5615 2371 5676 eratque
2408 5622 2614 5661 renum
2656 5616 2853 5675 tempus
2888 5616 2935 5659 et
2974 5602 3299 5674 ingrediebar
3338 5600 3647 5672 Ephratam,
3678 5614 3727 5653 et
