3948 6328
310 289 420 346 εδδ

311 494 675 563 appellabatur
724 493 1034 547 Bethlehem.
1088 495 1364 560 Quomodo
1407 493 1572 548 Iacob
1619 495 1726 549 ﬁlio
1776 512 1874 550 suo

313 580 515 651 Ioseph
567 593 818 650 tanquam
869 584 1151 649 nescienti,
1201 584 1366 638 voluit
1410 583 1648 637 indicare
1693 585 1779 639 ubi
1821 595 1874 640 et

313 671 530 738 quando
577 670 844 737 sepelierit
875 678 1100 723 matrem
1137 668 1274 736 ejus,
1316 685 1438 724 cum
1478 677 1532 724 et
1566 671 1681 740 ipse
1716 673 1873 725 simul

315 761 480 814 fuerit
507 776 626 814 cum
654 759 907 823 fratribus
949 760 1096 814 suis?
1155 759 1258 813 Sed
1303 768 1357 813 et
1400 760 1443 813 si
1479 768 1594 813 erat
1620 769 1728 814 tam
1754 778 1876 830 par-

315 868 419 906 vus
443 861 618 916 :etate,
644 859 700 905 ut
729 852 854 906 illud
880 852 962 906 vel
990 867 1179 906 curare
1206 851 1290 904 vel
1315 852 1491 905 animo
1517 853 1874 908 retinere'non

315 950 519 1009 posset,
569 957 687 1010 qua:
730 957 815 995 res
854 941 1108 1010 compulit
1135 942 1294 994 modo
1321 941 1444 1006 dici,
1489 941 1594 995 nisi
1631 940 1768 996 forte
1807 944 1873 995 ad

318 1046 432 1084 rem
483 1032 737 1102 pertinuit
781 1045 1201 1084 commemorare
1235 1031 1307 1084 ibi
1339 1030 1603 1099 sepultam
1644 1039 1870 1085 matrem

315 1117 535 1190 Ioseph,
567 1121 653 1173 ubi
676 1119 921 1174 Christus
950 1119 1124 1172 fuerat
1152 1120 1477 1174 nasciturus.

399 1227 586 1281 Videas
607 1236 778 1280 autem
798 1227 934 1295 filios
955 1228 1067 1291 eius
1089 1229 1220 1281 dixit
1242 1229 1309 1281 ad
1324 1245 1472 1282 eum:
1489 1229 1591 1294 Qui
1611 1240 1730 1283 sunt
1747 1231 1873 1284 isti?

313 1319 576 1388 respondit
607 1332 625 1369 :
656 1316 783 1370 Filii
829 1321 928 1372 mei
966 1328 1105 1383 sunt,
1140 1337 1268 1391 quos
1295 1321 1436 1374 dedit
1479 1321 1606 1374 mihi
1645 1321 1783 1376 Deus
1816 1324 1870 1376 in

314 1406 414 1458 hoc
449 1405 580 1458 loco.
624 1406 805 1459 Adduc
845 1424 952 1473 eos,
986 1409 1190 1478 inquit,
1231 1410 1300 1462 ad
1342 1427 1440 1477 me,
1480 1421 1536 1464 ut
1560 1412 1870 1466 .benedicam

312 1494 413 1546 eis.
443 1492 592 1547 Oculi
617 1495 751 1547 enim
772 1493 939 1549 Israel
963 1495 1254 1566 caligabunt
1274 1514 1382 1566 prae
1406 1499 1565 1552 nimia
1592 1509 1866 1564 senectute,

313 1593 365 1635 et
408 1582 547 1642 clare
584 1584 754 1636 uidere
789 1601 900 1652 non,
925 1595 1144 1654 poterat.
1176 1587 1571 1658 Applicatosque
1603 1589 1671 1642 ad
1699 1607 1753 1644 se
1779 1590 1870 1643 de-

313 1674 578 1728 osculatus
614 1685 708 1741 est,
746 1685 794 1729 et
835 1676 1211 1747 circumplexus
1235 1679 1368 1732 dixit
1408 1681 1476 1734 ad
1498 1679 1668 1748 ﬁlium
1692 1697 1711 1735 :
1743 1680 1866 1736 Non

1330 291 1674 348 COMMENT.
1715 294 1780 347 IN
1817 295 2131 351 GENESIM.
2174 330 2236 340 —-
2279 299 2401 355 LIB.
2442 301 2522 354 IV.

311 406 518 475 sepelivi
562 422 674 458 eam
705 415 860 473 juxta
899 405 1033 457 viam
1075 404 1341 474 Epltratw,
1379 422 1492 476 quin
1529 405 1632 458 alio
1672 408 1875 460 nomine
1903 421 1948 476 Α

3429 313 3529 369 δδι

2545 414 2768 472 CAPUT
2813 417 2945 473 XIV.

1975 534 1981 540 ρ
2048 498 2124 552 De
2155 501 2421 570 prophetia
2448 502 2632 569 Iacob,
2661 523 2760 575 qua
2787 506 3016 574 ﬁliorum
3047 508 3213 573 Israel
3240 515 3459 566 reditum

2642 577 2902 644 prwdiait.

2046 681 2114 734 Et
2140 683 2211 736 ait
2241 685 2308 738 ad
2335 686 2523 756 Ioseph
2561 684 2730 757 ﬁlium
2759 706 2908 744 suum
2935 705 2952 742 :
2982 693 3065 748 En
3102 711 3192 764 ego
3228 695 3444 765 morior,
3480 709 3530 754 et

1975 773 2072 824 erit
2098 772 2236 826 Deus
2267 775 2544 842 vobiscum,
2574 779 2876 851 reducetque
2900 799 2984 835 vos
3011 787 3080 836 ad
3108 793 3298 839 terram
3322 800 3529 858 patrum

1974 869 2276 916 vestrorum.
2317 864 2397 918 Do
2425 868 2516 919 tibi
2541 858 2737 936 partem
2774 888 2931 925 unam
2971 883 3115 927 extra
3164 875 3349 944 fratres
3391 889 3527 943 tuos,

1973 966 2133 1022 quam
2175 953 2271 1021 tuli
2300 953 2364 1006 de
2401 971 2560 1008 manu
2590 958 2879 1014 Amorrhwi
2919 962 2974 1014 in
3010 962 3184 1032 gladio
3222 975 3271 1018 et
3308 968 3360 1019 in
3400 985 3528 1022 arcu

1974 1057 2106 1093 meo.
2161 1041 2357 1098 Arcum
2408 1045 2495 1100 hic
2536 1057 2588 1101 et
2633 1048 2863 1117 gladium
2903 1051 3165 1120 justitiam
3219 1065 3392 1121 vocat,
3433 1075 3529 1127 per

1973 1147 2132 1200 quam
2181 1136 2378 1189 meruit
2425 1139 2740 1209 peregrinus
2781 1149 2836 1194 et
2858 1143 3082 1209 advena,
3131 1132 3412 1210 interfecto
3443 1149 3527 1203 Si-

1974 1222 2126 1276 chem
2157 1231 2212 1278 et
2235 1224 2417 1290 Emor,
2462 1229 2527 1282 de
2556 1231 2794 1297 periculo
2819 1231 3056 1287 liberari.
3105 1235 3302 1291 Timuit
3345 1240 3522 1305 enim,

1972 1322 2031 1366 ut
2067 1329 2226 1384 supra
2270 1316 2351 1388 leg
2378 1334 2516 1384 mus,
2559 1337 2626 1380 ne
2666 1324 2839 1378 vicina
2868 1326 3062 1396 oppida
3092 1336 3251 1398 atque
3279 1335 3521 1395 castella.

1957 1404 2040 1486 _ob
2079 1408 2414 1463 eversionem
2441 1411 2711 1468 fmderataz
2756 1417 2924 1482 urbis,
2973 1420 3258 1476 adversum
3297 1439 3355 1478 se
3395 1441 3516 1481 con-

1970 1505 2267 1566 surgerent,
2293 1508 2348 1554 et
2373 1501 2627 1558 Dominus
2649 1521 2752 1560 non
2789 1508 2932 1562 dedit
2957 1510 3035 1563 eis
3063 1520 3119 1566 ut
3144 1524 3399 1571 nocerent
3423 1517 3518 1571 illi.

1972 1583 2066 1639 Vel
2107 1595 2254 1640 certe
2296 1588 2374 1642 sic
2414 1588 2850 1658 intelligendum:
2882 1595 3027 1651 Dabo
3066 1599 3160 1653 tibi
3203 1599 3518 1668 Sichimam,

1971 1694 2131 1748 quam
2172 1681 2277 1734 emi
2310 1682 2362 1734 in
2390 1680 2700 1739 fortitudine
2743 1702 2884 1753 mea,
2927 1689 3028 1745 hoc
3065 1699 3148 1746 est
3194 1693 3246 1746 in
3292 1698 3519 1776 pecunia

313 1778 432 1817 sum
457 1763 732 1832 fraudatus
761 1780 793 1816 a
826 1775 1099 1835 conspectu
1126 1776 1236 1832 tuo,
1265 1769 1718 1847 insuperaostendit
1741 1771 1869 1850 mihi
1898 1757 1942 1816 Β
1970 1785 2109 1836 mea,
2152 1787 2312 1841 quam
2354 1773 2521 1829 multo
2563 1774 2743 1842 labore
2776 1786 2830 1833 et
2859 1779 3052 1836 sudore
3077 1757 3326 1866 quaesivi.
3368 1767 3519 1853 Quod

310 1853 458 1907 Deus
481 1871 650 1907 semen
670 1864 835 1908 tuum.
864 1855 1092 1929 Cumque
1120 1858 1317 1913 tulisset
1343 1877 1428 1915 eos
1454 1861 1642 1932 Ioseph
1665 1862 1728 1916 de
1752 1879 1866 1932 gre-

311 1945 422 1997 mio
456 1945 619 2012 patris
645 1983 660 2009 ,
706 1945 940 2000 adoravit
986 1965 1178 2018 pronus
1221 1950 1276 2002 in
1320 1960 1552 2017 terram,
1607 1960 1655 2016 et
1695 1953 1864 2024 posuit

313 2030 569 2103 Ephraim
591 2034 658 2087 ad
678 2034 939 2090 dexteram
959 2050 1125 2102 suam,
1162 2039 1216 2092 id
1245 2048 1339 2105 est,
1379 2040 1447 2094 ad
1483 2041 1747 2095 sinistram
1776 2041 1862 2094 ls-

313 2122 447 2188 rael,
498 2124 778 2179 Manassen
818 2141 938 2179 vero
983 2127 1037 2178 in
1073 2128 1284 2190 sinistra
1323 2146 1442 2195 sua,
1492 2130 1561 2184 ad
1599 2132 1860 2193 dexteram

310 2217 507 2271 scilicet
527 2220 709 2288 patris,
734 2209 1080 2290 applicuitque
1111 2222 1286 2275 ambos
1308 2224 1376 2275 ad
1399 2239 1537 2277 eum.
1567 2221 1671 2288 Qui
1692 2235 1864 2278 exten-

309 2307 440 2360 dens
471 2325 680 2363 manum
722 2311 985 2364 dexteram
1023 2312 1191 2380 posuit
1227 2329 1382 2383 super
1420 2325 1573 2384 caput
1605 2316 1860 2387 Ephraim

297 2397 538 2464 junioris
576 2399 779 2467 fratris,
820 2401 1085 2454 sinistram
1130 2412 1300 2456 autem
1353 2421 1504 2474 super
1550 2417 1702 2476 caput
1744 2406 1861 2460 Μα-

308 2503 487 2553 nasse,
515 2489 604 2559 qui
628 2491 798 2560 major
823 2501 948 2544 natu
987 2501 1119 2557 erat,
1160 2505 1484 2548 commutem
1513 2512 1736 2562 manus;
1776 2497 1860 2551 be-

306 2577 604 2646 nedixique
634 2578 745 2646 filio
774 2596 868 2633 suo
894 2580 1108 2650 Ioseph,
1140 2592 1242 2637 etc.
1279 2583 1459 2655 (Aug.)
1491 2585 1641 2653 Quod
1667 2588 1739 2642 ita
1767 2588 1860 2643 be-

303 2666 509 2720 nedicit
553 2677 770 2736 nepotes
809 2683 936 2723 suos
974 2669 1153 2738 lsrael,
1208 2681 1265 2725 ut
1312 2675 1587 2730 dexteram
1641 2694 1856 2735 manum

301 2753 501 2807 minori
531 2755 787 2824 imponat,
843 2757 1028 2826 majori
1081 2768 1258 2814 autem
1309 2762 1600 2831 sinistram,
1650 2775 1705 2822 et
1755 2768 1858 2823 hoc

301 2845 417 2898 tilio
460 2861 554 2899 suo
595 2845 790 2915 Joseph
840 2848 1036 2903 volenti
1080 2852 1350 2921 corrigere
1394 2856 1544 2924 quasi
1587 2866 1856 2913 errantem

299 2945 467 3004 atque
495 2937 823 2992 nescientem
847 2938 918 2992 ita
951 2942 1221 3010 respondit
1245 2957 1260 2994 :

357 3046 502 3113 Scio,
513 3047 592 3116 fili
605 3049 694 3114 mi,
707 3050 834 3115 scio,
851 3062 894 3104 et
911 3051 993 3103 hic
1006 3052 1101 3106 erit
1113 3052 1166 3105 in
1178 3053 1445 3122 papulum,
1460 3066 1506 3110 et
1517 3058 1850 3126 exaltabitur,

296 3139 394 3193 sed
418 3139 581 3206 frater
623 3139 734 3208 ejus
774 3140 961 3208 junior
989 3141 1160 3211 major
1184 3141 1273 3195 illo
1302 3147 1419 3210 erit,
1461 3154 1509 3199 et
1537 3162 1708 3200 semen
1735 3148 1850 3215 eius

295 3231 397 3282 erit
421 3231 477 3283 in
505 3229 834 3285 multitudine
856 3233 1100 3302 gentium.
1131 3233 1400 3290 Hactenus
1421 3236 1488 3290 de
1512 3236 1723 3293 Christo
1754 3254 1844 3294 ac-

292 3319 601 3388 cipiendum
629 3330 726 3386 est,
757 3330 1020 3391 quatenus
1046 3325 1205 3378 etiam
1236 3327 1302 3380 de
1336 3326 1450 3396 ipso
1470 3325 1634 3380 Iacob
1658 3335 1713 3381 et
1733 3326 1845 3381 fra-

293 3416 382 3461 tre
403 3409 517 3478 ejus
538 3410 734 3464 dictum
770 3420 892 3466 est:
919 3411 1054 3475 Quia
1091 3414 1263 3481 major
1298 3416 1478 3469 serviet
1510 3418 1730 3470 minori;
1751 3417 1845 3473 Se-

291 3500 530 3553 cundqu
558 3502 658 3554 hoc
680 3503 819 3555 enim
845 3503 1162 3571 signiﬁcavit
1191 3505 1389 3573 ahquid
1413 3506 1721 3575 prophetice
1742 3508 1844 3562 hoc

288 3586 540 3641 faciendo
586 3588 771 3655 Israel,
814 3592 954 3659 quod
992 3592 1216 3661 papulus
1256 3594 1520 3662 posterior
1554 3610 1652 3664 per
1689 3594 1842 3669 Cbri:

289 3683 434 3728 stum
480 3677 704 3741 futurus,
753 3680 1156 3750 regeneratione
1190 3682 1457 3753 spirituali
1494 3693 1841 3753 superaturus

285 3774 410 3820 erat
448 3768 700 3839 pupulum
736 3771 988 3840 priorem,
1026 3773 1092 3825 de
1129 3770 1327 3826 carnali
1371 3779 1580 3841 patrum
1618 3788 1839 3842 genera-

288 3858 437 3910 tione
481 3859 817 3928 gloriantem.
868 3860 1045 3933 (Isid.)
1086 3861 1220 3916 Nam
1249 3863 1420 3931 major
1450 3863 1590 3918 ﬁlius
1617 3862 1834 3926 Ioseph.-

284 3948 392 4002 hoc
433 3958 514 4002 est
556 3949 844 4016 Manasses,
889 3952 977 4020 qui
1006 3953 1388 4023 interpretatur
1411 3955 1615 4019 obliuio,
1657 3964 1835 4028 typum

283 4039 426 4106 gerit
447 4037 768 4106 Judzeorum,
792 4043 881 4110 qui
908 4042 1104 4097 oblitus
1123 4052 1208 4098 est
1228 4044 1392 4098 Deum
1415 4061 1568 4100 suum
1589 4048 1680 4116 qui
1705 4047 1834 4103 fecit

280 4144 441 4192 eum;
479 4130 653 4182 utilior
671 4141 849 4185 autem
877 4131 1319 4198 Christianorum,
1343 4136 1434 4205 qui
1456 4135 1830 4192 fecunditatem

267 4210 459 4300 sonat,
506 4223 647 4290 quod
685 4231 770 4277 est
806 4227 1078 4294 proprium
1107 4227 1285 4296 populi
1306 4228 1556 4297 junioris,
1588 4231 1678 4300 qui
1709 4248 1826 4286 cor-

277 4297 386 4380 pus
427 4322 510 4366 est
550 4312 782 4379 Christi,
826 4316 915 4383 qui
963 4315 1275 4371 fecundatus
1305 4327 1400 4382 est
1449 4320 1502 4374 in
1552 4297 1831 4378 latitudine

273 4403 484 4456 ‘mundi.

276 4490 402 4553 cob,
424 4493 599 4560 posuit
626 4491 821 4562 Ioseph
850 4495 1101 4564 Ephraim
1137 4498 1204 4552 ad
1250 4500 1547 4566 sinistram,
1583 4502 1823 4559 Manasse

275 4588 460 4632 autem
497 4581 564 4636 ad
602 4582 878 4637 dexteram
911 4586 1204 4640 constituit.
1261 4588 1331 4641 At
1374 4589 1470 4643 ille
1517 4591 1823 4647 cancellatis

274 4673 525 4726 manibus
548 4674 722 4728 crucis
750 4676 1060 4744 mysterium
1087 4677 1451 4746 prae-ﬁgurans,
1487 4682 1743 4736 translata
1769 4685 1821 4737 in

274 4765 482 4817 minore
523 4765 760 4835 dextera,
801 4766 988 4833 majori
1025 4768 1293 4822 sinistram
1326 4773 1684 4840 superposuit,
1720 4775 1823 4828 sie-

270 4869 379 4925 que
410 4857 582 4910 crucis
609 4857 899 4910 similitudo
926 4873 1084 4926 super
1124 4860 1300 4928 capita
1334 4875 1521 4916 eorum
1567 4862 1815 4918 denotata

267 4945 468 5000 Judaeis
494 4947 814 5009 scandalum,
847 4948 1161 5003 Christianis
1183 4949 1415 5006 futuram
1437 4952 1661 5022 gloriam
1682 4970 1818 5022 prte-

266 5035 530 5103 signavit;
559 5037 927 5105 senioremque
949 5053 1044 5106 per
1073 5040 1247 5094 crucis
1280 5044 1588 5112 mysterium
1616 5042 1814 5098 factum

265 5127 336 5178 de
373 5125 592 5180 dextero
637 5127 935 5191 sinistrum,
989 5138 1045 5182 et
1079 5130 1344 5199 juniorem
1373 5133 1618 5188 dextrum
1646 5135 1712 5189 de
1737 5137 1812 5190 si-

263 5216 462 5280 nistro,
515 5218 636 5284 quia
686 5216 880 5271 Iudaeis
916 5220 967 5272 in
1001 5230 1184 5274 nostra
1235 5223 1441 5276 deserta
1487 5225 1812 5292 labentibus,

263 5320 368 5356 nos
399 5304 604 5357 illorum
644 5308 869 5374 gratiam
911 5310 1085 5376 adepti
1133 5326 1345 5366 sumus:
1397 5314 1596 5382 talique
1635 5331 1816 5370 sacra-

264 5403 448 5446 mento
487 5395 674 5461 majori
714 5398 905 5463 populo
934 5398 1232 5454 Iudaeorum
1264 5406 1577 5471 praepositus
1603 5417 1687 5459 est
1717 5408 1814 5460 [ηἰ-

263 5498 368 5536 nor
400 5484 622 5551 populus
649 5486 904 5554 gentium.
943 5487 1088 5542 Unde
1117 5498 1169 5542 et
1199 5490 1336 5543 idem
1368 5493 1672 5559 patriarcha
1702 5497 1806 5547 ait:

267 5573 372 5624 llic
393 5571 595 5639 quidem
631 5576 724 5626 erit
755 5575 805 5627 in
831 5576 1093 5644 populum,
1121 5581 1208 5631 sed
1237 5581 1318 5632 hic
1347 5582 1674 5636 exaltabitur.

557 4403 664 4458 Hos
720 4406 941 4473 quidem
983 4422 1102 4461 cum
1160 4409 1474 4466 benedicere
1527 4413 1685 4468 vellet
1737 4414 1825 4468 Ia—
1851 4431 1903 4489 ι)

1971 1867 2149 1914 autem
2173 1878 2328 1932 super
2349 1862 2537 1931 fratres
2567 1874 2681 1920 tuos
2714 1868 2810 1933 ait,
2840 1862 3112 1939 respondit
3143 1874 3345 1944 absque
3374 1889 3518 1931 sorte

1963 1947 2174 2005 dedisse
2212 1965 2332 2008 eam
2372 1953 2534 2008 tribui
2564 1953 2779 2026 Ioseph.
2814 1957 2870 2013 Si
2907 1961 3122 2029 quidem
3166 1966 3353 2020 eodem
3396 1967 3515 2022 loco

1965 2039 2202 2107 sepultus
2244 2052 2329 2097 est
2362 2040 2576 2114 Josepn,
2617 2055 2672 2102 et
2714 2050 3042 2106 mausoleum
3089 2055 3204 2125 ejus
3240 2057 3312 2111 ibi
3358 2058 3516 2114 hodie

1963 2133 2218 2186 cernitur.
2268 2131 2387 2187 Alia
2432 2143 2613 2189 autem
2657 2138 2889 2193 editione
2929 2141 3004 2196 ita
3043 2143 3366 2214 legitur:Et
3420 2165 3513 2220 ego

1959 2220 2080 2273 dedi
2101 2221 2193 2275 tibi
2214 2220 2493 2278 Sicltimam
2506 2228 2818 2298 praecipuam
2841 2247 2994 2301 super
3012 2234 3199 2303 fratres
3220 2247 3357 2302 tuos,
3376 2239 3516 2308 plus-

1959 2324 2114 2377 quam
2149 2309 2401 2377 fratribus
2428 2313 2554 2380 tuis,
2589 2331 2746 2385 quam
2775 2319 2946 2389 accepi
2971 2320 3034 2374 de
3063 2323 3298 2378 manibus
3320 2325 3510 2380 Amor-

1963 2402 2218 2456 rha'orum
2248 2404 2300 2457 in
2329 2405 2503 2474 gladio
2550 2424 2661 2461 meo
2706 2418 2755 2462 et
2799 2413 3006 2481 sagitta.
3057 2413 3314 2483 Sichima,
3355 2418 3509 2487 juxta

1960 2487 2201 2544 Grzncam
2229 2501 2283 2546 et
2309 2493 2554 2549 Latinam
2599 2493 3068 2570 consuetudinem,
3117 2506 3379 2563 declinata
3406 2519 3508 2577 est,

1960 2582 2194 2651 alioquin
2234 2583 2496 2640 Hebraice
2531 2587 2744 2644 Sicbem
2793 2591 3008 2658 dicitur,
3037 2603 3096 2648 ut
3115 2593 3350 2653 Joannes
3378 2615 3512 2669 quo-

1959 2685 2060 2738 que
2075 2672 2398 2742 evangelista
2422 2683 2650 2728 testatur
2670 2675 2849 2747 (Ioan.
2868 2679 2964 2751 ιν),
2982 2681 3104 2737 licet
3127 2685 3317 2740 vitiose
3341 2695 3398 2740 ut
3424 2686 3511 2742 Si-

1959 2761 2089 2814 char
2133 2761 2338 2831 legatur
2385 2778 2541 2819 error
2584 2766 2818 2832 inolevit,
2869 2778 2927 2824 et“
2958 2781 3041 2826 est
3067 2789 3206 2829 nunc
3235 2775 3504 2846 Neapolis,

1957 2852 2084 2906 urbs
2114 2850 2590 2935 Samaritanorum.
2621 2857 2753 2924 Quia
2800 2876 2929 2932 ergo
2959 2861 3169 2920 Sichem
3196 2866 3374 2935 lingua
3403 2869 3508 2926 He-

1957 2941 2098 2994 braza
2149 2930 2473 2997 transfertur
2513 2945 2565 2998 in
2616 2930 2916 3016 humerum,
2969 2952 3188 3022 pulchre
3237 2930 3414 3012 allusit
3438 2960 3504 3014 ad

1957 3046 2150 3084 nomen
2196 3032 2415 3087 dicens:
2447 3033 2514 3086 Et
2549 3051 2639 3105 ego
2681 3037 2814 3092 dabo
2859 3042 2951 3094 tibi
2999 3044 3271 3098 humerum
3321 3065 3500 3103 unum.

1954 3118 2130 3186 Qumri
2170 3127 2345 3175 tamen
2389 3138 2496 3177 non
2537 3123 2972 3183 inconvenienter
3007 3141 3211 3201 potest,
3247 3140 3504 3204 quemad-

1951 3211 2168 3265 modum
2221 3211 2392 3266 valeat
2427 3215 2494 3269 ad
2541 3215 2774 3286 litteram
2820 3224 3123 3278 convenire.
3172 3226 3314 3281 Emit
3356 3230 3498 3284 enim

1948 3307 2160 3354 centum
2207 3303 2358 3372 agnis
2401 3307 2790 3373 possessionem
2842 3310 2998 3374 illam,
3058 3329 3162 3368 non
3189 3318 3348 3384 coepit
3377 3319 3500 3387 jure

1947 3389 2185 3444 victoria:
2212 3390 2437 3468 bellicae.
2474 3394 2556 3448 An
2584 3397 2707 3465 quia
2737 3397 2912 3452 Salem
2940 3401 3217 3457 civitatem
3237 3404 3498 3460 Sichima-

1945 3493 2062 3531 rum
2091 3478 2184 3533 ﬁlii
2206 3479 2324 3550 ejus
2347 3495 2804 3564 expugnaverunt,
2828 3495 2882 3543 et
2901 3490 3021 3559 jure
3042 3476 3161 3546 belli
3189 3497 3359 3562 potuit
3383 3496 3498 3564 ejus

1944 3567 2079 3631 fieri,
2105 3577 2163 3621 ut
2181 3568 2384 3636 justum
2407 3557 2754 3630 bellum'cum
2775 3578 2854 3632 eis
2882 3557 3122 3636 videatur
3143 3557 3371 3654 gestum,
3401 3557 3492 3658 qui

1942 3663 2145 3713 tantam
2171 3659 2378 3727 priores
2408 3661 2655 3732 injuriam
2685 3664 2927 3724 fecerunt
2951 3671 3004 3724 in
3031 3671 3144 3740 ejus
3173 3675 3278 3729 ﬁlia
3310 3692 3494 3734 conla-

1941 3746 2233 3801 minanda?
2270 3748 2376 3803 Cur
2397 3767 2502 3805 non
2523 3767 2650 3822 ergo
2674 3754 2778 3809 illis
2799 3756 2940 3811 illam
2979 3769 3174 3815 terram
3205 3764 3367 3832 dedit,
3398 3770 3488 3838 qui

1942 3837 2044 3890 hoc
2078 3849 2544 3908 perpetraverunt,
2591 3845 2693 3899 hoc
2727 3856 2809 3920 est
2849 3850 3138 3919 majoribus
3179 3852 3300 3910 ﬁliis
3346 3837 3490 3911 suis?

1942 3926 2156 3988 Deinde.
2205 3931 2248 3984 si
2279 3919 2436 3987 modo
2461 3949 2527 3988 ex
2557 3935 2645 3989 illa
2677 3937 2900 3994 victoria
2942 3942 3192 4010 glorians,
3237 3947 3329 4001 dat
3367 3964 3486 4004 eam

1936 4028 2136 4074 terram
2172 4021 2280 4075 ﬁlio
2309 4037 2406 4077 suo
2439 4023 2652 4095 Ioseph,
2703 4043 2799 4082 cur
2845 4032 2894 4084 ei
2943 4033 3325 4102 displicuerunt
3363 4049 3488 4096 tunc

1936 4109 2026 4163 ﬁlii
2064 4112 2155 4180 qui
2187 4111 2289 4170 hoc
2321 4115 2737 4171 commiserunt?
2773 4117 2878 4173 Cur
2910 4122 3138 4193 denique
3163 4128 3323 4182 etiam
3347 4147 3482 4186 nunc
3508 4123 3515 4127 ’

1933 4216 2053 4253 cum
2084 4217 2176 4256 eos
2202 4204 2562 4272 benediceret,
2578 4211 2949 4277 exprobrando
2976 4214 3026 4267 id
3050 4225 3484 4275 commemoravit

1933 4291 1985 4344 in
2011 4292 2168 4347 factis
2195 4296 2417 4349 eorum?
2451 4297 2640 4354 Procul
2670 4301 2827 4356 dubio
2853 4319 2978 4374 ergo
3006 4306 3216 4376 aliquod
3240 4311 3325 4365 hic
3354 4312 3484 4368 latet

1930 4383 2303 4451 propheticum
2339 4399 2752 4455 sacramentum,
2799 4395 2920 4462 quia
2954 4404 3008 4450 et
3032 4395 3224 4468 Ioseph
3252 4403 3479 4469 quadam

1929 4473 2194 4540 praecipua
2229 4476 2615 4545 signiﬁcatione
2643 4482 2913 4548 Christum
2950 4488 3327 4560 prmﬁguravit.
3355 4498 3479 4551 etei

1929 4563 2087 4614 datur
2114 4563 2200 4617 illa
2225 4575 2364 4620 terra
2391 4570 2480 4623 ubi
2501 4571 2889 4641 disperdiderat
2908 4580 3180 4636 obruendo
3202 4586 3327 4638 deos
3349 4585 3479 4642 alie-

1929 4667 2026 4706 nos
2046 4655 2232 4721 Iacob,
2267 4667 2325 4711 ut
2354 4658 2599 4716 Christus
2630 4665 2954 4736 intelligatur
2969 4683 3098 4739 pose
3117 4688 3316 4729 .ssurus
3344 4692 3473 4747 gcn-
3533 4670 3537 4673 ’

1930 4747 2010 4794 tes
2043 4741 2145 4796 diis
2170 4752 2379 4813 patrum
2416 4762 2632 4803 suorum
2680 4758 3064 4824 renuntiantes,
3106 4771 3160 4814 et
3197 4741 3476 4821 credentes

1927 4844 1981 4882 tn
2007 4844 2147 4883 eum.

1995 4917 2090 4971 llis
2118 4922 2399 4991 completis,
2429 4929 2620 4982 vocavit
2648 4929 2809 4985 Iacob
2835 4932 2972 5002 ﬁlios
3002 4953 3119 4990 suos
3138 4974 3151 4996 .
3182 4950 3233 4992 ut
3264 4941 3471 4996 benedi-

1922 5018 2055 5060 ceret
2093 5026 2199 5062 eos.
2246 5011 2465 5081 Mystico
2494 5019 2682 5074 ordine
2710 5019 2950 5090 loquens,
2984 5034 3233 5098 tanquam
3267 5029 3471 5088 futuro-

1923 5110 2102 5150 rorum
2139 5113 2259 5152 vere
2286 5104 2560 5169 praescius,
2604 5107 2737 5161 dixit
2775 5112 2852 5166 eis
2887 5113 3003 5182 quae
3026 5120 3351 5187 temporibus
3375 5139 3470 5177 no-

1921 5187 2156 5241 vissimis
2200 5187 2376 5247 futura
2417 5203 2590 5258 erant,
2630 5212 2747 5264 qua:
2772 5208 2946 5254 tamen
2978 5213 3030 5257 et
3059 5211 3346 5263 secundum
3388 5213 3468 5266 lu-

1921 5276 2140 5329 storiam
2166 5278 2230 5332 de
2259 5279 2527 5337 divisione
2545 5292 2701 5340 terra:
2728 5292 3173 5358 repromissionis,
3202 5302 3469 5365 quomodo

1920 5363 2197 5419 dividenda
2215 5366 2386 5421 fuerit
2417 5375 2697 5441 nepotibus
2725 5377 2952 5445 illorum,
2985 5363 3289 5453 accipienda
3321 5400 3459 5451 sunt.

1918 5463 1970 5504 et
1994 5456 2282 5508 secundum
2307 5457 2613 5527 allegoriam
2650 5465 2714 5518 de
2745 5465 2956 5522 Christo
2979 5479 3031 5523 et
3061 5472 3297 5528 Ecclesia
3326 5493 3463 5544 pra-.-

1915 5542 2058 5594 dicta
2099 5545 2396 5599 certissime
2441 5552 2617 5605 veraci
2661 5553 2927 5610 intellectu
2971 5562 3302 5616 sentiendum
3328 5542 3452 5620 cst.

1917 5630 2020 5684 Sed
2047 5634 2193 5701 prius
2239 5637 2472 5694 historia:
2519 5641 2858 5700 fundamenta
2896 5652 3141 5719 ponenda
3190 5663 3340 5719 sunt,
3401 5670 3458 5712 ut
