3948 6342
495 347 597 399 (ιῖὶῖὶ

1150 341 1210 395 Β.
1253 340 1501 395 llABANl
1544 341 1757 399 MAURI
1792 343 2104 398 ARCIIIEP.
2149 345 2450 401 MOGUNT.
2492 345 2770 403 OPERUM
2814 349 2990 407 PARS
3028 352 3067 406 1.

3599 362 3704 416 656

494 461 669 527 aptius
726 454 993 525 allegoriae
1053 453 1260 508 culmen
1319 456 1488 524 priori
1545 465 1824 512 structura:
1865 471 2051 533 super-
2076 459 2123 516 A
2152 454 2334 511 leama.
2368 457 2495 523 Quis
2518 458 2785 513 suscitabit
2805 465 2962 517 eum?
2985 465 3117 531 Quia
3144 466 3275 522 Juda
3305 472 3571 528 confessio
3600 474 3717 529 sive

491 561 734 619 ponatur.

560 641 955 713 Congregamini
986 649 1034 694 et
1065 641 1261 703 audite,
1303 640 1402 707 βιὶἱ
1442 639 1624 702 Iacob,
1670 639 1849 695 audite
1878 638 2048 711 Israel

488 746 685 807 patrem
718 744 956 788 vestrum.
984 731 1176 803 (0rig.)
1208 730 1311 784 Sed
1347 729 1577 785 fortasse
1615 732 2048 807 requirasquare

493 802 583 879 lilii
620 810 785 879 Jacob
813 802 1062 891 dicuntur
1087 821 1176 889 qui
1205 820 1548 886 conveniunt,
1573 818 1739 875 Israel
1766 802 1895 876 verti
1921 820 2049 876 dici-

497 923 583 969 tur
610 915 700 984 qui
726 912 993 967 benedicit
1019 925 1129 963 eos.
1173 907 1307 963 Vide
1352 923 1420 964 ne
1452 908 1591 964 ferte
1626 911 1728 967 hoc
1761 909 2044 979 indicetur,

488 1007 627 1074 quod
643 1004 713 1058 illi
730 1003 959 1057 nondum
973 1003 1207 1070 eousque
1218 999 1578 1070 profecerant,
1593 1010 1652 1059 ut
1663 1002 2046 1073 lsraelmeritis

486 1102 845 1165 aequarentur,
870 1099 926 1146 et
948 1092 1069 1146 ideo
1091 1091 1167 1145 illi
1198 1090 1291 1145 ﬁlii
1319 1090 1486 1149 Iacob
1511 1095 1763 1149 dicuntur
1789 1104 2042 1165 tanquam

487 1186 801 1249 inferiores;
828 1183 915 1236 ille
941 1195 1067 1235 vero
1092 1180 1185 1251 qui
1211 1180 1325 1251 jam
1349 1184 1619 1252 perfectus
1646 1192 1778 1249 erat,
1801 1193 1858 1240 et
1881 1187 2043 1240 bene-

483 1274 746 1329 dictiones
793 1275 1093 1333 futurorum
1143 1278 1388 1348 conscius
1429 1274 1590 1331 dabat
1662 1276 1829 1332 lsrael
1862 1277 2043 1348 appel-

482 1366 640 1420 latur.
1442 1433 1449 1439 ο

1072 1459 1297 1514 CAPUT
1336 1459 1452 1515 XV.

483 1552 558 1607 De
591 1550 1025 1605 benedictionibus
1071 1549 1342 1620 duodecim
1377 1550 1818 1620 patriarcharum,
1853 1551 2038 1620 quibus

791 1619 1044 1673 benedixit
1083 1618 1187 1672 illis
1213 1629 1359 1689 pater
1378 1618 1511 1673 suus
1540 1618 1726 1687 Iacob.

2150 543 2267 599 laus
2295 546 2697 615 interpretatur,
2719 558 2863 604 recte
2882 553 3135 606 scribitur
3161 571 3173 605 :
3205 555 3239 607 J
3245 558 3371 623 uda,
3398 562 3715 629 conﬁtebun-

2149 643 2233 685 tur
2253 633 2344 687 tibi
2379 634 2591 702 fratres,
2627 636 2704 691 vel
2725 636 3015 693 laudabunt
3048 649 3114 693 te.
3155 640 3222 695 Et
3247 642 3371 698 licet
3405 649 3472 701 de
3497 648 3715 706 Christo

2149 724 2348 792 grande
2394 727 2705 795 mysterium
2758 728 2865 793 sit,
2917 736 3094 784 tamen
3141 735 3431 789 secundum
3474 737 3712 795 litteram

2149 813 2437 883 signiﬁcat,
2472 816 2612 886 quod
2633 834 2728 887 per
2749 818 2913 873 David
2948 821 3165 891 stirpem
3185 835 3509 894 generantur
3530 845 3709 901 reges,

2146 911 2200 957 et
2236 905 2376 973 quod
2413 906 2641 962 adorent
2678 923 2799 963 eum
2844 925 3032 966 omnes
3069 912 3259 967 tribus.
3292 913 3406 970 Non
3434 920 3581 975 enim
3609 922 3709 988 ait,

2146 992 2239 1047 ﬁlii
2287 995 2473 1051 matris
2520 1004 2653 1062 tua},
2705 1000 2796 1054 sed
2846 998 2947 1056 ﬁlii
2986 1002 3155 1070 patris
3202 1003 3309 1069 tui;
3349 1012 3406 1060 et
3439 1010 3581 1076 quod
3617 1014 3709 1067 se-

2145 1084 2355 1152 quitur:

2213 1174 2294 1227 Ad
2304 1177 2555 1245 pra'dam,
2570 1177 2651 1246 ﬁli
2670 1180 2760 1244 mi,
2784 1181 3081 1246 ascendisti,
3102 1164 3334 1240 ostendit
3346 1200 3469 1241 eum
3482 1191 3711 1260 populos

2143 1265 2377 1332 captivos
2419 1281 2538 1321 esse
2585 1268 2886 1335 ducturum,
2917 1279 2971 1325 et
3009 1272 3161 1341 juxta
3192 1274 3595 1348 intelligentiam
3624 1297 3710 1335 sa-

2141 1356 2426 1411 cratiorem
2450 1396 2465 1423 ,
2519 1360 2832 1415 ascendisse
2857 1362 2910 1415 in
2939 1362 3103 1417 altum
3128 1404 3143 1430 ,
3187 1367 3453 1436 captivam
3488 1371 3708 1428 duxisse

2140 1449 2501 1517 captivitatem
2526 1467 2540 1514 ;
2571 1452 2700 1517 sive,
2724 1453 2865 1522 quod
2890 1454 3080 1509 melius
3102 1464 3251 1525 puto,
3266 1460 3553 1527 captivitas
3580 1477 3708 1532 pas-

2139 1538 2365 1603 sionem,
2395 1554 2647 1618 ascensus
2672 1544 3116 1599 resurrectionem
3145 1546 3427 1617 signiﬁcat.

2208 1631 2440 1702 Alligans
2471 1633 2538 1685 ad
2588 1634 2787 1687 vineam
2814 1634 3013 1704 pullum
3038 1644 3212 1703 suum,
3240 1648 3287 1691 et
3312 1640 3381 1693 ad
3413 1641 3567 1694 vitem
3594 1644 3706 1696 asi-

525 1728 677 1795 (CAP.
709 1729 879 1800 xux.)
902 1728 1080 1782 Ruben
1112 1730 1485 1799 primogenitus
1512 1745 1675 1803 meus,
1703 1739 1758 1783 tu
1785 1729 2036 1797 fortitudo
2069 1792 2107 1803 _
2139 1736 2263 1775 nam
2289 1740 2459 1777 suam.
2488 1714 2641 1790 Quod
2668 1725 2910 1781 videlicet
2936 1728 3136 1796 pullum
3157 1730 3322 1785 asinae
3339 1733 3423 1787 cui
3456 1748 3705 1803 superse-

476 1839 615 1887 mea,
641 1832 687 1874 et
711 1792 1020 1890 principium
1042 1819 1360 1873 dolorismei
1374 1837 1391 1885 ;
1420 1820 1565 1890 prior
1586 1821 1639 1872 in
1652 1792 2036 1889 .donis,’major
2066 1792 2110 1850 Β
2138 1811 2216 1865 dil
2234 1811 2409 1877 JBSUS.
2440 1820 2539 1869 hoc
2573 1820 2658 1870 εει
2690 1792 2965 1885 gentilium
2992 1818 3262 1887 populum,
3294 1821 3461 1879 vinea:
3489 1792 3703 1893 aposto-

473 1913 709 1987 intperto.
730 1910 773 1964 E
776 1912 941 1980 [fusus
956 1928 1007 1963 es
1026 1911 1157 1964 sicut
1178 1926 1459 1980 aqua,.non
1483 1926 1701 1973 creseas,
1719 1911 1841 1980 quia
1856 1926 2036 1963 ascen-

472 2005 596 2057 disti
634 2003 801 2056 cubile
835 2001 1001 2071 patris
1044 2002 1158 2063 tui,
1209 2010 1255 2053 et
1296 1998 1572 2053 maculasti
1622 2009 1847 2054 stratum
1894 2000 2032 2069 ejus;

471 2093 569 2146 Est
614 2091 789 2145 autem
829 2105 1017 2145 sensus
1061 2090 1190 2144 hic:
1227 2087 1303 2142 'l‘u
1346 2103 1405 2143 es
1447 2088 1830 2158 primogenitus
1858 2086 2056 2154 meus,‘

473 2178 645 2247 major
671 2180 722 2233 in
746 2178 950 2244 liberis,
983 2187 1038 2233 et
1071 2178 1304 2233 debebas
1326 2174 1480 2244 juxta
1504 2177 1747 2231 ordinem
1782 2177 2032 2232 nativita-

474 2276 543 2330 tis
570 2284 691 2335 tute,
720 2282 776 2327 et
806 2272 1171 2327 luereditatem
1196 2285 1315 2339 qua:
1345 2269 1848 2340 primogenitisjune
1877 2271 2032 2326 debe-

470 2374 591 2428 tur,‘
614 2362 972 2417 sacerdotium
1023 2360 1267 2431 accipere
1314 2371 1369 2414 et
1413 2376 1655 2431 regnum.
1699 2359 1812 2415 Hoc
1835 2362 2030 2431 quippe

467 2457 520 2510 in
548 2453 808 2526 portando
829 2467 994 2507 onere
1012 2461 1067 2506 et
1085 2447 1371 2521 prtevalido
1396 2451 1587 2504 robore
1612 2451 2027 2505 demonstratur.

475 2549 667 2602 Verum
695 2547 817 2616 quia
846 2543 1101 2615 peccasti,
1145 2542 1298 2612 quasi
1342 2558 1479 2611 aqua
1518 2557 1637 2611 quae
1678 2542 1893 2596 vasculo
1922 2558 2027 2597 non

469 2646 701 2702 tenetur,
747 2635 1033 2704 voluptatis
1069 2632 1269 2688 effusus
1298 2646 1356 2687 es
1392 2633 1615 2701 impetu,
1661 2633 1860 2687 idcirco
1886 2647 2023 2702 prte-

460 2732 600 2802 cipio
642 2729 735 2783 tibi
784 2736 842 2782 ut
880 2727 1019 2783 ultra
1061 2740 1167 2779 non
1218 2724 1664 2795 pecces,‘sisque
1704 2724 1757 2776 in
1799 2722 2023 2777 fratrum

463 2837 688 2877 numero
725 2804 911 2889 poenas
942 2819 1145 2888 peccati
1191 2816 1363 2880 luens,
1395 2815 1537 2884 quod
1562 2814 1909 2884 ‘primogeniti
1938 2810 2026 2869 or;

461 2913 638 2967 dinem
668 2908 964 2979 perdidisti.
993 2905 1216 2978 (Ambr.)
1268 2905 1595 2985 Principium
1624 2904 2023 2959 autemdoloris

460 3014 544 3058 est
571 3001 746 3056 omnis
792 2997 1199 3069 primogenitus,
1243 2996 1367 3065 quia
1404 3010 1502 3064 pro
1531 3010 1595 3049 eo
1621 3002 2050 3071 commoventur

461 3094 693 3164 primum
719 3092 922 3145 viscera
950 3096 1253 3159 parentum.
2051 3121 2095 3183 Ο

529 3184 711 3239 Simon
744 3191 790 3234 et
829 3178 948 3233 Levi
977 3179 1165 3248 fratres
1190 3218 1204 3242 ,
1244 3194 1369 3231 vasa
1410 3172 1698 3247 iniquitatis
1745 3173 2011 3227 bellantia.

461 3275 527 3330 In
555 3273 771 3329 consilia
814 3288 1001 3325 eorum
1031 3287 1092 3323 ne
1125 3270 1296 3323 veniat
1330 3270 1507 3327 anima
1542 3284 1679 3333 mea,
1708 3276 1755 3320 et
1796 3268 1849 3320 in
1890 3275 2021 3319 coetu

458 3365 668 3419 illorum
710 3380 812 3435 non
837 3362 902 3415 sit
928 3360 1095 3431 gloria
1130 3376 1266 3421 mea,
1310 3358 1436 3429 quia
1467 3358 1522 3411 in
1562 3357 1861 3425 furore'suo
1894 3356 2023 3409 occi-

457 3456 644 3509 derunt
667 3453 855 3515 virum,
884 3462 929 3504 et
952 3451 1006 3504 in
1029 3448 1292 3504 uoluntate
1319 3465 1416 3501 sua
1442 3447 1765 3516 suffoderunt
1790 3461 2017 3499 murum.

455 3544 733 3615 Signiﬁcat
774 3529 955 3597 autem
1000 3557 1117 3604 non,
1156 3540 1237 3595 sui
1279 3539 1443 3593 fuisse
1485 3539 1718 3603 consilii,
1755 3536 1898 3608 quod
1936 3535 2022 3589 Si-

454 3640 610 3693 chem
633 3648 686 3689 et
712 3637 875 3689 Emor
899 3632 1185 3689 ftederatos
1210 3631 1354 3684 viros
1379 3628 1781 3691 interfecerunt,
1810 3634 2020 3681 contra—

453 3744 560 3799 que
598 3727 687 3797 jus
730 3726 972 3795 pacisret
1018 3722 1380 3789 amicitiarum
1428 3720 1740 3790 sanguinem
1788 3717 2021 3771 fuderint

455 3820 824 3881 innocentem,
847 3824 909 3885 et
937 3813 1097 3883 quasi
1116 3813 1345 3882 quodam
1368 3810 1569 3875 furore,
1601 3810 1679 3864 sic
1705 3808 2022 3864 crudelitate

455 3909 674 3977 raptati,
722 3889 902 3961 muros
949 3904 1173 3973 hospita:
1219 3902 1458 3957 civitatis
1504 3899 1815 3955 everterint.
1870 3898 2019 3953 Unde

461 3999 703 4067 sequitur
724 4005 778 4050 et
799 3996 930 4050 dicit
953 4013 965 4047 :

526 4086 834 4141 Malcdictus
854 4086 1003 4154 furor
1021 4099 1222 4148 eorum,
1245 4082 1369 4152 quia
1392 4097 1619 4153 procax;
1642 4090 1690 4135 et
1711 4080 1791 4133 ira
1817 4095 2015 4142 eorum,

452 4181 574 4251 quia
618 4180 772 4233 dura.
802 4178 1040 4231 Dividam
1066 4192 1152 4229 eos
1178 4176 1233 4229 in
1259 4173 1458 4237 Jacob,
1504 4181 1553 4226 et
1597 4172 1892 4241 dispergam
1931 4184 2017 4222 eos

453 4274 509 4325 in
538 4269 725 4324 Israel.
752 4267 876 4322 Levi
909 4268 1053 4322 enim
1082 4266 1450 4338 haereditatem
1475 4262 1750 4333 propriam
1790 4276 1896 4314 non
1929 4275 2018 4314 ac-

456 4361 619 4429 cepit,
646 4359 741 4413 sed
765 4358 818 4411 in
846 4356 1095 4411 omnibus
1132 4354 1384 4424 sceptris,
1431 4368 1628 4424 paucas
1658 4352 1819 4406 urbes
1848 4352 1914 4405 ad
1938 4350 2018 4403 in-

2136 1900 2306 1956 lorum
2331 1905 2418 1973 qui
2446 1921 2512 1959 ex
2539 1904 2735 1961 Iudaeis
2756 1923 2764 1927 ·
2784 1916 2909 1962 sunt
2948 1908 3296 1977 capulaverit,
3317 1921 3374 1967 et
3406 1913 3473 1967 ad
3503 1914 3662 1970 vitem
3684 1957 3699 1978 ,

2134 1995 2262 2058 sive,
2296 2005 2353 2049 ut
2382 1996 2433 2049 in
2477 1995 2699 2069 Hebraeo
2733 1998 2913 2063 habet,
2948 1999 3014 2052 ad
3052 2015 3225 2066 sorec,
3259 2002 3311 2056 id
3336 2012 3438 2069 est,
3470 2003 3699 2059 electam

2132 2087 2317 2149 vitem,
2348 2088 2646 2159 alligaverit
2672 2088 2876 2143 asinam
2900 2090 2988 2145 cui
3016 2089 3353 2160 supersedit,
3401 2094 3698 2151 Ecclesiam

2131 2192 2219 2233 ex.
2244 2179 2547 2234 nationibus
2590 2189 2987 2252 congregatam.
3022 2181 3173 2250 ρυοά
3217 2194 3397 2239 autem
3440 2186 3592 2255 dicit,
3617 2190 3701 2257 [ili

2127 2288 2221 2335 mi,
2245 2273 2601 2343 apostrophen
2635 2274 2699 2328 ad
2736 2274 2911 2343 ipsum
2950 2271 3143 2329 Iudam
3191 2274 3341 2342 facit,
3372 2279 3513 2346 quod
3544 2278 3700 2334 Chrio

2131 2370 2245 2415 stus
2298 2362 2411 2417 haec
2462 2363 2532 2417 sit
2568 2364 2820 2419 universa
2863 2364 3129 2421 facturus.
3167 2365 3317 2433 Quod
3354 2376 3533 2425 autem
3562 2371 3698 2426 dici-

2131 2461 2258 2506 tur:
2810 2443 2815 2447 ’
2972 2468 2975 2471 ·

2200 2542 2322 2596 Νοη
2352 2544 2615 2613 auferetur
2649 2556 2906 2615 sceptrum
2959 2546 3023 2600 de
3059 2535 3240 2614 Iuda,
3284 2557 3333 2602 et
3360 2549 3471 2603 dux
3504 2550 3570 2605 de
3611 2551 3691 2621 fe-

2125 2636 2352 2687 moribus
2375 2636 2509 2704 ejus,
2542 2637 2702 2690 donec
2736 2638 2904 2691 ueniat
2935 2637 3021 2693 ille
3050 2640 3140 2709 qui
3183 2640 3460 2697 mittendas
3483 2622 3599 2707 est;
3646 2654 3692 2697 et

2124 2723 2231 2790 ipse
2257 2724 2352 2795 erit
2383 2727 2695 2794 exspectatio
2722 2727 2969 2796 gentium.
2996 2727 3262 2798 signiﬁcat
3300 2731 3442 2799 quod
3467 2747 3573 2787 non
3599 2733 3692 2789 de-

2127 2811 2345 2868 ﬁcerent
2380 2815 2647 2884 principes
2674 2817 2739 2870 de
2780 2817 2919 2872 tribu
2947 2816 3081 2873 Iuda
3102 2859 3118 2884 ,
3168 2835 3338 2889 usque
3384 2822 3451 2876 ad
3482 2832 3695 2895 tempus

2123 2920 2229 2972 quo
2269 2915 2425 2959 natus
2465 2916 2548 2960 est
2569 2906 2835 2973 Christus,
2862 2909 2977 2978 qui,
3004 2910 3198 2966 missus
3222 2928 3254 2965 a
3282 2910 3464 2979 Patre,
3495 2929 3691 2986 exspe-

2125 2997 2290 3051 ctatio
2317 3005 2398 3051 est
2424 2998 2679 3066 gentium.
3056 3006 3064 3014 ‘

2196 3084 2431 3140 Zabulon
2452 3089 2505 3140 in
2542 3088 2712 3142 littore
2740 3093 2901 3144 maris
2946 3090 3236 3157 habitabit,
3287 3102 3336 3148 et
3382 3093 3438 3147 in
3471 3098 3693 3151 statione

2125 3176 2356 3243 navium,
2378 3179 2671 3248 pertingens
2715 3196 2875 3250 usque
2900 3182 2969 3235 ad
2992 3181 3257 3237 Sidonem.
3290 3183 3540 3240 Issacltar
3585 3190 3691 3242 asi-

2126 3285 2221 3321 nus
2249 3268 2421 3336 fortis,
2442 3271 2697 3325 accubans
2724 3273 2857 3326 inter
2882 3274 3148 3340 terminos,
3166 3276 3291 3329 vidit
3308 3279 3531 3347 requiem
3551 3280 3688 3349 quod

2123 3368 2250 3412 esset
2268 3359 2429 3425 bona,
2462 3370 2507 3413 et
2532 3372 2721 3416 terram
2752 3364 2890 3433 quod
2920 3366 3143 3434 optima,
3189 3370 3459 3438 supposuit
3510 3371 3689 3424 hume-
3724 3394 3733 3401 ο

2123 3467 2236 3503 rum
2277 3467 2427 3504 suum
2456 3468 2521 3504 aa
2558 3454 2868 3521 portandum
2886 3494 2902 3519 ,
2961 3455 3231 3527 [actusque
3250 3467 3328 3512 est
3357 3449 3563 3514 tributis
3584 3477 3701 3514 ser-‘

2122 3541 2279 3593 viens.
2307 3540 2441 3606 Quia
2485 3557 2643 3609 supra
2695 3542 2760 3597 de
2808 3543 3042 3598 Zabulon
3084 3546 3293 3601 dixerat
3334 3548 3472 3616 quod
3524 3549 3690 3605 maris

2122 3630 2299 3698 magni
2336 3629 2508 3683 littora
2533 3640 2676 3686 esset
2699 3646 3063 3701 possessurus,
3098 3622 3352 3690 Sidonem
3391 3650 3607 3707 quoque
3628 3647 3689 3692 et

2122 3721 2355 3790 reliquas
2380 3721 2659 3778 Phaznices
2680 3722 2841 3778 urbes
2867 3726 3220 3793 contingeret,
3246 3741 3389 3780 nunc
3417 3727 3485 3781 ad
3518 3727 3689 3782 medi-

2121 3819 2420 3894 terraneam
2456 3812 2785 3881 provinciam
2831 3815 2988 3881 redit,
3018 3823 3072 3869 et
3132 3816 3358 3877 isachar
3397 3816 3489 3886 qui
3530 3817 3687 3887 juxta

2121 3901 2457 3972 Nephthalim
2482 3899 2894 3974 pulcherrimam
2934 3904 2987 3957 in
3012 3902 3231 3958 Galilaea
3262 3905 3531 3975 regionem
3562 3920 3688 3975 pos-

2118 4002 2515 4057 scssurusest,
2563 3994 2931 4073 benedictione
2973 4001 3081 4048 Sua,
3116 3994 3477 4049 habitatorem
3532 3994 3682 4049 facit.

2120 4083 2340 4141 Asinum
2370 4095 2549 4140 autem
2578 4099 2789 4140 osseum
2820 4085 2903 4139 vel
2930 4083 3124 4140 fortem
3152 4093 3349 4150 vocat,
3397 4094 3454 4141 et
3491 4086 3686 4141 humeo

2119 4194 2238 4232 rum
2261 4176 2326 4230 ad
2351 4177 2667 4245 portandum
2696 4176 2950 4239 debitum.
2974 4177 3098 4245 quia
3129 4176 3183 4229 in
3218 4175 3400 4231 labore
3428 4184 3606 4243 terrm,
3633 4188 3689 4233 et

2117 4268 2371 4323 vehendis
2392 4268 2459 4322 ad
2496 4282 2645 4322 mare
2686 4282 2803 4338 qua:
2833 4267 2884 4320 in
2922 4266 3117 4320 ﬁnibus
3145 4266 3257 4321 suis
3298 4266 3683 4329 nascebantur,

2116 4359 2400 4429 plurimum
2429 4358 2708 4423 laboravit,
2732 4358 2946 4432 regibus
2973 4370 3183 4426 quoque
3212 4358 3407 4421 tributa
3432 4372 3682 4428 compor-

459 4452 801 4506 habitandum
843 4448 1049 4504 habuit.
1086 4449 1163 4503 De
1206 4445 1425 4501 Simeon
1458 4460 1587 4499 vero
1626 4438 1685 4497 in
1718 4444 1854 4497 libro
1890 4440 2015 4497 Jesu
2040 4473 2094 4533 Ι)
2121 4462 2258 4507 rans.
2290 4452 2453 4505 Aiunt
2480 4450 2684 4504 Hebmi
2707 4464 2801 4520 per
2822 4448 3186 4517 metaphoram
3217 4446 3507 4517 signiﬁcari
3536 4446 3684 4517 quod

459 4542 713 4609 scriptum
748 4548 851 4605 est,
878 4539 1019 4609 quod
1048 4547 1103 4592 et
1139 4538 1250 4607 ipse
1280 4536 1553 4606 proprium
1587 4535 1878 4590 funiculum
1909 4551 2014 4590 non

459 4620 618 4686 fuerit
651 4637 990 4693 consecutus,
1032 4628 1125 4684 sed
1152 4627 1229 4681 de-
1250 4627 1393 4681 tribu
1419 4625 1552 4680 Juda
1577 4624 1829 4693 quiddam
1866 4639 2016 4679 acce-

458 4732 629 4794 perat.
658 4721 713 4775 lu
736 4718 1159 4788 Paralipomenis
1184 4726 1361 4771 autem
1398 4714 1736 4771 manifestius
1765 4714 2018 4771 scribitur

456 4812 599 4881 quod
637 4824 756 4865 cum
791 4807 1172 4876 multiplicatus
1198 4804 1403 4870 fuisset,
1433 4817 1485 4859 et
1509 4822 1611 4860 non
1647 4806 1869 4859 haberet
1889 4821 2012 4874 pos-

458 4899 715 4954 sessionis
758 4896 953 4962 locum,
991 4895 1185 4949 exierit
1235 4895 1288 4946 in
1332 4895 1621 4948 desertum.
1660 4895 1886 4960 Quidam
1915 4894 2037 4949 hoc.

456 4989 599 5060 quod
629 4989 682 5042 in
712 4986 1059 5057 Septuaginta
1095 4985 1289 5055 legitur
1318 5003 1330 5037 :
1363 4984 1427 5037 In
1470 4985 1646 5053 furore
1670 5003 1764 5038 suo
1801 4986 2014 5052 interfe-

459 5088 639 5134 cerunt
680 5078 933 5139 homines,
982 5086 1028 5129 et
1064 5077 1117 5127 in
1152 5074 1407 5129 desiderio
1442 5091 1537 5128 suo
1581 5074 2016 5126 subnervaverunt

456 5181 688 5233 taurum,
727 5164 1037 5235 prophetice
1079 5163 1386 5218 interfectos
1435 5163 1679 5217 homines
1726 5162 2013 5230 apostolos,

458 5267 512 5313 et
541 5257 922 5311 subnervatum
952 5260 1162 5305 taurum
1186 5248 1457 5306 Christum
1488 5251 1927 5318 interpretantur.

526 5346 689 5411 Juda,
704 5356 753 5399 te
773 5343 1059 5397 laudabunt
1081 5341 1266 5410 fratres
1286 5342 1382 5394 tui.
1402 5340 1591 5395 Manus
1613 5352 1715 5394 tute
1734 5342 1787 5393 in
1809 5341 2017 5393 cervici-

458 5443 550 5493 bus
580 5440 905 5493 inimicorum
936 5446 1168 5488 tuorum.
1204 5432 1510 5485 Adorab'tnt
1540 5443 1585 5485 te
1609 5433 1707 5500 ﬁlii
1728 5432 1892 5499 patris
1915 5432 2010 5484 tui.

458 5528 677 5583 Catulus
710 5528 869 5581 leou's
906 5525 1068 5578 Iuda.
1100 5523 1180 5577 Ad
1204 5523 1450 5594 pra'dam,
1483 5522 1559 5590 ﬁli
1581 5524 1673 5585 nti,
1712 5522 2011 5583 ascendisti,

459 5618 592 5681 sive,
625 5624 684 5670 ut
713 5615 768 5671 in
804 5612 1028 5671 Hebraeo
1053 5612 1311 5682 scriptum
1350 5620 1452 5674 est,
1501 5610 1563 5661 de
1590 5611 1899 5680 captivitate,
1935 5610 2013 5675 ﬁli

459 5711 549 5775 mi,
582 5708 895 5774 uscendisti;
927 5709 1243 5777 requiescens
1275 5704 1565 5763 accubuisti
1586 5712 1640 5755 ut
1664 5706 1764 5769 leo,
1791 5712 1837 5756 et
1862 5706 2014 5772 quasi

2119 4540 2421 4608 Scripturas
2458 4548 2671 4593 sanctas
2699 4538 2784 4592 die
2830 4552 2917 4591 ac-
2946 4544 3103 4590 nocte
3131 4535 3416 4599 meditans,
3443 4534 3684 4588 studium

2117 4611 2270 4686 suum
2301 4631 2504 4685 dederit
2537 4630 2604 4683 ad
2652 4628 3036 4693 iaborandum;
3091 4634 3146 4681 et
3192 4625 3394 4680 idcirco
3419 4624 3468 4679 ei
3492 4639 3685 4681 omnes

2118 4721 2289 4774 tribus
2314 4719 2568 4778 serviant,
2598 4717 2747 4785 quasi
2773 4717 3031 4786 magistro
3060 4714 3198 4770 dona
3224 4721 3519 4783 portantes.

2189 4808 2305 4861 Dan
2321 4806 2577 4876 judicabit
2602 4805 2846 4880 pppulum
2872 4822 3043 4868 suum,
3072 4804 3203 4857 sicut
3231 4812 3279 4857 et
3299 4803 3406 4856 alia
3430 4803 3595 4857 tribus
3625 4804 3682 4857 in

2090 4908 2093 4911 ‘
2118 4898 2304 4953 Israel.
2336 4896 2457 4949 Fiat
2498 4896 2615 4949 Dan
2646 4895 2850 4949 coluber
2872 4896 2927 4949 in
2952 4896 3033 4949 via
3052 4936 3066 4959 ,
3116 4900 3343 4948 cerastes
3388 4894 3447 4947 in
3470 4895 3680 4957 semita,

2117 4986 2355 5040 mordens
2378 4984 2597 5053 ungulas
2632 4984 2769 5053 equi,
2799 4992 2855 5035 ut
2898 4982 3049 5060 cadat
3098 4998 3338 5035 ascensor
3376 4982 3489 5050 ejus
3519 4990 3679 5034 retro.

2118 5076 2358 5130 Salutare
2404 5085 2549 5128 tuum
2595 5075 2913 5144 exspectabo,
2947 5074 3183 5127 Domine.
3238 5072 3467 5127 Samson
3510 5071 3682 5139 judex

2116 5167 2279 5221 lsrael
2300 5208 2313 5231 ,
2346 5167 2410 5221 de
2436 5165 2573 5220 tribu
2603 5165 2716 5219 Dan
2750 5165 2865 5218 fuit.
2915 5164 3026 5217 Hoc
3051 5178 3177 5234 ergo
3204 5163 3333 5218 dicit
3358 5203 3373 5227 ,
3416 5175 3570 5216 ‘nunc
3594 5162 3681 5216 vi-

2116 5259 2247 5313 dens
2274 5259 2325 5312 in
2355 5257 2541 5327 spiritu
2558 5271 2765 5311 comam
2786 5255 2990 5309 nutrire
3013 5253 3323 5309 Samsonem
3339 5253 3679 5320 Natat-eum,

2116 5347 2373 5415 caesisque
2396 5346 2639 5401 hostibus
2668 5345 3015 5414 triumphare,
3032 5344 3170 5413 quod
3196 5339 3250 5397 in
3271 5343 3679 5398 similitudinem

2116 5437 2321 5491 colubri
2379 5437 2650 5504 regulique
2698 5436 2992 5490 obsidentis
3032 5434 3145 5489 vias
3185 5435 3386 5489 nullum
3431 5449 3527 5503 per
3560 5442 3679 5488 ter-

2117 5541 2229 5578 ram
2274 5524 2434 5579 lsrael
2462 5525 2691 5579 transire
2726 5525 3021 5593 permittat,
3051 5524 3142 5579 sed
3168 5525 3328 5579 etiam
3378 5513 3575 5593 siquis
3598 5533 3682 5576 te—

2115 5613 2380 5667 merarius
2428 5614 2624 5667 virtute
2673 5627 2786 5676 sua,
2812 5613 2966 5681 quasi
2994 5612 3274 5667 velocitate
3317 5612 3476 5680 equi,
3505 5610 3680 5665 conﬁ-

2116 5718 2227 5768 sus,
2257 5716 2377 5756 eatn
2410 5705 2636 5758 voluerit
2657 5704 2921 5771 praedonis
2941 5715 3089 5756 more
3122 5706 3383 5770 populart,
3414 5715 3520 5755 non
3538 5697 3682 5755 ellu-
