3948 6324
298 270 405 326 657

1321 269 1666 325 COMMENT.
1708 268 1772 323 IN
1808 268 2121 325 GENESIM.
2161 269 2387 325 —-LIB.
2428 270 2512 324 Π.

3399 276 3480 330 353

294 398 426 451 gere
454 381 662 435 valebit.
704 380 890 435 Totum
913 388 1088 435 autem
1111 395 1205 450 per
1231 382 1596 449 metaphoram
1625 395 1840 448 serpeu-
1869 390 1914 446 Α
1940 376 2046 430 lata
2089 386 2230 431 sunt.
2262 378 2463 449 Lupum
2511 380 2934 450 sanguinarium,
2979 384 3155 453 lupum
3207 382 3478 453 voraeetu,

230 503 239 509 -
295 473 372 526 tis
398 482 450 525 et
475 470 667 539 equitis
695 470 940 539 loquitur.
968 470 1162 524 Videas
1188 461 1366 529 autem
1394 481 1501 524 tam
1527 470 1715 525 fortem
1746 470 1843 522 Na-

296 578 528 616 zaraaum
585 570 758 625 tuum,
809 562 947 631 quod
992 569 1046 615 et
1091 562 1201 630 ipse
1246 571 1461 633 propter
1511 563 1841 617 meretricem

284 665 541 710 emortuus
561 664 664 721 est,
690 666 743 711 et
763 657 994 711 moriens
1015 664 1226 709 nostros
1247 655 1441 708 occidit
1464 654 1727 718 inimicos,
1751 671 1846 715 pu-

296 745 427 809 tavi,
454 760 487 799 o
506 746 665 811 Deus,
692 746 861 815 ipsum
889 735 1006 799 esse
1050 744 1315 799 Christum
1337 737 1528 799 Filium
1553 756 1717 798 tuum.
1747 747 1847 800 Ve-

292 851 414 890 rum
439 837 559 905 quia
588 844 825 889 mortuus
849 843 927 888 est
949 844 1126 889 etnon
1157 834 1410 899 surrexit,
1440 845 1494 888 et
1524 849 1730 887 rursum
1758 850 1847 889 ca-

293 926 472 995 ptivus
498 927 685 981 ductus
711 935 793 981 est
817 926 998 991 Israel,
1016 927 1151 980 alius
1180 926 1307 980 mihi
1333 926 1579 980 Salvator
1603 927 1843 979 mundict

293 1017 401 1069 mei
429 1017 638 1085 generis
684 1016 1064 1085 pnnstolaudus
1101 1026 1204 1080 est,
1229 1018 1487 1071 ut-veuiat
1516 1019 1597 1071 cui
1645 1018 1845 1078 reposi-

295 1114 408 1159 tum
439 1117 559 1161 est:
592 1107 658 1159 Et
686 1108 791 1174 ipse
824 1108 920 1159 erit
942 1108 1255 1175 exspectatio
1288 1109 1531 1176 gentium.
1691 1120 1694 1123 ‘

369 1196 483 1251 Gad
525 1198 785 1257 accinctus
810 1198 1134 1267 prazliabitur
1157 1208 1276 1252 ante
1307 1216 1451 1263 eum,
1468 1208 1513 1252 et
1541 1201 1653 1267 ipse
1673 1200 1844 1252 accin-

294 1298 445 1356 g'ctur
469 1296 768 1341 retrorsum.
801 1286 1080 1357 Signiﬁcat
1121 1289 1259 1356 quod
1311 1299 1433 1343 ante
1463 1289 1647 1343 Ruben
1686 1297 1738 1343 ct
1764 1289 1847 1343 di-

294 1376 514 1429 midiam
545 1377 742 1430 tritum
772 1376 1032 1443 Manasse,
1059 1380 1123 1432 ad
1154 1379 1289 1434 ﬁlios
1326 1395 1458 1449 quos
1488 1390 1633 1434 trans
1663 1367 1849 1434 Iorda-

294 1480 420 1519 nem
449 1466 500 1519 in
545 1468 931 1535 possessionem
961 1468 1251 1533 dimiserat,
1283 1479 1401 1537 post
1452 1470 1847 1539 quatuordecim

294 1572 466 1611 annos
509 1564 781 1613 revertens
807 1599 822 1623 ,
868 1560 1127 1629 praelium
1156 1561 1435 1615 adversum
1479 1575 1570 1614 eos
1615 1560 1849 1628 gentium

173 1673 178 1677 ~
208 1684 211 1685 ν
294 1646 589 1702 vicinarum
616 1649 815 1718 grande
841 1650 1122 1717 repererit,
1152 1658 1205 1703 et
1226 1650 1390 1703 victis
1412 1650 1673 1706 hostibus.
1703 1648 1851 1703 forti-

1945 484 2101 538 super
2130 470 2310 525 altaris
2334 473 2766 541 interpretatione
2814 486 3084 545 ponentes,
3116 488 3168 531 et
3194 471 3481 547 spoliorum

1943 556 2253 611 divisionem
2277 573 2437 628 super
2457 564 2835 627 sacerdotibus,
2861 565 2969 633 qui,
2995 567 3284 620 servientes
3307 567 3479 627 altari.

1942 646 2126 698 vivunt
2156 647 2222 700 de
2246 647 2417 708 altari.
2457 647 2578 702 Haac
2623 648 2908 705 secundum
2964 654 3236 706 historiam
3262 655 3488 725 qualiter

1945 734 2244 802 accipienda
2267 737 2393 798 sint,
2428 739 2567 791 dicta
2615 739 2890 795 suilicient.
2914 729 3136 811 Mystice
3165 756 3334 798 autem
3356 759 3489 813 qua-

1946 823 2065 877 liter
2090 823 2483 881 beuedic2iones
2523 828 2637 881 istae
2680 833 3096 897 patriarcharum
3140 834 3524 904 intelligentiae.

1946 912 2068 975 sint,
2099 912 2345 981 deinceps
2385 915 2640 969 dicemus.
2696 916 2870 971 Ruben
2911 923 3274 991 primogenitus
3325 912 3486 988 meus,

1943 1010 2047 1066 etc.
2083 1002 2137 1056 In
2186 1002 2371 1057 Ruben
2428 1007 2621 1074 prioris
2680 1009 2854 1077 populi
2907 1012 3146 1065 videalur
3194 1016 3491 1070 ostendisse

1946 1109 2247 1162 personam,
2277 1096 2360 1150 cui
2384 1097 2542 1151 etiam
2570 1115 2597 1151 a
2632 1099 2853 1155 Domino
2894 1116 2988 1169 per
3025 1106 3331 1171 prophetam
3361 1105 3491 1160 dici—

1949 1194 2071 1238 tur:
2110 1184 2277 1239 Israel
2306 1188 2671 1257 primogenitus
2715 1206 2874 1242 meus.
2932 1191 3133 1245 Etenim
3177 1192 3323 1260 juxta
3352 1197 3491 1262 quod

1947 1276 2327 1346 primogenitus
2354 1279 2663 1342 debebatur,
2695 1280 2859 1348 ipsius
2889 1278 3005 1334 erat
3037 1283 3387 1335 sacerdotium
3416 1292 3494 1336 at—

1949 1381 2052 1435 que
2084 1383 2322 1434 regnum.
2376 1367 2636 1423 Additur:
2681 1369 2754 1421 Tu
2780 1372 2937 1424 virtus
2973 1388 3105 1435 mea,
3138 1374 3337 1441 utique,
3369 1374 3492 1443 quia

1948 1469 2014 1508 ex
2064 1454 2176 1521 ipso
2200 1454 2391 1523 populo
2436 1454 2833 1508 fundamentum
2876 1455 3030 1520 ﬁdei,
3083 1472 3145 1510 ex
3189 1458 3301 1525 ipso
3328 1459 3497 1515 virtus

1951 1543 2063 1608 Dei,
2088 1544 2176 1612 qui
2212 1552 2295 1597 est
2330 1542 2592 1619 Christus,
2616 1546 2843 1598 advenit.
2888 1545 3160 1611 Quomodo
3188 1558 3361 1603 autem
3387 1550 3494 1619 ipse

1952 1635 2021 1689 sit
2049 1636 2365 1704 principium
2410 1635 2668 1700 dolorum,
2696 1636 2795 1689 nisi
2828 1638 2949 1690 dum
2980 1637 3123 1691 Patri
3155 1640 3260 1693 Deo
3284 1654 3491 1709 semper

295 1739 382 1784 ter
400 1731 683 1786 dimicarit.
713 1732 852 1802 Lege
872 1733 1065 1787 librum
1091 1732 1214 1788 Iesu
1241 1733 1385 1789 Nave
1407 1742 1461 1788 et
1489 1734 1847 1803 Paralipome-
1879 1731 1923 1789 Β
1954 1721 2147 1793 irmsel
2170 1722 2434 1790 iniuriam.
2463 1725 2585 1777 dum
2623 1725 2883 1779 υοιινοτιίι
2926 1726 2989 1778 ad
3016 1741 3134 1780 eum
3183 1727 3397 1782 dorsum
3439 1738 3511 1802 ει,

235 1862 257 1876 α
293 1834 425 1873 non.

369 1906 702 1978 Nephthalim
715 1913 1134 1978 cervusemissus,
1150 1924 1194 1965 et
1208 1912 1338 1966 dans
1352 1912 1552 1982 eloquia
1574 1913 1855 1983 pulchritu-

249 2024 252 2027 λ
290 1996 454 2062 diuis,
478 2000 589 2054 sive
612 1999 945 2069 Nephthalim
960 2016 1086 2071 ager
1105 2001 1352 2077 irrigans.
1380 2000 1653 2070 Significat
1677 2000 1851 2057 autem

291 2086 439 2152 quod
465 2100 616 2156 aqua:
643 2088 827 2143 calida:
852 2089 905 2142 in
934 2090 1045 2157 ipsa
1072 2098 1357 2143 nascantur
1392 2091 1550 2153 tribu,
1574 2090 1685 2144 sive
1713 2092 1853 2161 quod

292 2190 461 2244 super
488 2177 656 2232 lacum
688 2169 1013 2233 Gen‘esareth
1042 2178 1236 2234 ﬁueuto
1271 2179 1517 2234 Iordanis
1545 2180 1741 2251 irrigua
1761 2183 1849 2235 sit.

296 2262 506 2319 Hebraei
554 2274 728 2319 autem
759 2266 941 2320 volunt
965 2273 1183 2337 propter
1209 2268 1542 2323 Tiberiadcm
1569 2285 1686 2337 qua:
1726 2271 1856 2340 legis

292 2356 577 2411 videbatur
617 2358 813 2411 habere
857 2358 1115 2421 notitiam,
1144 2374 1325 2428 agrum
1375 2360 1629 2430 irriguum
1660 2356 1855 2415 et‘clo-

292 2446 421 2513 quia
451 2445 856 2513 pulchritudinis
882 2447 1203 2521 proph'etari.
1235 2447 1434 2503 Cervus
1480 2458 1652 2503 autem
1698 2451 1854 2504 emis-

290 2543 782 2603 sustemporaucas
814 2533 992 2603 fruges
1015 2545 1070 2590 et
1088 2536 1421 2591 velocitatem
1464 2547 1618 2593 terra:
1643 2540 1856 2593 uberio-

290 2627 374 2680 ris
404 2626 654 2682 ostcudit.
688 2624 793 2680 Sed
824 2614 1019 2682 melius
1052 2628 1094 2682 si
1125 2630 1192 2682 ad
1236 2630 1532 2683 doctrinam
1562 2619 1856 2684 Salvatoris

291 2721 487 2767 Cuncta
519 2712 834 2773 referamus,
854 2714 995 2782 quod
1018 2716 1087 2769 ibi
1110 2716 1190 2770 vel
1213 2718 1442 2771 maxime
1466 2717 1852 2789 docuerit‘Sal-

288 2799 471 2867 vato'r,
494 2814 562 2857 ut
592 2804 643 2857 iu
666 2804 949 2875 Evangelio
977 2820 1185 2875 quoque
1227 2808 1481 2876 scriptum
1510 2818 1610 2862 est.
1634 2826 1638 2830 Α

371 2891 539 2949 Filius
569 2910 862 2953 accrescens
891 2895 1100 2963 Ioseph,
1131 2894 1270 2964 [ilius
1303 2913 1616 2983 accrescens,
1640 2907 1686 2949 et
1710 2897 1856 2969 deco—

290 3000 388 3037 rus
419 2996 644 3053 aspectu.
672 2982 826 3038 Filiw
844 2986 1195 3040 discurrerunt
1226 3003 1379 3056 super
1398 2982 1622 3051 murum,
1656 2987 1745 3040 sed
1764 3003 1851 3040 ea:-

1955 1825 2058 1864 non
2107 1806 2328 1865 faciem?
2366 1810 2469 1864 Iste
2501 1812 2643 1881 prior
2672 1814 2722 1865 in
2757 1814 2936 1877 donis,
2978 1816 3099 1882 quia
3136 1816 3264 1884 ipsis
3314 1818 3500 1887 primis

1955 1900 2073 1953 data
2105 1908 2225 1955 sunt
2258 1901 2463 1968 eloquia
2499 1901 2611 1964 Dei,
2651 1903 2835 1970 primis
2875 1903 3001 1971 ipsis
3032 1904 3289 1971 legislatio
3323 1916 3375 1961 et
3400 1907 3498 1964 Tc-

1953 1982 2295 2056 stameutum,
2326 1993 2436 2046 sive
2463 1993 2761 2061 promissio.
2799 1993 2904 2048 Isfe
2943 1995 3110 2064 major
3139 1998 3371 2066 imperio,
3400 2001 3501 2054 uti-

1954 2094 2056 2148 que
2088 2093 2185 2147 pro
2210 2080 2569 2150 magnitudine
2598 2081 2814 2157 virium,
2844 2083 2965 2151 quia
3003 2085 3267 2153 copiosius
3297 2090 3501 2143 ceteris

1953 2166 2092 2220 idem
2116 2167 2339 2236 pOpulus
2376 2169 2618 2238 regnavit
2672 2169 2724 2222 in
2770 2170 2869 2223 hoc
2920 2171 3130 2225 seculo.
3160 2173 3369 2228 Effusas
3421 2186 3503 2230 cst

1955 2264 2127 2309 autem
2157 2256 2297 2310 sicut
2325 2272 2464 2326 aqua
2510 2259 2777 2327 peccando
2806 2259 2857 2311 in
2893 2258 3102 2313 Christo
3123 2301 3137 2321 ,
3184 2264 3335 2330 quasi
3363 2280 3497 2331 aqua

1954 2361 2071 2413 qua:
2092 2346 2305 2401 vasculo
2348 2363 2451 2401 non
2499 2331 2724 2412 tenetur,
2750 2336 3031 2419 voluptatis
3053 2351 3249 2427 eifusus
3289 2362 3370 2406 est
3405 2356 3501 2407 im-

1952 2447 2109 2505 petu;
2147 2445 2199 2489 et
2230 2438 2424 2491 ideirco
2459 2437 2640 2491 addit:
2676 2437 2822 2491 Ultra
2866 2456 2966 2492 non
3011 2457 3228 2506 crescas,
3257 2443 3378 2510 quia
3406 2460 3500 2512 po-

1953 2528 2108 2596 pulus
2140 2528 2239 2580 iste
2284 2536 2564 2595 postquam
2594 2529 2651 2581 in
2677 2530 2925 2583 universo
2953 2531 3081 2584 orbe
3109 2531 3377 2599 dispersus
3397 2544 3497 2596 cst,

1954 2615 2105 2669 valde
2152 2616 2464 2669 imminutus
2505 2625 2664 2685 atque
2698 2619 3040 2693 abbreviatus
3070 2627 3168 2673 est.
3204 2619 3305 2673 Sed
3335 2637 3500 2689 quare

1954 2705 2076 2758 talia
2107 2706 2317 2770 meruit,
2345 2706 2415 2758 ita
2440 2706 2666 2778 subjecit
2691 2723 2705 2760 :
2738 2708 2873 2773 Quia
2899 2692 3175 2763 ascendist'i
3222 2711 3384 2763 cubile
3410 2729 3502 2778 pa-

1951 2794 2044 2845 tris
2066 2794 2160 2845 tui.
2189 2791 2300 2847 Non
2326 2795 2464 2848 sicut
2482 2776 2647 2849 Iudici
2680 2798 2996 2866 intelligunt,
3027 2798 3127 2853 hoc
3168 2800 3387 2868 proinde
3411 2776 3497 2853 idi-

1952 2886 2093 2934 ctum
2138 2886 2239 2943 est,
2279 2898 2343 2937 eo
2368 2884 2508 2952 quod
2552 2900 2671 2939 eum
2726 2885 2847 2949 Bala
2880 2888 3172 2941 concubina
3219 2890 3385 2957 patris
3420 2892 3500 2944 sui

1953 2971 2316 3026 concubuerit.
2359 2972 2639 3041 Prophetia
2683 2976 2824 3029 enim
2874 2976 3046 3031 futura
3095 2980 3499 3046 pronuntiabat,

288 3051 657 3142 “pendentm
701 3092 818 3128 eum
861 3084 911 3129 et
935 3076 1139 3145 iurgan-
1183 3051 1323 3140 εηηλ,
1348 3077 1734 3147 {numerumque
1776 3076 1852 3129 ίηί
1879 3051 1922 3111 C
1956 3078 2057 3115 nou
2090 3063 2441 3129 qtlchueraut
2468 3073 2635 3133 gesta,
2662 3066 2775 3134 ipso
2802 3064 3102 3147 patriarcha
3126 3060 3334 3122 dicente
3359 3087 3373 3125 :
3400 3071 3501 3123 An-

290 3164 535 3223 habentes
550 3163 753 3232 jacula.
790 3164 935 3219 Sedit
968 3165 1019 3217 in
1042 3166 1166 3234 forti
1194 3182 1346 3219 arcus
1362 3167 1496 3235 ejus,
1526 3177 1571 3219 et
1597 3166 1851 3221 dissoluta

286 3263 414 3309 sunt
437 3254 641 3308 vincula
671 3255 994 3310 brachiorum
1035 3266 1081 3309 et
1109 3272 1353 3310 manuum
1382 3256 1515 3325 ejus,
1540 3271 1629 3325 per
1667 3274 1851 3309 manus

284 3344 508 3410 potentis
534 3343 718 3408 Iacob.
749 3344 879 3399 Inde
921 3356 1098 3414 pastor
1119 3363 1349 3415 egressus
1375 3357 1471 3411 est,
1498 3347 1629 3416 lapis
1661 3346 1845 3399 Israel.

285 3430 340 3485 Ο
364 3431 575 3501 Ioseph,
606 3434 695 3502 qui
740 3434 857 3488 ideo
883 3436 959 3489 sic
986 3436 1216 3501 vocaris,
1250 3436 1369 3504 quia
1399 3436 1617 3489 adauxit
1643 3444 1691 3490 te
1723 3437 1849 3489 mihi

286 3522 547 3576 Dominus
566 3563 581 3587 ,
621 3512 732 3577 sive
753 3526 877 3593 quia
912 3525 1050 3579 inter
1078 3526 1269 3579 fratres
1303 3536 1421 3580 tuos
1447 3527 1615 3595 major
1644 3525 1851 3581 futurus

285 3625 354 3664 es
390 3610 697 3681 (fortissima
726 3614 987 3680 sit‘juidem
1018 3616 1188 3669 tribus
1234 3616 1332 3669 fuit
1374 3617 1658 3688 Ephraitn,
1692 3627 1748 3671 ut
1798 3618 1848 3670 in

288 3701 594 3771 Regnorum
618 3713 669 3755 et
701 3703 1137 3772 Paralipomenon
1183 3705 1331 3759 libris
1357 3706 1639 3777 legimus);
1683 3722 1734 3772 o,
1773 3708 1850 3760 in-

286 3806 473 3860 quam,
499 3791 569 3845 ﬁli
612 3793 683 3845 mi
720 3792 935 3862 Joscph,
963 3796 1053 3865 qui
1085 3805 1189 3848 tam
1235 3795 1453 3865 pulcher
1476 3810 1557 3859 es,
1583 3805 1639 3849 ut
1664 3805 1713 3850 te
1739 3805 1842 3850 tota

286 3883 361 3936 de
387 3883 549 3935 muris
576 3890 630 3935 et
652 3884 887 3937 turribus
917 3899 977 3937 ac
1004 3882 1252 3944 fenestris
1294 3885 1585 3954 puellarum
1637 3885 1849 3955 IEgypti

287 3973 445 4026 turba
468 3973 773 4041 prospiciat,
798 3974 1107 4028 inviderunt.
1122 3964 1237 4039 tibi,
1267 3984 1321 4029 ct
1352 3985 1405 4030 te
1429 3977 1492 4029 ad
1522 3977 1847 4031 iracundiam

285 4070 713 4130 provocaveruut
758 4061 949 4117 fratres
980 4064 1078 4128 tui,
1105 4064 1359 4118 habentes
1388 4065 1566 4119 livoris
1608 4061 1846 4134 sagittas,

285 4152 469 4205 etzeli
496 4150 690 4218 jaculis
717 4153 997 4207 vulnerati.
1040 4155 1230 4208 Verum
1275 4164 1328 4208 tu
1383 4171 1564 4209 arcum
1605 4164 1751 4209 Illllm
1796 4165 1850 4210 et

284 4257 440 4293 arma
468 4242 732 4311 pugnandi
784 4243 1008 4311 posuisti
1038 4243 1089 4296 in
1121 4245 1227 4298 Deo
1253 4284 1268 4308 ,
1318 4246 1407 4312 qui
1440 4244 1588 4299 fortis
1616 4254 1697 4299 est
1720 4261 1845 4314 pro—

281 4340 573 4400 pugnator,
595 4339 649 4384 et
674 4331 882 4386 vincula
921 4332 1224 4400 tuabquibus
1257 4342 1307 4386 te
1333 4332 1529 4388 fratres
1556 4335 1849 4404 ligaverant

282 4419 359 4471 ab
386 4418 498 4488 ipso
525 4419 693 4472 soluta
718 4428 842 4473 sunt
863 4429 915 4473 et
939 4420 1197 4488 disrupta,
1228 4429 1285 4473 ut
1308 4437 1370 4474 ex
1406 4433 1496 4475 tuo
1519 4423 1723 4476 semine
1750 4424 1845 4476 tri-

282 4509 393 4567 bus
424 4517 674 4562 nascatur
699 4509 949 4578 Ephraim
977 4508 1127 4562 fortis
1150 4517 1203 4563 et
1228 4498 1453 4575 stabilis,
1486 4520 1541 4565 et
1568 4512 1738 4566 instar
1763 4513 1841 4565 la-

280 4596 428 4665 pidis
457 4597 687 4651 durioris
722 4597 939 4663 invicta,
968 4598 1231 4667 imperans
1273 4614 1483 4669 quoque
1517 4602 1697 4655 decem
1737 4603 1840 4654 tri-

281 4684 460 4739 bubus
482 4686 665 4739 Israel.

358 4775 632 4845 Benjamin
654 4776 807 4845 lupus
832 4794 995 4847 rapax
1022 4819 1036 4843 ,
1081 4796 1230 4834 mane
1261 4783 1483 4835 comedet
1521 4788 1767 4850 prmium,
1794 4792 1839 4835 et

279 4880 491 4933 uespere
518 4866 705 4919 dividet
733 4866 917 4935 spolia.
963 4867 1275 4937 Quanquam
1314 4870 1379 4923 de
1412 4869 1576 4924 Paulo
1601 4871 1842 4939 apostolo

280 4953 725 5008 manifestissima
756 4956 824 5010 sit
850 4958 1144 5025 prephetia,
1172 4959 1419 5013 omnibus
1441 4969 1586 5027 patet
1610 4960 1751 5028 quod
1791 4961 1841 5014 in

282 5043 641 5099 adolescentia
665 5057 977 5115 persecutus
998 5047 1310 5112 Ecclesiam,
1337 5049 1387 5100 in
1416 5057 1684 5103 senectute
1712 5065 1846 5118 prac-

280 5135 492 5190 dicator
519 5118 789 5205 Evangelii
822 5134 997 5189 fuerit.
1047 5136 1253 5190 Hehrzei
1308 5147 1482 5190 tamen
1528 5140 1600 5191 ita
1642 5139 1842 5191 edisse-

282 5232 411 5279 ruut
439 5243 451 5277 :
484 5224 667 5278 Altare
714 5226 766 5294 in
809 5240 915 5294 quo
965 5226 1372 5279 immolabantur
1405 5228 1612 5290 hostire,
1669 5235 1722 5280 et
1765 5227 1842 5278 vi-

280 5315 568 5387 ctimarum
622 5316 837 5383 sanguis
872 5316 937 5387 ad
988 5316 1165 5370 basem
1210 5316 1351 5369 illius
1395 5316 1740 5380 fundebatur,
1790 5318 1840 5369 in

278 5412 436 5473 parte
464 5404 633 5457 tribus
660 5402 933 5470 Bcnjamiu
980 5404 1095 5458 fuit.
1151 5405 1281 5469 Hoc,
1310 5406 1580 5474 inquiunt,
1607 5421 1733 5475 ergo
1772 5406 1843 5459 si—

282 5491 501 5561 gniﬁcat
530 5492 668 5560 quod
697 5495 999 5547 sacerdotes
1029 5481 1304 5547 immolant
1345 5511 1499 5549 mane
1529 5496 1747 5557 hostias,
1776 5496 1841 5549 ad

283 5574 563 5651 vesperam
589 5583 825 5637 dividant
852 5600 911 5639 ca
943 5600 1057 5653 qum
1086 5586 1182 5639 sibi
1227 5604 1253 5638 a
1284 5587 1474 5654 populo
1497 5604 1559 5640 cx
1580 5579 1705 5657 ‘logt:
1734 5589 1841 5642 col-

1954 3155 2131 3206 nuntio
2161 3155 2297 3207 vobis
2330 3172 2445 3224 quae
2475 3166 2684 3208 ventura
2724 3167 2839 3209 sunt
2868 3159 3152 3211 novisimis
3190 3162 3397 3222 diebus;
3445 3172 3503 3233 et

1954 3244 2071 3297 ideo
2098 3245 2148 3297 in
2171 3245 2440 3312 praeterito
2478 3259 2580 3298 non
2607 3255 2687 3299 est
2717 3245 3047 3300 referendum
3075 3249 3213 3316 quod
3258 3250 3343 3304 illc
3363 3251 3501 3304 futu-

1955 3349 2069 3386 rum
2099 3334 2359 3401 praedixit.
2402 3334 2728 3388 Pnedicabat
2755 3337 2893 3390 enim
2937 3337 3139 3390 Domini
3178 3341 3497 3407 passionem,

1951 3435 2005 3479 et
2029 3422 2404 3495 primogenita
2415 3426 2585 3494 plebis
2606 3427 2901 3491 audaciam,
2919 3430 3040 3497 quia
3067 3432 3304 3485 ascendit
3328 3432 3499 3495 cubile

1952 3516 2043 3569 Dei
2074 3515 2267 3578 Patris,
2310 3527 2363 3571 et
2401 3518 2685 3572 maculavit
2716 3527 2938 3573 stratum
2979 3520 3109 3586 ejus,
3134 3524 3499 3590 quandocor-

1952 3622 2049 3675 pus
2075 3608 2307 3672 Domini,
2337 3610 2388 3663 in
2421 3625 2526 3678 quo
2550 3610 2821 3679 plenitudo
2867 3613 3155 3667 divinitatis
3198 3614 3495 3681 requiesce-

1952 3700 2061 3762 bat,
2090 3703 2295 3769 raptum
2335 3701 2387 3753 in
2431 3690 2593 3755 cruce
2622 3703 2914 3771 suspendit,
2946 3713 2993 3755 et
3022 3700 3163 3758 ferro
3193 3720 3497 3757 commacu-

1952 3790 2099 3843 Iavit.
2127 3786 2252 3845 Post
2294 3792 2404 3844 haec
2434 3793 2765 3845 convertitur
2804 3793 2869 3845 ad
2900 3792 3112 3848 Simeon
3154 3803 3205 3847 et
3236 3793 3384 3856 Levi,
3418 3795 3495 3847 di-

1950 3893 2078 3935 CCIIS
2105 3900 2115 3932 ζ
2624 3940 2633 3944 ⁴

2022 3969 2231 4023 Simeon
2257 3980 2302 4023 et
2331 3969 2448 4023 Levi
2489 3970 2675 4037 fratres
2695 4011 2709 4036 ,
2755 3988 2875 4023 vasa
2906 3972 3187 4040 iniquitatis
3238 3972 3497 4027 bellantia.

1952 4060 2053 4113 Per
2079 4059 2293 4113 Simeon
2339 4068 2394 4113 et
2431 4047 2591 4129 Levi,
2624 4050 2823 4116 Séribze
2867 4070 2921 4115 et
2965 4064 3266 4116 sacerdotes
3294 4062 3496 4118 Judaici

1949 4149 2125 4219 populi
2158 4149 2547 4219 intelliguntur.
2583 4152 2655 4203 De
2684 4149 2928 4205 Simcoue
2957 4152 3097 4204 enim
3122 4161 3275 4206 erant
3302 4151 3499 4206 Srrilnc

1949 4242 2281 4307 Iudaeorum;
2316 4243 2381 4308 de
2403 4242 2540 4296 tribu
2566 4258 2691 4296 vero
2705 4242 2826 4296 Levi
2850 4245 3112 4312 principes
3141 4244 3495 4307 sacerdotum,

1951 4334 2016 4387 de
2043 4318 2233 4401 quibus
2277 4334 2528 4400 scriptum
2574 4341 2655 4387 est
2697 4333 2817 4401 quia
2863 4333 3129 4385 consilium
3172 4324 3397 4402 fecerunt
3445 4344 3498 4386 ut

1949 4420 2127 4475 Iesum
2154 4422 2307 4473 morti
2327 4421 2586 4473 traderent
2633 4419 2842 4489 (Matth.
2876 4419 3040 4487 χχιιι).
3089 4419 3165 4472 De
3194 4435 3298 4487 quo
3324 4422 3499 4474 consi-

1951 4511 2020 4563 lio
2051 4510 2149 4564 iste
2178 4509 2499 4577 patriarcha,
2524 4509 2611 4577 qui
2627 4506 2739 4575 jam
2771 4516 2945 4561 mente
2967 4508 3179 4561 videbat
3204 4508 3387 4571 Deum,
3417 4509 3498 4561 di-

1949 4603 2021 4655 cit
2047 4620 2058 4655 :
2096 4600 2161 4653 In
2182 4578 2452 4653 consilium
2502 4614 2679 4651 eorum
2718 4614 2821 4650 non
2853 4599 3015 4650 veniat
3045 4599 3218 4649 anima
3248 4614 3393 4660 mea,
3444 4608 3498 4649 et

1949 4692 2169 4759 reliqua.
2224 4689 2485 4743 Horrebat
2528 4688 2669 4742 enim
2715 4687 2824 4755 jam
2881 4688 2966 4740 illo
3015 4696 3247 4754 tempore
3282 4696 3497 4740 sanctus

1949 4784 2047 4836 iste
2076 4782 2378 4850 patriarcha
2410 4780 2591 4833 videre
2620 4788 2906 4851 tantorum
2947 4778 3205 4832 scelerum
3252 4778 3493 4839 consilia,

1945 4873 2134 4941 qureiu
2165 4870 2469 4925 novissimis
2497 4869 2822 4937 temporibus
2870 4867 3057 4921 facturi
3105 4875 3257 4920 erant
3303 4865 3491 4920 Judmi.

1938 4959 2199 5027 Sequitur
2227 4977 2238 5009 :
2272 4957 2409 5022 Quia
2452 4958 2507 5009 in
2547 4957 2722 5023 furore
2749 4972 2842 5007 suo
2884 4957 3177 5009 occiderunt
3209 4957 3403 5016 virum,
3445 4957 3495 5008 id

1945 5059 2061 5111 est,
2111 5046 2415 5109 Christum,
2462 5046 2610 5115 juxta
2659 5044 2798 5111 quod
2864 5045 3027 5098 Isaias
3066 5044 3138 5097 ait
3173 5043 3314 5114 (lsa.
3374 5060 3492 5107 nx;

1949 5139 2071 5211 Sap.
2101 5138 2159 5207 tl)
2188 5152 2202 5189 :
2246 5135 2333 5189 Va:
2359 5137 2545 5188 anima:
2587 5130 2837 5201 ipsorum,
2857 5137 2975 5205 quia
3002 5134 3241 5203 cogitatio
3264 5135 3490 5202 ipsorum

1946 5227 2218 5281 consilium
2268 5224 2523 5278 malorum
2549 5263 2562 5285 ,
2614 5223 2881 5276 adversum
2913 5240 2966 5277 se
2993 5223 3215 5276 dicentes
3238 5236 3256 5273 .'
3297 5222 3479 5290 Allige-

1944 5319 2290 5386 musjusmm,
2320 5319 2441 5387 quia
2464 5317 2661 5369 inutilis
2682 5326 2754 5369 est
2785 5315 2951 5379 nobis.

1929 5393 1935 5399 ’
2020 5408 2082 5460 Et
2112 5408 2163 5460 in
2194 5407 2369 5459 dolore
2390 5423 2482 5459 suo
2516 5407 2839 5474 stt/foderunt
2863 5422 3086 5467 murum,
3116 5403 3330 5473 quando
3379 5400 3488 5452 lan-~

1945 5513 2035 5551 cea
2068 5497 2417 5551 confoderunt
2446 5497 2569 5550 illud
2595 5496 2869 5565 spirituale
2893 5506 2947 5547 ct
2992 5496 3333 5549 fortissimum
3365 5508 3489 5560 ptu-

1945 5589 2293 5657 paguaculum
2345 5590 2483 5655 quol
2521 5588 2751 5640 custoiit
2796 5586 2972 5639 Isracl.
3010 5585 3312 5637 .Ilaledictus
3343 5584 3491 5647 {utor
