3948 6336
448 328 577 398 csa

1071 339 1129 393 Β.
1174 338 1422 393 RABA‘NI
1460 337 1676 395 MAUPJ
1712 335 2023 391 ARClllEP.
2067 335 2370 392 MOGUNT.
2413 327 2694 392 OPERUM
2729 333 2904 389 PARS
2941 335 2980 387 I.

3564 330 3671 383 660

445 469 620 505 eorum
647 451 769 520 quia
790 449 1048 519 pertinax,
1080 451 1260 518 utique
1288 450 1354 502 ad
1397 456 1601 502 tantum
1630 447 1836 500 facinus
1883 461 2005 514 per-
2032 446 2078 503 A
2107 460 2203 499 suo
2228 446 2361 498 dixit
2394 464 2406 497 :
2438 444 2627 499 Solvite
2660 446 2756 498 hoc
2777 444 3020 513 templum
3051 483 3064 505 ,
3120 451 3164 495 et
3195 445 3247 496 in
3281 442 3451 493 triduo
3502 458 3669 493 susci-
3735 489 3742 492 _

444 540 760 609 petrandum
789 538 1000 607 quando
1027 537 1207 592 furore
1233 538 1443 592 accensi
1473 547 1528 592 et
1556 538 1658 601 ira,
1687 536 2003 591 obtulerunt

443 631 716 686 Christum
746 628 936 684 Pontio
957 628 1146 691 Pilato,
1169 629 1406 682 dicentes
1435 628 1508 681 illi
1534 645 1546 679 ε
1581 625 1852 696 Cruciﬁge,
1883 642 2004 678 cru-

403 743 412 750 -
442 719 622 789 ciﬁge;
662 727 716 773 et
743 735 755 770 :
788 715 845 772 Si
874 718 1009 771 hunc
1050 717 1288 782 dimittis,
1321 734 1422 770 non
1446 734 1499 770 es
1543 717 1742 771 amicus
1781 714 2003 769 Cesaris

441 807 653 876 (Matth.
694 805 882 878 xxvii).

513 895 578 948 Et
600 896 888 966 indignatio
903 911 1098 959 eorum,
1128 897 1250 965 quia
1275 897 1427 959 dura,
1462 896 1586 949 dum
1604 893 1893 948 Barrabam
1920 893 1998 946 la-

439 995 646 1040 tronem
693 995 960 1056 peterent,
1000 995 1054 1041 et
1100 987 1391 1058 principem
1415 989 1538 1040 vitae
1582 986 1999 1057 cruciﬁgendum

435 1075 789 1147 postularent,
827 1076 1064 1130 Dividam
1089 1094 1174 1130 eos
1201 1078 1251 1152 in
1279 1076 1464 1140 Jacob,
1491 1086 1539 1130 et
1565 1078 1854 1146 dispergam
1881 1075 2000 1128 illos

435 1166 489 1217 in
518 1165 704 1225 Israel.
741 1165 838 1219 Hic
865 1168 968 1221 duo
1009 1168 1368 1228 nominantur,
1400 1167 1589 1221 divisio
1616 1176 1669 1220 et
1697 1167 1957 1235 dispersio
1982 1183 1995 1219 :

435 1253 655 1316 idcirco,
683 1255 805 1323 quia
833 1255 1069 1308 nonnulli
1098 1268 1162 1326 ex
1204 1255 1334 1325 ipsis
1381 1257 1606 1310 Domino
1634 1257 1995 1322 crediderunt,

434 1344 651 1411 quidam
675 1344 726 1397 in
748 1344 1058 1400 inﬁdelitate
1080 1355 1504 1414 permanserunt.
1536 1348 1699 1401 Divisi
1739 1349 1882 1401 enim
1912 1349 1995 1403 di-

434 1441 650 1498 cuntur,
681 1434 804 1504 quia
839 1434 906 1489 ab
933 1435 1010 1489 eis
1039 1445 1372 1505 separantur,
1395 1443 1448 1490 et
1471 1437 1692 1490 veniunt
1717 1437 1784 1492 ad
1815 1436 1992 1491 fidem.

434 1524 668 1592 Dispersi
699 1535 873 1578 autem
901 1526 954 1579 hi
991 1541 1216 1595 quorum
1242 1527 1415 1595 patria
1445 1528 1744 1597 temploque
1771 1529 1995 1584 subver-

430 1617 511 1680 so,
539 1632 637 1686 per
673 1616 859 1671 orbem
907 1625 1063 1671 terra:
1107 1618 1437 1673 incredulutu
1491 1636 1658 1690 genus
1707 1622 1993 1690 spargitur.

431 1707 465 1760 J
473 1710 595 1773 uda,
616 1717 664 1761 te
698 1707 982 1762 laudabunt
1011 1707 1205 1777 fratres
1224 1710 1319 1762 tui.
1350 1710 1454 1764 Per
1475 1712 1615 1766 hunc
1643 1712 1784 1766 enim
1804 1711 1995 1766 Judam

2103 536 2220 589 tabo
2252 535 2382 587 illud
2417 535 2629 605 (Matth.
2663 534 2796 606 XVI).

2177 623 2297 677 Non
2316 624 2514 692 deﬁciet
2536 627 2770 695 princeps
2797 626 2860 678 de
2893 624 3080 694 populo
3122 624 3266 677 Juda
3286 664 3300 687 ,
3344 640 3436 677 nec
3459 625 3570 676 dua:
3606 625 3671 676 de

2102 713 2381 781 femoribus
2400 714 2538 782 ejus,
2562 715 2724 767 donec
2746 716 2911 768 veniat
2932 716 3019 781 qui
3045 715 3321 766 mittendus
3352 722 3459 775 est;
3486 723 3534 764 et
3562 713 3670 780 ipse

2101 805 2532 873 erit‘exspectatio
2587 805 2831 873 gentium.
2885 803 2980 857 Hic
3027 804 3174 857 locus
3229 801 3669 856 manifestissime

2102 892 2168 944 ad
2188 890 2378 945 Iudam
2402 890 2645 945 refertur.
2667 892 2796 944 Tum
2820 891 2906 944 diu
2938 892 3078 944 enim
3109 890 3209 944 fuit
3227 907 3290 945 ex
3323 893 3530 944 semine
3554 890 3670 956 ejus

2099 983 2237 1049 apud
2260 978 2470 1034 Iudaeos
2503 981 2814 1034 intemerata
2841 982 3105 1034 successio
3126 981 3297 1050 regni,
3314 981 3481 1034 donec
3507 980 3670 1034 Chri-

2100 1083 2214 1128 stus
2243 1075 2309 1127 ad
2364 1074 2778 1141 redemptionem
2828 1073 3011 1126 mundi
3045 1082 3377 1126 nasceretur.
3431 1072 3668 1125 Probaut

2099 1166 2201 1219 hoc
2242 1166 2478 1219 historia:
2505 1163 2828 1228 Iudaeorum,
2859 1163 3051 1232 quibus
3090 1163 3390 1216 ostenditur
3431 1160 3669 1232 primum

2098 1256 2447 1325 alienigenam
2492 1271 2669 1324 regem
2698 1255 2752 1308 in
2791 1262 2949 1325 gente
2973 1253 3278 1308 Iudaeorum
3309 1252 3472 1308 fuisse
3501 1252 3670 1307 llero-

2097 1347 2241 1409 dem,
2269 1361 2375 1414 quo
2399 1353 2636 1414 tempore
2666 1344 2913 1398 Christus
2960 1352 3119 1398 natus
3166 1352 3245 1397 est
3273 1361 3284 1396 :
3317 1343 3460 1412 quod
3485 1344 3531 1396 si
3574 1358 3670 1412 pn-

2093 1444 2214 1489 tant
2236 1434 2400 1489 Judaei
2429 1452 2531 1490 non
2555 1436 2763 1490 venisse
2792 1435 3082 1499 Christum,
3100 1450 3228 1505 ergo
3257 1435 3324 1488 de
3354 1434 3496 1488 tribu
3530 1433 3669 1488 Juda

2097 1526 2274 1598 usque
2310 1529 2466 1582 hodie
2499 1527 2803 1582 Judmomm
2856 1533 3135 1596 permanet
3163 1541 3383 1596 regnum
3408 1566 3423 1588 ,
3485 1525 3557 1578 ita
3611 1535 3672 1578 ut

2097 1609 2203 1673 non
2243 1617 2409 1671 defuit
2461 1631 2554 1672 rex
2588 1617 2652 1671 de
2687 1617 2883 1686 populo
2911 1615 3237 1679 Judteorum,
3264 1617 3433 1670 donec
3463 1616 3670 1670 veniret

2098 1710 2182 1765 cui
2211 1709 2500 1779 repositum
2523 1716 2625 1763 est.
2659 1707 2761 1762 Sed
2789 1724 2896 1762 non
2926 1707 3096 1762 solum
3126 1705 3321 1760 Judazis
3343 1706 3544 1776 profuit
3575 1707 3668 1774 qui

431 1812 591 1852 verus
621 1795 893 1852 confessor
919 1798 1238 1867 exprimitur
1259 1800 1525 1866 Christus,
1548 1802 1638 1871 qui
1667 1816 1733 1856 ex
1755 1795 1872 1872 ejus
1901 1804 1995 1856 tri-
2024 1793 2070 1851 Β
2096 1791 2390 1854 mittendus
2414 1808 2550 1854 erat.
2582 1800 2704 1854 Ideo
2730 1800 2969 1868 sequitur
2993 1817 3004 1852 :
3036 1797 3102 1850 Et
3128 1800 3235 1867 ipse
3273 1798 3371 1851 erit
3401 1809 3670 1867 exspecta-

429 1890 498 1943 bu
533 1890 823 1944 secundum
865 1905 1080 1944 carnem
1108 1900 1192 1945 est
1225 1893 1453 1962 genitus.
1477 1893 1654 1963 Ipsum
1700 1895 1994 1950 laudabunt

429 1981 622 2035 fratres
667 1980 787 2045 sui,
835 1981 1058 2050 apostoli
1109 1983 1313 2037 scilicet
1355 1993 1411 2038 et
1455 2000 1642 2041 omnes
1687 1989 1994 2044 cohaeredes

428 2073 562 2141 ejus,
595 2074 684 2141 qui
713 2089 809 2142 per
847 2073 1184 2142 ad0ptionem
1209 2074 1301 2128 lilii
1329 2076 1440 2130 Deo
1460 2075 1607 2131 Patri
1635 2078 1809 2135 eﬂecti
1849 2087 1989 2146 sunt,

427 2176 482 2222 et
509 2166 704 2221 Christi
733 2167 926 2222 fratres
961 2184 1058 2238 per
1082 2171 1332 2239 gratiam,
1361 2186 1586 2240 quorum
1609 2171 1720 2240 ipse
1742 2171 1995 2231 Dominus

427 2267 510 2313 cst
539 2275 634 2328 per
657 2267 921 2313 naturam.
941 2259 1130 2314 Manus
1159 2271 1263 2314 tua:
1284 2262 1340 2314 in
1364 2262 1641 2316 cervicibus
1666 2263 1993 2316 inimicorum

427 2363 652 2403 tuorum.
684 2350 873 2405 Iisdem
905 2352 1147 2406 manibus
1169 2359 1330 2421 atque
1372 2352 1559 2408 eodem
1589 2353 1772 2413 crucis,
1794 2362 1994 2422 tropaeo

426 2449 479 2492 et
500 2456 626 2494 suos
651 2440 800 2504 texit,
838 2448 892 2494 et
941 2441 1187 2495 inimicos
1237 2449 1290 2496 et
1317 2441 1652 2497 adversarias
1704 2452 1996 2511 potestates

426 2529 688 2593 curvavit,
714 2529 866 2598 juxta
894 2528 1035 2598 quod
1079 2537 1133 2584 et
1191 2529 1351 2583 Pater
1379 2531 1644 2599 promittit
1687 2531 1734 2584 ei
1766 2531 1949 2591 dicens
1975 2547 1989 2585 :

428 2617 562 2673 Sede
589 2619 656 2673 ad
683 2620 946 2673 dexteram
966 2635 1156 2684 meam,
1184 2609 1344 2675 donec
1376 2637 1564 2689 ponam
1609 2620 1842 2674 inimicos
1880 2630 1994 2673 tuos

426 2714 701 2769 scabellum
722 2714 907 2783 pedum
932 2689 1140 2768 tuorum
1166 2713 1335 2786 (Psal.
1367 2716 1498 2786 εει).
1521 2711 1538 2726 ”

496 2803 799 2856 Adorabunt
840 2812 888 2856 te
915 2803 1014 2872 ﬁlii
1046 2805 1208 2872 patris
1239 2806 1350 2870 tui;
1379 2806 1632 2874 quoniam
1663 2806 1816 2860 multi
1841 2821 1906 2859 ex
1938 2806 1996 2859 li-

427 2891 512 2945 liis
535 2891 699 2946 Jacob
720 2893 1018 2968 adorabunt
1045 2909 1166 2948 eum
1194 2909 1292 2963 per
1318 2894 1635 2949 electionem
1658 2896 1842 2964 gratiae
1865 2896 1995 2950 salvi

426 2980 574 3035 facti.
601 2980 816 3034 Catulus
849 2980 1010 3035 leonis
1031 2982 1462 3051 Judu,quoniam
1497 2984 1765 3038 nascendo
1797 3000 1995 3053 parvu-

426 3069 510 3124 lus
555 3071 745 3134 factus,
777 3070 916 3125 sicut
967 3072 1225 3139 scriptum
1270 3081 1390 3126 est:
1424 3070 1681 3126 Parvulas
1721 3085 1873 3128 natus
1921 3084 1993 3127 est

428 3161 574 3214 nobis
600 3159 734 3232 (Isa.
761 3161 858 3233 lx).
1050 3156 1053 3158 ’

499 3252 575 3305 Ad
601 3254 850 3323 praedam,
878 3254 956 3323 [ili
984 3257 1078 3321 mi,
1103 3257 1401 3323 ascendisti,
1427 3258 1477 3312 id
1504 3268 1605 3324 est,
1629 3261 1920 3314 ascendens
1947 3260 1998 3313 in

426 3360 607 3410 cruce,
632 3345 869 3415 captivos
903 3349 1124 3417 populos
1169 3351 1463 3416 redemisti,
1508 3361 1562 3406 et
1601 3356 1737 3421 quos
1784 3352 1873 3406 ille
1919 3353 2000 3406 leo

428 3437 731 3492 contrarius
769 3438 1071 3505 invaserat,
1099 3426 1172 3494 ἰιι
1226 3443 1461 3496 moriens
1485 3427 1755 3513 eripuisti.
1800 3444 2001 3500 Deinle

429 3527 642 3582 rediens
663 3529 730 3582 ab
753 3528 955 3594 inferis,
971 3533 1262 3601 ascendens
1282 3533 1335 3587 in
1363 3535 1549 3600 altum,
1566 3539 1831 3606 captivam
1850 3539 2000 3592 duxi-

430 3615 498 3670 sti
541 3618 921 3686 captivitatem.
954 3617 1292 3692 Requiescens
1319 3627 1606 3681 accubuiin
1640 3639 1696 3682 ut
1731 3628 1810 3683 leo
1833 3644 1852 3680 :
1887 3646 2002 3684 ma-

431 3705 777 3762 nifestissime
824 3709 876 3762 in
907 3715 1157 3780 passione
1202 3712 1450 3770 Christus
1482 3718 1752 3783 recubuit,
1790 3722 2002 3790 quando

431 3797 687 3853 inclinato
711 3800 886 3870 capite
916 3802 1134 3856 tradidit
1161 3804 1438 3872 spiritum;
1461 3807 1574 3862 sive
1597 3811 1812 3878 quando
1834 3811 1888 3865 in
1919 3827 2002 3866 se-

432 3887 622 3956 pulcro
648 3905 891 3955 securus,
920 3891 1064 3946 velut
1088 3895 1319 3962 quodam
1348 3899 1590 3966 corporis
1632 3916 1819 3956 somno
1856 3903 2004 3971 quie-

435 3979 529 4033 vit.
566 3978 671 4034 Sed
724 3995 894 4049 quare
924 3982 1113 4063 ut.leo
1161 3991 1216 4038 et
1255 3985 1400 4040 velut
1445 3988 1652 4044 catulus
1702 3990 1911 4046 leonis?
1945 3991 2002 4045 In

435 4085 624 4124 somno
643 4071 783 4126 enim
810 4087 907 4127 suo
935 4072 1018 4128 leo
1049 4071 1168 4137 fuit,
1192 4077 1280 4144 qui
1311 4093 1414 4131 non
1448 4082 1766 4135 necessitate
1795 4083 1887 4137 sed
1912 4097 2004 4152 po-

435 4169 630 4216 testate
654 4163 755 4217 hoc
778 4162 951 4232 ipsum
987 4163 1246 4234 implevit,
1270 4167 1424 4236 juxta
1448 4178 1502 4224 et
1530 4174 1670 4239 quod
1698 4159 1811 4242 ipse
1858 4175 2007 4228 dixe—

437 4261 557 4308 rat:
597 4251 913 4307 Potestatem
959 4256 1378 4327 habeoponendi
1429 4264 1658 4315 animam
1706 4281 1904 4328 meam,
1957 4277 2005 4320 et

439 4361 586 4398 nemo
631 4362 744 4399 eam
793 4345 932 4400 tollet
960 4364 992 4399 α
1032 4364 1131 4413 me,
1155 4350 1246 4403 sed
1270 4367 1361 4419 ego
1392 4365 1505 4405 eam
1541 4370 1674 4422 pono
1715 4353 1893 4426 (Joan.
1926 4356 2003 4426 ι).

440 4435 591 4501 Quod
619 4452 746 4491 vero
773 4437 976 4491 addidit
1006 4456 1018 4491 :
1060 4437 1138 4507 Et
1162 4449 1217 4492 ut
1245 4440 1449 4496 catulus
1475 4442 1659 4508 leonis,
1707 4445 1830 4499 inde
1862 4447 2004 4499 enim

2096 1892 2166 1944 tio
2192 1891 2438 1960 gentium.
2462 1889 2695 1959 Alligans
2725 1890 2793 1941 ad
2814 1890 3012 1942 vineam
3032 1886 3230 1957 pullum
3254 1903 3429 1951 suum,
3452 1901 3519 1940 ex
3542 1902 3668 1955 gen-

2096 1981 2237 2035 tibus
2269 1980 2516 2050 populum
2541 1980 2626 2034 cui
2656 1979 2827 2035 adhuc
2865 1994 3137 2048 nunquam
3168 1977 3342 2032 fuerat
3370 1978 3505 2048 legis
3532 1994 3670 2039 onus

2095 2071 2399 2138 impositum
2431 2070 2697 2142 c0pulavit
2733 2070 2798 2124 ad
2827 2069 3035 2124 vineam
3072 2069 3460 2138 apostolorum,
3481 2070 3581 2138 qui.
3600 2085 3669 2124 ex

2094 2159 2292 2215 Iudaeis
2315 2169 2456 2214 sunt.
2490 2160 2630 2214 Nam
2652 2161 2798 2214 uinea
2812 2157 3020 2214 Domini
3043 2159 3271 2230 Spbaotli
3285 2160 3472 2214 domus
3499 2159 3671 2214 Israel

2095 2262 2169 2307 est
2199 2252 2332 2322 (Isa.
2366 2251 2441 2322 v).

2166 2342 2234 2395 Et
2261 2343 2327 2396 ad
2367 2344 2539 2408 vitem,
2571 2359 2599 2397 ο
2638 2342 2716 2412 ﬁli
2745 2345 2835 2409 mi,
2879 2345 3081 2397 asinam
3135 2359 3305 2397 suam.
3337 2341 3456 2411 Ipse
3496 2342 3666 2395 dicit:

2097 2433 2208 2503 Ego
2242 2451 2356 2487 sum
2389 2434 2500 2487 vitis
2525 2450 2640 2486 vera
2669 2433 2848 2504 (Joan.
2888 2435 2997 2505 xv).
3040 2432 3145 2487 Ad‘
3175 2435 3316 2488 hanc
3342 2447 3472 2503 ergo
3505 2433 3670 2486 vitem

2096 2525 2277 2594 alligat
2319 2525 2523 2579 asinam
2555 2540 2705 2580 suam
2748 2525 2832 2579 cui
2871 2512 3208 2594 supersedit,
3257 2526 3552 2582 Ecclesiam
3602 2541 3670 2580 ex

2096 2617 2401 2671 nationibus
2427 2627 2819 2689 congregatam.
2851 2618 2999 2673 Hanc
3042 2620 3220 2688 itaque
3249 2619 3316 2673 ad
3353 2620 3513 2673 vitem
3549 2633 3673 2673 cor-

2098 2708 2241 2778 poris
2290 2711 2371 2762 sui
2403 2709 2636 2778 alligavit
2664 2710 2873 2763 vinculo
2915 2711 3197 2765 charitatis
3225 2751 3238 2774 ,
3286 2719 3340 2763 et
3376 2711 3674 2778 disciplinae

2096 2798 2414 2868 evangelica:
2445 2815 2608 2864 nexu,
2638 2807 2695 2853 ut
2725 2800 2791 2854 de
2818 2800 3112 2854 imitatione
3159 2799 3299 2854 illius
3329 2801 3533 2865 vivens,
3559 2798 3673 2851 eﬁi-

2093 2891 2271 2946 ciatur
2309 2891 2478 2944 haeres
2513 2891 2602 2945 Dei
2644 2899 2697 2944 et
2741 2893 2979 2946 cohaeres
3024 2891 3241 2945 Christi.
3285 2892 3388 2944 Alii
3439 2906 3674 2960 namque

2100 2981 2239 3035 hanc
2263 2980 2466 3034 asinam
2481 2981 2818 3052 Syuagogain
2838 2981 3279 3050 interpretantur,
3306 2982 3670 3052 tardigradam

2099 3071 2303 3124 scilicet
2323 3080 2376 3124 et
2398 3070 2544 3140 gravi
2571 3073 2809 3139 pondere
2839 3071 2972 3140 legis
3010 3087 3340 3140 Oppressum.
3374 3071 3587 3126 Lava'vit
3619 3073 3673 3125 in

2025 3144 2069 3205 (ἶ
2102 3161 2216 3213 vino
2255 3159 2440 3213 stolam
2479 3176 2628 3213 suam
2655 3200 2669 3225 ,
2719 3162 2831 3215 sive
2858 3160 3075 3215 c‘arnem
3103 3177 3256 3215 suam
3309 3161 3361 3214 in
3414 3162 3675 3230 sanguine

2101 3253 2401 3322 passionis;-
2442 3253 2552 3306 sive
2578 3262 2816 3307 sanctam
2845 3252 3139 3307 Ecclesiam
3172 3253 3262 3307 illo
3287 3254 3412 3306 vino
3458 3253 3548 3322 qui
3577 3267 3673 3321 pro

2101 3341 2283 3396 multis
2305 3341 2591 3396 eﬂ‘ul‘iditur
2630 3342 2683 3394 in
2709 3341 3078 3396 remissionem
3114 3351 3476 3410 peccatorum.
3506 3341 3574 3394 Et
3620 3343 3672 3394 in

2099 3435 2353 3503 sanguine
2400 3451 2512 3487 uvte
2561 3433 2777 3502 pallium
2806 3450 2978 3487 suum.
3019 3433 3247 3487 Pallium
3296 3442 3482 3503 gentes
3523 3441 3671 3496 sunt,

2100 3538 2235 3593 quas
2260 3525 2469 3592 corpori
2498 3540 2594 3579 suo
2622 3524 2919 3592 conjunxit,
2954 3524 3090 3577 sicut
3117 3523 3374 3592 scriptum
3397 3530 3480 3577 est
3507 3541 3519 3574 :
3552 3519 3672 3575 Vivo

2100 3632 2191 3685 ego
2229 3615 2352 3668 dicit
2384 3614 2656 3678 Dominus,
2694 3615 2794 3668 nisi
2837 3614 2931 3667 Iros
2961 3628 3152 3667 omnes
3185 3614 3401 3666 induam
3432 3614 3563 3666 sicut
3593 3629 3676 3666 ue-

2101 3705 2561 3778 stimentum,(lsa.
2588 3705 2756 3777 nix).
2803 3705 2911 3760 Hos
2947 3706 3146 3775 quippe
3163 3704 3412 3761 Christus
3467 3705 3522 3757 in
3552 3720 3678 3766 san:

2103 3799 2260 3867 guine
2287 3814 2402 3853 mne
2448 3799 2754 3863 mundavit,
2800 3798 3016 3867 quando
3045 3799 3185 3852 sicut
3229 3798 3421 3852 botrus
3447 3796 3501 3851 in
3531 3796 3677 3868 ligno

2103 3889 2280 3942 crucis
2305 3888 2574 3958 pependit.
2609 3887 2759 3942 Tunc
2784 3887 2926 3941 enim
2950 3902 3016 3941 ex
3047 3887 3213 3941 latere
3242 3885 3356 3955 ejus
3380 3888 3597 3956 sanguis
3624 3893 3682 3941 et

2105 3994 2241 4048 aqua
2264 3979 2532 4048 profluxit.
2563 3978 2667 4043 Sed
2697 3994 2834 4048 aqua
2861 3994 2959 4033 nos
2985 3979 3172 4044 abluit,
3207 3980 3425 4049 sanguis
3450 3994 3551 4033 nos
3592 3994 3681 4032 re-

2105 4071 2288 4124 demit.
2341 4068 2674 4124 Pulchriores
2731 4070 2866 4124 oculi
2923 4071 3034 4140 ejus
3091 4073 3229 4138 uinq.
3279 4070 3430 4126 Oculi
3473 4071 3681 4126 Christi

2106 4164 2327 4234 apostoli
2350 4172 2471 4218 sunt
2501 4174 2555 4219 et
2578 4164 2936 4235 evangelista,
2962 4163 3052 4233 qui
3074 4163 3311 4223 scicntia:
3342 4162 3521 4219 lumen
3559 4165 3686 4219 uni-

2106 4270 2260 4310 verso
2279 4256 2488 4324 corpori
2518 4255 2768 4310 Ecclesire
2792 4263 3065 4326 pmstant.
3098 4254 3163 4309 Hi
3190 4255 3523 4324 pulchriores
3552 4257 3682 4311 vino

2107 4348 2422 4416 probantur,
2448 4348 2782 4416 quia‘eorum
2806 4347 3047 4401 doctrina
3083 4332 3454 4401 austeritatem
3480 4350 3685 4404 veteris

2106 4437 2214 4490 vini
2261 4447 2573 4508 exsuperat,
2615 4439 2668 4492 id
2716 4446 2831 4501 est,
2887 4438 3078 4506 priscre
3130 4436 3260 4506 legis
3310 4435 3681 4493 traditionem.

442 4537 703 4593 mortuus,
742 4529 880 4583 unde
909 4538 963 4584 et
1004 4540 1182 4584 natus.
1237 4530 1450 4601 Pbysici
1500 4542 1673 4587 autem
1724 4535 1788 4588 de
1833 4536 2008 4590 catulo
2040 4509 2085 4565 D
2111 4528 2428 4599 Evangelica
2469 4530 2608 4582 enim
2640 4535 2911 4607 prrecepla
2927 4528 3080 4598 longe
3102 4527 3333 4584 clariora
3368 4536 3493 4582 sunt
3519 4545 3684 4598 quam

443 4621 611 4675 leonis
640 4621 897 4686 scribunt,
922 4624 1063 4691 quod
1092 4637 1211 4676 cum
1243 4633 1399 4678 natus
1422 4624 1604 4690 fuerit,
1629 4627 1799 4680 tribus
1825 4629 2011 4683 diebus

444 4722 494 4766 ct
519 4714 687 4767 tribus
711 4713 954 4767 noctibus
978 4714 1193 4767 dormit.
1223 4715 1373 4769 Tunc
1391 4716 1579 4770 deinde
1604 4719 1773 4785 patris
1799 4719 2010 4772 fremitu

446 4805 528 4858 vel
556 4805 754 4874 rugitu,
792 4804 952 4858 veluti
994 4805 1336 4860 tremefactus
1368 4793 1560 4882 cubilis
1606 4808 1756 4863 locus
1779 4850 1792 4873 ,
1838 4811 2010 4864 susci—

449 4905 563 4966 tare
604 4893 798 4948 dicitur
826 4893 1061 4947 catulum
1113 4895 1462 4948 dormientem
1489 4914 1500 4948 :
1533 4898 1672 4964 quod
1707 4898 1859 4952 valde
1889 4915 2014 4952 con-

447 4983 725 5036 venienter
747 4984 811 5036 de
847 4982 1109 5051 passionis
1136 4991 1310 5039 morte
1337 4993 1553 5055 aptatur
1579 4987 1630 5040 in
1662 4986 1896 5052 Christo,
1926 4992 2013 5058 qui

451 5073 621 5125 tribus
649 5071 838 5126 diebus
860 5080 913 5125 et
942 5072 1114 5127 tribus
1142 5075 1389 5129 noctibus
1418 5076 1470 5129 in
1499 5077 1661 5130 cubili
1691 5079 1916 5148 sepulcri
1935 5081 2018 5150 ja-

451 5178 598 5225 cens,
635 5176 878 5216 somnum
909 5162 1097 5215 mortis
1135 5162 1388 5231 implevit.
1426 5164 1568 5219 Bene
1595 5181 1721 5235 ergo
1771 5167 2017 5222 Christus

454 5259 511 5302 ut
538 5250 621 5304 leo
653 5249 931 5318 requievit,
958 5249 1048 5319 qui
1094 5264 1197 5303 non
1228 5252 1398 5305 solum
1451 5255 1640 5307 mortis
1673 5256 2015 5310 acerbitatem

456 5356 559 5392 nun
589 5339 781 5401 timuit,
810 5340 900 5393 sed
923 5339 1087 5393 etiam
1114 5341 1165 5393 in
1197 5341 1308 5410 ipsa
1333 5352 1502 5398 morte
1525 5345 1712 5398 mortis
1737 5346 2016 5415 imperium

457 5428 601 5481 vicit.
629 5427 770 5480 Bene
797 5428 932 5482 idem
964 5429 1156 5483 iterum
1188 5441 1245 5483 ut
1271 5431 1477 5487 catulus
1517 5432 1720 5497 leonis,
1761 5435 1885 5508 quia
1934 5436 2018 5489 die

460 5519 616 5572 tertia
644 5518 959 5572 resurrexit.
992 5518 1139 5574 Unde
1170 5527 1223 5575 et
1250 5523 1329 5575 sic
1354 5522 1660 5593 adjungitur
1683 5525 1748 5578 de
1775 5539 2018 5580 resurre-

461 5612 634 5668 ctione
663 5614 815 5693 ejus]:
855 5611 983 5679 Qui:
1024 5612 1288 5666 suscitabit
1318 5613 1473 5666 eum?
1499 5615 1602 5667 hoc
1641 5623 1724 5668 est
1748 5616 1868 5683 quia
1900 5617 2019 5670 nul-

449 5704 541 5757 Ilus
571 5704 839 5759 hominum
868 5704 964 5759 nisi
1002 5705 1128 5773 ipse,
1162 5706 1311 5773 juxta
1344 5696 1482 5771 (ιιιὸά
1514 5703 1652 5756 idem
1705 5704 1768 5758 de
1800 5724 2020 5776 corpore
2070 5694 2072 5696 ⁷

2119 4623 2322 4675 Veteris
2374 4621 2700 4675 Testamenti
2751 4620 3020 4674 mandata.
3060 4620 3125 4672 Et
3169 4619 3346 4674 dentes
3393 4620 3526 4674 lacte
3559 4639 3690 4675 can-

2112 4713 2356 4786 didiores.
2389 4712 2603 4774 Dentes,
2627 4713 3005 4780 praedicatores
3047 4721 3172 4766 sunt
3204 4715 3396 4779 sancti,
3427 4715 3518 4783 qui
3545 4730 3687 4784 pra}-

2113 4804 2298 4858 cidunt
2328 4805 2394 4857 ab
2419 4803 2691 4857 erroribus
2725 4804 2985 4868 homines,
3011 4812 3064 4875 et
3095 4819 3187 4858 eos
3215 4806 3366 4874 quasi
3399 4806 3689 4865 comeden-

2115 4896 2182 4950 do
2203 4896 2255 4947 in
2294 4893 2488 4948 Christi
2521 4909 2741 4962 corpore
2765 4893 3112 4947 transferunt.
3145 4877 3370 4949 Nomine
3391 4904 3571 4949 autem
3607 4897 3689 4951 la-

2115 4986 2216 5038 ctis
2245 4985 2486 5038 doctrina
2520 4984 2650 5052 legis
2677 4982 3027 5052 signiﬁcatur,
3058 5001 3175 5053 qua:
3210 4985 3480 5039 carnalem
3512 5002 3688 5056 popu-

2115 5075 2223 5128 lum
2261 5084 2511 5142 tanquam
2562 5073 2809 5142 parvulos
2850 5072 3004 5127 lactis
3061 5073 3250 5142 poculo
3299 5073 3490 5127 alebat.
3518 5073 3687 5145 Cujus

2113 5166 2324 5235 quidem
2364 5164 2701 5218 candidiores
2728 5163 2899 5217 effecti
2953 5173 3097 5233 Sunt.
3121 5163 3372 5218 doctores
3407 5164 3688 5231 Ecclesiae,

2115 5259 2239 5326 quia
2272 5258 2460 5310 fortem
2488 5265 2543 5310 et
2571 5256 2802 5309 validum
2835 5255 2982 5331 verbi
3013 5255 3190 5309 cibum
3219 5255 3691 5327 mandunt_atque

2121 5347 2485 5409 distribuunt,
2528 5347 2592 5400 de
2629 5346 2823 5414 quibus
2855 5345 2985 5399 dicit
3032 5345 3321 5413 Apostolus
3366 5346 3416 5399 in
3447 5345 3690 5416 Epistola

2121 5451 2216 5491 sua
2244 5438 2309 5490 ad
2352 5436 2603 5491 Hebrazos
2647 5433 2799 5506 (Cap.
2826 5434 2918 5505 v):
2965 5433 3321 5503 Perfectorum
3359 5445 3531 5488 autem
3564 5435 3694 5489 soli—

2120 5526 2217 5578 dus
2263 5523 2533 5578 εἰὺυεμΕι
2564 5525 2702 5595 bene
2751 5523 3088 5577 candidiores
3130 5522 3266 5576 lacte
3308 5522 3468 5587 dicit;
3502 5537 3696 5577 omnes

2121 5617 2262 5670 enim
2309 5616 2398 5684 qui
2435 5613 2653 5683 perfecti
2702 5621 2846 5677 sunt,
2874 5620 2928 5665 et
2973 5611 3060 5678 qui
3097 5610 3498 5680 Scripturarutn
3543 5611 3696 5663 cibos

2123 5706 2490 5775 cxplanantes,
2519 5705 2764 5759 subtilem
2801 5713 2853 5758 et
2889 5705 3154 5758 minutum
3186 5702 3548 5762 intellectum.
3601 5701 3695 5771 qui
