3948 6350
249 332 347 388 661

248 532 465 586 candidi
496 545 615 584 esse
639 530 833 603 debent
856 537 910 602 et
935 529 1076 599 puri.
1103 536 1265 596 atque
1298 527 1364 582 ab
1414 528 1560 582 omni
1610 526 1820 581 macula

247 622 427 676 liberi.
454 618 700 673 Issachar
737 622 914 673 asinus
965 618 1136 687 fortis.
1188 617 1449 683 lssacltar,
1476 618 1617 686 quod
1655 617 1822 673 inter-

247 718 498 780 pretatur
523 725 737 773 merces,
758 707 989 764 refertur
1015 707 1080 761 ad
1102 706 1351 777 populum
1388 710 1644 777 gentium,
1662 722 1820 775 quem

250 801 515 857 Dominus
537 799 811 871 sanguinis
842 798 925 853 sui
963 797 1137 867 pretio
1158 806 1241 852 est
1280 809 1571 852 mercatus.
1616 796 1713 851 Hic
1741 796 1821 851 Is-

249 893 472 957 sachar,
500 891 679 946 asinus
732 890 886 947 fortis
922 890 1206 954 scribitur,
1246 890 1370 959 quia
1413 889 1564 959 prius
1610 888 1823 960 gentilis

248 984 482 1053 populus
524 984 675 1054 quasi
701 983 918 1041 brutum
962 990 1016 1037 et
1051 982 1381 1037 luxuriosum
1436 980 1633 1036 animal
1683 988 1819 1045 erat,

250 1073 755 1142 nullaque-ratione
785 1072 1098 1146 subsistens.
1148 1072 1297 1127 Nunc
1344 1087 1469 1127 vero
1516 1070 1670 1127 fortis
1716 1079 1819 1134 est,

252 1160 521 1216 Salvatori
550 1172 735 1218 nostro
756 1164 951 1216 mentis
978 1162 1187 1216 occulta
1221 1162 1488 1231 subigens,
1509 1176 1572 1214 ac
1595 1161 1825 1214 Redem-

247 1254 428 1323 ptoris
458 1253 693 1308 dominio
720 1253 854 1307 colla
897 1251 1247 1320 subiiciendo,
1287 1250 1473 1323 j‘ugum
1530 1251 1823 1323 disciplinae

252 1344 580 1415 evangelicae
600 1342 893 1412 perferens.
921 1342 1015 1397 Hic
1030 1342 1295 1398 accubans
1322 1342 1459 1396 inter
1475 1342 1733 1409 terminos
1749 1340 1825 1393 vi—

250 1436 335 1491 dit
360 1435 599 1505 requiem
626 1434 763 1504 quod
790 1441 933 1489 esset
953 1420 1111 1498 bona,
1138 1442 1191 1489 et
1214 1443 1412 1488 terram
1432 1432 1571 1502 quod
1598 1432 1819 1499 optima.

248 1525 402 1580 Inter
424 1526 681 1580 terminos
698 1539 925 1593 namque
938 1524 1199 1583 accubare
1220 1522 1627 1593 estprzestolato
1643 1520 1822 1575 mundi

249 1612 363 1667 ﬁne
390 1613 753 1681 requiescere,
789 1611 1045 1681 nihilque
1067 1612 1130 1665 de
1160 1611 1243 1665 his
1286 1596 1404 1679 quae
1434 1625 1578 1664 nunc
1604 1625 1825 1664 versan-

249 1714 345 1758 tur
372 1706 422 1758 in
447 1704 620 1759 medio
648 1716 911 1772 quaerere,
939 1701 1031 1757 sed
1064 1701 1248 1756 ultima
1271 1701 1595 1756 desiderare.
1627 1700 1694 1753 Et
1723 1698 1826 1753 for-

1300 328 1648 385 COMMENT.
1691 327 1758 383 IN
1795 325 2115 384 GENESIM.
2154 358 2221 368 -
2257 327 2384 384 LIB.
2425 329 2511 385 tv.
2748 396 2751 397 ί

248 442 546 513 spiritualis
572 441 783 505 dicitur,
815 436 1067 494 Ecclesize
1114 439 1343 507 corpori,
1386 438 1812 502 subministrant,
1844 439 1890 498 A
1921 438 2294 502 lmieru,castra
2334 448 2567 497 metatus
2595 450 2694 505 est,
2739 442 2881 497 illum
2910 444 3108 520 scilicet
3154 446 3369 514 signans
3395 448 3497 520 qui

3384 334 3489 419 σοὶ

1922 531 1982 584 in
2005 530 2165 585 corde
2190 546 2287 586 suo
2321 532 2493 586 dixit:
2544 531 2741 587 Sedebo
2782 535 2833 587 in
2876 545 3054 589 monte
3072 531 3383 600 tesfantcnti,
3433 538 3486 590 in

1920 620 2173 675 lateribus
2196 622 2458 690 Aquilonis
2482 640 2501 688 ;
2537 624 2811 695 ascendam
2836 642 2978 693 super
3024 624 3352 681 altitudinem
3394 645 3490 680 nu-

1920 710 2080 774 bium,
2122 711 2306 765 similis
2348 730 2435 766 ero
2481 713 2742 767 Altissimo
2788 713 2958 784 (Psal.
2984 713 3115 785 nv).
3165 707 3255 769 De.
3283 731 3390 785 quo
3434 726 3490 773 et

1920 814 2014 871 per
2042 802 2354 870 prophetam
2382 802 2612 858 dicitur:
2658 804 2701 856 A
2743 804 2861 858 Dan
2903 805 3113 859 auditus
3139 815 3211 860 est
3234 806 3489 880 fremitus

1920 909 2165 963 equorum
2195 894 2311 963 ejus
2343 893 2559 965 (Jerem.
2586 896 2703 967 VIII)
2731 913 2743 960 ;
2792 898 2881 976 qui
2910 913 3014 952 non
3047 895 3217 963 solum
3248 898 3486 969 coluber,

1921 982 2015 1036 sed
2043 982 2203 1037 etiam
2237 992 2470 1038 cerastes
2492 994 2736 1051 vocatur,
2770 987 2954 1061 κέρατα
2991 988 3133 1043 enim
3154 982 3339 1043 Graece
3371 1004 3490 1040 cor-
3529 1019 3532 1022 ~

1922 1088 2027 1125 nua
2051 1072 2334 1136 dicuntur;
2377 1088 2705 1145 serpensque
2737 1075 2824 1129 hic
2868 1086 3123 1133 comatus
3160 1092 3279 1132 esse
3306 1076 3490 1146 perhi-

1920 1164 2096 1227 betur,
2119 1180 2213 1234 per
2236 1181 2392 1234 quem
2416 1166 2571 1236 digne
2600 1167 2856 1221 adventus
2878 1167 3189 1222 Antichristi
3214 1169 3488 1222 asseritur.

1921 1254 2054 1320 Quia
2104 1263 2289 1308 contra
2332 1255 2495 1309 vitam
2536 1256 2788 1319 fidelium,
2832 1273 2951 1311 cum
2997 1272 3175 1312 morsu
3228 1258 3493 1329 pestiferae

1922 1345 2336 1415 praaslicationis,
2364 1346 2664 1401 armabitur
2706 1349 2866 1402 etiam
2898 1349 3146 1403 cornibus
3187 1350 3489 1418 potestatis.

1922 1436 2052 1503 Quis
2080 1447 2255 1491 autem
2294 1439 2495 1492 nesciat
2520 1439 2762 1493 semitam
2793 1440 3156 1508 angustiorem
3185 1454 3303 1494 esse
3332 1454 3491 1508 quam

1922 1524 2103 1577 viam?
2128 1524 2213 1578 Fit
2234 1541 2363 1595 ergo
2392 1526 2613 1582 coluber
2638 1527 2690 1579 in
2728 1528 2834 1591 via,
2867 1527 2991 1597 quia
3022 1527 3072 1581 in
3111 1512 3392 1603 praesentis
3417 1529 3495 1581 vi—

1925 1624 1991 1668 tae
2038 1613 2371 1668 latitudinem
2400 1629 2492 1669 eos
2538 1616 2811 1671 ambulare
2851 1626 3123 1686 provocat,
3155 1618 3349 1687 quibus
3375 1635 3496 1688 par-

1925 1703 2093 1758 cendo
2122 1705 2273 1773 quasi
2301 1704 2592 1760 blanditur.
2640 1704 2745 1760 Sed
2786 1707 2839 1760 in
2870 1709 2951 1761 via
2983 1710 3209 1775 mordet,
3252 1711 3377 1780 quia
3404 1726 3496 1765 eos

250 1795 324 1850 tis
371 1796 552 1851 asinus
580 1797 817 1864 requiem
865 1801 921 1849 et
962 1802 1161 1849 terram
1186 1793 1441 1862 optimam
1489 1792 1648 1854 vidit,
1700 1806 1819 1844 cum
1851 1779 1896 1835 Β
1925 1793 2114 1861 quibus
2150 1793 2448 1848 libertatem
2480 1795 2665 1850 tribuit
2702 1798 2901 1851 erroris
2930 1799 3007 1851 sui
3049 1779 3278 1853 veneno,
3302 1815 3494 1854 consu-

247 1888 478 1956 simplex
510 1888 780 1958 gentilitas
840 1886 1041 1941 idcirco
1091 1901 1149 1940 sc
1181 1885 1248 1939 ad
1278 1885 1440 1938 robur
1477 1883 1615 1945 boni
1646 1881 1825 1950 operis

247 1978 435 2047 erigit,
464 1978 586 2046 quia
637 1977 703 2031 ad
755 1983 969 2031 aeternae
1012 1974 1135 2029 vita:
1180 1974 1409 2044 patriam
1456 1973 1637 2027 tendit.
1675 1970 1826 2026 Unde

246 2064 419 2118 etiam
460 2064 677 2134 apponit
718 2065 998 2120 humer-um
1023 2078 1174 2117 suum
1205 2063 1269 2116 ad
1292 2063 1608 2131 portandum
1634 2101 1649 2125 ,
1700 2060 1825 2129 quia

246 2152 381 2207 dum
433 2153 497 2206 ad
544 2153 865 2221 promissam
918 2153 1157 2220 requiem
1205 2152 1483 2220 pervenire
1535 2150 1823 2215 desiderat,

248 2254 450 2300 cuncta
478 2245 849 2299 mandatorum
879 2259 1040 2299 onera
1071 2244 1300 2298 libenter
1342 2250 1538 2313 portat.
1578 2242 1737 2298 Unde‘
1774 2251 1828 2297 et

248 2334 430 2392 factus
454 2345 535 2389 est
581 2338 795 2392 tributis
820 2337 1083 2400 serviens,
1123 2337 1224 2391 hoc
1264 2344 1347 2392 est
1374 2338 1484 2407 regi
1531 2345 1584 2391 et
1611 2336 1827 2392 Christo

238 2442 355 2497 suo
404 2427 525 2483 ﬁdei
577 2430 715 2483 bona
762 2444 1091 2497 operumque
1133 2428 1393 2482 bonorum
1433 2444 1653 2482 munera
1703 2428 1830 2484 oll‘e-

250 2533 404 2573 rens.
435 2517 670 2573 Zabulon
722 2519 773 2572 in
821 2519 998 2573 littore
1038 2519 1203 2572 maris
1232 2518 1515 2581 habitabit,
1544 2528 1595 2574 et
1628 2521 1679 2573 in
1719 2527 1828 2574 sta-

251 2607 404 2661 tione
446 2607 679 2663 navium.
719 2607 978 2671 Zabulon,
1009 2607 1100 2676 qui
1137 2607 1522 2676 interpretatur
1554 2609 1829 2663 habitacu-

248 2696 366 2751 lum
396 2683 743 2758 fortitudinis,
769 2696 1059 2750 Ecclesiam
1084 2696 1366 2765 significat,
1394 2698 1737 2752 fortissimam
1762 2699 1828 2752 ad

250 2801 469 2841 omnem
496 2784 833 2840 tolerantiam
881 2786 1166 2855 passionis.
1204 2785 1330 2840 Haec
1367 2787 1419 2839 in
1454 2787 1631 2841 littore
1664 2788 1829 2841 maris

250 2876 483 2939 habitat.
513 2885 567 2930 et
596 2876 648 2930 in
670 2875 899 2931 statione
928 2877 1166 2939 navium,
1197 2884 1256 2931 ut
1283 2877 1622 2931 credentibus
1651 2878 1721 2931 sit
1745 2890 1829 2930 re—

252 2968 550 3038 fugium,et
571 2966 999 3037 periclitantibus
1016 2966 1406 3022 demonstraret
1437 2967 1557 3022 lldci
1587 2975 1825 3037 portum.

251 3059 385 3115 llaec
411 3067 595 3114 contra
623 3073 810 3113 omnes
840 3058 1081 3114 turbines
1127 3058 1304 3114 saeculi
1348 3059 1606 3114 immobili
1645 3069 1700 3115 et
1744 3060 1828 3114 in-

250 3148 519 3206 ebncussa
566 3150 819 3205 ﬁrmitate
869 3150 1129 3217 solidata,
1168 3161 1444 3221 exspectat
1491 3153 1828 3224 naufragium

248 3240 586 3306 Iudaeorum,
608 3247 663 3295 et
690 3240 1067 3296 haereticorum
1094 3241 1377 3310 procellas,
1410 3243 1501 3312 qui
1528 3251 1582 3297 et
1602 3243 1831 3298 circum-

246 3330 509 3403 feruntur
532 3336 677 3392 omni
704 3345 867 3392 vento
896 3323 1171 3390 doctrinae.
1196 3335 1433 3404 Quorum
1466 3329 1567 3392 etsi
1591 3327 1832 3392 tunditur

252 3423 527 3495 ﬂuctibus,
559 3424 757 3496 frangit
785 3434 962 3480 tamen
994 3426 1105 3495 ipsa
1134 3424 1359 3491 ﬂuctus,
1414 3437 1469 3481 et
1496 3443 1601 3481 non
1632 3426 1829 3498 frangi-

253 3524 367 3579 tur,
399 3530 495 3571 nec
532 3514 653 3573 ullis
678 3517 962 3571 barresium
989 3517 1396 3587 tempestatibus
1422 3516 1589 3584 cadit,
1615 3534 1715 3577 nec
1728 3510 1829 3574 ulli

252 3613 421 3660 vento
472 3606 823 3661 schismatum
868 3614 1137 3662 commota
1186 3610 1506 3664 succumbit.
1555 3609 1829 3667 Pertendit

250 3704 438 3750 autem
468 3710 639 3765 usque
680 3696 748 3751 ad
771 3695 1044 3762 Sidonem,
1075 3696 1176 3752 hoc
1201 3691 1284 3752 est
1331 3714 1500 3768 usque
1550 3699 1617 3754 ad
1643 3710 1829 3771 gentes

250 3788 526 3856 pervenit.
581 3782 804 3859 Legitur
830 3788 991 3843 etiam
1045 3788 1102 3843 in
1127 3788 1418 3857 Evangelia
1462 3791 1586 3845 inde
1624 3807 1831 3846 assum-

252 3884 383 3944 ptos
421 3890 538 3930 esse
569 3876 780 3946 aliquos
821 3876 1208 3947 apostolorum,
1236 3886 1291 3933 et
1318 3879 1372 3932 in
1403 3880 1535 3949 ipsis
1563 3880 1695 3935 locis
1730 3881 1831 3936 Do-

254 3965 467 4018 minum
510 3979 651 4035 saepe
690 3966 967 4030 docuisse,
1023 3966 1162 4022 sicut
1203 3968 1460 4038 scriptum
1512 3970 1829 4025 estz-Terra

252 4052 500 4108 Zabulon
544 4065 591 4108 et
641 4065 780 4110 terra
810 4055 1165 4126 Nephthalim,
1198 4058 1280 4112 via
1312 4060 1471 4113 maris
1514 4071 1657 4115 trans
1700 4060 1829 4115 Jor-

252 4145 449 4197 danem
472 4142 705 4207 Galitcete
735 4147 985 4216 gentium,
1014 4146 1234 4216 populus
1273 4148 1363 4217 qui
1387 4149 1593 4203 sedebat
1615 4151 1669 4203 in
1692 4161 1832 4204 tene-

254 4235 391 4299 bris,
431 4234 556 4293 ridit
609 4236 772 4289 lucem
826 4254 1067 4307 magnam
1120 4238 1251 4311 (Isa.
1286 4239 1384 4310 1x).
1418 4240 1547 4305 Dan,
1571 4240 1831 4309 iudicabit

253 4324 511 4404 p0pulum
563 4340 716 4378 suum
763 4326 901 4383 sicut
932 4336 985 4381 et
1022 4327 1123 4382 alia
1160 4330 1330 4383 tribus
1372 4331 1424 4384 in
1468 4332 1650 4386 lsrael.
1706 4332 1829 4388 Fiat

254 4414 383 4468 Dan
418 4414 624 4467 coluber
655 4417 708 4469 in
758 4417 855 4479 via,
895 4427 1114 4471 cerastes
1160 4420 1211 4473 in
1251 4422 1456 4486 semita,
1486 4432 1588 4477 etc.
1621 4424 1723 4478 Alii
1750 4425 1830 4479 di-

254 4513 391 4559 cunt
430 4504 961 4577 Antichristunrper
1002 4506 1115 4567 hinc
1153 4511 1312 4564 verba
1360 4514 1574 4581 praedici
1609 4516 1676 4570 de
1726 4517 1827 4571 ista

257 4596 405 4649 tribu
452 4596 708 4651 futurum.
756 4599 859 4653 Alii
905 4600 970 4654 de
1012 4598 1176 4665 Juda,
1228 4617 1258 4655 a
1300 4618 1407 4671 quo
1462 4604 1687 4671 traditus
1747 4616 1831 4661 est

253 4684 525 4750 Christus,
560 4688 673 4741 hzcc
698 4689 894 4757 scripta
926 4691 1290 4758 pronuntiant,
1322 4701 1377 4746 et
1409 4695 1639 4762 equitem
1669 4706 1829 4766 atque

252 4789 457 4843 equum
486 4776 767 4831 Dominum
798 4794 919 4833 cum
951 4794 1113 4834 carne
1157 4792 1406 4852 suscepta
1429 4784 1713 4851 designare
1730 4803 1827 4842 vo-

254 4864 397 4919 lunt.
414 4862 727 4920 Retrorsum
742 4875 921 4921 autem
933 4868 1147 4933 cadere,
1164 4872 1221 4924 tit
1236 4870 1289 4923 in
1308 4881 1506 4926 terram
1524 4883 1829 4929 revertatur

258 4958 406 5013 unde
429 4968 673 5029 sumptus
701 4968 800 5014 est.
821 4959 925 5015 Sed
947 4959 1197 5030 quoniam
1221 4962 1307 5017 die
1333 4965 1490 5018 tertia
1513 4968 1829 5032 resurrexit,

253 5049 490 5119 ideoque
515 5049 590 5129 ait
613 5068 624 5103 :
655 5048 895 5105 Salutare
916 5061 1061 5105 tuum
1081 5054 1400 5124 exspectabo,
1424 5055 1666 5123 Domine,
1694 5060 1834 5113 sicut

254 5157 359 5211 per
390 5141 557 5197 David
583 5160 596 5197 :
631 5141 752 5197 Non
784 5144 1041 5215 relinques
1069 5147 1297 5199 animam
1325 5160 1492 5202 meam
1532 5149 1585 5204 in
1625 5150 1830 5218 inferno

254 5229 435 5304 (Ptol.
462 5234 576 5305 xv),
606 5233 721 5288 haec
749 5236 963 5303 quidam
995 5235 1067 5289 ita
1098 5246 1389 5305 exponunt.
1419 5238 1521 5292 Alii
1544 5254 1671 5294 vero
1691 5240 1831 5309 hanc

252 5322 591 5393 prophetiam
641 5324 706 5377 ad
744 5323 1128 5379 Antichristtim
1168 5326 1514 5382 transferunt.
1560 5328 1635 5383 De
1687 5330 1827 5385 tribu

249 5412 401 5467 enim
434 5412 546 5467 Dan
575 5414 756 5467 venire
784 5413 1167 5468 Antichristum
1218 5414 1415 5480 ferunt,
1460 5432 1555 5485 pro
1583 5432 1663 5482 eo,
1686 5418 1825 5485 quod

251 5503 360 5557 hoc
386 5502 506 5557 loco
533 5503 647 5556 Dan
670 5511 721 5557 et
750 5502 967 5557 coluber
999 5502 1256 5558 asseritur
1284 5513 1338 5558 et
1365 5506 1636 5560 mordens.
1678 5505 1826 5561 Unde

250 5602 310 5645 et
338 5608 443 5645 non
478 5592 747 5647 immerito
774 5592 1099 5647 lsraeliticus
1126 5594 1369 5663 populus,
1403 5594 1534 5651 dum
1560 5604 1731 5649 terras
1768 5594 1821 5646 in

249 5683 544 5752 partitione
574 5688 869 5738 castrorum
906 5685 1221 5753 susciperet,
1244 5685 1391 5755 prius
1420 5686 1529 5739 Dan
1560 5686 1623 5739 ad
1655 5683 1822 5756 Aqui-

1926 1885 2041 1938 mit.
2074 1884 2158 1937 Fit
2186 1885 2379 1939 iterum
2406 1894 2641 1939 cerastes
2669 1886 2720 1939 in
2754 1888 3113 1956 semita,‘quia
3143 1904 3278 1958 quos
3311 1888 3497 1944 ﬁdeles

1926 1973 2143 2042 reperit,
2182 1980 2237 2027 et
2258 1988 2376 2028 sese
2406 1974 2472 2028 ad
2510 1975 2747 2049 cmlestis
2776 1978 3021 2046 praecepti
3060 1988 3281 2048 angusta
3309 1980 3499 2033 itinera

1892 2062 1895 2063 ⁷
1927 2062 2373 2134 constringentes,
2400 2077 2505 2119 non
2553 2064 2721 2119 solum
2770 2065 3001 2135 nequitia
3049 2066 3253 2122 callida:
3282 2083 3501 2136 persua-

1926 2154 2093 2209 sionis
2116 2155 2362 2224 impedit,
2394 2156 2497 2211 sed
2525 2157 2687 2211 etiam
2729 2165 2934 2212 terrore
2974 2159 3255 2227 potestatis
3284 2161 3497 2227 premit,

1926 2258 1978 2302 et
2008 2248 2060 2301 in
2095 2232 2482 2316 persecutionis
2511 2264 2733 2319 angore,
2758 2257 2879 2318 post
2912 2249 3172 2304 beneficia
3215 2252 3350 2319 ﬁctae
3392 2251 3501 2305 dul-

1926 2336 2150 2401 cedinis,
2180 2345 2394 2395 exercet
2416 2353 2617 2393 cornua
2641 2340 2939 2408 potestatis.
2970 2340 3084 2408 Quo
3106 2342 3163 2395 in
3189 2342 3305 2417 loco
3337 2358 3503 2410 equus

1927 2426 2069 2481 hunc
2112 2428 2368 2482 mundum
2412 2428 2665 2494 insinuat,
2691 2431 2780 2499 qui
2825 2446 2920 2499 per
2949 2431 3234 2485 elationem
3263 2448 3413 2487 suam
3443 2434 3493 2485 in

1928 2526 2087 2572 curSu
2114 2517 2405 2575 labentium
2446 2528 2746 2591 temporum
2792 2530 3021 2591 spumat.
3072 2523 3138 2576 Et
3182 2524 3307 2593 quia
3351 2523 3502 2578 Auti-

1927 2605 2163 2661 christus
2206 2615 2449 2662 extrema
2500 2609 2683 2663 mundi
2731 2610 3125 2686 apprehendere
3170 2612 3378 2677 nititur,
3415 2628 3501 2667 ce~

1929 2704 2102 2752 rastes
2131 2698 2231 2752 iste
2257 2699 2381 2768 equi
2408 2699 2634 2771 ungulas
2681 2688 2923 2754 mordere
2961 2701 3289 2770 perhibetur.
3323 2702 3499 2773 Ungu-

1928 2785 2007 2840 las
2027 2786 2221 2855 quippe
2253 2786 2375 2855 equi
2408 2788 2655 2842 mordere
2689 2795 2770 2843 est
2798 2797 3035 2843 extrema
3062 2789 3239 2844 saeculi
3264 2789 3501 2844 feriendo

1929 2878 2257 2947 contingere.
2294 2875 2360 2931 Ut
2401 2879 2560 2932 cadat
2613 2896 2854 2934 ascensor
2900 2880 3013 2949 ejus
3049 2891 3202 2937 retro,
3240 2879 3503 2935 Ascensor

1930 2970 2051 3039 equi
2090 2976 2175 3025 est
2217 2970 2457 3039 quisquis
2503 2970 2779 3026 extollitur
2831 2971 2885 3026 in
2927 2960 3273 3042 dignitatibus
3300 2972 3497 3026 mundi.

1933 3056 2032 3123 Qui
2083 3067 2225 3113 retro
2258 3059 2452 3114 cadere
2496 3055 2713 3123 dicitur,
2761 3068 2816 3116 et
2865 3074 2971 3117 non
3007 3060 3082 3115 in
3116 3060 3327 3125 faciem,
3367 3062 3503 3115 sicut

1934 3149 2128 3205 Saulus
2154 3152 2431 3229 cecidisse
2458 3162 2807 3207 memoratur.
2852 3151 2911 3207 lu
2954 3150 3090 3208 facie
3118 3153 3259 3208 enim
3288 3153 3499 3217 cadere,

1930 3252 2017 3298 est
2037 3244 2088 3297 in
2109 3243 2212 3297 hac
2230 3243 2337 3310 vita
2361 3258 2487 3298 suas
2505 3258 2939 3312 unumquemque
2949 3242 3139 3313 culpas
3160 3259 3500 3311 cognoscere,

1932 3344 2130 3401 easque
2155 3330 2462 3400 ptenitendo
2510 3332 2726 3387 deﬂere.
2760 3331 2927 3388 Retro
2954 3347 3081 3388 vero
3114 3334 3272 3412 quod:
3290 3350 3393 3387 non
3432 3334 3505 3388 vi-

1931 3422 2087 3478 detur
2118 3414 2329 3487 cadere,
2358 3431 2440 3477 est
2482 3438 2546 3477 ex
2590 3423 2695 3479 hac
2736 3424 2845 3478 vlta
2882 3433 3103 3495 repente
3129 3423 3403 3488 decedere,
3449 3432 3504 3478 et

1932 3511 1999 3565 ad
2024 3527 2143 3581 qua:
2171 3510 2425 3580 supplicia
2472 3511 2699 3568 ducatur
2733 3513 2999 3583 ignorare.
3036 3514 3102 3568 Et
3135 3514 3257 3584 quia
3298 3513 3501 3577 JlldlCIl,

1930 3602 2133 3657 erroris
2158 3603 2238 3657 sui
2274 3601 2481 3672 laqueis
2523 3610 2699 3673 capta,
2728 3618 2824 3674 pro
2853 3603 3071 3660 Christo
3114 3605 3499 3660 Autichristum

1931 3700 2228 3761 exspectat,
2278 3691 2414 3750 bene
2445 3690 2614 3749 Jacob
2654 3694 2844 3749 eodem
2892 3693 3009 3749 loco
3038 3702 3255 3765 repente
3294 3694 3346 3747 in
3394 3693 3502 3748 ele-

1930 3793 2139 3838 ctorum
2187 3799 2318 3839 voce
2352 3799 2647 3840 conversus
2674 3793 2757 3839 est
2793 3784 3013 3839 dicens:
3069 3783 3313 3842 Salutare
3358 3794 3501 3838 tuum

1930 3876 2256 3945 exspectabo,
2286 3874 2527 3941 Domine,
2571 3876 2621 3929 id
2651 3883 2757 3940 est,
2785 3891 2888 3929 non
2916 3874 3318 3930 sicut‘inlideles
3348 3875 3499 3929 Anti-

1931 3967 2210 4028 Christum,
2262 3966 2357 4021 sed
2397 3982 2518 4020 eum
2563 3966 2653 4035 qui
2703 3966 2755 4019 in
2804 3966 3222 4034 redemptionem
3264 3974 3499 4019 nostram

1930 4068 2191 4113 venturus
2224 4066 2326 4123 est,
2356 4073 2543 4117 verum
2572 4058 2734 4113 credo
2775 4057 3006 4111 fideliter
3044 4055 3336 4110 Christum.
3387 4054 3499 4107 Gai

1930 4146 2192 4201 accinctus
2234 4145 2560 4216 prteliabitur
2604 4156 2725 4201 ante
2769 4163 2907 4200 eum.
2947 4145 3051 4199 Iste
3080 4144 3193 4199 Gad
3230 4144 3499 4199 accinctus

1929 4252 2213 4306 personam
2258 4236 2457 4291 Christi
2498 4237 2769 4305 exprimit,
2816 4235 2905 4304 qui
2962 4235 3017 4289 in
3058 4234 3229 4304 primo
3272 4235 3498 4289 adventu

1928 4326 2246 4381 humilitatis
2275 4342 2402 4391 suae,
2450 4334 2573 4379 ante
2614 4325 2901 4379 adventum
2948 4325 3262 4379 Antichristi
3293 4323 3501 4392 przclta-

1933 4425 2086 4472 turns
2109 4417 2366 4480 occurrit,
2389 4417 2661 4471 accinctus
2683 4416 2858 4487 gladio
2882 4416 3028 4470 verbi
3054 4414 3147 4489 sui.
3163 4416 3305 4468 circa
3331 4413 3501 4472 femur

1934 4507 2318 4579 potentissime,
2369 4521 2475 4575 quo
2523 4502 2723 4560 amiCos
2772 4505 2971 4567 divisit,
3024 4503 3077 4559 id
3125 4511 3229 4568 est,
3281 4502 3499 4557 liliuma

1936 4608 2102 4670 patre,
2152 4599 2313 4652 filiam
2355 4613 2385 4651 a
2418 4606 2604 4658 matre,
2649 4612 2845 4650 nurum
2884 4610 2913 4648 a
2950 4610 3128 4660 socru,
3158 4594 3320 4664 juxta
3357 4594 3497 4663 qua!

1937 4690 2127 4761 legitur
2146 4689 2199 4742 in
2228 4687 2514 4757 Evangelia
2538 4704 2549 4739 :
2584 4684 2704 4740 Non
2731 4686 2842 4739 veni
2870 4700 3050 4754 pacem
3089 4685 3288 4737 mittere
3314 4687 3368 4737 in
3397 4680 3497 4737 ter-

1935 4798 2067 4845 ram,
2090 4779 2178 4833 sed
2205 4776 2435 4849 gladium
2458 4774 2671 4847 (Matth.
2708 4774 2785 4843 Χ).
2819 4774 2968 4842 Quod
2997 4782 3175 4828 autem
3206 4774 3298 4837 ait,
3323 4783 3371 4827 et
3392 4775 3497 4843 ipse

1934 4872 2229 4940 accingetur
2270 4879 2568 4930 retrorsum,
2620 4866 2838 4921 claritas
2869 4865 3078 4920 Domini
3108 4866 3275 4921 nostri
3324 4865 3375 4919 in
3407 4879 3496 4919 se-

1932 4962 2109 5019 cundo
2138 4959 2641 5032 regnoostenditur,
2682 4959 2805 5028 quia
2834 4973 2954 5012 cum
2996 4956 3203 5012 venerit
3226 4956 3494 5010 Anticltri4

1932 5062 2068 5117 stus,
2095 5051 2222 5106 item
2262 5057 2501 5104 recurret
2538 5056 2852 5112 retrorsum,
2900 5046 2951 5100 id
2992 5054 3091 5111 est,
3122 5054 3241 5115 post
3270 5045 3386 5114 ejus
3408 5059 3493 5099 ve—
3573 5084 3576 5087 λ

1930 5142 2088 5213 stigia
2109 5138 2357 5195 Christus
2385 5140 2613 5192 adventu
2638 5137 2948 5205 procedens,
2973 5143 3033 5189 ut
3058 5135 3344 5191 interficiat
3370 5122 3492 5190 eum

1931 5232 2107 5304 gladio
2127 5232 2238 5287 oris
2257 5231 2361 5287 sui.
2391 5228 2544 5286 Unde
2574 5239 2628 5282 et
2653 5229 2788 5283 bene
2830 5226 2969 5281 idem
3005 5224 3119 5281 Gad
3166 5225 3495 5281 latrunculus

1931 5324 2334 5395 interpretatur,
2360 5335 2423 5374 eo
2453 5319 2595 5389 quod
2634 5316 2918 5387 posterior,
2950 5316 3001 5369 id
3027 5322 3127 5379 est.
3154 5328 3307 5370 secus
3332 5313 3494 5385 pedes

1930 5413 2081 5481 quasi
2128 5410 2477 5473 latrunculus,
2525 5410 2711 5479 rapido
2749 5416 2907 5478 atque
2950 5407 3238 5477 improviso
3264 5408 3493 5461 adventu

1929 5503 2161 5565 exsiliat,
2192 5509 2379 5557 contra
2406 5510 2649 5570 apertam
2686 5498 2997 5554 Antichristi
3026 5496 3488 5567 oppugnationem.

1932 5592 2066 5646 llinc
2098 5600 2181 5645 est
2206 5589 2343 5660 quod
2369 5590 2655 5659 Apostolus
2676 5588 2938 5642 exclamat
2960 5588 3175 5641 dicens:
3216 5584 3353 5651 Quia
3383 5587 3491 5641 dies

1932 5680 2141 5735 Domini
2171 5683 2301 5737 sicut
2328 5682 2413 5749 fur
2440 5682 2490 5735 in
2516 5690 2678 5747 nocte,
2703 5682 2775 5735 ita
2794 5680 2949 5735 veniet
2978 5678 3026 5746 (Ι
3054 5677 3228 5734 Thess.
3252 5677 3326 5747 v).
3345 5678 3495 5735 Cbri.
