3948 6318
503 265 605 323 663

1134 264 1193 318 Β.
1232 261 1483 319 RABAN!
1523 257 1744 318 usum
1785 260 2099 318 ARCHIEP.
2140 259 2445 321 MOGUNT.
2487 215 2777 322 OPERUM‘
2801 265 2979 324 PARS
3013 269 3055 323 1.

3615 275 3731 331 66‘-

496 390 611 438 stus
637 393 766 452 ergo
798 388 855 434 et
878 346 1005 433 ante
1032 386 1102 456 et
1129 387 1273 432 retro
1310 375 1539 446 praeliari
1571 383 1754 429 contra
1797 374 2066 428 Autichri-
2094 379 2142 436 Α
2167 375 2274 444 puli
2304 375 2688 446 cogitaverunt.
2741 377 3045 434 Inviderunt
3096 379 3168 435 illi
3222 383 3477 441 habentes
3515 356 3721 458 jacula.

496 481 639 526 stum
669 470 942 525 scribitur.
972 468 1111 523 Ante
1139 483 1258 521 eum
1282 480 1510 534 namque
1539 465 1591 517 in
1614 465 1825 519 occulto
1846 466 2071 519 adventu

495 560 835 626 humilitatis,
853 569 973 630 post
993 574 1113 612 eum
1138 554 1450 629 manifestus
1477 555 1529 607 in
1557 553 1725 623 gloria
1752 553 2068 621 majestatis.

438 682 439 685 η
499 655 840 708 Demonstrat
866 658 920 703 et
947 649 1151 718 Moyses
1177 655 1359 717 aperte
1380 645 1711 715 prophetiam
1752 643 2072 713 patriarcha:

500 746 659 813 hujus
685 739 1298 811 specialiterxpcrtinere
1342 737 1409 791 ad
1460 735 1752 791 Christum.
1791 733 1881 788 Sic
1926 734 2068 786 enim

498 838 609 888 ait:
640 832 968 894 Benedictus,
1012 829 1284 899 inquitfin
1311 827 1585 881 latitudine
1629 823 1764 878 Gud.
1809 821 2071 890 Quasileo

498 924 740 994 requievit
762 938 781 987 ;
806 922 1052 991 capitque
1074 920 1339 973 brachium
1361 926 1409 971 et
1434 917 1691 981 verticem,
1714 924 1760 969 et
1781 915 1904 969 vidit
1928 914 2070 983 prin-

497 1014 721 1082 cipatum
748 1028 920 1065 suum.
946 1009 1249 1081 Agnoscunt
1280 1008 1458 1076 itaque
1479 1005 1600 1075 quis
1636 1006 1895 1074 requievit
1933 1005 2071 1075 sicut

498 1101 581 1156 leo
629 1100 730 1154 nisi
778 1100 1022 1153 Christus
1057 1098 1109 1150 in
1158 1095 1401 1164 sepulcro
1444 1094 1589 1147 suo?
1629 1084 1761 1159 Quis
1806 1090 2069 1160 confregit

495 1190 751 1244 verticem
796 1187 1114 1253 brachiaque
1142 1182 1587 1252 potentium,nisi
1620 1180 1946 1249 Redemptor
1970 1194 2066 1234 no-

497 1288 627 1343 ster,
681 1278 771 1345 qui
824 1270 1121 1329 humiliavit
1170 1273 1422 1326 virtutem
1466 1282 1520 1325 et
1550 1273 1852 1342 superbiam
1882 1272 2063 1326 excel—

499 1360 723 1421 serum?
768 1359 897 1425 Quis
939 1359 1074 1412 vidit
1118 1357 1473 1427 principatum
1516 1372 1692 1420 suum,
1725 1357 1827 1410 nisi
1860 1356 1948 1410 ille
1977 1356 2063 1410 cui

496 1453 652 1505 datus
673 1458 754 1505 est
780 1448 1109 1518 principatus
1147 1455 1203 1503 et
1238 1448 1407 1502 honor
1428 1454 1483 1501 et
1510 1447 1764 1517 regnum?
1803 1445 1933 1500 Aser
1951 1448 2066 1516 pin-

491 1542 606 1610 guis
640 1541 792 1611 panis
836 1540 965 1609 ejus,
1012 1548 1059 1592 et
1106 1537 1347 1607 prwbebit
1391 1536 1605 1590 delicias
1638 1536 1857 1606 regibus.
1910 1537 2062 1602 Aser,

491 1631 642 1699 cujus
672 1628 864 1684 nomen
915 1617 1178 1697 signiﬁcat
1217 1626 1447 1689 divitias,
1495 1626 1635 1681 idem
1686 1624 1930 1680 Christus
1959 1633 2061 1690 est,

2175 463 2355 533 Neque
2401 467 2542 519 enim
2590 468 2866 537 quisquam
2892 470 2946 524 in
2997 468 3192 542 Ioseph
3223 477 3449 546 eonjecit
3500 479 3725 545 sagittas

2170 555 2253 609 vel
2280 554 2491 624 aliquod
2519 559 2755 615 Vulneris
2781 561 2963 628 telum,
3002 565 3092 618 sed
3129 567 3430 633 Specialiter
3465 572 3645 626 evenit
3668 572 3724 625 iu

2168 644 2457 707 Christum.
2506 646 2648 701 Sedit
2678 650 2731 703 in
2762 651 2884 720 forti
2930 667 3083 708 arcus
3130 654 3262 723 ejus.
3315 656 3564 714 Christus
3581 660 3724 714 enim

2168 750 2351 789 areum
2390 751 2543 791 suum
2576 740 2768 806 posuit,
2813 749 2868 794 ct
2902 757 3052 796 arma
3078 744 3345 814 pugnandi
3388 747 3441 800 in
3470 749 3602 814 Deo,
3633 749 3725 818 qui
3772 768 3779 772 θ

2168 823 2329 880 fortis
2346 835 2428 880 est
2451 838 2826 899 propugnator,
2854 833 3006 902 cujus
3035 835 3231 890 virtute
3268 838 3579 892 considetur
3605 854 3723 893 om-

2167 914 2252 970 nis
2279 917 2513 985 nequitia
2554 917 2895 985 pertld‘orum.
2949 920 3017 976 Et
3064 924 3317 980 dissoluta
3356 918 3478 980 sum
3522 929 3726 983 vincula

2167 1000 2491 1059 brachiorum
2515 1008 2649 1078 ejus,
2680 1010 2871 1079 quibus
2909 1010 3102 1068 fratres
3132 1027 3254 1069 eum
3284 1016 3517 1070 vinetum
3546 1016 3614 1069 ad
3643 1015 3729 1070 Pi-

2165 1095 2329 1150 latum
2354 1097 2634 1163 duxerunt,
2667 1100 2749 1153 vel
2778 1100 2970 1170 quibus
3005 1118 3125 1157 eum
3161 1118 3479 1175 suspensum
3506 1106 3568 1160 in
3585 1105 3727 1176 ligno

2166 1186 2564 1240 crucifixerunt.
2592 1186 2838 1244 Réscissa
2858 1199 2983 1245 sunt
3003 1182 3144 1246 enim
3164 1207 3260 1262 per
3289 1208 3511 1257 manum
3539 1194 3724 1257 Iacob,

2166 1276 2269 1330 hoc
2292 1284 2376 1330 est
2400 1292 2496 1346 per
2525 1278 2737 1332 manum
2759 1281 3135 1350 omnipotentis
3156 1283 3249 1337 Dei
3276 1282 3462 1349 Iacob,
3484 1302 3551 1340 ex
3574 1286 3727 1355 cujus

2167 1365 2371 1441 femore
2405 1382 2518 1438 ipse
2556 1368 2812 1425 Dominus
2836 1372 3006 1427 bonus
3035 1382 3216 1442 pastor
3242 1390 3490 1444 egressus
3512 1377 3723 1439 estda-

2165 1455 2247 1525 pis
2276 1466 2329 1510 et
2355 1457 2580 1513 ﬁrmitas
2605 1460 2935 1516 credentium
2972 1463 3025 1517 in
3062 1463 3249 1519 israel.
3283 1463 3421 1522 Deus
3449 1467 3725 1534 patris'tui

2164 1535 2258 1600 erit
2286 1548 2500 1618 adjutor
2516 1558 2652 1603 tuus.
2685 1548 2814 1616 Quis
2843 1549 3043 1618 adjuvit
3060 1552 3254 1606 Filium
3282 1553 3383 1608 nisi
3413 1554 3559 1608 solus
3585 1555 3728 1608 Deus

2164 1633 2341 1701 Pater,
2373 1637 2460 1705 qui
2514 1637 2683 1691 dixit:
2733 1637 2897 1692 Jacob
2951 1656 3079 1709 puer
3118 1657 3281 1705 meus,
3334 1641 3588 1710 suscipiat
3608 1658 3727 1694 eum

492 1720 657 1789 Cujus
689 1718 909 1773 altitudo
950 1718 1248 1771 divitiarum
1301 1717 1567 1786 sapientia:
1613 1724 1660 1769 et
1702 1717 1932 1771 scientia:
1970 1715 2067 1773 Dei
2096 1718 2141 1776 B
2169 1725 2344 1778 anima
2366 1726 2521 1779 mea?
2558 1725 2627 1779 Et
2671 1729 2986 1798 omnipotens
3011 1728 3267 1783 benedicet
3304 1730 3727 1801 tibi'benedictio-

495 1811 673 1882 (Rom.
700 1809 810 1880 x1);
842 1809 933 1879 qui
984 1817 1205 1877 propter
1234 1823 1332 1877 nos
1368 1822 1570 1877 pauper
1600 1806 1772 1861 factus
1811 1814 1895 1860 est
1941 1820 2063 1861 cum

490 1902 639 1956 dives
660 1908 835 1966 esset;
863 1897 1016 1967 cujus
1036 1907 1119 1953 est
1148 1898 1302 1968 panis
1319 1898 1547 1967 pinguis
1575 1895 1766 1961 factus,
1800 1910 1932 1951 caro
1962 1895 2065 1973 sci-

489 1993 615 2059 licet
642 1991 757 2061 ejus
790 2005 907 2061 quae
953 1998 1036 2045 est
1082 2004 1203 2044 esca
1258 1996 1600 2043 sanctorum:
1640 2000 1817 2057 quam
1847 1987 1893 2041 si
1943 1987 2065 2056 quis

489 2081 912 2145 manducaverit,
938 2095 1043 2134 non
1073 2079 1331 2134 morietur
1355 2079 1409 2131 in
1437 2086 1716 2132 :eternum.
1751 2076 1858 2131 lste
1897 2072 2062 2132 etiam

487 2170 744 2240 praebebit
768 2168 988 2223 delicias
1007 2167 1278 2237 sapientiae
1305 2166 1540 2235 regibus,
1572 2164 1628 2219 id
1676 2171 1778 2229 est,
1808 2163 1901 2233 qui
1941 2178 2059 2218 sen-

488 2278 580 2317 sus
605 2261 852 2330 proprios
902 2259 1037 2313 bene
1080 2265 1288 2327 regunt,
1316 2258 1405 2327 qui
1443 2257 1785 2312 dominantur
1810 2256 2061 2311 vitiorum

486 2364 725 2412 suorum,
759 2350 849 2420 qui
874 2349 1139 2419 castigant
1164 2363 1389 2417 corpora
1432 2361 1528 2401 sua
1566 2356 1621 2403 et
1664 2347 1719 2401 in
1748 2344 2060 2401 servitutem

487 2440 800 2509 subjiciunt.
826 2437 1187 2507 Nephthalim,
1223 2436 1362 2505 quod
1385 2436 1768 2505 interpretatur
1791 2434 2057 2499 dilatatio,

487 2530 759 2601 apostolos
785 2537 841 2584 et
862 2516 1245 2599 praedicatores
1272 2535 1486 2581 sanctos
1517 2526 1804 2596 significat,
1829 2541 2057 2596 quomm

488 2622 733 2677 doctrina
761 2620 814 2674 in
841 2619 1172 2673 latitudinem
1194 2607 1367 2672 totius
1406 2616 1587 2671 mundi
1618 2615 1809 2670 diﬂ'usa
1850 2624 1952 2669 est.
1979 2615 2057 2669 Ex

486 2714 588 2767 hac
613 2711 756 2765 enim
781 2708 920 2763 tribu
964 2707 1177 2762 fuerunt
1220 2706 1462 2776 apostoli,
1490 2707 1582 2775 qui
1624 2713 1748 2760 sunt
1789 2706 2058 2775 principes

486 2801 865 2864 Ecclesiarum,
896 2806 950 2852 et
968 2798 1149 2863 duces,
1180 2805 1232 2850 et
1255 2797 1522 2867 principes
1545 2796 1805 2860 Zabulon,
1836 2805 1889 2850 et
1909 2796 2059 2865 prin-

483 2892 631 2960 cipes
655 2874 990 2958 Nepbthalim
1018 2904 1032 2952 ;
1064 2888 1155 2956 qui
1188 2887 1304 2941 sine
1344 2887 1504 2940 dubio
1529 2885 1596 2939 ad
1640 2900 1927 2954 personam
1971 2900 2054 2938 re-

484 2980 733 3035 feruntur
784 2976 1168 3046 apostolorum.
1228 2975 1331 3044 ipsi
1378 2982 1503 3027 sunt
1555 2973 1648 3027 ﬁlii
1700 2987 2049 3027 excusserunt

2165 1812 2315 1867 nibus
2371 1813 2484 1867 caeli
2529 1814 2766 1884 desuper,
2821 1816 3253 1873 benedictionibus
3289 1816 3462 1886 abyssi
3501 1817 3729 1887 jacentis

2162 1903 2423 1958 deorsum.
2450 1904 2706 1961 Universa
2733 1908 2872 1961 enim
2904 1906 3131 1975 subjecit
3153 1908 3489 1973 ei,.ctelestia
3514 1923 3614 1977 per
3633 1909 3731 1963 be—

2163 1993 2521 2048 nedictionem
2544 1995 2665 2050 coeli
2695 1996 2939 2066 desuper,
2968 2003 3024 2051 et
3050 2004 3258 2050 terrena
3284 2011 3378 2065 per
3401 1996 3732 2050 benedictio-

2163 2097 2283 2137 nem
2310 2084 2484 2154 abyssi
2519 2085 2746 2155 jacentis
2786 2087 3053 2150 deorsum,
3093 2095 3154 2140 ut
3178 2086 3424 2140 omnibus
3453 2085 3657 2155 angelis
3676 2094 3731 2139 et

2161 2172 2465 2229 hominibus
2490 2175 2868 2236 dominaretur.
2918 2158 3363 2228 Beneaictionibus
3404 2174 3641 2237 uberum,
3672 2173 3731 2227 id

2161 2269 2262 2326 est,
2291 2262 2402 2316 sive
2442 2263 2665 2317 duorum
2696 2272 3155 2329 testamentorum,
3181 2278 3408 2332 quorum
3451 2261 3623 2317 altero
3646 2270 3730 2316 est

2161 2350 2454 2415 nuntiatus,
2486 2352 2652 2407 altero
2679 2346 3100 2417 demonstratus;
3127 2354 3237 2407 sive
3262 2349 3730 2406 benedictionibus

2160 2440 2385 2494 uberum
2406 2439 2604 2505 Mariae,
2628 2455 2745 2509 quae
2767 2457 2891 2497 vere
2910 2440 3183 2496 benedicta
3204 2449 3377 2504 erant,
3392 2439 3519 2508 quia
3538 2437 3729 2493 iisdem

2159 2541 2344 2583 saneta
2372 2530 2533 2598 Virgo
2582 2530 2807 2584 Domino
2836 2539 3018 2600 potum
3050 2520 3205 2585 laetis
3252 2528 3528 2583 immulsit.
3579 2526 3730 2582 Unde

2158 2625 2213 2670 et
2239 2615 2328 2669 illa
2354 2616 2546 2673 mulier
2573 2617 2631 2670 in
2670 2618 2954 2687 Evangelia
2994 2618 3071 2671 ait
3092 2637 3115 2689 ε,
3147 2605 3339 2672 Beatus
3373 2627 3545 2671 venter
3569 2617 3658 2686 qui
3681 2627 3730 2671 te

2156 2705 2394 2772 portavit,
2426 2715 2473 2758 et
2497 2707 2651 2781 ubera
2672 2722 2787 2775 qua:
2809 2707 2996 2760 suxisti
3025 2706 3174 2777 (Luc.
3198 2706 3295 2777 ιι).

2226 2793 2673 2850 Benedictionibus
2695 2796 2915 2851 uberum
2936 2807 2981 2851 et
3007 2797 3189 2850 vulvae.
3231 2797 3407 2869 Etiam
3440 2798 3531 2853 hic
3554 2797 3727 2851 bene-

2156 2885 2261 2940 dici
2288 2901 2353 2939 ur
2379 2885 2536 2939 vulva
2565 2886 2800 2955 ejusdem
2830 2887 3035 2951 matris,
3077 2886 3164 2940 illa
3212 2887 3399 2956 utique
3424 2888 3723 2957 virginalis,

2155 2990 2275 3044 qua:
2304 2974 2457 3028 nobis
2489 2973 2756 3029 Christum
2806 2976 3087 3029 Dominum
3116 2973 3316 3039 edidit;
3369 2976 3436 3030 de
3482 2990 3587 3044 qua
3629 2992 3728 3044 per

485 3067 655 3140 (Psal.
680 3067 866 3137 vait),
898 3064 947 3120 id
977 3072 1081 3130 est,
1106 3066 1509 3135 prophetarum,
1551 3064 1640 3133 qui
1670 3064 1725 3118 in
1766 3079 1927 3117 manu
1953 3078 2051 3132 po-
2079 3058 2122 3119 C
2151 3064 2437 3120 Jeremiam
2458 3068 2771 3135 prophetam
2796 3066 3019 3122 dicitur:
3042 3065 3356 3139 Priusquam
3376 3077 3425 3121 te
3445 3066 3726 3135 formarem

483 3159 645 3231 tentis
672 3157 763 3212 Dei
786 3156 966 3226 positi,
991 3164 1046 3209 et
1070 3164 1321 3223 tanquam
1342 3156 1550 3224 sagittae
1571 3167 1835 3219 excussae,
1863 3169 2052 3222 perve-

480 3255 677 3302 nerunt
706 3261 873 3316 usque
904 3246 969 3301 ad
1014 3245 1148 3301 fines
1178 3254 1354 3300 terrae.
1390 3244 1541 3300 Unde
1570 3253 1625 3299 et
1662 3245 1796 3300 bene
1821 3245 1910 3299 hic
1948 3244 2049 3298 Ne-

479 3336 741 3405 pbthalim
799 3328 989 3390 c'érvus
1038 3336 1265 3390 emissus
1312 3335 1582 3399 scribitur,
1638 3348 1742 3403 qua
1796 3333 2047 3387 nimirum

479 3424 711 3494 apostoli
752 3424 866 3478 sive
901 3424 1299 3492 praedicatores,
1350 3422 1520 3478 veloci
1571 3422 1708 3477 saltu
1733 3423 2047 3481 exsilientes

483 3529 637 3568 more
680 3528 983 3577 cervorum,
1028 3514 1412 3568 transcendunt
1439 3512 1832 3581 implicamenta
1865 3512 2043 3567 saeculi

479 3604 669 3674 hujus;
706 3605 889 3673 sicque
914 3604 1127 3658 excelsa
1168 3596 1501 3658 ac'sublimia
1548 3605 1887 3669 meditantes,
1916 3605 2044 3658 dant

476 3696 689 3764 eloquia
715 3694 1143 3765 pulchritudinis,
1171 3695 1224 3748 id
1249 3702 1350 3758 est,
1379 3695 1674 3763 pnedicant
1693 3698 1900 3749 cunctis
1923 3711 2072 3765 gen--

475 3787 621 3840 tibus
648 3784 944 3839 doctrinam
968 3784 1178 3837 Domini
1209 3782 1520 3853 salvatoris.
1554 3782 1725 3838 Filius
1751 3787 2043 3838 accrescens

475 3872 689 3943 Joseph.
716 3871 841 3926 Haec
880 3872 1157 3940 prophetia
1203 3882 1323 3941 post
1361 3873 1663 3941 passionem
1698 3874 1905 3929 Domini
1946 3890 2042 3944 pa-

478 3975 644 4017 ternm
666 3962 821 4017 vocis
860 3961 1146 4031 imaginem
1184 3961 1440 4030 praetulit,
1472 3962 1597 4031 quia
1646 3964 1960 4017 redeuntem
1989 3965 2042 4018 in

477 4053 671 4108 malum
696 4061 817 4123 post
842 4052 1119 4107 victuriam
1146 4052 1420 4107 Christum
1468 4053 1629 4107 Pater
1652 4053 1942 4122 alloquitur
1965 4056 2043 4108 di-

477 4159 634 4199 cens:
668 4142 839 4198 Filius
866 4160 1157 4197 accrescens
1191 4145 1402 4215 Ioseph,
1429 4140 1572 4214 ﬁlius
1596 4163 1914 4212 accrescens,
1937 4149 2047 4202 uti-

478 4252 581 4305 que
623 4238 675 4292 in
717 4237 1004 4305 gentibus;
1053 4236 1296 4305 quicum
1337 4237 1406 4291 ob
1449 4238 1873 4293 incredulitatem
1909 4238 2046 4309 Syn-

481 4341 662 4397 agoga:
694 4328 944 4395 populum
973 4327 1292 4395 reliquisset,
1336 4327 1675 4381 innumeram
1705 4328 1806 4382 sibi
1836 4329 2045 4397 plebem

2151 3158 2206 3210 in
2228 3166 2396 3220 utero,
2428 3159 2544 3211 novi
2565 3167 2633 3221 te,
2661 3167 2709 3212 et
2738 3167 3011 3228 antequam
3040 3158 3205 3211 exires
3244 3156 3308 3209 de
3337 3156 3728 3222 vulva,-sancti-

2149 3248 2301 3314 [icavi
2328 3258 2375 3300 te
2402 3246 2615 3318 (Jerem.
2640 3248 2704 3318 ι).

2203 3336 2607 3393 .Benedictiones
2637 3341 2799 3407 patris
2841 3340 2916 3393 tui
2938 3340 3244 3403 confortatte
3268 3347 3387 3393 sunt
3409 3337 3725 3412 benedictio-

2154 3429 2301 3482 nibus
2325 3438 2531 3497 patrum
2557 3429 2700 3498 ejus-
2730 3428 3154 3493 Benedictiones,
3184 3428 3375 3497 inquit,
3426 3427 3599 3495 patris
3641 3429 3721 3481 tui

2152 3518 2404 3579 caelestis,
2436 3533 2554 3588 quze
2580 3520 2716 3573 datae
2738 3528 2859 3574 sunt
2885 3519 2977 3573 tibi
3017 3534 3045 3572 a
3072 3535 3280 3573 summo
3301 3517 3423 3573 coeli
3444 3528 3500 3571 et
3524 3518 3725 3587 abyssi,

2152 3612 2465 3666 conlortata:
2517 3621 2659 3675 sunt,
2703 3607 2752 3664 id
2794 3618 2896 3676 est,
2947 3610 3343 3680 praevaluerunt
3391 3609 3725 3663 benedictio-

2150 3703 2307 3757 nibus
2332 3712 2543 3771 patrum
2579 3710 2809 3757 tuorum.
2842 3702 2990 3756 Ultra
3036 3717 3194 3757 omne
3236 3703 3380 3755 enim
3412 3707 3723 3754 sanctorum

2150 3794 2398 3848 meritum
2424 3793 2847 3863 patriarcharum
2894 3794 3003 3848 sive
3031 3794 3410 3863 prophetarum
3453 3792 3727 3847 convaluit

2146 3885 2446 3939 benedictio
2472 3884 2849 3951 omnipotentis
2876 3884 3053 3938 Patris
3074 3884 3127 3938 in
3166 3883 3321 3946 Filio,
3344 3884 3417 3936 ita
3448 3882 3582 3944 utd
3602 3882 3723 3935 nul-

2146 3973 2229 4026 lus
2256 3959 2570 4027 sanctorum
2614 3981 2873 4041 sequetur.
2928 3972 3104 4026 Danec
3150 3972 3343 4026 veniret
3394 3969 3716 4044 desiderium

2146 4066 2355 4120 collium
2379 4074 2710 4120 internarum.
2732 4065 2931 4121 ‘COlles
2954 4066 3039 4120 isti
3064 4067 3238 4120 sancti
3265 4064 3535 4134 sunt,.qui
3562 4063 3721 4118 Chri-

2146 4156 2214 4210 sti
2246 4158 2530 4209 adventum
2560 4155 2959 4225 proplietarites,
2982 4170 3175 4226 magno
3197 4170 3319 4209 cum
3348 4153 3617 4209 desiderio
3642 4154 3722 4206 iu-

2147 4244 2511 4303 carnationem
2536 4244 2652 4313 ejus
2691 4254 3172 4313 exspectaverunt;
3209 4243 3275 4298 de
3316 4244 3511 4311 quibus
3546 4241 3720 4297 Domi-
3818 4250 3819 4253 ‘

2149 4349 2250 4387 nus
2278 4333 2405 4400 dicit
2428 4352 2442 4386 :
2478 4332 2615 4398 Quia
2640 4334 2790 4387 multi
2822 4334 2956 4403 justi
2980 4339 3037 4386 et
3051 4334 3311 4402 propheta:
3339 4333 3612 4400 cupierunt
3638 4332 3717 4384 ai-

478 4421 731 4475 Ecclesize
770 4436 834 4473 ex
880 4421 1125 4476 omnibus
1167 4420 1413 4491 gentibus
1462 4419 1754 4497 ampliavit.
1806 4420 1956 4488 Quod
1995 4429 2049 4474 et
2077 4411 2125 4469 Ῐ)
2149 4422 2271 4475 dere
2296 4438 2412 4491 qua:
2460 4424 2642 4475 videtis
2685 4421 2833 4493 (Luc.
2857 4421 2933 4486 ι).
2984 4421 3048 4474 Ili
3080 4436 3209 4491 ergo
3235 4420 3406 4476 sancti
3432 4420 3563 4473 dicti
3592 4428 3720 4474 sunt

481 4509 642 4563 David
672 4507 867 4563 cecinit
893 4508 1073 4563 dicens
1097 4527 1125 4561 εν
1150 4508 1566 4562 Reminiscentur
1599 4519 1647 4562 et
1693 4520 2054 4564 convertentur

414 4608 433 4615 "
480 4601 547 4653 ad
583 4600 882 4664 Dominum,
912 4599 1134 4653 universi
1172 4599 1301 4667 ﬁnes
1328 4610 1480 4654 terra:
1501 4600 1671 4670 (Psal.
1695 4601 1829 4673 XXI).
1900 4626 1905 4631 ’

552 4686 720 4742 Filius
759 4704 1054 4741 accrescens
1084 4696 1132 4740 et
1165 4686 1383 4740 decorus
1420 4698 1648 4756 aspectu.
1680 4689 1880 4745 Omnes
1908 4691 2049 4745 enim

484 4786 700 4845 superat
720 4778 860 4832 illius
880 4778 1233 4846 pulchritudo,
1256 4778 1410 4848 juxta
1437 4779 1579 4846 quod
1606 4780 1672 4833 de
1702 4780 1817 4849 ipso
1839 4782 1890 4834 in
1910 4781 2054 4835 Psal—

485 4866 586 4920 mis
626 4866 879 4919 canitur:
935 4865 1203 4934 Speciosus
1242 4866 1419 4935 forma
1460 4883 1568 4936 pra:
1614 4867 1740 4935 ﬁliis
1785 4868 2051 4922 hominum

487 4957 657 5029 (Paul.
684 4959 848 5027 xuv).
874 4954 1026 5009 Filia:
1046 4958 1403 5011 discurrerunt
1429 4974 1585 5028 super
1606 4975 1849 5025 murum;
1874 4961 1924 5014 id
1947 4970 2050 5025 est,

484 5056 670 5119 gentes
701 5047 782 5103 vel
837 5047 1085 5102 Ecclesiae
1126 5066 1244 5119 qua:
1294 5053 1634 5107 crediderunt
1679 5054 1731 5107 in
1757 5055 2048 5109 Christum.

488 5141 578 5193 lite
626 5153 785 5206 super
840 5136 1159 5190 soliditatem
1221 5139 1362 5205 ﬁdei,
1395 5143 1567 5209 quasi
1610 5158 1780 5211 super
1841 5160 2050 5197 murum

486 5243 668 5282 amore
699 5225 1109 5294 pulchritudinis
1146 5225 1343 5281 Christi
1367 5245 1607 5285 accensae
1635 5231 1964 5297 discurrunt,
1994 5244 2053 5285 ut

487 5333 671 5373 verum
713 5330 965 5385 sponsum
1008 5329 1103 5383 per
1141 5318 1646 5386 contemplationem
1691 5320 1972 5388 aspiciant,
2000 5330 2055 5374 et

485 5408 669 5463 osculo
689 5406 965 5461 charitatis
990 5404 1060 5459 illi
1082 5406 1394 5475 copulentur
1415 5418 1573 5477 atque
1596 5411 1921 5480 adhaereant.
1947 5411 2051 5465 Sed

489 5497 750 5565 objurgati
779 5504 903 5549 sunt
928 5512 1071 5560 eum,
1099 5498 1314 5565 quando
1339 5497 1487 5553 falsis
1514 5501 1831 5554 testimoniis
1854 5491 2052 5555 calum;

490 5589 716 5654 niuutes,
749 5600 996 5645 sanctum
1042 5592 1247 5646 Domini
1286 5594 1590 5662 opprimere
1625 5592 1916 5663 Synagogae
1958 5608 2053 5663 pn-

2155 4510 2340 4571 colles,
2372 4519 2589 4579 propter
2623 4506 2986 4564 excellentiam
3035 4509 3374 4563 sanctitatis:
3409 4508 3505 4577 qui
3550 4509 3719 4563 etiam

2155 4609 2209 4657 et
2243 4600 2429 4653 azterni
2471 4608 2749 4664 vocantur,
2785 4601 2910 4671 quia
2938 4602 3100 4654 vitam
3129 4609 3534 4670 consequuntur
3555 4607 3720 4654 aeter-

2156 4702 2302 4753 nam,
2350 4704 2447 4744 nec
2472 4690 2737 4744 intereunt
2759 4705 2880 4744 cum
2908 4690 3125 4755 mundo,
3159 4690 3249 4745 sed
3278 4703 3400 4744 esse
3426 4689 3721 4744 creduntur

2153 4778 2360 4832 aiterni.
2388 4777 2547 4831 Fiant
2584 4778 2641 4831 in
2675 4780 2840 4847 capite
2866 4779 3078 4847 Ioseph,
3111 4793 3299 4833 omnes
3320 4778 3529 4833 scilicet
3554 4780 3722 4840 bene-.-

2154 4867 2416 4920 dictiones
2442 4867 2557 4920 istte
2578 4868 2738 4940 super
2757 4875 2915 4936 caput
2933 4867 3132 4924 Christi
3150 4875 3444 4937 ponuntur,
3476 4880 3611 4936 quas
3637 4866 3721 4921 in—

2155 4965 2407 5015 carnatus
2432 4956 2652 5025 accepit.
2680 4953 2747 5008 Et
2768 4973 2920 5026 super
2951 4961 3186 5013 verticem
3220 4956 3490 5021 Nazarci,
3524 4956 3593 5010 de
3610 4971 3720 5024 quo

2153 5053 2408 5120 scriptum
2434 5060 2548 5104 est:
2590 5049 2845 5113 Quoniam
2902 5049 3193 5105 Nazarcus
3214 5048 3481 5103 vocabitur
3502 5048 3717 5119 (Matth.

2154 5143 2240 5206 ii),
2263 5144 2314 5197 id
2343 5150 2443 5205 est,
2472 5141 2826 5194 sanctusDei.
2856 5141 3001 5193 tuter
3041 5140 3235 5195 fratres
3261 5154 3410 5204 suos,
3437 5139 3562 5207 quia
3605 5139 3722 5207 ipse

2154 5242 2238 5287 est
2266 5237 2426 5299 caput
2451 5231 2685 5283 omnium
2711 5229 2952 5283 eminens
2987 5230 3357 5295 universorum
3383 5235 3719 5289 sanctorum,

2156 5332 2291 5391 ques
2319 5322 2481 5375 etiam
2518 5327 2571 5372 et
2620 5318 2811 5373 fratres
2865 5327 3017 5374 vocat
3064 5321 3117 5372 in
3171 5318 3411 5387 psalmis.
3440 5316 3724 5385 Benjamin

2156 5413 2309 5481 lupus
2333 5424 2515 5479 rapax,
2540 5426 2692 5462 mane
2713 5409 2936 5461 comedet
2960 5407 3211 5476 prazdam,
3233 5417 3279 5460 et
3306 5423 3507 5477 vespere
3528 5403 3722 5457 dividet

2157 5504 2342 5573 spolia.
2390 5502 2592 5568 Quibus
2629 5502 2808 5559 dictis.
2855 5501 3124 5570 apostolus
3162 5501 3359 5555 Paulus
3387 5498 3719 5568 designatur.

2159 5596 2224 5647 de
2276 5592 2549 5660 Benjamin
2599 5592 2763 5660 stirpe
2814 5592 3142 5661 progenitus.
3193 5591 3292 5655 Qui
3340 5604 3498 5643 mane
3539 5588 3724 5657 rapuit
