3948 6356
231 284 338 376 ωδ

1272 316 1620 375 COMMENT.
1658 317 1724 372 IN
1757 318 2072 407 GENESlbi.
2113 353 2181 363 —
2218 322 2344 378 LIB.
2382 324 2465 379 ιν.

3335 330 3435 386 066

230 440 492 509 praedam,
523 437 575 490 id
629 443 728 502 est,
779 436 833 489 in
875 432 1177 505 primordiis
1231 432 1411 488 ﬁdeles
1438 433 1575 508 Quos
1622 434 1792 503 potuit
1817 412 2095 499 Acondita
2130 438 2293 506 jacet.
2354 438 2533 509 (Aug.)
2584 434 2898 505 Videlidum,
2949 443 3210 509 quomodo
3260 410 3442 496 dicant

228 526 552 590 devastavit,
580 540 799 594 vespere
829 532 1004 579 autem
1044 523 1208 593 spolia
1239 522 1441 586 divisit,
1470 524 1592 592 quia
1621 522 1789 597 ﬁdelis

228 618 571 690 postmodqu
596 616 785 681 factus,
810 631 959 671 sacra
991 615 1198 684 eloquia
1226 613 1561 668 audientibus
1587 614 1789 667 discre-

228 711 381 764 tione
401 707 631 763 miriﬁca
666 706 1008 776 dispensavit.
1035 703 1580 775 Legimnsqnemdam
1601 718 1664 756 es
1699 703 1791 756 do-

227 798 472 854 ctoribus
509 797 576 852 ad
618 795 803 851 urbem
835 794 1127 850 Jerusalem
1161 805 1228 848 ea
1267 807 1386 862 quae
1419 793 1483 846 de
1509 791 1788 862 Beujamin

228 890 436 957 scripta
462 894 587 941 sunt
615 880 954 940 referentem.
983 884 1279 954 Benjamin,
1302 883 1497 952 inquit,
1526 882 1677 955 ﬁlius,
1696 882 1790 935 do-

226 976 361 1030 loris
386 976 792 1045 interpretatur.
819 974 919 1030 Hic
943 982 1087 1029 sorte
1114 974 1441 1029 baereditatis
1466 986 1589 1027 eum
1614 972 1787 1027 locum

226 1065 459 1134 accepit,
487 1064 542 1119 in
565 1076 678 1135 quo
688 1064 902 1119 terrena
926 1072 1010 1119 est
1028 1060 1339 1128 Jerusalem,
1360 1078 1483 1131 quae
1503 1078 1644 1116 nunc
1662 1076 1789 1131 pro-

222 1154 811 1223 pterincredulitatem
834 1154 1038 1223 abiecta
1076 1140 1174 1207 est.
1198 1160 1358 1221 atque
1400 1151 1626 1219 repulsa.
1668 1150 1790 1205 Haec

222 1245 373 1300 enim
393 1246 449 1299 in
474 1244 597 1299 ﬁliis
613 1245 729 1299 suis
751 1244 852 1299 sub
872 1258 1095 1313 persona
1139 1243 1413 1314 Beujamin
1461 1243 1787 1312 designatur.

223 1332 365 1388 Nam
391 1333 528 1391 sicut
566 1330 839 1399 Beniamin
888 1331 1130 1387 ultimam
1176 1329 1791 1400 consequiturgbenedi-

222 1426 479 1489 ctionem,
504 1425 577 1478 ita
613 1431 669 1479 et
693 1424 830 1479 idem
866 1424 1090 1493 populus
1120 1425 1342 1479 ultimus
1374 1432 1455 1478 est
1483 1423 1787 1485 salvandus,

217 1520 414 1582 postea
460 1527 622 1581 quam
677 1511 951 1581 plenitudo
1003 1512 1238 1583 gentium
1297 1512 1597 1567 intraverit.
1654 1509 1791 1563 Dicit

218 1600 708 1671 eniszenjamin
754 1600 907 1670 lupus
956 1594 1185 1671 rapax,”
1210 1601 1365 1672 lupus
1391 1601 1613 1663 scilicet,
1664 1598 1788 1668 quia

220 1692 340 1763 ipse
364 1692 590 1763 populus
632 1690 817 1746 eﬁ'udit
856 1692 1169 1762 sanguinem
1213 1693 1592 1762 prophetarum
1630 1700 1789 1758 atque

1889 523 2197 593 Scriptura),
2226 527 2368 595 quod
2401 528 2611 583 assidue
2638 527 2822 582 dicunt
2848 529 2913 582 de
2959 539 3215 584 mortuis:
3244 528 3311 583 Et
3339 546 3433 599 ap—

1884 618 2081 684 positus
2110 627 2182 669 est
2209 618 2276 669 ad
2317 627 2490 686 patres
2526 633 2670 680 suos,
2697 617 2776 671 vel
2802 633 2816 670 :
2857 619 3129 687 Appositus
3168 631 3239 673 est
3263 622 3329 671 ad
3350 636 3443 689 pa-

1884 706 2062 773 pulum
2083 722 2253 760 suum.
2282 708 2417 761 Ecce
2446 708 2586 762 enim
2612 708 2677 762 de
2696 707 2858 762 Jacob
2883 710 3076 762 dicitur
3098 709 3209 778 jam
3229 710 3441 778 quidem

1887 804 2117 860 mortuo,
2163 798 2255 851 sed
2297 799 2529 851 nondum
2556 798 2783 867 sepulto,
2810 807 2865 852 et
2889 799 2955 852 ad
2992 814 3149 867 quem
3189 799 3437 868 populum

1886 895 2112 954 ponatur
2135 902 2240 941 non
2291 896 2373 941 est
2402 889 2454 940 in
2506 897 2753 956 promptu
2803 889 3000 943 videre.
3058 889 3137 942 Ex
3176 888 3262 942 illo
3299 889 3436 944 enim

1886 975 2112 1045 populus
2135 976 2282 1045 prior
2308 977 2569 1040 nascitur,
2594 977 2689 1045 qui
2713 974 2887 1031 dict’us
2910 986 2993 1031 est
3014 977 3239 1047 populus
3258 975 3439 1030 Israel.

1888 1064 1987 1130 Qui
2013 1079 2139 1119 vero
2180 1080 2299 1119 eum
2347 1074 2740 1134 praecesserunt
2782 1073 2891 1119 tam
2933 1067 3091 1134 pauci
3115 1064 3243 1133 justi
3273 1049 3436 1119 nomiQ

1887 1162 2098 1218 nantur,
2127 1164 2187 1207 nt
2209 1169 2301 1208 eos
2334 1154 2593 1229 populum
2636 1154 2904 1225 appellare
2943 1161 3269 1213 cunctemur.
3313 1155 3443 1208 Nam

1888 1258 1933 1296 ει
1961 1243 2158 1295 dictum
2188 1251 2329 1297 esset
2353 1243 2683 1311 :-Appositus'
2697 1252 2778 1297 est
2821 1244 2898 1302 ad.
2929 1252 3108 1311 patres
3136 1258 3277 1306 suos,
3304 1242 3445 1299 nulla

1887 1330 2109 1399 quaestio
2149 1321 2318 1386 ﬁeret.
2346 1332 2427 1385 An
2476 1332 2613 1387 forte
2646 1332 2869 1402 populus
2897 1340 2981 1387 est
3018 1347 3121 1386 non
3152 1332 3322 1388 solum
3348 1332 3443 1386 bo-

1888 1422 2087 1475 minum
2114 1431 2440 1487 sanctorum,
2470 1440 2654 1479 verum
2679 1436 2734 1479 et
2769 1424 3074 1496 angelorum
3111 1425 3332 1494 populus
3367 1425 3443 1478 ci-

1887 1510 2069 1563 vitatis
2100 1510 2280 1583 illius?
2318 1511 2471 1566 Unde
2499 1513 2693 1591 dicitur
2712 1514 2779 1568 ad
2799 1513 3057 1576 Hebraeos
3084 1530 3098 1565 :
3142 1512 3245 1568 Sed
3263 1529 3445 1566 acces-

1888 1603 2024 1656 sistis
2045 1603 2113 1654 ad
2141 1614 2361 1657 montem
2396 1602 2524 1659 Sion
2565 1614 2613 1657 et
2640 1606 2708 1658 ad
2730 1606 2985 1659 civitatem
3010 1605 3103 1658 Dei
3131 1604 3440 1669 Jerusalem,

1888 1701 1935 1744 et
1958 1692 2026 1744 ad
2055 1691 2217 1745 millia
2235 1694 2542 1774 angelorum
2562 1695 2930 1749 exsultantium
2959 1694 3141 1766 (Hebr.
3163 1694 3280 1765 xu).
3308 1694 3443 1749 Huic

210 1784 505 1855 justerum.
546 1781 730 1851 Rapax
758 1788 954 1845 autem,
991 1790 1208 1851 propter
1234 1781 1542 1860 aviditatem
1569 1778 1783 1835 dicitur.
1816 1776 1861 1833 Β
1887 1781 2079 1849 populo
2106 1792 2461 1851 opponuntur,
2507 1783 2597 1852 qui
2640 1790 2759 1853 post
2799 1784 2938 1837 hanc
2983 1784 3145 1836 vitam
3175 1782 3441 1851 placentes

216 1854 304 1927 Ex
341 1871 509 1925 multa
531 1871 675 1925 enim
693 1868 833 1924 fame
853 1869 1001 1925 verbi
1031 1869 1123 1923 Dei
1150 1878 1204 1922 et
1229 1854 1407 1923 inedia
1433 1868 1581 1922 venit
1598 1881 1779 1936 rapax,

217 1961 350 2031 quia
377 1968 432 2015 et
455 1961 569 2029 ipse
595 1958 1060 2030 violenter‘diripit
1081 1972 1310 2026 regnum
1340 1957 1454 2011 Dei.
1484 1957 1581 2011 Hic
1606 1963 1783 2010 autem

216 2064 382 2104 mane
402 2049 632 2104 comedit
656 2048 909 2119 praedam.
934 2047 1089 2103 biane
1114 2047 1257 2121 illud
1293 2055 1502 2116 tempus
1530 2046 1783 2109 creditur,

217 2154 330 2210 quo
355 2140 524 2210 legem
546 2139 770 2208 accepit.
800 2138 949 2193 Tunc
984 2138 1127 2193 enim
1151 2127 1333 2192 mundi
1372 2136 1543 2205 prima
1572 2135 1785 2206 quidem

217 2228 543 2285 illuminatio
570 2227 805 2282 scientiae
830 2226 926 2282 Dei
953 2227 1076 2282 data
1100 2235 1201 2281 est.
1235 2224 1477 2281 Comedit
1500 2226 1641 2279 enim
1680 2238 1809 2277 ma--

215 2335 313 2385 ne,
335 2321 458 2389 quia
481 2320 649 2390 legem
684 2320 847 2388 quam
890 2332 1046 2372 mane
1089 2318 1313 2387 accepit,
1355 2318 1487 2381 edit,
1512 2316 1704 2371 adhuc
1731 2323 1788 2370 et

216 2409 548 2473 meditatur,
597 2408 722 2462 licet
757 2422 986 2476 sequens
1029 2407 1199 2477 legem
1242 2406 1482 2474 iustitia
1510 2407 1577 2484 in:
1616 2406 1786 2477 legem

217 2494 486 2550 ﬁdei-non.
506 2496 831 2565 pervenerit.
861 2493 941 2546 Ad
970 2510 1231 2564 vesperam
1252 2503 1444 2552 autem,
1463 2493 1644 2549 dividit
1668 2509 1787 2561 spo-

216 2584 315 2640 lia.
351 2583 603 2655 Vespera
654 2593 830 2639 autem
866 2592 949 2639 est
994 2584 1121 2638 illud
1169 2592 1378 2653 tempus
1410 2584 1782 2647 novissimum,

216 2690 331 2746 quo
355 2685 715 2733 convertetur.
747 2664 897 2741 Tunc
922 2690 1051 2743 ergo
1094 2674 1291 2729 dividet
1331 2689 1530 2738 eseam,
1558 2682 1683 2727 tunc
1706 2673 1789 2726 in-

218 2766 425 2837 telliget
445 2766 782 2831 dividendam
826 2777 944 2819 esse
970 2764 1203 2817 litteram
1241 2778 1272 2817 a
1311 2764 1523 2833 spiritu,
1567 2770 1624 2817 et
1660 2769 1787 2814 tunc

213 2865 510 2928 cognoscet
555 2857 677 2925 quia
724 2855 901 2910 littera
927 2854 1139 2920 occidit,
1169 2855 1389 2924 spiritus
1436 2865 1611 2908 autem
1655 2852 1787 2905 vivi-

210 2950 349 3005 ﬁcat
396 2948 530 3016 Quia
550 2962 682 3018 ergo.
703 2948 814 3017 jam
839 2962 934 3016 per
955 2948 1181 3017 gratiam
1217 2946 1312 3001 Dei
1342 2945 1671 2999 illuminatus
1698 2944 1783 2997 in-

218 3039 350 3108 cipit
375 3039 429 3094 in
474 3036 591 3108 lege
637 3035 931 3106 spiritualia
970 3050 1002 3089 a
1030 3035 1334 3090 carnalibus
1358 3036 1596 3091 dividere
1621 3045 1676 3089 et
1699 3049 1784 3089 se-

1886 1868 1995 1922 Deo
2021 1868 2173 1923 ﬁunt.
2204 1868 2351 1924 Tunc
2376 1870 2517 1924 enim
2545 1871 2794 1924 dicuntur
2820 1870 3030 1940 apponi,
3061 1869 3273 1937 quando
3296 1867 3438 1921 nulla

1880 1959 1989 2029 jam
2020 1970 2258 2015 remanet
2294 1961 2594 2017 sollicitudo
2638 1966 3009 2027 tentationum,
3055 1970 3110 2015 et
3149 1959 3440 2032 periculum

1885 2060 2223 2120 peccatorum
2257 2052 2478 2106 nullum.
2537 2052 2687 2120 Quod
2741 2054 2952 2108 intuens
3000 2053 3075 2105 ait
3123 2050 3439 2119 Scriptura:

1885 2139 2015 2195 Ante
2033 2152 2247 2194 mortem
2269 2158 2330 2195 ne
2348 2142 2526 2195 laudes
2542 2143 2797 2197 hominem
2816 2158 3120 2213 quemquam
3136 2137 3323 2211 (Eccli.
3341 2136 3439 2208 XI).

2463 2251 2687 2307 CAPUT
2723 2251 2858 2306 XVI.

1886 2340 1963 2395 De
1981 2341 2119 2395 obitu
2148 2340 2312 2395 Iacob
2339 2350 2386 2395 et
2406 2342 2469 2395 de
2487 2341 2698 2422 planctu
2725 2342 3090 2412 1Egyptiorum
3113 2340 3167 2393 in
3192 2338 3443 2409 obsequiis

2597 2427 2730 2480 ejus.

1957 2497 2248 2569 Finitisque
2274 2500 2534 2569 mandatis
2555 2498 2748 2569 quibus,
2762 2497 2897 2565 ﬁlios
2914 2495 3217 2558 instruebat,
3243 2493 3442 2562 collegit

1884 2586 2036 2655 pedes
2057 2603 2177 2639 suos
2214 2601 2370 2654 super
2408 2586 2592 2639 lectum
2622 2596 2676 2639 et
2706 2584 2867 2648 obiit;
2899 2584 3259 2653 appositusque
3280 2588 3351 2632 est
3376 2577 3445 2630 ad

1884 2664 2130 2745 populum
2166 2692 2317 2745 suum
2348 2675 2494 2745 (ῼΑι).
2524 2674 2595 2745 ι).
2636 2663 2797 2744 Quod
2846 2667 3053 2725 cernens
3101 2668 3311 2737 Jasept‘t,
3340 2668 3446 2720 ruit

1884 2779 2038 2833 super
2057 2763 2239 2831 faciem
2264 2765 2427 2834 patris
2451 2765 2600 2830 ﬂens,
2638 2756 2685 2816 et
2721 2760 3025 2838 deosculans
3062 2773 3219 2821 eum;
3258 2770 3447 2825 pra'ce-

1885 2854 2054 2923 pitque
2080 2855 2237 2906 servis
2257 2854 2364 2906 suis
2387 2852 2617 2921 medicis,
2640 2862 2695 2905 ut
2725 2850 3041 2904 aromatibus
3067 2846 3327 2900 cendirent
3348 2860 3443 2912 pa—

1887 2950 2035 2995 trem.
2061 2941 2257 3009 Quibus
2278 2943 2430 3011 jussa
2470 2941 2820 3011 explentibus,,
2854 2925 3171 2992 transierunt
3214 2935 3445 3005 quadra-

1887 3032 2029 3101 ginta
2056 3031 2187 3084 dies.
2214 3030 2322 3083 Iste
2352 3031 2533 3100 quippe
2556 3020 2794 3082 mas'erat
2818 3027 3128 3080 cadaverum
3150 3020 3446 3075 condendo-

213 3103 434 3197 parare,
482 3103 601 3180 ideo
647 3103 842 3180 dicitur
889 3124 956 3179 ad
975 3138 1277 3207 nvesperatn
1322 3124 1559 3179 dividere
1581 3138 1781 3188 escam,
1810 3103 1856 3165 Ο
1890 3120 2311 3191 τπηι.,1ῖίευὶιιιιιε
2324 3136 2437 3174 eum
2461 3119 2720 3207 gyptus
2738 3116 3059 3188 septuaginta
3082 3113 3278 3165 diebus.
3306 3110 3447 3176 Qua—

216 3217 363 3288 quod
387 3224 496 3271 tota
526 3216 611 3271 die
628 3236 633 3243 -
649 3216 702 3270 in
729 3215 846 3285 lege
872 3215 1156 3279 meditans,
1180 3204 1307 3269 ante
1333 3230 1439 3271 non
1460 3214 1606 3271 fecit.
1637 3215 1789 3281 Qua:-

217 3311 359 3365 ritur
379 3318 558 3365 autem
591 3311 658 3365 de
688 3306 872 3372 Iacob,
907 3322 1010 3363 cur
1031 3322 1219 3361 omnes
1258 3322 1394 3375 quos
1418 3302 1699 3361 de‘liberis
1732 3314 1789 3359 et

219 3401 430 3456 ancillis
450 3402 650 3471 genuit,
679 3400 868 3469 aequali
887 3401 1093 3452 honore
1137 3398 1273 3452 ﬁlios
1299 3406 1353 3452 et
1376 3398 1612 3452 beet-edes
1660 3412 1787 3452 cou-

218 3492 481 3555 stituerit,
514 3490 616 3545 nisi
648 3499 705 3544 ut
738 3490 1056 3543 ostenderet
1081 3490 1223 3556 quod
1248 3486 1495 3542 Christus
1527 3486 1785 3541 Dominus

217 3583 471 3639 omnibus
495 3579 740 3650 gentibus
759 3592 877 3647 quae
901 3593 998 3648 per
1020 3579 1176 3632 ﬁdem
1216 3578 1425 3646 corpori
1464 3578 1580 3647 ejus
1609 3576 1788 3630 conci-

218 3672 441 3734 liantur,
473 3667 681 3723 cunctis
701 3667 820 3736 pari
862 3667 1064 3726 honore
1089 3676 1142 3719 et
1171 3666 1339 3736 gloria
1384 3654 1600 3729 habitis,
1628 3664 1785 3719 cccle-
1817 3671 1821 3675 ’

217 3761 324 3815 stia
357 3758 578 3830 praemia
600 3756 892 3826 largiatur?
918 3755 1031 3811 Nec
1059 3765 1141 3811 est
1170 3757 1439 3819 discretio,
1482 3753 1697 3809 Iudaeus
1717 3770 1784 3807 an

214 3849 456 3914 Gnaeus,
473 3846 733 3923 barbarus
754 3844 1055 3915 anScytba,
1073 3860 1259 3899 servus
1279 3858 1345 3898 an
1367 3845 1503 3900 liber
1524 3845 1594 3899 sit
1608 3830 1781 3912 (Rom.

214 3954 273 4003 ι,
303 3936 502 3991 Coloss.
528 3935 634 4003 ιιι),
676 3934 803 4003 quia
829 3948 939 4003 per
979 3934 1156 3988 omnia
1180 3942 1233 3987 et
1274 3935 1326 3987 in
1364 3934 1612 3988 omnibus
1634 3932 1787 3987 Chri-

216 4036 338 4083 stus
358 4024 460 4081 est.
487 4025 775 4093 Propterea
802 4024 945 4078 enim
988 4023 1209 4093 ﬁguram
1248 4023 1389 4077 servi
1426 4020 1673 4083 Salvator
1693 4035 1789 4075 no-

217 4119 335 4175 ster
363 4107 417 4172 et
459 4108 715 4173 Dominus
740 4115 947 4180 induit,
975 4123 1030 4170 et
1072 4131 1171 4185 pro
1204 4114 1371 4169 libero
1400 4124 1477 4182 et,
1496 4130 1595 4185 pro
1632 4128 1787 4169 servo

218 4194 465 4271 servivit,
490 4213 549 4260 ut
572 4204 820 4259 omnibus
845 4204 1186 4258 credentibus
1206 4204 1259 4257 in
1284 4201 1341 4258 se
1361 4204 1564 4273 azquale
1590 4203 1785 4258 donum

209 4300 483 4359 bonorum
524 4296 829 4353 cmlestium‘
865 4295 1140 4364 largiatur,
1190 4309 1289 4350 nec
1334 4294 1621 4363 praefertur
1648 4295 1787 4365 apud

191 4392 370 4448 illum
400 4390 525 4460 quid
553 4387 842 4443 secundum
863 4401 1077 4440 carnem
1100 4386 1332 4440 nobilior
1357 4386 1443 4440 sit.
1476 4385 1788 4454 Quicunque

1886 3214 2129 3283 draginta
2151 3214 2264 3267 dies
2290 3198 2572 3281 sepulturae
2590 3224 2722 3279 quos
2743 3211 3127 3274 commemorat
3147 3202 3442 3271 Scriptura,

1884 3304 2027 3359 forte
2050 3302 2351 3374 signiﬁcant
2376 3301 2573 3370 aliquid
2603 3297 2951 3368 pmnitentice,
2979 3299 3081 3364 qua‘
3125 3299 3339 3364 peccata
3365 3302 3447 3344 se-

1874 3394 2169 3464 peliuntur.
2206 3394 2320 3451 Non
2353 3394 2496 3447 enim
2523 3391 2719 3445 frustra
2762 3390 2923 3444 etiam
2952 3384 3300 3456 quadraginta
3333 3380 3448 3435 dies

1879 3483 2200 3557 jejuniorum
2230 3493 2354 3538 sunt
2405 3482 2700 3545 constituti,
2740 3480 2934 3550 quibus
2984 3476 3190 3545 Moyses
3223 3481 3277 3527 et
3305 3471 3448 3525 Elias

1885 3583 1939 3628 et
1982 3574 2238 3649 Dominus
2282 3572 2396 3641 ipse
2432 3568 2716 3640 jejnuavit,
2751 3576 2808 3623 et
2852 3565 3090 3620 Ecclesia
3125 3562 3445 3632 praecipuam

1886 3666 2313 3721 observationem
2362 3662 2688 3731 jejuniorum
2738 3656 3212 3727 Quadragesimam
3268 3659 3443 3705 vocat.

1888 3757 2039 3812 Unde
2064 3765 2117 3811 et
2146 3756 2197 3809 in
2234 3754 2455 3809 Hebraeo
2478 3754 2542 3808 de
2568 3751 2813 3806 Ninivitis
2835 3744 2971 3818 apud
3008 3746 3193 3801 Jonam
3222 3742 3447 3812 prophe-

1886 3856 1995 3901 tam
2018 3846 2276 3913 scriptum
2302 3843 2586 3912 perhibent
2610 3860 2622 3893 ε
2663 3839 3021 3910 Quadraginta
3054 3835 3163 3887 dies
3189 3842 3236 3886 et
3261 3830 3447 3884 Ninive

1886 3924 2134 3991 evertetur
2162 3934 2335 4005 (Iona:
2377 3932 2479 4003 ιιι),
2526 3939 2584 3985 ιιι
2626 3944 2721 4000 per
2748 3937 2824 3983 tot
2861 3928 2975 3982 dies
3019 3922 3448 3979 accommodatus

1886 4020 2144 4093 videlicet,
2185 4005 2541 4079 humiliationi
2590 4017 2963 4098 pmnitentium
3014 4012 3340 4082 intelligatur
3391 4010 3447 4064 in

1880 4115 2098 4184 jejuniis
2125 4130 2221 4170 sua
2251 4112 2526 4169 deﬂevisse
2553 4117 2769 4181 peccata
2795 4118 2850 4162 et
2885 4108 3199 4176 impetrasse
3242 4101 3449 4156 miseri-

1874 4206 2126 4267 cordiam
2154 4205 2269 4271 Dei.
2299 4203 2408 4258 Nec
2435 4210 2612 4255 tamen
2633 4198 2927 4269 putandum
2949 4202 3033 4250 est
3072 4195 3231 4247 istum
3264 4204 3449 4245 nume-

1888 4314 2007 4361 rum
2059 4298 2240 4352 luctui
2281 4292 2653 4365 pmnitentium
2709 4287 3074 4344 tantummodo
3124 4283 3408 4348 convenire
3431 4322 3445 4346 ,

1888 4387 2121 4457 alioquin
2148 4388 2254 4439 nan
2283 4372 2632 4452 quadraginta
2666 4377 2784 4432 dies
2809 4377 3021 4432 fecisset
3048 4375 3301 4428 Dominus
3324 4387 3449 4428 cum

219 4482 367 4539 enim
399 4479 557 4534 ﬁdem
585 4476 795 4535 Domini
840 4482 1193 4545 promeretur,
1238 4475 1397 4529 nullis
1420 4476 1642 4530 maculis
1661 4449 1785 4531 car-
1810 4449 1863 4507 D
1888 4449 2162 4547 discipulis
2188 4449 2316 4549 "suis
2342 4481 2459 4543 post
2494 4449 2951 4525 resurrectionem
2982 4465 3186 4519 intrans
3224 4476 3344 4515 cum
3370 4460 3449 4514 eis

218 4570 362 4626 nalis
377 4567 679 4623 ‘n’ativitatis
725 4566 1033 4621 oﬁ'uscatur.
1092 4564 1227 4618 Nam
1258 4566 1361 4619 hoc
1405 4565 1479 4619 ita
1525 4565 1784 4630 futurum,

219 4662 385 4716 etiam
407 4674 502 4729 per
528 4659 839 4728 prophetam
883 4656 1235 4727 signiﬁcatur,
1278 4658 1493 4712 dicente
1519 4657 1746 4713 Domino
1771 4677 1783 4711 :

220 4752 366 4818 Erit,
390 4753 446 4806 in
473 4750 759 4805 novissimis
781 4749 959 4802 diebus
985 4749 1250 4817 effundam
1277 4748 1341 4803 de
1358 4751 1546 4814 spiritu
1567 4766 1678 4804 mea
1702 4766 1791 4803 su-

217 4861 315 4915 per
338 4849 539 4897 omnem
571 4858 777 4900 carnem
799 4838 954 4911 (Joel.
974 4840 1053 4910 ιι).

296 4931 487 4987 Omnes
505 4930 558 4983 hi
576 4915 640 4982 ’in
661 4928 897 4982 tribubus
918 4924 1086 4981 Israel
1108 4928 1401 4981 duodecim.
1430 4929 1479 4982 II
1486 4948 1560 4983 ατ
1584 4931 1784 4987 locutus

220 5032 298 5077 est
319 5007 395 5075 eis
412 5029 561 5091 pater
582 5035 728 5083 suus,
751 5017 1104 5087 benedixitque
1119 5019 1335 5088 singulis
1354 5010 1785 5091 benedictionibus

220 5089 468 5183 propriis,
515 5120 563 5164 et
601 5109 841 5179 prwcepit
887 5108 961 5161 eis
1007 5108 1217 5162 dicens:
1258 5104 1377 5179 Ego
1407 5089 1687 5179 'cougregor
1716 5112 1785 5165 ad

221 5199 474 5272 populum
524 5213 733 5261 meum;
780 5197 985 5265 sepelite
1034 5214 1112 5250 me
1140 5213 1257 5249 cum
1308 5198 1537 5265 patribus
1583 5200 1708 5252 meis
1732 5202 1787 5253 in

222 5288 468 5361 spelunca
477 5287 702 5363 duplici,
724 5302 838 5356 qua:
859 5276 933 5339 est
960 5287 1013 5339 in
1033 5276 1157 5356 agro
1185 5278 1648 5354 Ephron'llet'ha'i,
1671 5304 1787 5340 con-

224 5380 311 5431 tra
340 5376 574 5431 Humbre
599 5377 653 5428 in
696 5384 834 5428 terra
878 5372 1149 5439 Chanaan,
1175 5392 1329 5440 quam
1356 5378 1476 5429 emit
1526 5376 1789 5430 Abraham

223 5484 344 5522 cum
364 5481 490 5536 agro
513 5465 576 5517 ab
606 5463 819 5534 Ephron
840 5464 1057 5518 Hetlueo
1080 5467 1133 5518 in
1154 5467 1522 5533 possessionem
1546 5466 1787 5537 sepulcri.

224 5555 310 5610 lbi
331 5554 641 5626 sepelierunt
670 5571 806 5619 eum,
857 5565 904 5608 et
936 5554 1128 5609 Soram
1157 5572 1369 5611 uxorem
1415 5558 1528 5626 ejus
1555 5576 1573 5622 ;
1619 5558 1790 5627 ibique

223 5647 457 5716 sepultus
494 5657 571 5701 est
600 5646 753 5702 Isaac
790 5664 905 5702 cum
942 5646 1167 5703 Rebecca
1212 5650 1447 5719 conjuge.
1495 5650 1575 5703 lbi
1616 5661 1662 5705 et
1692 5650 1788 5704 Lia

1891 4576 1945 4623 et
1962 4568 2168 4630 exiens,
2194 4563 2525 4626 manducans
2551 4566 2606 4614 et
2635 4558 2844 4615 bibens.
2868 4554 2971 4621 Qui
2993 4554 3111 4611 dies,
3128 4552 3311 4621 utique
3339 4562 3467 4602 ma-'

1892 4674 2009 4729 gnte
2050 4657 2245 4711 laetitia:
2272 4654 2505 4709 fuerunt.
2536 4648 2648 4704 Nec
2673 4644 2816 4704 LXX
2843 4647 3181 4715 interpretes,
3210 4654 3346 4710 quos
3370 4638 3447 4692 le-
3528 4720 3531 4724 ὶ

1894 4764 2018 4820 gere
2038 4746 2314 4819 consuevit
2339 4742 2598 4820 Ecclesia,
2644 4752 2879 4809 errasse,
2903 4735 3150 4792 credendi
3195 4740 3340 4795 sunt,
3390 4737 3450 4783 ut

1897 4817 2003 4895 non
2027 4817 2306 4891 dicerent.
2348 4817 2709 4899 Quadraginta
2755 4827 2883 4891 dies,
2932 4826 3061 4880 sed:
3116 4821 3364 4875 Triduum
3400 4828 3449 4872 et

1896 4927 2104 4982 Ninive-
2124 4932 2391 4979 evertetur.
2412 4919 2632 4987 Maiore
2658 4917 2853 4987 quippe
2878 4912 3195 4969 auctoritate
3240 4908 3449 4978 praediti

1891 5033 2051 5088 quam
2094 5016 2445 5083 interpretum
2495 5006 2739 5063 oﬁiciumr
2777 5013 2882 5068 est,
2912 5002 3224 5074 prophetico
3251 4998 3445 5069 spiritu

1891 5087 1998 5175 quo
2024 5104 2186 5157 etiam
2210 5114 2304 5155 ore
2336 5113 2448 5152 uno
2492 5097 2547 5150 in
2584 5097 2697 5149 suis
2740 5089 3281 5163 interpretationibus,
3310 5087 3449 5155 quod

1895 5207 2143 5264 magnum
2197 5187 2517 5243 miraculum
2571 5185 2691 5249 fuit,
2745 5182 3091 5238 consonuisse
3146 5179 3445 5239 ﬁrmantur,

1898 5285 2148 5339 Triduum
2195 5287 2509 5349 posuerunt,
2553 5274 2798 5344 quamvis
2834 5288 2938 5327 non
2976 5272 3281 5341 ignorarent
3307 5265 3448 5333 quod

1894 5376 2010 5431 dies
2033 5371 2381 5443 quadraginta
2413 5370 2464 5423 in
2494 5365 2733 5447 Hebraeis
2756 5364 3025 5419 codicibus
3044 5361 3364 5430 legerentur,
3390 5366 3450 5412 ut

1896 5468 1947 5519 in
1976 5462 2184 5518 Domini
2210 5460 2335 5515 Jesu
2362 5459 2565 5515 Christi
2588 5455 2987 5516 clariﬁcatione,
3029 5448 3450 5519 intelligerentnr

1895 5545 2107 5612 dissolvi
2131 5552 2439 5621 abolerique
2468 5542 2711 5619 peccata,
2737 5548 2803 5602 de
2832 5560 2939 5615 quo
2960 5545 3158 5599 dictum
3191 5550 3273 5596 est
3297 5559 3309 5595 :
3344 5540 3448 5605 Qui

1897 5648 2119 5702 traditus
2160 5656 2229 5699 est
2257 5654 2463 5713 propter
2485 5642 2670 5695 delicta
2701 5651 2899 5705 nostra,
2924 5649 2970 5692 et
3012 5636 3286 5692 resurrexit
3326 5651 3447 5703 pro-
