3948 6320
498 291 619 349 .667

1177 287 1238 340 Β.
1281 287 1531 343 RABANI
1571 286 1788 343 MAURI
1824 285 2136 342 ARCHIEP.
2182 285 2492 342 MOGUNT.
2533 289 2818 348 OPERUM
2862 294 3041 351 PARS
3078 297 3119 352 Ι.

3664 295 3770 349 668

524 414 629 458 ater
662 401 1089 472 justiﬁcationem
1133 410 1363 453 nostram
1411 399 1585 469 (Rom.
1613 398 1707 467 tv).
1757 398 2080 453 Clariﬁcatio
2110 401 2159 458 Α
2184 407 2303 453 ctus
2338 409 2419 455 est
2444 417 2542 471 per
2568 402 2785 476 Moysen
2818 408 2884 461 ab
2930 407 3163 478 [Egypto
3191 409 3465 464 liberatus.
3499 409 3594 463 Ilio
3617 411 3768 477 quip.

518 501 694 548 autem
722 491 931 546 Domini
964 491 1016 544 in
1056 490 1449 544 resurrectione
1494 498 1546 541 et
1597 487 1877 542 inccnlum
1906 503 2092 542 ascen-

514 585 665 640 sione
693 582 1056 652 cognoscitur.
1093 581 1243 635 Unde
1269 581 1350 633 bis
1383 593 1627 642 numero,
1652 580 1897 647 quamvis
1926 595 2090 633 unum

514 683 569 727 et
593 675 842 728 eumdem
872 673 1128 743 Spiritum
1181 678 1423 724 sanctum
1469 670 1633 734 dedit,
1679 670 1853 739 primo
1882 680 2091 740 postea-

514 781 676 834 quam
734 766 1048 826 resurrexit,
1078 764 1271 816 iterum
1331 769 1682 830 posteaquam
1738 764 1982 817 ascendit
2035 764 2089 818 in

515 856 733 909 caelum.
775 855 840 907 Et
864 853 1112 922 quoniam
1159 858 1282 921 post
1338 850 1571 904 triduum
1625 852 1941 917 resurrexit,
1973 859 2094 922 post

514 944 865 1012 quadraginta
897 949 1073 994 autem
1099 939 1213 994 dies
1246 941 1508 1004 ascendit,
1542 957 1704 994 unum
1736 941 1926 994 limum
1949 941 2091 1011 quod

513 1023 778 1102 posterius
804 1029 1004 1107 factum
1036 1038 1138 1093 est,
1168 1045 1265 1097 per
1311 1045 1593 1083 numerum
1644 1030 1851 1083 dierum
1879 1031 2091 1086 codices

512 1121 721 1180 Hebrtei
752 1121 1093 1191 signiﬁcant;
1126 1120 1354 1174 alterum
1395 1129 1575 1173 autem
1614 1120 1679 1173 de
1710 1122 1903 1185 triduo,
1948 1122 2089 1190 quod

511 1215 843 1269 adeamdem
868 1213 1029 1267 etiam
1069 1229 1181 1267 rem
1223 1213 1536 1282 pertineret,
1583 1212 1723 1266 LXX
1764 1227 2091 1271 commemo—

508 1323 651 1371 rare,
682 1323 787 1361 non
824 1307 1280 1375 interpretationis
1328 1307 1611 1371 servitute,
1663 1309 1756 1363 sed
1787 1310 2089 1377 prOphetite

406 1420 410 1424 ‘
506 1400 829 1454 auctoritate
852 1398 1152 1453 voluerunt.
1182 1397 1299 1452 Non
1347 1415 1475 1470 ergo
1523 1401 1765 1455 dicamus
1791 1418 1953 1455 unum
1993 1403 2089 1457 ho-

506 1506 626 1545 rum
657 1489 844 1546 falsum
876 1506 1014 1554 esse,
1048 1498 1102 1543 et
1136 1505 1232 1559 pro
1263 1490 1381 1544 aliis
1411 1492 1795 1563 interpretibus
1833 1494 2090 1551 adversus

505 1577 639 1633 alios
663 1579 951 1651 litigemus,
980 1594 1101 1632 cum
1139 1586 1192 1633 et
1223 1579 1295 1633 illi
1341 1580 1430 1651 qui
1460 1596 1525 1634 ex
1569 1581 1795 1637 llebraao
1822 1584 2087 1651 interpre-

508 1676 704 1732 tantur,
734 1671 964 1739 probent
988 1668 1140 1724 nobis
1174 1670 1278 1723 hoc
1313 1671 1570 1740 scriptum
1600 1685 1721 1727 esse
1750 1675 1891 1742 quod
1927 1676 2090 1729 inter-

2192 504 2259 558 pe
2285 490 2473 546 itinere
2518 501 2576 546 ut
2609 494 2899 563 plurimum
2948 498 3226 559 circuitur,
3262 508 3315 553 et
3348 514 3441 568 per
3478 498 3767 553 Iordanem

2194 582 2407 636 venitur
2433 584 2498 637 ad
2545 584 2955 651 Abrahamium,
2983 588 3071 641 ubi
3112 598 3236 642 sunt
3265 604 3487 657 corpora
3540 589 3770 663 patriar-

2192 672 2436 737 charum,
2479 674 2531 728 id
2570 685 2674 741 est,
2707 676 2771 731 ad
2819 687 3016 735 terram
3062 677 3336 733 Chanaan.
3369 680 3473 734 Sed
3501 682 3770 749 quomodo

2192 760 2395 813 factum
2418 760 2487 814 sit
2518 770 2575 815 ut
2603 771 2750 818 trans
2775 764 2889 819 loca
2916 765 3002 819 illa
3037 767 3104 821 ad
3141 766 3410 821 Orientem
3433 784 3629 823 versus
3656 778 3772 821 tan-

2166 856 2303 903 tum
2333 850 2518 915 iretur,
2553 860 2607 906 et
2662 853 2784 907 inde
2814 856 2880 908 ad
2908 870 2969 909 ea
3019 871 3115 925 per
3141 854 3427 911 Iordanem
3472 860 3767 920 veniretur,

2192 941 2596 1010 significationis
2620 959 2782 999 causa
2806 944 3004 1001 factum
3025 963 3142 1003 esse
3162 950 3490 1011 credendum
3511 959 3613 1013 est,
3631 950 3770 1018 quod

2190 1046 2286 1099 per
2334 1029 2620 1088 Iordanem
2666 1042 2929 1090 venturus
2983 1038 3196 1107 eratad
3250 1054 3343 1093 eas
3372 1046 3548 1094 terras
3583 1050 3768 1109 postea

2190 1120 2353 1176 Israel
2380 1124 2431 1177 in
2473 1124 2595 1179 (iliis
2624 1127 2755 1181 suis.
2800 1124 2869 1179 Et
2909 1127 3025 1196 fecit
3052 1126 3249 1181 lacuna
3293 1133 3551 1199 patrisuo
3579 1140 3769 1200 septem

2190 1211 2318 1264 dies.
2372 1211 2561 1268 Nescio
2588 1223 2769 1269 utrum
2815 1216 3118 1271 inveniatur
3164 1217 3323 1271 alicui
3376 1226 3689 1273 sanctorum
3717 1220 3767 1292 in

2192 1300 2485 1373 Scripturis
2510 1306 2837 1361 celebratum
2860 1324 2979 1363 esse
3009 1309 3213 1363 luctum
3240 1325 3434 1365 novem
3464 1310 3603 1369 dies,
3629 1310 3768 1379 quod

2190 1394 2328 1463 apud
2350 1394 2569 1451 Latinos
2590 1398 2871 1453 novendial
2919 1400 3206 1470 appellant.
3236 1400 3399 1455 Unde
3415 1400 3547 1454 mihi
3574 1401 3764 1454 viden-

2190 1490 2280 1536 tur
2306 1484 2372 1537 ab
2402 1485 2503 1539 hac
2533 1487 2921 1558 consuetudine
2948 1490 3283 1558 prohibendi,
3316 1490 3361 1543 si
3390 1492 3481 1559 qui
3508 1490 3767 1545 Christia-

2190 1589 2380 1629 norum
2422 1576 2578 1631 istum
2613 1578 2667 1632 in
2694 1581 2921 1635 mortuis
2958 1581 3070 1635 suis
3099 1596 3381 1636 numerum
3412 1589 3649 1645 servant,
3680 1583 3767 1650 qui

2191 1665 2361 1735 magis
2389 1675 2473 1721 est
2513 1667 2565 1721 in
2604 1670 2885 1739 gentilium,
2909 1672 3310 1728 consuetudine.
3345 1672 3618 1743 Septimus
3644 1689 3768 1728 vero

503 1768 817 1830 pretantur;
875 1770 927 1814 ρι
973 1759 1113 1814 Lxx
1169 1761 1521 1829 interpretum
1577 1765 1908 1828 θυριοι-ίιδε,
1961 1782 2080 1835 qua,
2114 1748 2158 1805 Β
2188 1756 2301 1810 dies
2346 1758 2724 1815 auctoritatem
2776 1761 2829 1814 in
2879 1760 3171 1832 Scripturis
3224 1764 3402 1818 habet.
3460 1763 3615 1819 Unde
3667 1763 3769 1818 alio

506 1858 656 1905 tanto
682 1850 843 1906 etiam
871 1850 1125 1905 divinitus
1155 1849 1296 1905 laeto
1346 1853 1608 1907 miraculo
1655 1856 2078 1922 commendatur,

490 1940 651 1995 'tauta
687 1942 737 1996 in
766 1942 1019 1997 Ecclesiis
1042 1950 1311 1997 vetustate
1340 1944 1605 1999 ﬁrmetur.

572 2030 793 2102 Expleta
821 2033 1058 2102 planctus
1085 2043 1331 2104 tempore,
1357 2034 1562 2090 locutus
1586 2047 1659 2092 est
1680 2038 1870 2107 Ioseph
1896 2032 1965 2092 ad
2002 2039 2083 2108 fa-

501 2121 700 2174 miliam
748 2120 1086 2176 Pharaonis:
1135 2124 1192 2178 Si
1231 2126 1401 2180 inveni
1442 2113 1664 2197 gratiam
1708 2128 1762 2180 in
1810 2139 2082 2197 conspectu

499 2223 687 2275 ve‘tro,
722 2212 991 2283 loquimini
1014 2216 1067 2268 in
1094 2218 1310 2271 auribus
1336 2216 1656 2281 Pharaonis,
1690 2235 1748 2272 eo
1772 2218 1911 2289 quod
1937 2229 2085 2289 pater

500 2320 641 2358 meus
668 2304 988 2374 adjuraverit
1022 2324 1099 2360 me
1140 2306 1314 2361 dicens
1341 2324 1358 2361 :
1402 2308 1483 2361 En
1524 2310 1738 2371 morior,
1768 2309 1821 2361 in
1849 2308 2083 2376 sepulcro

500 2410 611 2446 meo
624 2395 761 2464 quod
782 2394 892 2464 fodi
911 2397 1035 2449 mihi
1058 2398 1109 2449 in
1124 2406 1265 2451 terra
1282 2398 1535 2451 Chanaan
1551 2398 1759 2467 sepelies
1781 2416 1877 2452 me.
1902 2399 2088 2453 Ascen-

500 2488 622 2541 dam
646 2490 821 2556 igitur,
844 2501 889 2543 et
911 2491 1153 2561 sepeliam
1183 2502 1381 2562 patrem
1412 2510 1605 2557 meum,
1631 2510 1691 2545 ae
1720 2502 1961 2546 revertar.
1994 2494 2087 2546 Di-

497 2577 675 2647 :ritque
697 2580 744 2631 ei
764 2577 973 2633 Pharao
1000 2597 1017 2634 :
1040 2580 1274 2635 Ascende
1300 2592 1347 2635 et
1369 2582 1529 2653 sepeli
1552 2592 1751 2653 patrem
1775 2595 1925 2637 tuum
1950 2585 2085 2637 sicut

500 2669 781 2737 adjuratus
826 2688 900 2724 es.
934 2670 1049 2735 Quo
1098 2673 1423 2737 ascendente,
1454 2674 1623 2727 ierunt
1662 2690 1777 2727 cum
1813 2691 1872 2727 eo
1909 2691 2085 2728 omnes

498 2776 645 2817 senes
698 2760 885 2814 domus
935 2761 1285 2815 Pharaonis:
1343 2765 1615 2833 cunctique
1668 2764 1893 2834 majores
1958 2774 2086 2817 natu

504 2851 739 2920 Afgypti,
772 2851 959 2905 domus
1003 2852 1193 2919 Ioseph
1249 2870 1365 2907 cum
1412 2854 1665 2923 fratribus
1715 2856 1844 2921 suis,
1896 2856 2087 2925 absque

497 2939 732 3004 parvulis
759 2948 806 2992 et
846 2941 1086 3011 gregibus
1113 2953 1266 3014 atque
1300 2944 1567 3010 armentis,
1609 2962 1724 3016 qua:
1772 2945 2084 3017 reliquerant

498 3031 552 3083 in
580 3040 718 3085 terra
744 3030 954 3086 Cessen.
992 3032 1185 3087 Habuit
1220 3053 1419 3105 quoque
1450 3037 1501 3089 in
1527 3038 1776 3091 comitatu
1817 3055 2007 3092 currus
2035 3049 2082 3091 et

499 3124 715 3191 equites,
748 3133 794 3178 et
826 3124 964 3193 facta
996 3134 1069 3178 est
1094 3126 1251 3179 turba
1269 3144 1371 3181 non
1406 3128 1631 3198 quica.
1665 3127 1817 3194 Quod
1847 3130 2075 3184 manda-

499 3214 579 3267 vit
620 3212 815 3283 Ioseph
859 3221 1103 3283 potentes
1151 3214 1391 3287 Egypti,
1425 3226 1483 3271 ut
1528 3217 1769 3271 dicerent
1814 3216 2080 3275 Pharaoni

501 3306 716 3361 nomine
752 3305 904 3373 ejus:
958 3306 1115 3360 Pater
1159 3324 1304 3361 meus
1348 3307 1611 3376 adjuravit
1659 3323 1740 3360 me
1768 3307 1943 3362 dicens
1967 3323 1985 3360 :
2015 3309 2082 3364 In

500 3406 835 3451 monumento
860 3398 998 3468 quod
1028 3414 1118 3467 ego
1144 3398 1254 3467 fodi
1293 3398 1419 3450 mihi
1458 3400 1511 3451 in
1536 3407 1675 3451 terra
1704 3396 1980 3465 Chanaan,
2009 3401 2080 3454 ibi

499 3503 583 3540 me
612 3486 849 3556 sepelies,
899 3488 1061 3556 quaeri
1113 3496 1289 3556 potest
1320 3488 1586 3567 quomodo
1614 3505 1799 3543 verum
1838 3491 1929 3553 sit,
1959 3506 2081 3545 cum

504 3578 616 3629 haec
666 3577 829 3631 verba
867 3576 1037 3645 patris
1084 3577 1219 3647 ejus,
1277 3578 1498 3646 quando
1543 3578 1608 3633 de
1660 3596 1754 3634 sua
1807 3582 2081 3648 sepultura

501 3664 797 3730 mandavit,
850 3681 955 3719 non
990 3666 1272 3735 legantur;
1322 3667 1415 3720 sed
1447 3668 1511 3721 ad
1548 3670 1873 3722 sententiam
1915 3671 2080 3724 verba

501 3754 704 3809 referre
748 3756 1024 3817 debemus,
1068 3757 1206 3810 sicut
1252 3757 1304 3810 in
1350 3758 1469 3812 aliis
1510 3774 1669 3828 supra
1703 3759 1949 3814 similiter
1977 3762 2079 3816 ite-

502 3846 636 3899 ratis
663 3846 844 3899 verbis
871 3845 951 3900 vel
988 3847 1392 3901 narrationibus
1432 3848 1829 3904 admonuimus.
1876 3849 2079 3905 Volun-

502 3934 597 3988 tati
622 3935 765 3988 enim
812 3936 1172 4000 enuntianda,
1219 3944 1274 3990 et
1320 3938 1371 3990 in
1422 3938 1667 3991 notitiam
1719 3940 2076 4008 perferendas,

501 4034 713 4094 oportet
762 4026 923 4081 verba
977 4027 1196 4081 servire.
1247 4026 1469 4081 Fodisse
1525 4037 1703 4083 autem
1754 4030 1917 4102 Iacob
1978 4032 2076 4086 sibi

502 4115 826 4183 sepulcrum,
857 4131 1127 4185 nusquam
1158 4117 1405 4185 superius
1449 4117 1500 4172 in
1529 4116 1821 4189 Scripturis
1861 4120 2076 4190 legitur,

503 4204 598 4259 sed
626 4204 727 4258 nisi
774 4204 949 4271 ﬁeret,
978 4220 1100 4260 cum
1130 4205 1183 4259 in
1227 4206 1427 4261 eisdem
1473 4208 1631 4262 terris
1676 4218 1878 4271 essent,
1921 4211 2078 4267 modo

503 4310 609 4349 non
637 4294 941 4349 diceretur:
1000 4295 1363 4367 Veneruntque
1413 4298 1482 4350 ad
1528 4314 1704 4351 aream
1750 4299 1907 4364 Atad,
1959 4318 2077 4370 qua:

501 4385 603 4438 sita
644 4393 716 4437 est
757 4393 897 4437 trans
942 4386 1249 4440 Iordanem.
1299 4385 1396 4441 Ubi
1446 4387 1757 4443 celebrantes
1806 4394 2075 4464 exsequias
2102 4426 2153 4484 D

501 4472 715 4543 planctu
764 4490 950 4541 magno
990 4485 1141 4545 atque
1182 4477 1483 4540 vehementi,
1514 4476 1850 4545 impleverunt
1883 4481 2074 4549 septem

502 4563 632 4627 dies,
657 4572 761 4616 etc.
794 4560 929 4626 Quid
955 4563 1053 4615 sibi
1098 4564 1210 4616 vult
1239 4565 1379 4633 quod
1408 4579 1529 4619 cum
1568 4573 1853 4635 pergerent
1880 4568 1946 4619 ad
1992 4582 2077 4620 se-

502 4652 806 4721 peliendum
842 4650 1025 4714 Iacob,
1060 4650 1336 4721 Scriptura
1383 4655 1548 4709 dicit:
1599 4653 1666 4707 Et
1713 4666 1959 4710 venerunt
2008 4657 2078 4709 ad

505 4758 680 4794 aream
706 4740 864 4805 Atad,
893 4756 1010 4809 qua:
1052 4750 1125 4793 est
1157 4750 1301 4793 trans
1326 4741 1612 4796 Iordanem
1638 4745 1661 4797 Ρ
1703 4744 2079 4815 Praetergressi

505 4838 629 4883 sunt
650 4831 791 4883 enim
820 4829 993 4883 locum
1026 4829 1079 4883 in
1105 4844 1212 4898 quo
1262 4838 1379 4881 erat
1430 4840 1670 4884 n.0rtuus
1719 4832 2077 4900 sepeliendus,

434 4902 439 4903 γ
504 4917 669 4972 millia
700 4919 859 4989 (sicut
884 4920 1173 4987 perhibent
1194 4918 1285 4989 qui
1313 4920 1598 4986 noverunt)
1624 4922 1903 4990 plusquam
1926 4925 2075 4991 quin-

504 5009 781 5078 quaginta.
815 5008 1040 5079 Iantum
1080 5011 1275 5079 quippe
1314 5010 1470 5079 spatii
1516 5019 1599 5065 est
1648 5012 1766 5081 plus
1789 5000 1979 5067 ~minus
2009 5014 2075 5081 ab

504 5113 568 5152 eo
598 5098 715 5152 loco
744 5096 833 5151 ubi
866 5096 1055 5165 sepulti
1083 5107 1206 5152 sunt
1230 5100 1575 5167 patriarchae,
1621 5101 1674 5155 in
1701 5103 1895 5171 quibus
1919 5112 1971 5157 et
1990 5102 2077 5157 Ia-

502 5192 624 5256 cob,
651 5203 823 5259 usque
871 5188 937 5243 ad
977 5188 1118 5242 hunc
1145 5190 1320 5243 locum
1349 5206 1456 5260 quo
1483 5201 1576 5247 eos
1625 5193 1904 5247 advenisse
1948 5210 2105 5273 nar-‘

502 5290 673 5337 ratur.
704 5279 838 5335 Nam
868 5286 992 5349 post
1018 5277 1216 5332 factum
1241 5279 1311 5333 ibi
1334 5280 1533 5335 luctum
1560 5289 1613 5335 et
1654 5281 1926 5350 planctum
1962 5298 2077 5336 ma-

502 5386 687 5441 gnum,
718 5370 992 5425 redierunt
1030 5369 1096 5423 ad
1134 5369 1305 5443 locum
1344 5386 1501 5440 quem
1528 5373 1920 5441 praeterieram,
1959 5388 2077 5427 rur-

504 5464 594 5515 sus
614 5458 847 5515 Iordane
876 5459 1187 5531 transjecto.
1229 5459 1341 5514 Nisi
1364 5462 1484 5529 quis
1514 5460 1653 5521 forte
1680 5462 1843 5527 dicat,
1873 5463 2078 5533 aliquo-

505 5563 625 5602 rum
658 5548 893 5605 bostium
920 5549 1257 5605 vitandorum
1285 5564 1447 5605 causa
1472 5564 1569 5619 per
1594 5566 1837 5611 ercmum
1865 5555 2075 5610 venisse

508 5649 602 5692 eos
622 5650 742 5693 cum
768 5648 1012 5709 corpore,
1038 5654 1143 5710 qua
1171 5639 1257 5694 via
1298 5637 1465 5695 etiam
1501 5640 1729 5709 populus
1772 5640 1938 5706 Israel
1978 5645 2075 5701 du-

2186 1846 2303 1901 loco
2334 1848 2592 1918 scriptum
2623 1859 2705 1905 est
2734 1871 2745 1904 :
2805 1850 2999 1907 Luctus
3028 1855 3225 1907 mortui
3272 1865 3464 1925 septem
3513 1856 3721 1909 dierum
3746 1874 3762 1918 ,-

2184 1938 2319 2007 fatui
2344 1948 2543 2005 autem,
2588 1958 2764 1997 omnes
2793 1944 2902 1997 dies
2944 1945 3061 1999 vita:
3104 1946 3218 2015 ejus
3252 1945 3441 2019 (Eceli.
3473 1947 3635 2019 un).
3676 1945 3769 2001 Se-

2182 2031 2461 2098 ptenarius
2508 2040 2684 2087 autem
2733 2050 3011 2100 numerus,
3056 2045 3280 2106 propter
3329 2038 3538 2092 sabbati
3588 2053 3768 2093 sacra-

2183 2130 2443 2186 mentum,
2486 2124 2754 2194 praacipue
2778 2126 2977 2195 quietis
3023 2127 3279 2183 indicium
3308 2134 3418 2183 est.
3463 2126 3617 2184 Unde
3660 2143 3768 2182 meo

2184 2208 2289 2264 rito
2336 2212 2563 2267 mortuis
2615 2222 2870 2284 tanquam
2921 2217 3383 2286 requiescentibus
3433 2217 3724 2281 exhibetur
3750 2259 3764 2281 ,

2183 2317 2343 2370 quem
2375 2313 2552 2358 tamen
2579 2320 2860 2360 numerum
2891 2306 2944 2360 in
2987 2306 3138 2362 luctu
3159 2306 3321 2362 Iacob
3350 2309 3767 2379 decuplaverunt

2186 2390 2442 2465 Egyptii,
2474 2395 2570 2464 qui
2596 2410 2719 2450 eum
2744 2397 3083 2467 septuaginta
3111 2398 3298 2453 diebus
3321 2399 3591 2455 luxerunt.

2750 2526 2977 2584 CAPUT
3014 2528 3171 2584 XVII.
3194 2519 3198 2523 ’

2184 2612 2402 2669 Fratres
2431 2614 2623 2686 Ioseph
2652 2625 2765 2687 post
2794 2618 2989 2692 exitum
3014 2621 3181 2692 patris
3212 2623 3294 2674 sui
3319 2638 3381 2675 ac
3416 2621 3757 2692 sepulturam,

2255 2695 2438 2765 rogant
2494 2703 2556 2739 ne
2602 2702 2800 2740 memor
2862 2688 2929 2741 sit
2974 2689 3306 2759 iniquitatum
3350 2688 3480 2762 quas
3530 2691 3761 2762 fecerunt

2253 2770 2306 2807 tn
2327 2771 2462 2807 eum.
2680 2786 2685 2790 '

2254 2844 2601 2916 Reversusque
2636 2856 2712 2901 est
2742 2846 2937 2919 Ioseph
2967 2849 3021 2903 in
3045 2848 3332 2921 zEgyptum
3349 2869 3466 2906 cum
3504 2852 3761 2921 fratribus

2185 2936 2292 2988 suis
2318 2945 2365 2988 et
2393 2937 2531 2990 omni
2560 2937 2827 3001 comitatu,
2866 2938 3064 3008 sepulto
3093 2949 3258 3009 patre.
3307 2940 3422 3006 Quo
3449 2951 3675 3005 mortuo,
3697 2945 3763 2997 ti-

2186 3034 2378 3078 mentes
2416 3025 2605 3094 fratres
2636 3027 2770 3096 ejus,
2821 3038 2869 3081 et
2907 3038 3086 3086 mutuo
3114 3028 3490 3100 colloquentes:
3522 3032 3605 3086 Ne
3629 3032 3764 3099 forte

2186 3132 2382 3171 memor
2428 3117 2493 3170 sit
2521 3117 2732 3187 injuria:
2770 3135 2930 3190 quam
2972 3135 3155 3189 passus
3176 3104 3280 3189 est,
3327 3132 3379 3178 et
3403 3123 3587 3178 reddat
3617 3125 3763 3178 nobis

2183 3208 2380 3261 malum
2416 3223 2565 3261 omne
2601 3207 2741 3278 quod
2783 3208 3018 3278 fecimus,
3054 3211 3430 3269 mandaverunt
3460 3213 3551 3267 ei:
3602 3210 3768 3268 Pater

2180 3305 2300 3352 tuus
2329 3299 2565 3369 pra'cepit
2586 3298 2754 3365 nobis,
2784 3309 3061 3370 antequam
3095 3311 3415 3369 moreretur,
3450 3312 3507 3359 ut
3536 3305 3644 3358 haec
3670 3303 3769 3357 tibi

2182 3387 2344 3443 verbis
2374 3388 2516 3444 illius
2553 3384 2878 3445 diceremus:
2914 3390 3137 3448 Obsecco
3172 3403 3229 3446 ut
3259 3392 3580 3448 obliviscaris
3604 3394 3767 3449 scele-

2184 3479 2260 3532 ris
2289 3479 2511 3548 fratrum
2542 3489 2784 3545 tuorum,
2821 3490 2869 3534 et
2906 3482 3099 3550 peccati
3136 3492 3287 3553 atque
3340 3482 3559 3537 malitia:
3606 3501 3769 3554 quam

2181 3578 2521 3622 exercuerunt
2548 3570 2603 3624 in
2624 3578 2689 3623 te.
2712 3570 2825 3625 Nos
2846 3588 3047 3641 quoque
3068 3589 3277 3626 oramus
3300 3582 3354 3627 ut
3378 3590 3523 3627 servo
3546 3573 3642 3627 Dei
3674 3591 3770 3643 pa-

2184 3660 2252 3712 tri
2280 3669 2366 3712 tuo
2388 3659 2618 3714 dimittas
2644 3661 2967 3732 iniquitatem
3003 3662 3155 3717 hanc.
3190 3662 3391 3728 Quibus
3418 3664 3637 3729 auditis,
3666 3665 3769 3733 ﬂe-

2181 3751 2248 3804 vit
2275 3750 2487 3820 Ioseph;
2510 3800 2511 3803 η
2538 3763 2879 3824 oeneruntque
2922 3753 3109 3823 fratres
3138 3755 3221 3807 sui
3262 3755 3331 3808 ad
3361 3766 3578 3827 eumnet
3608 3754 3766 3825 proni

2184 3840 2464 3893 adorantes
2493 3839 2547 3893 in
2576 3849 2769 3894 terram
2799 3842 3041 3895 dixerunt
3069 3855 3086 3894 :
3118 3840 3270 3896 Servi
3301 3845 3378 3897 tui
3405 3860 3605 3897 sumus.
3642 3841 3769 3908 Qui-

2182 3926 2274 3980 bus
2303 3927 2391 3981 ille
2420 3930 2681 3998 respondit
2706 3945 2724 3982 :
2754 3928 2928 3981 Nolite
2956 3930 3155 3983 timere.
3200 3930 3344 3984 Num
3368 3930 3465 3984 Dei
3490 3948 3769 4001 possumus

2182 4019 2418 4071 resistere
2458 4017 2707 4075 voluntati
2730 4020 2755 4073 ?
2806 4018 2908 4073 Vos
2950 4021 3209 4091 cogitastis
3242 4022 3306 4076 de
3345 4038 3424 4075 me
3479 4022 3676 4076 malum
3716 4033 3768 4077 et

2184 4109 2321 4163 Deus
2352 4112 2498 4164 vertit
2531 4108 2664 4164 illud
2690 4112 2742 4165 in
2778 4111 2988 4174 bonum;
3020 4121 3075 4164 ut
3104 4112 3355 4166 exultaret
3384 4128 3491 4177 me,
3531 4115 3664 4166 sicut
3709 4114 3768 4167 in

2178 4201 2576 4268 praesentiarum
2604 4201 2830 4263 cernitis,
2883 4210 2929 4253 et
2959 4201 3128 4256 salvos
3164 4202 3355 4271 faceret
3384 4202 3578 4256 multos
3603 4220 3767 4273 popu—

2179 4287 2275 4341 los.
2314 4287 2488 4343 Nolite
2521 4301 2747 4343 rnetuere
2774 4302 2792 4340 :
2821 4306 2911 4360 ego
2939 4308 3154 4360 pascam
3181 4308 3267 4345 vos
3325 4302 3373 4346 et
3404 4292 3651 4363 parvulos
3680 4310 3769 4346 ve-

2179 4388 2335 4433 stros.
2379 4364 2788 4449 Consolatusque
2817 4390 2889 4433 est
2928 4397 3037 4445 eos,
3066 4391 3112 4434 et
3153 4380 3338 4435 blande
3360 4399 3421 4435 ac
3453 4381 3641 4435 leniter
3687 4393 3765 4435 est

2183 4466 2404 4520 locutus.
2451 4465 2516 4518 Et
2550 4466 2804 4521 'habitavit
2832 4469 2885 4521 in
2915 4468 3143 4539 Egypto
3175 4487 3293 4524 cum
3331 4472 3471 4527 omni
3502 4471 3657 4524 domo
3678 4489 3774 4541 pa-

2184 4560 2277 4611 tris
2300 4557 2658 4630 sui.Vixitque
2681 4570 2881 4613 centum
2896 4564 3263 4627 deeemannos,
3280 4575 3325 4617 et
3349 4563 3479 4618 vidit
3507 4562 3766 4634 Ephraim

2183 4648 2320 4715 ﬁlios
2372 4665 2533 4717 usque
2595 4649 2665 4701 ad
2693 4654 2897 4704 tertiam
2930 4655 3326 4721 generationem.
3392 4652 3522 4706 Filii
3563 4670 3765 4724 quoque

2187 4733 2391 4788 blachir
2429 4735 2527 4802 filii
2571 4734 2851 4800 Manasse,
2898 4739 3007 4792 nati
3049 4749 3165 4807 sunt
3209 4741 3260 4793 in
3282 4740 3497 4810 genibus
3542 4741 3761 4812 Ioseph.

2184 4822 2317 4877 Cum
2362 4826 2459 4879 bos
2496 4826 2632 4880 ﬁlios
2660 4811 2909 4891 ﬁliorum,
2955 4828 3037 4883 vel
3070 4840 3289 4899 nepotes
3329 4830 3582 4899 ﬁliorum,
3616 4811 3763 4887 dicat

2180 4911 2454 4982 Scriptura
2485 4912 2677 4984 Ioseph
2704 4916 2930 4970 videndo
2958 4916 3172 4980 vidisse,
3212 4918 3480 4986 quomodo
3511 4934 3605 4973 eos
3637 4918 3763 4987 jun-

2178 5004 2251 5071 git
2282 5003 2385 5055 illis
2414 5004 2749 5073 septuaginta
2782 5006 3016 5075 quinque
3053 5005 3534 5070 hominibus,'cum
3562 5009 3760 5075 quibus

2178 5091 2341 5145 Iacob
2364 5086 2653 5163 Egypt'um
2677 5094 2807 5148 dicit
2832 5094 3079 5159 intrasse,
3098 5096 3311 5166 quando
3324 5096 3539 5164 quidem
3563 5094 3767 5167 Ioseph

2181 5185 2507 5238 senescendo
2538 5185 2777 5252 pervenit
2808 5194 2863 5238 ut
2885 5201 2978 5239 eos
3009 5194 3161 5239 natos
3198 5185 3422 5241 videret.
3461 5185 3629 5241 Iacob
3662 5203 3769 5241 au-e

2182 5283 2289 5330 tem
2321 5289 2452 5338 cum,
2469 5276 2742 5345 ingressus
2772 5283 2915 5329 esset
2938 5275 3249 5346 Egyptum,
3279 5276 3493 5346 juvenis
3525 5284 3645 5329 erat
3672 5274 3767 5329 Io-

2180 5366 2327 5436 seph,
2365 5372 2421 5420 et
2443 5378 2564 5421 eum
2590 5372 2744 5433 pater
2771 5363 3004 5433 moriens
3031 5363 3529 5434 quinquagesimum
3563 5373 3618 5418 et
3641 5379 3768 5418 sex-

2184 5468 2295 5514 tum
2346 5458 2459 5513 fere
2496 5458 2671 5513 aetatis
2698 5471 2893 5510 annum
2922 5466 3168 5527 agentem
3197 5456 3441 5525 reliquit:
3470 5455 3611 5515 unde
3637 5468 3765 5508 con-

2182 5561 2309 5616 stat,
2354 5549 2482 5605 certi
2526 5548 2766 5625 mysterii
2799 5563 2983 5611 causa,
3030 5548 3173 5601 illum
3204 5546 3612 5625 numerum,id
3653 5554 3765 5610 est,

2184 5640 2714 5713 septuagenariumct
2742 5639 3003 5710 quintum,
3047 5639 3378 5707 Scripturam
3410 5638 3765 5695 commenda-
