3948 6314
142 361 248 416 669

1411 356 1609 414 LlBER
1649 359 1736 416 DE
1773 362 2125 421 COMPUTO.

3295 381 3395 434 670

144 492 201 529 re
234 476 511 553 voluisse.
568 475 624 532 Si
655 485 833 531 autem
878 475 1160 545 quisquam
1212 473 1397 543 exigit,
1450 476 1715 543 quomodo
1744 478 1789 536 A
1821 496 1878 532 ra
1906 481 2027 544 ista,
2059 482 2127 536 ad
2163 493 2352 537 terram
2378 502 2533 553 quam
2547 486 2746 555 juravit
2776 487 3033 539 Abraham
3064 486 3213 540 Isaac
3236 501 3279 540 et
3304 491 3398 541 ,Ια-

141 568 306 620 etiam
342 567 634 621 secundum
650 566 883 620 historiae
914 564 1069 619 fidem
1100 579 1282 618 verum
1297 564 1394 628 sit,
1410 562 1575 620 Iacob
1592 582 1711 620 cum

140 656 479 726 septuaginta
504 657 737 726 quinque
763 656 1042 709 animabus
1064 655 1116 707 in
1150 653 1427 723 Egyptum
1459 655 1712 719 intrasse,

142 764 249 800 non
282 747 373 801 illo
408 762 512 800 uno
542 746 644 809 die,
694 762 801 816 quo
818 744 1113 813 venit,ejus
1156 745 1456 815 ingressum
1502 756 1713 817 oportet

138 836 391 907 intelligi,
444 837 537 891 sed
579 838 702 906 quia
734 836 787 890 in
827 835 949 889 {iiiis
979 835 1090 889 suis
1128 835 1441 905 plerumque
1478 837 1715 905 appella—

142 936 230 979 tur
263 924 453 990 Iacob,
503 927 605 981 hoc
642 934 724 979 est
752 926 804 978 in
848 926 1076 993 posteris
1112 926 1245 989 suis,
1284 934 1336 978 et
1378 941 1475 993 per
1518 925 1714 995 Ioseph

139 1034 264 1071 eum
292 1026 505 1073 constat
529 1019 582 1072 in
608 1018 897 1088 Egyptum
928 1018 1175 1082 intrasse,
1208 1018 1461 1071 introitus
1489 1019 1605 1087 ejus
1630 1035 1717 1072 ac-

139 1110 423 1178 cipiendos
444 1118 527 1165 est
550 1110 785 1179 quandiu
812 1098 950 1163 vixit
967 1108 1183 1177 Ioseph,
1213 1123 1309 1177 per
1329 1118 1487 1176 quem
1517 1108 1714 1163 factum

137 1207 221 1253 est
258 1208 320 1253 ut
353 1200 594 1255 intraret.
648 1200 781 1254 Toto
828 1199 1024 1267 quippe
1075 1198 1163 1252 illo
1210 1206 1451 1266 tempore
1479 1199 1627 1252 nasci
1662 1208 1717 1252 et

137 1290 324 1343 vivere
352 1297 641 1359 potuerunt
661 1304 847 1343 omnes
872 1289 963 1357 qui
992 1297 1499 1352 commemorantur,
1525 1296 1581 1341 ut
1603 1303 1718 1357 sep-

137 1382 381 1453 tuaginta
417 1382 652 1452 quinque
683 1381 874 1433 animre
903 1381 1293 1448 compleantur,
1325 1394 1495 1449 usque
1524 1380 1587 1433 ad
1625 1393 1719 1433 ne-

134 1485 292 1545 potes
318 1478 618 1547 Benjamin.
650 1476 739 1531 Sic
766 1477 909 1530 enim
939 1476 1098 1530 dicit:
1134 1474 1205 1527 lli
1225 1475 1323 1543 ﬁlii
1346 1473 1456 1529 Liw
1480 1491 1609 1545 quos
1626 1489 1721 1559 pe-

134 1568 266 1637 perit
301 1568 398 1636 ipsi
432 1566 596 1625 Iacob
625 1566 677 1620 in
708 1565 1080 1637 Mesopotamia
1111 1562 1281 1636 Syria:
1324 1563 1654 1636 (Gemxxxv
1675 1567 1713 1633 ).

134 1656 390 1725 Loquens
422 1657 581 1711 etiam
612 1656 676 1711 de
731 1656 814 1710 his
850 1655 939 1723 qui
970 1670 1074 1709 non
1102 1663 1255 1709 erant
1280 1655 1409 1718 nati,
1458 1656 1580 1723 quia
1599 1652 1719 1707 illic

132 1756 389 1813 parentes
420 1762 603 1801 eorum
634 1761 699 1800 ex
737 1746 931 1814 quibus
967 1746 1076 1799 nati
1120 1755 1245 1799 sunt
1296 1752 1596 1814 pepererat,
1646 1744 1717 1805 ibi

1815 570 1927 620 cob.
1959 567 2189 639 Cumque
2232 574 2523 639 adiurasset
2550 592 2633 628 eos
2658 585 2811 643 atque
2840 576 3076 636 dixisset,
3113 575 3249 627 Deus
3279 578 3399 629 risi-

1814 660 1941 713 tabit
1981 678 2091 725 vos,
2136 674 2393 731 asportate
2432 668 2692 719 vobiscum
2735 683 2851 719 ossa
2886 683 2998 718 mea
3034 667 3095 718 de
3128 666 3240 719 loco
3279 669 3395 729 isto,

1813 760 2047 804 mortuus
2073 761 2166 811 est,
2196 752 2407 821 expletis
2434 765 2633 808 centum
2658 758 2830 809 decem
2855 758 2970 810 vita:
2994 773 3104 809 sine
3134 759 3322 819 annis;
3352 767 3399 809 et

1814 840 2053 893 conditus
2108 842 2449 904 aromatibus,
2480 846 2729 912 repositus
2753 858 2824 898 est
2852 847 2904 898 in
2937 846 3107 899 loculo
3136 846 3188 897 in
3232 845 3400 914 θερμ-

1812 938 1919 997 pto.
1944 928 2141 998 Ioseph
2164 931 2323 1000 igitur
2350 932 2465 1000 qui,
2490 933 2629 985 sicut
2658 942 2809 1000 pater
2834 936 2949 1005 ejus
2971 934 3158 997 Iacob,
3192 944 3393 987 terram

1816 1020 2247 1088 repromissionis
2287 1029 2395 1074 tota
2441 1032 2616 1077 mente
2662 1024 3019 1089 desiderabat,
3081 1027 3401 1081 incolatum-

1814 1124 1917 1176 quc
1947 1107 2162 1177 Egypti
2194 1110 2581 1174 detestabatur,
2616 1113 2892 1167 moraliter
2923 1130 3019 1167 nos
3055 1115 3295 1176 instruit,
3340 1124 3398 1168 ut

1815 1199 2070 1265 quamliu
2112 1200 2279 1253 simus
2336 1201 2389 1253 in
2431 1202 2532 1255 hoc
2599 1202 2815 1265 mundo,
2875 1217 3086 1269 seraper
3125 1204 3398 1258 desidere-

1817 1304 1936 1341 mus
1984 1290 2189 1359 ingredi
2232 1298 2427 1344 terram
2464 1292 2754 1346 viventium
2785 1333 2798 1357 ,
2842 1293 3025 1362 ibique
3063 1295 3399 1362 requiescere

1816 1388 2089 1450 optemus:
2130 1380 2269 1447 quod
2317 1388 2442 1434 tunc
2484 1381 2640 1452 digne
2682 1383 2761 1447 tit,
2810 1384 2854 1437 si
2896 1398 3181 1436 numerum
3229 1398 3400 1437 anno-

1817 1485 1935 1522 rum
1978 1470 2151 1524 actatis
2193 1471 2357 1539 ipsius
2394 1472 2631 1526 moribus
2664 1473 2951 1528 imitemur.
3004 1474 3231 1529 Centum
3267 1489 3396 1542 ergo

1818 1571 1872 1616 et
1902 1564 2081 1616 decem
2110 1562 2231 1616 vita:
2262 1578 2371 1617 sum
2414 1564 2571 1617 annis
2599 1564 2845 1632 expletis,
2890 1576 3136 1619 mortuus
3172 1573 3273 1619 est.
3335 1564 3401 1618 Et

1819 1668 1916 1707 nos
1948 1652 2256 1707 studt-amns
2277 1668 2382 1723 quo
2412 1669 2506 1723 per
2536 1653 2770 1723 decalogi
2804 1654 3202 1707 observantiam
3245 1653 3309 1707 ad
3338 1669 3403 1707 2e.

1820 1752 2026 1797 lernam
2052 1743 2457 1806 beatitudinem,
2484 1758 2644 1811 quam
2669 1743 3011 1796 centonarius
3033 1758 3288 1795 numerus
3313 1743 3404 1795 de-

134 1852 228 1891 eos
255 1837 552 1905 perlubens
590 1846 762 1898 natos,
803 1835 1057 1903 quoniam
1097 1850 1255 1889 causa
1286 1850 1388 1902 qua
1434 1832 1722 1889 na'sceren-
1751 1824 1795 1883 B
1824 1834 2017 1904 signat,
2052 1833 2442 1902 perveniamus.
2498 1831 2757 1886 Conditus
2790 1847 3002 1900 (pioque
3035 1841 3118 1885 est
3151 1832 3263 1899 ipse
3302 1830 3399 1883 Io-

133 1936 221 1979 tur
252 1926 328 1980 ibi
360 1935 484 1980 nata
512 1934 612 1989 est,
639 1926 691 1979 id
725 1933 826 1990 est,
860 1933 1109 1995 parentes
1138 1940 1322 1979 eorum
1353 1940 1488 1993 quos
1517 1924 1610 1978 Lia
1642 1925 1715 1978 ibi

134 2017 426 2085 pepererit.
468 2016 542 2069 lta
574 2018 823 2084 quoniam
861 2029 1023 2069 causa
1066 2014 1297 2067 intrandi
1335 2015 1386 2067 in
1424 2014 1714 2084 Egyplum

131 2102 303 2159 Iacob
334 2104 387 2159 in
430 2104 624 2175 Ioseph
654 2105 857 2167 habuit,
901 2113 1065 2158 totum
1094 2113 1299 2173 tempus
1330 2120 1435 2173 quo
1467 2105 1516 2157 in
1559 2103 1719 2175 [Egy-

132 2203 225 2263 pto
256 2196 397 2250 vixit
438 2194 655 2264 Ioseph,
681 2195 945 2265 ingressio
985 2204 1100 2273 erat
1133 2193 1297 2249 Iacob
1331 2195 1386 2247 in
1423 2193 1725 2265 IEgyptum

132 2300 227 2354 per
260 2302 419 2339 suam
466 2286 792 2355 progeniem,
842 2300 962 2354 qua:
1005 2284 1095 2339 illo
1134 2285 1255 2339 vivo
1293 2288 1711 2355 propagabatur,

131 2390 228 2445 per
263 2390 428 2444 quem
470 2374 667 2430 factum
704 2383 787 2430 est
812 2384 869 2429 ut
907 2375 1293 2445 ingrederetur.

705 2488 928 2544 CAPUT
960 2488 1139 2543 XVIII.

135 2577 211 2631 De
238 2595 298 2631 eo
322 2580 467 2672 quod
506 2580 707 2672 Josepit‘
741 2580 928 2672 fratres
968 2598 1089 2634 suos
1125 2581 1408 2650 adjuravit,
1453 2591 1708 2672 quatenus

205 2651 523 2720 egredientes
548 2649 889 2719 ex'zEgypto,
938 2666 1059 2704 ossa
1099 2649 1198 2704 sua
1227 2666 1397 2704 secum
1442 2649 1709 2720 portarent

201 2728 316 2786 post
340 2719 535 2772 obitum
563 2720 744 2790 ipsius.

206 2828 437 2884 Locutus
459 2842 531 2885 est
556 2839 725 2885 autem
749 2829 940 2901 Ioseph
963 2830 1212 2900 fratribus
1244 2831 1389 2884 suis:
1420 2828 1544 2883 Post
1574 2847 1712 2883 mor-

138 2926 237 2977 tem
256 2936 426 2973 meum
451 2920 587 2975 Deus
610 2921 834 2975 visitabit
857 2919 1039 2987 vos,'et
1060 2923 1331 2976 ascendere
1352 2923 1508 2991 faciet
1524 2922 1586 2975 de
1608 2936 1711 2975 ter-

1820 1925 1949 1993 seph
1982 1924 2329 1986 aromatibus,
2372 1931 2426 1977 et
2452 1923 2717 1992 repositus
2748 1923 2800 1976 in
2849 1922 3021 1977 loculo
3061 1924 3113 1976 in
3149 1921 3401 1992 1Egypto.

1821 2012 2049 2067 Loculus
2091 2020 2173 2066 est
2220 2028 2314 2067 vas
2357 2014 2755 2081 repositorium,
2799 2013 2886 2067 ubi
2927 2013 3133 2082 aliquid.
3170 2014 3235 2065 ad
3278 2028 3404 2066 con-

1822 2103 2147 2157 servandum
2189 2104 2613 2158 commendatur.
2660 2102 2703 2158 Ο
2728 2102 2855 2157 felix
2892 2103 3095 2166 anima,
3144 2118 3261 2171 qua:
3291 2118 3405 2156 aro-

1822 2194 2055 2249 matibus
2086 2194 2352 2259 virtutum
2396 2194 2632 2258 condita,
2680 2194 2732 2247 in
2787 2189 2888 2247 hoc
2937 2193 3255 2262 corpusculo
3310 2193 3404 2245 de-

1822 2298 1970 2353 gens,
2003 2281 2242 2351 quotidie
2271 2282 2599 2351 proficiendo
2636 2281 2857 2352 perenni
2902 2283 3025 2336 vitae
3056 2282 3403 2336 reservatur!

1822 2372 1951 2427 Sine
1986 2373 2166 2437 dubio,
2208 2373 2253 2426 si
2283 2373 2371 2426 tali
2428 2374 2769 2427 condimento
2802 2374 3040 2433 condita,
3074 2374 3124 2426 in
3158 2372 3281 2434 fide,
3313 2387 3406 2440 spe

1820 2472 1873 2517 et
1901 2463 2163 2518 charitate
2203 2464 2467 2520 custodita
2515 2463 2693 2529 fuerit,
2759 2480 2855 2533 per
2911 2464 3138 2534 gratiam
3183 2461 3404 2518 Christi.

1818 2555 1883 2607 ad
1914 2554 2105 2609 divinze
2148 2553 2615 2623 contemplationis
2651 2556 2885 2624 speciem
2917 2554 3201 2623 pervenire
3233 2567 3404 2606 mere-

1814 2646 1979 2699 bitur.
2013 2645 2177 2715 Cujus
2211 2646 2424 2714 adeptio
2462 2646 2699 2715 perfecta
2721 2653 2803 2699 est
2828 2645 3035 2708 laetitia,
3066 2658 3227 2713 quam
3254 2642 3400 2695 Psal-

1822 2736 1978 2790 mista
2010 2736 2180 2790 oculis
2223 2735 2345 2790 ﬁdei
2377 2736 2642 2805 aspiciens
2688 2737 2763 2791 ait
2792 2754 2803 2789 :
2834 2735 3148 2803 Adimplebis
3174 2750 3275 2798 me,
3300 2733 3406 2786 Do-

1819 2825 1977 2890 mine,
2018 2824 2202 2878 laatitia
2233 2841 2353 2878 cum
2382 2826 2524 2878 vultu
2562 2835 2672 2891 tuo,
2714 2825 3082 2880 delectationes
3109 2826 3164 2878 in
3193 2825 3405 2878 dextera

1816 2926 1907 2968 tua
1940 2932 2099 2987 usque
2126 2916 2181 2969 in
2208 2916 2365 2985 ﬁnem
2395 2914 2577 2988 (Psal.
2612 2917 2719 2989 cv).
2752 2918 2945 2972 Amen.

728 3238 1297 3366 ΒΕΔΤῙ
1372 3236 1712 3349 BA!

1813 3236 2121 3347 IN!
2198 3234 2816 3347 MAURI

865 3444 1153 3501 ABBATIS
1193 3443 1578 3502 FULDENSIS
1616 3443 1706 3499 ET
1745 3440 2130 3500 MOGUNTINI
2168 3441 2690 3498 ARCHIEPISCOPI

576 3637 1246 3779 LIBER
1391 3638 1679 3775 DE

1819 3632 2979 3781 COMPUTO.

1541 3898 1781 3977 (ANNO
1824 3895 1988 3976 δερ.)

1266 4059 1471 4119 (Belum.
1499 4060 1808 4113 Miscellanea
1828 4073 1982 4121 sacra,
2009 4070 2126 4112 tom.
2154 4062 2248 4124 ll.)

727 4268 1113 4326 PROLOGUS.

201 4363 411 4418 Dilecto
438 4360 592 4415 fratri
614 4360 930 4417 MARCHANO
957 4366 1221 4419 monacho
1246 4365 1493 4421 [hamus
1515 4382 1709 4437 pecca-

135 4463 217 4509 tor
250 4453 305 4507 in
333 4450 549 4507 Christo
575 4451 821 4505 salutem.
865 4520 879 4525 _

201 4542 458 4614 Legimus
485 4541 741 4611 scriptum
786 4541 841 4594 in
887 4540 1227 4606 Proverbiis:
1272 4544 1459 4599 Melior
1497 4556 1572 4601 est
1616 4565 1709 4603 sa-

132 4634 327 4704 pientia
357 4632 555 4685 cunctis
583 4630 989 4700 pretiosissimis,
1018 4643 1066 4685 et
1103 4650 1251 4687 omne
1286 4635 1626 4691 desiderabile
1661 4639 1709 4691 ei

135 4738 235 4775 non
260 4728 430 4791 potest
457 4720 770 4790 comparari.
794 4718 937 4784 Ideo,
972 4720 1139 4775 frater
1173 4722 1547 4790 dilectissime,
1587 4742 1709 4797 gra-

134 4813 234 4866 tias
258 4825 363 4881 ago
392 4811 518 4874 Deo,
548 4810 637 4878 qui
670 4809 764 4863 tibi
787 4809 902 4877 ejus
939 4826 1175 4865 amorem
1219 4814 1529 4883 inspiravit,
1556 4818 1708 4886 cujus

134 4902 407 4969 possessio
451 4902 635 4956 mundi
684 4901 899 4956 divitias
940 4903 1235 4957 contemnit
1280 4913 1435 4974 teque
1478 4906 1709 4960 reddidit

134 5007 229 5045 suo
270 4992 479 5062 fulgore
518 4992 829 5047 decoratum
872 5004 925 5049 et
955 4998 1213 5065 proximis
1259 5000 1363 5054 tuis
1398 4994 1737 5069 profectum?

134 5094 269 5133 sum.
300 5081 528 5136 Petebas
552 5097 681 5153 ergo
704 5091 765 5136 ut
791 5084 1106 5152 quibusdam
1137 5086 1203 5140 de
1236 5099 1485 5158 computo
1515 5106 1707 5159 propo-

136 5168 419 5226 sitionibus
447 5189 742 5243 earumque
768 5176 943 5230 minus
970 5176 1223 5246 perfectis
1249 5182 1703 5249 responsionibus,

136 5276 268 5329 quas
298 5261 433 5315 mihi
456 5263 777 5331 protuleras,
801 5266 983 5319 nescio
1010 5281 1039 5319 a
1067 5268 1259 5335 quibus
1282 5270 1575 5334 confectas,
1598 5281 1705 5341 sty-

136 5343 243 5399 lum
265 5345 601 5410 adhiberem,
617 5362 813 5416 easque
836 5349 930 5403 tibi
952 5350 1238 5406 lucidiores
1260 5352 1557 5408 redderem.
1582 5356 1703 5409 Feci

137 5443 394 5502 quantum
433 5436 618 5504 potui,
665 5439 760 5491 sed
799 5455 905 5494 non
936 5455 1001 5495 eo
1032 5443 1217 5496 ordine
1255 5460 1360 5513 quo
1398 5444 1467 5497 ibi
1502 5447 1705 5514 positas

137 5526 342 5593 reperi;
372 5527 497 5597 quia
527 5528 745 5584 cunfusa
776 5533 943 5587 series
966 5534 1069 5587 vim
1101 5536 1450 5604 cognoscendi
1485 5538 1703 5591 abstulit

137 5623 182 5663 et
216 5615 432 5670 mdium
462 5617 706 5672 lectionis
733 5619 952 5674 invexit.
996 5622 1253 5693 Pleraque
1276 5638 1403 5693 ergo
1427 5640 1545 5693 quas
1572 5628 1700 5681 mihi

142 5720 302 5773 uzagts
333 5709 637 5763 necessaria
676 5710 990 5765 videbantur
1016 5714 1225 5775 addidi,
1268 5723 1321 5767 et
1362 5717 1605 5771 ordinem
1648 5719 1699 5772 in

1814 4273 1945 4343 ipsis
1970 4274 2133 4329 rebus
2156 4262 2440 4341 disponere
2466 4274 2737 4329 contendi.
2764 4272 2890 4327 inde
2925 4288 3139 4344 quoque
3177 4278 3389 4343 evenit,

1813 4365 1939 4419 dum
1984 4364 2231 4418 brevitati
2280 4364 2549 4418 studerem
2572 4406 2586 4429 ,
2620 4362 2688 4419 et
2731 4374 2910 4417 tamen
2943 4365 3180 4433 ipsarum
3212 4384 3391 4423 rerum

1736 4430 1781 4495 (ἶ
1811 4452 2093 4506 veritatem
2120 4451 2423 4521 patefacere
2450 4452 2642 4507 vellem
2662 4493 2676 4517 ,
2712 4453 2850 4520 quod
2882 4430 3039 4508 unius
3078 4455 3196 4509 libri
3226 4472 3395 4525 quan:

1810 4544 2018 4599 titatem
2047 4543 2285 4597 devitarc
2331 4558 2437 4597 non
2483 4540 3041 4611 possum..Composui
3070 4545 3284 4611 quidem
3321 4562 3387 4608 ex

1810 4648 2034 4687 numero
2063 4641 2117 4688 et
2155 4641 2451 4700 temporum
2493 4631 2735 4687 articulis
2764 4632 3051 4701 quemdam
3098 4634 3387 4703 dialogum,

1808 4732 1863 4777 et
1885 4723 2089 4777 nomini
2120 4730 2212 4776 tuo
2235 4722 2409 4791 ipsum
2439 4721 2651 4785 dicavi;
2694 4722 2748 4775 in
2788 4737 2892 4790 quo
2921 4738 3039 4791 qum
3078 4726 3387 4778 necessaria

1807 4814 1941 4868 mihi
1966 4814 2316 4876 videbantur,
2360 4812 2756 4883 interrogandi,
2800 4813 3039 4882 discipuli
3071 4816 3306 4877 nomine,
3334 4825 3388 4871 et

1807 4918 1927 4972 qua:
1970 4901 2356 4971 respondendi,
2405 4901 2648 4972 magistri
2681 4902 2935 4957 vocabulo
2974 4906 3289 4972 praenotavi.
3322 4907 3387 4960 Et

1807 5007 1913 5046 non
1940 4994 2051 5045 haec
2080 4991 2450 5045 tantummodo
2478 4992 2709 5061 propriis
2738 4991 3256 5058 ratiocinationibus,
3292 4996 3384 5048 sed

1806 5086 1967 5137 etiam
2010 5098 2077 5137 ex
2122 5084 2465 5151 antiquorum
2506 5082 2668 5144 dictis
2711 5090 2765 5135 et
2807 5091 3115 5137 sanctorum
3159 5084 3383 5138 Patrum

1806 5172 2085 5226 sententiis
2123 5171 2356 5225 enodare
2384 5172 2586 5225 curavi.
2628 5171 2781 5235 ideo,
2831 5172 2996 5227 frater
3030 5174 3376 5237 charissime,

1805 5264 1917 5316 haec
1945 5262 2153 5331 legens,
2182 5262 2321 5316 scias
2351 5277 2433 5315 me
2480 5278 2583 5317 non
2624 5262 2922 5318 dillicultali
2969 5267 3252 5319 verborum
3288 5276 3381 5320 aut

1802 5352 2117 5405 obscuritati
2150 5352 2538 5406 sententiarum
2572 5354 2858 5417 studuisse,
2890 5356 2997 5408 imo
3025 5355 3193 5423 magis
3220 5355 3379 5423 plana

1802 5456 2025 5511 qumque
2066 5442 2349 5511 faciliaque
2376 5443 2673 5513 collegisse,
2705 5452 2756 5498 et
2784 5459 2901 5512 quae
2939 5459 3001 5497 ex
3046 5445 3264 5513 proprio
3300 5446 3381 5498 in-

1804 5533 1967 5597 serui,
2014 5534 2081 5587 ad
2125 5534 2519 5588 dilucidandam
2568 5537 2734 5604 ipsam
2779 5535 3058 5589 veritatem
3105 5535 3381 5592 laborasse

1802 5626 1973 5694 magis
1999 5641 2161 5694 quam
2184 5625 2409 5681 aliorum
2437 5627 2715 5696 imperitiae
2744 5626 3042 5681 insultasse.
3075 5626 3211 5693 Nulli
3235 5628 3377 5682 enim

1805 5735 1887 5775 me
1916 5718 2181 5788 pnefero;
2222 5720 2314 5774 sed
2351 5720 2485 5773 bene
2506 5718 2872 5787 quaerentibus
2906 5729 2960 5774 et
2994 5720 3150 5774 fidem
3194 5722 3379 5775 catho-
