3948 6350
575 210 726 303 su

1228 249 1287 304 Β.
1327 247 1579 307 RABANI
1618 249 1833 306 MAUBI
1867 250 2179 308 ARCHIEP.
2225 250 2527 309 MOGUNT.
2565 254 2844 314 OPERUM
2882 258 3061 315 PARS
3098 260 3135 315 l.

3694 268 3793 323 672

569 354 731 416 liram
774 361 875 414 rite
918 362 1262 417 servantibus
1300 375 1400 430 pro
1450 362 1662 417 modulo
1711 378 1832 418 meo
1883 364 2131 419 comitem
2162 369 2209 427 Α
2235 371 2439 418 mutata
2466 373 2565 420 est.
2596 365 2731 422 Hine
2760 376 3058 437 temporum
3078 374 3238 427 vices.
3267 373 3401 429 Hiue
3428 386 3612 431 motus
3630 386 3796 431 astro-

573 450 830 520 spondeo,
856 466 918 506 ae
936 448 1202 521 juniorem
1224 452 1411 507 subdo.
1436 450 1588 519 Quod
1610 453 1740 508 mihi
1762 455 1940 509 divina
1965 456 2136 527 gratia

571 538 867 605 concedat;
904 551 961 595 ut
988 541 1221 610 quandiu
1251 542 1448 603 vivam,
1489 558 1765 603 servorum
1800 544 1998 601 Christi
2024 563 2137 607 ser.-

575 630 742 690 vitor,
766 638 820 685 et
847 631 983 684 bene
1024 631 1323 685 docentium
1370 632 1604 698 auditor,
1633 641 1688 689 et
1714 634 1865 689 bene
1893 636 2138 691 laboran-

576 720 707 774 tium
729 718 1084 788 aliquantulos
1121 717 1329 786 adjutor
1358 721 1606 775 existam.
1624 721 1970 779 Dilectionem
1991 733 2135 777 tuam

574 807 823 876 majestas
863 805 1064 861 Christi
1094 822 1241 889 nunc
1276 815 1330 862 et
1368 808 1433 862 in
1466 818 1778 879 perpetuum
1819 827 2135 867 conservare

570 897 837 968 dignetur,
863 907 1046 953 sancte
1081 897 1266 964 frater,
1292 903 1797 957 memoremnostri.
1823 901 2056 957 Obsecro
2077 910 2135 955 ut

570 998 770 1057 quanto
794 988 954 1044 citius
970 988 1460 1059 ‘possisrexempla‘r
1483 990 1637 1057 istius
1666 991 1785 1047 libri
1805 1031 1820 1055 ,
1864 993 2005 1061 quod
2038 992 2135 1046 tibi

568 1079 634 1132 ad
666 1080 1066 1136 rescribendum
1090 1081 1285 1145 direxi,
1316 1081 1589 1144 absolvas,
1620 1089 1675 1137 et
1708 1083 1839 1137 mihi
1871 1083 2131 1138 remittas.

569 1168 716 1224 Vale.
1158 1198 1162 1202 -
1421 1204 1429 1211 -
1492 1211 1495 1215 -
1652 1222 1655 1225 λ
1726 1224 1733 1231 ,

1088 1239 1314 1310 Explicit
1337 1242 1600 1313 prologue.

876 1378 1333 1527 INCIPIT
1378 1379 1814 1531 LIBER.

633 1647 766 1715 Quia
794 1658 878 1716 te,
914 1652 1215 1707 venerande
1252 1662 1579 1723 praeceptor,
1625 1655 1820 1724 stepius
1840 1648 2027 1710 audivi
2064 1655 2131 1723 de

564 1741 802 1794 numeris
846 1740 1205 1810 disputantem
1237 1743 1618 1815 discipulisqué
1654 1746 1758 1803 tuis
1797 1746 1954 1816 hujus
1998 1732 2132 1802 artis

562 1829 895 1900 disciplinam
928 1834 1383 1890 demonstrantem
1402 1877 1415 1899 ,
1444 1850 1635 1904 precor
1663 1845 1723 1890 ut
1757 1837 1911 1891 nobis
1934 1828 2095 1891 etiam
2114 1879 2128 1902 ,

562 1912 650 1988 qui
675 1922 985 1976 maturioris
1004 1922 1115 1992 jam
1145 1938 1330 1978 sumus
1365 1926 1538 1980 mtatis
1557 1966 1572 1990 ,
1601 1941 1707 2003 non
1734 1926 2007 2000 pigrite'ris
2034 1921 2132 1981 ali-

560 2012 703 2079 quod
747 2013 1010 2068 conﬁcere
1048 2016 1395 2083 opusculum,
1438 2031 1544 2085 quo
1586 2026 1824 2072 nostram
1865 2016 2132 2086 possimus

559 2102 801 2157 excitare
843 2104 1092 2160 inertiam
1136 2115 1193 2161 et
1237 2106 1624 2177 aliquantulum
1671 2108 1736 2163 de
1782 2122 2130 2161 numerorum

564 2194 991 2263 capere'peritia.

1170 1590 1450 1605 *-

1072 2285 1295 2342 εΑιδυτ
1332 2284 1618 2342 PRIMUM.
1676 2268 1680 2272 ‘

1001 2373 1079 2427 De
1106 2390 1437 2429 numerorum
1468 2377 1716 2447 potentia.

634 2460 929 2516 MAGISTEB.
958 2462 1101 2518 Bene
1131 2466 1317 2529 etiam,
1349 2465 1542 2521 dilecte
1567 2468 1755 2532 frater,
1784 2483 1973 2539 rogas,
2004 2469 2145 2538 quia‘

561 2552 721 2622 hujus
745 2553 1035 2623 disciplina:
1060 2557 1210 2625 cupis
1242 2557 1440 2612 habere
1462 2560 1706 2613 notitiam
1733 2575 1894 2628 quam
1924 2565 2158 2615 constat“

560 2641 799 2694 omnium
845 2636 1244 2712 disciplinarum
1287 2643 1407 2715 esse
1453 2635 1783 2716 magistram.
1836 2646 1952 2701 Non
1989 2647 2133 2701 enim

560 2730 702 2783 ratio
736 2746 1080 2801 numerorum
1120 2736 1510 2789 centcmnenda
1546 2743 1660 2800 est,
1694 2736 1819 2804 quia
1856 2737 1908 2790 in
1954 2736 2136 2791 multis

559 2828 866 2875 sanctarum
904 2821 1301 2892 Scripturarum
1343 2824 1474 2879 Iocis
1514 2835 1771 2893 quantum
1816 2827 2134 2896 mysterium

560 2912 724 2967 habet
753 2912 943 2988 elucet.
976 2913 1090 2968 Non
1126 2915 1287 2968 etiam
1330 2914 1528 2969 frustra
1573 2917 1626 2969 in
1662 2916 1907 2971 laudibus
1932 2917 2023 2971 Dei
2048 2917 2134 2970 di-

560 3012 706 3057 ctum
743 3013 827 3057 est
855 3022 866 3056 :
911 2994 1099 3057 Omnia
1122 3005 1174 3057 in
1199 3021 1441 3058 mensura
1468 3014 1515 3059 et
1540 3006 1593 3058 in
1622 3023 1835 3059 numero
1864 3006 1985 3060 etin
2006 3001 2135 3076 poin-

2238 467 2359 505 rum
2388 453 2614 522 caelique
2640 458 2921 512 conversid
2947 459 3276 531 intelligitur.
3318 461 3544 533 Proprie
3567 465 3682 535 ipsa
3707 483 3797 520 ua-

2238 549 2354 595 tura
2385 558 2763 612 numerorum,
2801 550 2976 603 omnis
3003 557 3268 606 astrorum
3300 569 3492 611 cursus
3521 556 3798 627 omnisque

2235 635 2596 699 astronomica
2627 637 2761 693 ratio
2786 638 3074 693 constituta
3100 648 3200 693 est.
3242 640 3331 697 Sic
3352 647 3496 698 enim
3533 657 3685 701 ortus
3702 663 3796 701 oc—

2235 736 2495 791 casusque
2520 726 2835 797 colligimus,
2866 729 2943 783 sic
2970 730 3246 785 tarditates
3275 732 3693 805 velocitatesque
3717 752 3796 789 cr—

2235 812 2467 866 rantium
2495 815 2726 870 siderum
2758 819 3106 873 custodimus.
3140 818 3229 888 Sic
3264 820 3507 879 defectus
3533 834 3590 879 et
3622 825 3797 881 multi-

2188 950 2189 957 η
2232 899 2400 968 plices
2431 901 2566 957 lunae
2595 906 2919 961 variatioues
2949 910 3305 978 agnoscimus.
3350 931 3368 963 ι

2854 1018 3079 1075 CAPUT
3114 1022 3177 1080 ll.

2657 1084 2805 1141 Unde
2827 1089 2994 1144 dictus
3025 1092 3089 1143 sit
3118 1107 3380 1155 numerus.
3407 1149 3412 1153 ,

2304 1172 2446 1229 Dtsc.
2471 1173 2690 1231 Numeri
2711 1191 2943 1248 namque
2964 1195 3156 1235 nomen
3180 1182 3399 1251 ejusque
3424 1185 3797 1256 etymologiam

2234 1266 2364 1320 mihi
2407 1261 2655 1336 eiplana.
2703 1268 2839 1324 MAG.
2896 1271 3112 1327 Numeri
3158 1273 3362 1329 scilicet
3408 1292 3607 1340 nomen
3668 1280 3797 1349 apud

2232 1368 2499 1423 quamque
2521 1366 2732 1424 gentem
2762 1360 3052 1427 secundum
3072 1349 3453 1431 proprietatem
3477 1366 3675 1436 [iugum
3698 1384 3798 1421 sua:

2233 1454 2463 1521 constat.
2505 1446 2659 1517 Apud
2698 1449 2913 1504 Latinos
2938 1465 3069 1504 vero
3109 1467 3364 1508 numerus
3390 1469 3457 1508 ex
3481 1472 3718 1529 nummo
3749 1466 3796 1511 et

2234 1536 2350 1592 rivo
2373 1536 2587 1604 videtur;
2613 1553 2807 1593 nomen
2836 1541 3079 1595 traxisse.
3106 1540 3230 1597 Sive
3252 1545 3393 1597 enim
3415 1559 3483 1599 ex
3512 1546 3633 1599 rivo
3655 1562 3796 1600 num-

2235 1639 2468 1691 morum,
2492 1626 2546 1680 id
2572 1636 2656 1680 est
2679 1642 2744 1682 ex
2774 1628 3114 1683 multitudine
3140 1645 3334 1685 census
3358 1632 3447 1699 qui
3478 1632 3797 1698 reddebatur

2158 1706 2206 1766 B
2234 1719 2452 1789 regibus
2479 1719 2560 1774 vel
2592 1719 3018 1789 imperatoribus,
3055 1737 3308 1777 numerus
3338 1739 3532 1779 nomen
3573 1726 3793 1796 accepit.

2233 1810 2385 1866 Unde
2412 1811 2647 1867 Isidorus
2673 1814 2836 1867 dicit:
2880 1834 2897 1866 ι
2932 1814 3192 1871 Nummus
3221 1832 3446 1871 numero
3484 1834 3678 1873 nomen
3714 1819 3797 1874 de-

2232 1903 2329 1967 dit,
2360 1911 2414 1958 et
2433 1918 2464 1957 a
2487 1904 2569 1957 sui
2592 1903 3020 1974 frequentatione
3042 1906 3356 1967 vocabulum
3382 1908 3573 1962 indidit
3602 1906 3793 1978 (ϐυ-ἥρ..

2231 1990 2322 2046 lib.
2348 2009 2433 2057 ιιι,
2456 2010 2503 2046 c.
2528 1993 2600 2065 3).
2635 2013 2651 2045 ι
2686 1993 2809 2048 Sive
2829 1994 3113 2049 Numeria:
3191 1996 3315 2050 hinc
3336 1996 3668 2065 Augustinus
3692 1999 3793 2052 ait:

2169 2086 2174 2091 ’
2238 2099 2256 2135 ι
2285 2080 2551 2137 Numerus
2578 2099 2607 2138 a
2638 2083 2884 2138 Numeria
2904 2085 3131 2154 quadam
3154 2087 3251 2141 dea
3274 2089 3610 2151 nominatur;
3653 2090 3799 2159 cujus

2232 2175 2537 2230 sacerdotes
2577 2184 2722 2231 retro
2756 2177 2924 2231 versis
2963 2176 3216 2241 vultibus,
3258 2177 3395 2231 dona
3432 2178 3707 2242 ferebant,
3748 2189 3799 2233 et

2232 2272 2349 2332 post
2369 2264 2545 2319 oblata
2566 2262 2808 2329 munera,
2834 2275 2974 2319 retro
2995 2266 3304 2335 pergebant.
3330 2286 3347 2316 ι
3369 2267 3511 2321 DISC.
3539 2266 3800 2321 Numerus

2233 2348 2498 2426 quomodo
2535 2357 2819 2413 delinitur?
2845 2359 2994 2421 'ch.
3034 2359 3267 2413 Isidorus
3302 2374 3430 2427 ergo
3459 2360 3531 2412 ita
3556 2358 3799 2414 diﬂiuivit

2233 2448 2456 2503 dicens:
2489 2467 2506 2499 ι
2543 2447 2806 2503 Numerus
2836 2461 2919 2504 est
2946 2448 3228 2507 multitudo
3254 2464 3317 2504 ex
3356 2449 3655 2503 unitatibus
3681 2465 3800 2503 con-

2233 2538 2437 2593 stituta.
2470 2538 2602 2599 Nam
2634 2554 2796 2591 unum
2822 2554 3003 2593 semen
3036 2540 3242 2593 numeri
3284 2553 3433 2603 esse,
3472 2554 3578 2593 non
3613 2555 3800 2592 nume-

2234 2614 2387 2701 rum,
2430 2630 2656 2683 dicimus
2699 2628 2904 2699 (Ibid.).
2957 2648 2975 2680 ι
3022 2630 3153 2684 Item
3200 2629 3324 2683 alibi
3370 2630 3627 2700 scriptum
3671 2642 3794 2684 est:

2240 2738 2258 2771 ‹
2294 2719 2442 2774 Unus
2480 2736 2585 2775 non
2625 2728 2706 2775 est
2750 2735 3035 2784 numerus,
3082 2721 3174 2775 sed
3208 2720 3274 2773 ab
3304 2734 3369 2773 eo
3408 2730 3658 2774 crescunt
3702 2737 3796 2773 nu—

2235 2811 2388 2865 meri.
2428 2830 2444 2861 ι
2478 2810 2676 2865 Tamen
2704 2812 2939 2865 Donatus
2966 2812 3126 2865 etiam
3155 2825 3317 2864 unum
3338 2825 3436 2880 pro
3455 2826 3678 2864 numero
3700 2826 3796 2879 po-

2235 2902 2585 2974 suit‘diceus:
2626 2921 2643 2953 ι
2673 2901 2935 2958 Numerus
2953 2914 3042 2956 est
3077 2903 3390 2972 singularis,
3419 2911 3477 2956 ut
3510 2903 3592 2955 hic
3622 2905 3793 2970 magi-

2234 2981 2357 3044 ster.
2399 3011 2416 3041 ι
2450 2992 2579 3045 Item
2612 2992 2935 3061 Augustinus
2962 2992 3125 3046 dicit:
3165 3009 3183 3042 ι
3215 2990 3479 3046 Numerus
3508 3000 3589 3045 est
3611 2992 3795 3055 singu-

567 3053 705 3057 -.ηπ
749 3053 864 3057 .
918 3053 939 3057 -
1470 3053 1512 3059 --
1623 3053 1829 3059 πω---
1866 3053 1908 3059 --

557 3094 680 3147 dere
709 3094 895 3163 fecisti.
923 3086 1027 3149 Per
1049 3110 1327 3157 numerum
1358 3096 1621 3167 siquidem
1649 3112 1719 3152 ne
1733 3097 2131 3167 confundamur

2236 3079 2369 3143 laris
2395 3082 2633 3151 corporis
2656 3096 2721 3136 ac
2745 3082 2892 3136 vocis
2912 3091 2965 3135 et
2991 3080 3396 3152 signiﬁcationis
3428 3080 3693 3137 collectio.
3728 3100 3745 3131 ι

558 3185 894 3239 iustruimur.
926 3184 1075 3239 Tolle
1098 3201 1380 3240 numerum
1403 3203 1434 3241 a
1464 3189 1621 3242 rebus
1646 3189 1915 3253 omnibus,
1940 3197 1996 3243 et
2015 3184 2132 3244 om-

516 3298 519 3302 ·
558 3276 647 3328 nia
668 3285 912 3344 pereunt.
939 3275 1128 3330 Adime
1149 3277 1344 3332 saecqu
1364 3286 1690 3347 computum,
1717 3287 1771 3335 et
1789 3280 1967 3333 omnia
1990 3295 2127 3335 cmca

559 3366 857 3435 ignorantia
882 3368 1326 3437 complectuntur.
1360 3367 1468 3424 Nec
1492 3368 1707 3424 differre
1729 3380 1955 3439 possunt
1972 3386 2007 3424 a
2028 3387 2132 3426 cte-

557 3454 689 3507 teris
712 3454 1030 3509 animalibus
1065 3455 1153 3525 qui
1180 3457 1368 3511 calculi
1413 3458 1658 3513 nesciunt
1701 3461 1984 3533 rationem.
2025 3460 2130 3515 Sed

562 3552 640 3605 tu,
675 3544 796 3611 quia
838 3544 905 3597 ad
934 3546 1306 3615 exponendum
1337 3547 1494 3615 hujus
1519 3549 1625 3602 vim
1664 3557 1719 3603 et
1752 3550 2013 3604 rationem
2045 3565 2131 3605 me

559 3635 885 3701 provocasti,
925 3637 990 3688 de
1019 3636 1101 3689 his
1128 3638 1320 3705 quibus
1348 3647 1401 3693 te
1426 3640 1693 3693 instruere
1728 3641 1861 3695 velis
1890 3646 2131 3709 praecede

562 3722 969 3792 interrogando;
992 3733 1047 3778 et
1068 3712 1145 3779 sic
1169 3734 1219 3778 te
1250 3729 1566 3796 subsequar,
1592 3736 1847 3796 quantum
1875 3730 2131 3784 Dominus

560 3814 909 3892 concesserit,
926 3815 1311 3882 respondendo.
1336 3815 1666 3871 DISCIPULUS.
1694 3817 1818 3871 llaec
1843 3834 1970 3889 ergo
1991 3819 2131 3873 ratio

560 3915 903 3956 numerorum
954 3905 1091 3959 unde
1136 3906 1366 3975 primum
1407 3907 1711 3974 processit?
1751 3907 1887 3963 ΜΑς.
1928 3907 1971 3960 A
2020 3910 2129 3963 Deo

560 3991 782 4045 scilicet.
814 3992 945 4058 Quia
974 3995 1148 4047 omnis
1174 3995 1433 4063 sapientia
1464 4012 1493 4049 a
1525 3996 1753 4051 Domino
1777 3997 1886 4051 Deo
1919 4005 2001 4052 est
2020 4039 2034 4063 ,
2063 4014 2131 4053 ex

558 4096 665 4150 quo
693 4091 816 4136 sunt
841 4084 1040 4138 omnia.
1071 4084 1217 4138 Disc.
1248 4086 1342 4139 Dic
1375 4102 1504 4156 ergo
1539 4088 1752 4155 quando
1788 4082 2134 4157 primum—ine

556 4183 715 4230 venta
743 4185 824 4231 est
854 4178 952 4230 ista
981 4178 1156 4232 ratio?
1184 4177 1320 4233 MAG.
1346 4178 1424 4231 Ex
1448 4179 1538 4233 illo
1578 4189 1817 4248 tempore
1840 4196 1946 4249 quo
1976 4180 2131 4235 factae

559 4278 686 4322 sunt
710 4270 990 4333 creatura,
1016 4271 1118 4323 hoc
1146 4278 1248 4335 est,
1271 4272 1337 4325 ab
1364 4271 1571 4341 origine
1591 4272 1790 4326 saeculi.
1806 4273 1966 4325 ‘Tunc
1985 4272 2130 4325 enim

559 4358 790 4424 primum
820 4366 1074 4413 numerus
1099 4360 1259 4414 rebus
1299 4360 1551 4425 innotuit,
1591 4361 1731 4415 sicut
1757 4362 1809 4415 in
1835 4360 2027 4415 Genesi
2055 4361 2130 4415 le-

558 4449 703 4518 gitur
730 4466 741 4501 :
775 4447 841 4501 Et
873 4449 1064 4515 factum
1094 4460 1167 4504 est
1194 4468 1394 4519 vespere
1413 4460 1461 4504 et
1486 4461 1638 4505 mane
1664 4451 1772 4506 dies
1797 4468 1951 4506 unus.
1980 4452 2129 4506 Tunc

557 4556 685 4611 ergo
712 4540 849 4594 dixit
873 4542 938 4595 de
967 4552 1120 4596 nocte
1153 4551 1207 4597 et
1232 4544 1295 4597 de
1318 4543 1405 4598 die
1425 4545 1638 4614 quando
1659 4543 1794 4597 dixit
1814 4544 1880 4599 de
1907 4559 2128 4614 vespere

557 4642 612 4686 ct
642 4639 823 4687 mane.
856 4633 1070 4687 Numeri
1120 4644 1299 4689 autem
1335 4638 1597 4692 rationem
1637 4638 1872 4692 ostendit
1913 4638 2127 4707 quando

561 4722 731 4775 dixit:
773 4723 892 4777 Dies
925 4739 1086 4787 unus,
1127 4732 1182 4777 et
1220 4724 1333 4778 dies
1367 4727 1652 4791 secundus,
1693 4734 1747 4780 et
1771 4726 1887 4780 dies
1915 4727 2125 4793 tertius,

560 4813 744 4880 sicque
785 4828 951 4881 usque
978 4813 1044 4867 ad
1070 4814 1376 4882 septimum.
1418 4814 1559 4889 Item.
1584 4819 1873 4869 numerum
1919 4816 2125 4885 signifi-

562 4901 705 4954 cavit
728 4899 1105 4968 Deus,quando
1134 4902 1270 4955 dixit
1302 4902 1368 4956 de
1402 4902 1511 4957 sole
1538 4912 1600 4977 et
1631 4903 1754 4957 luna
1781 4920 1794 4956 :
1836 4903 1903 4956 Et
1941 4905 2043 4957 sint
2071 4906 2127 4958 in

560 4991 708 5059 signa
733 4999 779 5042 et
806 4999 1035 5058 tempora
1074 5004 1121 5043 et
1163 4993 1271 5045 dies
1297 5003 1343 5046 et
1375 5010 1560 5047 annos.
1592 4993 1814 5059 Quando
1851 4993 1987 5047 dixit
2015 4995 2129 5054 dies

560 5092 615 5135 et
636 5091 871 5151 tempora
893 5090 947 5135 et
968 5097 1155 5145 annos,
1175 5092 1299 5138 tunc
1320 5084 1385 5138 de
1408 5101 1631 5161 munero
1653 5086 1803 5138 dixit.
1833 5086 1963 5151 Quis
1983 5086 2125 5139 enim

559 5180 735 5241 potest
764 5171 1060 5239 intelligere
1089 5172 1201 5225 dies
1244 5180 1296 5225 et
1342 5183 1575 5243 tempora
1616 5184 1668 5229 et
1698 5190 1865 5228 annos
1896 5174 1996 5228 nisi
2030 5188 2128 5243 per

563 5261 1026 5316 numerumHnde
1057 5261 1191 5313 dixit
1216 5260 1431 5316 Boetius
1452 5258 1701 5332 (Arithm.
1725 5263 1817 5318 lib.
1836 5278 2009 5331 I,cap.
2033 5262 2087 5331 2)
2112 5279 2123 5313 :

565 5373 584 5403 ι
618 5353 806 5407 Omnia
844 5368 1174 5422 qumcunquc
1216 5368 1243 5405 a
1282 5354 1531 5422 prim-.eva
1569 5340 1966 5408 rerum’natura
1994 5369 2122 5407 cou-

559 5452 762 5496 structa
790 5452 933 5506 sunt,
963 5458 1305 5498 tmmerorum
1354 5443 1600 5495 videntur
1644 5445 1848 5497 ratione
1893 5444 2153 5504 lirmata.,

560 5533 675 5585 Iloc
700 5532 841 5584 enim
872 5530 967 5584 fttit
998 5530 1285 5601 principale
1312 5532 1585 5600 exemplar
1618 5534 1668 5584 in
1716 5535 1893 5585 animo
1934 5532 2126 5585 Condi-

564 5621 711 5675 tcris.
758 5620 890 5677 lliuc
937 5625 1079 5678 enim
1121 5634 1350 5693 quatuor
1406 5624 1803 5681 elementorum,
1847 5623 2125 5677 multitudo

2849 3191 3075 3247 CAPUT
3105 3191 3196 3246 111.

2524 3280 2600 3335 De
2626 3282 2886 3351 speciebus
2910 3299 3238 3364 numerorum
3260 3282 3491 3336 diuersis.

2304 3368 2445 3424 Dtsc;
2485 3367 2625 3435 Quot
2646 3370 2854 3438 species
2881 3379 3005 3423 sunt
3024 3372 3416 3438 numerorum"!
3441 3370 3578 3425 MAG.
3606 3370 3797 3425 Plures

2231 3459 2444 3527 quidem
2492 3460 2698 3527 species
2738 3474 2991 3514 numerus
3020 3461 3198 3515 habet.
3240 3459 3345 3514 Sed
3387 3468 3563 3514 tamen
3605 3476 3797 3516 omnes

2232 3547 2298 3601 ab
2322 3563 2425 3601 una
2452 3549 2659 3616 origine
2688 3557 2997 3602 nascuntur.
3041 3546 3175 3615 Quia
3204 3550 3297 3603 aut
3331 3544 3633 3604 cardinales
3665 3560 3799 3604 sunt

2231 3636 2460 3701 numeri,
2517 3645 2577 3689 ut
2608 3651 2770 3700 unus,
2802 3638 2927 3701 duo,
2956 3646 3086 3700 tres,
3116 3624 3375 3705 quatuor,
3402 3638 3660 3705 quinque,
3694 3653 3791 3691 sex

2229 3736 2285 3780 et
2310 3728 2490 3780 czeteri
2514 3728 2666 3796 juxta
2690 3728 2831 3782 hunc
2854 3727 3113 3781 ordinem.
3142 3726 3249 3780 Aut
3283 3727 3571 3790 ordinales,
3603 3736 3661 3781 ut
3684 3730 3799 3797 pri-

2231 3831 2372 3882 mus,
2406 3817 2689 3880 secundus,
2721 3817 2925 3881 tertius,
2954 3826 3197 3884 quartus,
3223 3817 3465 3886 quintus,
3494 3826 3548 3872 et
3573 3828 3792 3872 caetera.

2229 3906 2335 3970 Aut
2360 3907 2710 3971 adverbiales,
2727 3915 2785 3959 ut
2806 3906 2991 3969 semel,
3006 3907 3109 3971 bis,
3128 3915 3228 3971 ter,
3248 3915 3460 3975 quater,
3483 3909 3792 3977 quinquies,

2230 3999 2437 4063 sexies,
2479 4008 2533 4052 et
2575 3998 2796 4067 reliqua.
2828 3998 2935 4052 Aut
2963 3998 3235 4067 dispertivi
3255 4039 3270 4063 ,
3307 4007 3367 4052 ut
3396 4000 3620 4069 singuli,
3648 4001 3793 4063 bini,

2230 4088 2392 4152 terni,
2429 4088 2695 4156 quaterni,
2718 4088 2887 4157 quini,
2918 4088 3055 4151 seni,
3079 4097 3133 4141 et
3161 4092 3373 4142 cetera.
3408 4088 3513 4142 Aut
3533 4090 3797 4157 pondera—

2230 4180 2337 4244 Ics,
2376 4188 2434 4232 ut
2476 4180 2742 4249 simplum,
2771 4178 3020 4249 duplum,
3067 4177 3305 4248 triplum,
3338 4178 3711 4247 quadruplum,
3745 4189 3797 4233 et

2230 4270 2455 4338 reliqua.
2488 4269 2597 4323 Aut
2633 4270 3006 4334 denuntiativi,
3033 4277 3093 4337 ut
3112 4270 3263 4323 solus
3289 4310 3301 4333 ,
3334 4269 3497 4334 alter,
3519 4269 3609 4323 ’τρι
3637 4270 3791 4323 alius.

2230 4360 2452 4429 Insuper
2477 4374 2602 4413 vero
2638 4360 2703 4412 ad
2733 4358 2864 4412 alios
2894 4372 3146 4411 numeros
3175 4367 3466 4412 revertere.
3510 4355 3631 4411 Sint
3666 4359 3794 4411 item

2231 4454 2438 4508 numeri
2468 4452 2875 4521 multiplicativi,
2906 4458 2963 4503 ut
2991 4450 3214 4520 simplex
3235 4490 3251 4513 ,
3298 4448 3492 4518 duplex
3516 4490 3530 4512 ,
3575 4449 3793 4517 triplex,

2230 4542 2560 4613 quadruplex
2595 4547 2649 4594 et
2684 4549 2896 4593 cetera.
2931 4536 3069 4591 Sunt
3105 4538 3230 4592 item
3270 4535 3650 4589 adverbialiter
3675 4551 3795 4604 pro«

2229 4634 2346 4698 lati,
2386 4640 2445 4685 ut
2484 4628 2815 4698 simpliciter,
2844 4626 3145 4696 dupliciter,
3176 4624 3458 4695 tripliciter
3482 4632 3537 4677 et
3565 4624 3791 4693 reliqua.

2231 4722 2442 4777 Suntet
2465 4719 2581 4772 aliae
2606 4706 2811 4786 species
2841 4715 3201 4769 derivatorum
3239 4724 3586 4769 numerorum
3628 4718 3659 4768 a
3701 4731 3793 4769 su-

2227 4812 2526 4883 perioribus
2552 4809 2821 4871 derivatze,
2852 4814 2908 4860 ut
2937 4815 3023 4860 est
3050 4804 3357 4875 singularis,
3390 4804 3585 4869 dualis,
3619 4814 3796 4859 terna-

2230 4904 2370 4965 rius,
2402 4898 2804 4971 quaternarius,
2850 4905 3009 4965 atque
3055 4898 3107 4950 in
3150 4896 3291 4949 hunc
3335 4895 3553 4948 modum
3589 4894 3791 4949 ueteri.

2227 4994 2357 5047 Item
2384 4991 2538 5057 assis,
2572 4989 2765 5052 dussis,
2802 4986 2881 5039 vel
2915 4986 3213 5055 dipondius,
3248 4985 3427 5047 tresis,
3472 4984 3792 5053 quadrasis,

2226 5081 2500 5153 quinquis,
2524 5080 2686 5143 sexis,
2714 5077 2962 5146 septusis,
2991 5078 3211 5140 octusis,
3250 5075 3488 5138 nouusis,
3517 5076 3687 5131 decus
3711 5077 3790 5129 vel

2226 5174 2454 5235 decusis,
2478 5171 2690 5231 vieesis,
2723 5169 2954 5233 tricesis,
2985 5166 3350 5235 quadragesis,
3385 5166 3790 5234 quinquagesis,

2228 5264 2521 5332 sexagesis,
2548 5258 3186 5330 septuagesis,octagesis,
3203 5258 3505 5326 nonagesis,
3531 5258 3787 5311 oentusis.

2227 5355 2355 5409 Post
2381 5368 2535 5421 quem
2561 5363 2866 5410 numerum,
2892 5356 3026 5403 teste
3049 5348 3309 5411 Varrone,
3336 5361 3440 5399 non
3463 5360 3791 5415 componun—

2230 5454 2318 5498 tur
2346 5458 2466 5497 cum
2513 5455 2631 5494 asse
2670 5438 2899 5492 numeri.
2947 5437 3075 5492 Item
3119 5436 3332 5491 nomina
3382 5436 3703 5500 unciarum,
3738 5444 3791 5487 ut

2230 5535 2423 5594 deunx,
2455 5531 2699 5591 dextans,
2731 5528 2981 5589 dodrans,
3007 5527 3197 5588 hessis,
3222 5534 3470 5594 septunx,
3493 5526 3785 5594 quincunx,

2231 5624 2416 5685 triens,
2450 5618 2739 5690 quadrans,
2783 5627 3017 5700 sextans,
3051 5632 3320 5682 sexeunx,
3366 5616 3605 5681 sextula,
3634 5614 3789 5668 libra.
