3948 6356
200 350 299 404 673

1444 348 1641 403 LIBER
1682 348 1768 403 DE
1805 334 2172 405 COMPUTO-
2206 354 2211 358 ο

3305 355 3403 410 674

199 466 264 519 Et
306 467 426 520 inde
466 466 721 528 dirivata,
752 463 989 529 bilibris,
1011 464 1251 535 trilibris,
1291 462 1653 531 quadrilibris,
1698 468 1753 515 et
1779 463 1825 521 Α
1855 460 2129 514 continent
2153 473 2452 513 numerum.
2484 458 2552 514 Et
2581 467 2690 514 tres
2713 460 2863 531 digiti
2890 461 2941 515 in
2964 463 3149 517 eadem
3184 480 3345 522 manu
3375 485 3404 523 a

162 614 171 622 δ
197 549 409 610 similia.
441 556 570 608 ltcm
602 555 670 609 ab
698 570 837 608 anno
863 555 1107 619 dirivata,
1150 563 1206 607 ut
1230 553 1508 606 anniculus
1537 552 1620 605 vel
1658 566 1749 613 an-

197 659 318 711 uus,
365 645 593 708 biennis,
641 644 895 707 triennis,
929 644 1272 714 quadriennis
1309 650 1363 697 et
1408 644 1489 696 his
1532 641 1747 695 similia.

200 734 501 799 Biennium,
532 735 838 801 triennium,
882 733 1306 804 quadriennium,
1332 741 1392 807 et
1421 734 1507 787 his
1537 732 1749 786 similia.

199 824 328 879 ltetn
356 824 555 887 bimus,
590 824 797 889 trimus,
842 824 1180 893 quadrimus,
1224 831 1279 877 et
1316 823 1530 877 similia.
1575 821 1751 891 Bipes,

188 916 397 984 tripes,
446 916 746 985 quadrupes
764 956 778 981 ,
810 916 1109 984 decempes,
1137 924 1189 969 et
1217 915 1564 987 decempeda,
1591 922 1643 969 et
1672 914 1756 968 his

201 1004 417 1058 similia.
448 1004 657 1075 Biceps,
680 1005 896 1073 triceps,
920 1006 1258 1075 quadriceps,
1285 1004 1577 1073 centiceps,
1600 1013 1653 1057 et
1673 1002 1757 1057 his

204 1094 420 1147 similia.
455 1093 730 1158 Bifariam,
756 1092 1031 1157 trifariam,
1062 1093 1447 1163 quatrilariam,
1470 1101 1521 1147 et
1542 1092 1753 1146 similia.

200 1182 445 1246 Biduum,
478 1182 733 1246 triduum,
760 1183 1121 1250 quatriduum,
1146 1191 1199 1236 et
1222 1183 1306 1237 his
1331 1182 1549 1236 similia.
1571 1181 1755 1237 Bicor-

201 1286 319 1341 por,
360 1273 644 1341 tricorpor,
677 1281 736 1326 et
763 1272 975 1325 similia.
1012 1272 1282 1340 Bipatens,
1320 1272 1579 1341 tripatens
1606 1280 1659 1324 et
1686 1270 1759 1324 si-

115 1349 118 1352 ’
203 1359 370 1413 milia.
402 1359 674 1430 Bilinguis,
717 1359 1000 1430 trilinguis,
1046 1368 1101 1414 et
1132 1360 1343 1414 similia.
1393 1358 1757 1424 Bivium,'tri-

201 1451 370 1512 vium,
401 1457 457 1503 et
497 1450 711 1503 similia.
762 1449 992 1515 Biﬁdus,
1022 1452 1261 1515 triﬁdus,
1304 1451 1663 1519 quadriﬁdus,
1706 1459 1761 1505 et

204 1541 423 1594 similia.
451 1541 714 1605 Bisuicus,
746 1541 995 1597 trisulcus
1022 1552 1079 1599 et
1106 1545 1321 1598 similia.
1356 1544 1630 1611 Geminus,
1655 1554 1761 1599 ter-

204 1628 466 1695 grminus,
514 1630 1005 1699 centumgeminus,
1059 1639 1114 1685 et
1166 1633 1377 1687 similia.
1428 1633 1759 1698 Unimanus,

206 1716 567 1779 centimanus,
597 1725 649 1772 et
675 1718 888 1771 similia.
923 1718 1229 1786 Unil'ormis,
1269 1723 1543 1787 biformis,
1586 1722 1761 1778 trifor—

1851 548 1995 601 mille
2022 561 2189 617 usque
2214 547 2281 600 ad
2305 563 2495 602 novem
2519 548 2684 602 millia
2718 550 2994 624 continent
3022 549 3321 624 numerum,
3354 559 3406 614 id

1851 645 1954 701 est,
1999 634 2336 699 auricularis,
2370 635 2695 703 impudicus,
2737 647 2793 692 et
2835 623 3091 696 medicus.
3124 642 3254 697 Item
3281 647 3409 701 siui-

1854 733 1961 781 stra
1990 740 2179 779 manus
2205 739 2303 793 per
2331 733 2479 778 artus
2504 725 2741 782 diversos
2769 730 3009 804 corporis
3046 733 3283 787 continet
3306 750 3406 789 nu-

1854 830 2061 869 merum
2092 830 2123 868 a
2151 831 2185 867 x
2212 814 2449 871 millibus
2492 829 2659 892 usque
2693 817 2759 870 ad
2798 834 2863 873 xc
2905 819 3089 873 millia.
3129 821 3198 875 Et
3227 838 3257 878 e
3287 832 3413 879 con-

1853 906 2021 960 trario
2042 907 2226 959 dextra
2248 921 2439 960 manus
2459 907 2696 961 continet
2716 922 2994 963 numerum
3021 927 3117 980 per
3129 912 3411 982 juncturas

1853 1001 1900 1048 el
1940 993 2315 1062 dispositiones
2344 995 2706 1061 membrorum
2741 1011 2771 1049 a
2799 1012 2834 1078 5:
2864 998 3116 1067 millibus,
3148 1019 3316 1073 usque
3344 1008 3409 1061 ad

1854 1099 2011 1139 acccc
2037 1084 2223 1139 millia.
2422 1122 2425 1125 η
2882 1130 2885 1134 .

1925 1173 2078 1227 Dtsc.
2114 1171 2237 1226 Haec
2264 1187 2391 1242 ergo
2428 1173 2605 1227 omnia
2643 1190 2832 1243 precor
2871 1186 2931 1231 ut
2976 1180 3252 1248 speciatim
3283 1185 3409 1239 mihi

1855 1257 2167 1327 patefacias.
2200 1257 2337 1312 MAG.
2367 1259 2499 1313 Cum
2526 1271 2653 1330 ergo
2666 1263 2807 1317 'dicis
2836 1280 3020 1330 unum,
3056 1269 3333 1324 minimum
3358 1273 3412 1327 in

1856 1346 1988 1399 laeva
2008 1346 2229 1415 digitum
2257 1345 2550 1413 inﬂectens,
2577 1349 2627 1401 in
2660 1350 2891 1404 medium
2914 1354 3100 1421 palmae
3130 1366 3304 1412 artum
3330 1360 3413 1413 in-

1858 1435 2009 1505 ﬁges.
2039 1437 2170 1491 Cum
2194 1436 2326 1491 dicis
2348 1437 2473 1501 duo,
2499 1438 2788 1492 secundum
2809 1456 2839 1493 a
2864 1442 3083 1496 minimo
3106 1442 3297 1499 ﬂexum
3323 1448 3414 1501 ibi-
3511 1437 3514 1440 ’

1858 1522 1975 1577 dem
2004 1523 2304 1592 imponens.
2345 1522 2475 1577 Cum
2503 1522 2634 1578 dicis
2662 1526 2784 1591 tria,
2811 1528 3026 1581 tertium
3058 1531 3303 1586 similiter
3327 1536 3431 1587 ad-r

1857 1612 2057 1669 ﬂectes.
2089 1614 2219 1669 Cum
2243 1615 2376 1669 dicis
2403 1624 2653 1684 quatuor,
2684 1618 2863 1673 itidem
2886 1621 3165 1678 minimum
3192 1626 3409 1683 Ievalns.

1858 1705 1990 1761 Cum
2032 1707 2165 1761 dicis
2200 1707 2461 1775 quinque,
2509 1712 2798 1763 secundum
2834 1702 2879 1765 'a
2912 1713 3131 1768 minimo
3169 1717 3416 1773 similiter

204 1807 328 1871 mis,
358 1816 409 1860 et
436 1806 656 1876 reliqua.
698 1808 974 1874 Duumvir,
1015 1811 1273 1877 triumvir,
1315 1814 1648 1882 quinquevir’
1679 1829 1761 1868 δε,
1787 1795 1834 1854 Β
1860 1796 2051 1863 eriges.
2088 1794 2218 1849 Cum
2243 1795 2376 1849 dicis
2405 1810 2520 1862 sex,
2540 1798 2759 1882 tertium
2786 1802 3129 1857 nihilominus
3159 1806 3409 1873 elevabis,

204 1896 465 1963 ptemvir,
515 1897 810 1963 decemvir,
851 1901 1173 1965 centumvir,
1219 1910 1274 1956 ct
1324 1903 1534 1970 similia.
1588 1904 1757 1973 Bigaz,

206 1985 383 2055 trigze,
411 1985 712 2068 quadriga,
741 1994 795 2041 et
822 1988 1033 2042 similia.
1065 1988 1295 2060 Bijugus.
1333 1991 1483 2046 Unde
1511 1992 1760 2064 Virgilius

207 2090 260 2127 Ill
298 2088 363 2128 νῖ

644 2163 813 2226 Bljugo
837 2167 1106 2216 certamine
1120 2180 1335 2230 campum

392 2222 710 2285 Corripuere.'
755 2222 775 2226 ⁷
1030 2248 1035 2252 ~
1227 2222 1239 2230 ’
1412 2238 1416 2242 ‘

206 2302 271 2355 Et
300 2303 469 2373 bigati
488 2306 708 2360 nummi.
755 2307 1022 2377 Trijugus,
1051 2309 1416 2380 quadrijugus,
1458 2322 1513 2366 et
1545 2312 1755 2367 similia.

205 2390 575 2462 Triangulum,
608 2396 1051 2467 quadrangulum,
1080 2400 1550 2471 quinquangulum,
1576 2418 1761 2458 sexan»

204 2480 412 2548 gulum,
436 2490 490 2537 ct
517 2484 729 2537 similia.
761 2494 786 2530 .'

813 2575 1034 2647 CAPUT
1070 2577 1158 2633 Iv.

443 2735 445 2737 ι
502 2712 503 2715 η
542 2734 545 2735 ν
593 2661 670 2716 De
696 2666 898 2717 numeri
923 2665 1371 2737 demonstratione.

266 2746 409 2802 DISC.
433 2748 826 2807 Demonstratio
845 2768 973 2824 ergo
997 2770 1336 2810 numerorum
1357 2761 1620 2828 quomodo
1641 2777 1760 2817 con-

207 2842 363 2894 stat?
406 2841 541 2898 MAG.
589 2844 816 2902 Duobus.
844 2847 1029 2901 modis.
1064 2848 1224 2920 ~Dtsc.
1270 2850 1583 2914 Quomodo?
1620 2854 1755 2909 MAG.

204 2931 315 2983 Aut
340 2933 482 2985 enim
510 2933 701 2988 litteris
726 2937 934 2990 numeri
964 2946 1233 3011 notantur,
1260 2950 1351 2995 aut
1378 2941 1662 3011 digitorum
1684 2944 1761 2998 in.

206 3018 937 3101 ﬂcxionibusexprimunmr.

826 3133 1046 3190 CAPUT
1088 3136 1148 3189 V.

504 3223 772 3288 Quomodo
795 3226 993 3278 numeri
1019 3225 1201 3280 litteris
1225 3237 1477 3281 narentur.

284 3311 699 3367 Disc.*Primum
739 3314 804 3367 de
845 3314 1140 3369 litterarum
1181 3324 1450 3372 notatione
1490 3319 1591 3373 dic.
1622 3319 1759 3375 MAG.

211 3400 445 3469 Septem.
463 3415 591 3470 ergo
629 3402 819 3456 litteris
838 3403 1043 3463 numeri
1072 3411 1342 3468 notantur,
1364 3405 1416 3458 id
1441 3414 1540 3470 est,
1569 3422 1608 3471 ι,
1632 3424 1684 3470 v,
1706 3425 1758 3470 x,

206 3506 264 3554 ι,
298 3505 346 3550 c.
385 3505 436 3553 ι),
460 3496 525 3542 ‘n.
556 3489 684 3555 Quae
714 3499 804 3543 aut
826 3489 950 3545 solre
974 3491 1157 3559 positae
1177 3507 1423 3547 numeros
1443 3494 1761 3563 signiﬁcant,

205 3586 271 3630 ut
302 3594 317 3631 ι
353 3594 535 3641 unum,
563 3595 595 3630 γ
621 3567 876 3649 quinque,
908 3596 941 3633 x
975 3580 1179 3645 decem,
1220 3599 1247 3636 ι.
1279 3584 1654 3654 quinquaginta
1674 3626 1687 3650 ,
1729 3600 1762 3639 'c

206 3674 450 3725 centum.
482 3683 511 3719 ι)
537 3668 885 3737 quingentos,
912 3681 953 3722 ι
974 3669 1133 3722 mille.
1176 3670 1282 3723 Aut
1316 3674 1618 3740 composita:
1640 3690 1761 3727 cum

203 3755 351 3809 aliis.
400 3756 463 3811 Ut
494 3772 523 3807 ν
552 3765 606 3810 et
634 3771 652 3809 ι
680 3772 773 3810 sex
805 3758 1125 3827 signiﬁcant,
1164 3775 1196 3812 x
1222 3767 1276 3811 et
1306 3776 1319 3813 ι
1350 3761 1617 3827 undecim,
1646 3780 1675 3816 x
1712 3771 1764 3818 et

203 3860 234 3898 ι.
263 3843 638 3913 quadraginta,
668 3862 696 3899 ι.
726 3852 780 3898 et
809 3861 837 3898 χ
866 3846 1158 3916 sexaginta.
1204 3847 1268 3901 Et
1297 3864 1330 3901 χ
1359 3852 1697 3920 anteponitur
1723 3843 1761 3905 ‘c

201 3936 427 4003 quando
451 3935 734 4005 nonaginta
766 3935 1086 4005 signiﬁcant.
1128 3953 1159 3989 ι)
1185 3939 1236 3991 ει
1263 3952 1291 3990 c
1316 3948 1613 3995 sexcentos.
1659 3943 1766 3996 Aut

201 4025 577 4095 multiplicata:
620 4042 715 4095 per
744 4042 819 4081 se.
852 4027 1023 4083 Veluti
1057 4044 1073 4081 ι
1105 4028 1420 4098 duplicatum
1462 4032 1566 4087 duo
1602 4036 1764 4105 signi-

202 4115 696 4184 ﬁcat,triplicatum
725 4125 848 4178 tres,
866 4117 1323 4186 quadruplicatum
1347 4129 1592 4190 quatuor.
1619 4140 1651 4176 x
1674 4127 1763 4177 du-

200 4204 470 4272 plicatum
489 4206 683 4274 viginti
703 4245 718 4270 ,
748 4207 1068 4276 triplicatum
1111 4208 1348 4277 triginta.
1380 4224 1410 4264 c
1438 4210 1761 4280 duplicatum

199 4304 494 4368 ducentos,
514 4303 833 4371 triplicatum
857 4314 1138 4370 trecentos,
1161 4306 1615 4375 quaampticatum
1636 4320 1765 4375 qua-

200 4389 543 4460 dringentos.
576 4391 728 4446 Nulla
760 4402 936 4446 autem
963 4403 1086 4447 nota
1107 4395 1243 4463 apud
1273 4394 1489 4449 Latinos
1513 4394 1761 4464 multipli—‘

1857 1884 2319 1938 medioiduntaxat
2346 1884 2479 1950 solo,
2514 1886 2602 1955 qui
2626 1874 2864 1943 medicus
2893 1891 3206 1959 appellatur,
3230 1894 3281 1949 in
3304 1911 3414 1950 me—

1858 1975 2001 2029 dium
2030 1972 2220 2041 palmae
2260 1973 2384 2027 fixo.
2412 1972 2546 2029 Cum
2576 1975 2708 2030 dicis
2746 1985 2979 2047 septem,
3025 1981 3301 2036 minimum
3330 2000 3416 2039 so—

1857 2064 1988 2137 lum,
2016 2066 2224 2119 caeteris
2260 2064 2475 2119 interim
2513 2065 2733 2133 levatis,
2772 2058 2930 2139 super
2954 2072 3143 2140 palmae
3181 2076 3412 2132 radicem

1861 2152 2139 2221 itnpones:
2168 2152 2324 2219 juxta
2353 2155 2533 2222 quem,
2579 2171 2699 2209 cum
2743 2155 2878 2212 dicis
2921 2168 3060 2225 octo,
3108 2164 3411 2229 medicum;

1860 2256 1981 2294 cum
2012 2241 2144 2296 dicis
2172 2257 2380 2305 novem,
2412 2242 2737 2314 impudicum
2778 2261 2807 2301 e
2846 2249 3064 2317 regione
3106 2266 3411 2321 compones.

1858 2328 1989 2384 Cum
2015 2330 2149 2385 dicis
2174 2331 2381 2396 decem,
2409 2347 2637 2402 unguem
2664 2333 2854 2390 indicis
2874 2336 2925 2389 in
2953 2339 3126 2393 medio
3147 2340 3276 2410 ﬂges
3295 2352 3414 2416 artu

1855 2415 2077 2485 pollicis.
2116 2416 2247 2471 Cum
2269 2417 2403 2472 dicis
2432 2419 2631 2491 viginti,
2658 2419 3249 2497 summitatem'pollicis
3276 2431 3415 2486 inter

1858 2504 2061 2559 medios
2087 2506 2276 2561 indicis
2301 2508 2633 2576 et‘impudici'
2651 2505 2800 2564 artus
2824 2498 3101 2569 immittes.
3128 2515 3260 2571 Cum
3283 2518 3415 2577 dicis

1859 2592 2095 2662 triginta,
2122 2609 2323 2664 ungues
2350 2595 2542 2650 indicis
2576 2606 2631 2677 et
2658 2598 2865 2667 pollicis
2903 2600 3096 2656 blando
3124 2602 3416 2678 conjungcs

1858 2684 2119 2751 amplexu.
2149 2684 2280 2738 Cum
2311 2687 2443 2740 diois
2485 2688 2885 2758 quadraginta,
2916 2692 3170 2748 interiora
3210 2697 3414 2765 pollicis

1858 2769 2013 2823 lateri
2040 2771 2123 2825 vel
2148 2772 2308 2827 dorso
2334 2774 2523 2827 indicis
2550 2778 2904 2844 superduces,
2934 2780 3192 2836 ambobus
3228 2785 3418 2839 dunta-

1859 2867 1949 2910 xat
1972 2860 2183 2914 erectis.
2207 2860 2337 2915 Cum
2368 2862 2500 2916 dicis
2539 2866 2952 2936 quinquaginta,
2979 2868 3220 2937 pollicem
3262 2882 3415 2929 extea

1862 2948 1999 3001 riOre
2024 2958 2139 3001 artu
2174 2950 2558 3009 matarGrazcze
2584 2954 2772 3007 litterae
2800 2968 3022 3025 gamma!
3047 2970 3320 3016 curvatum
3349 2965 3415 3019 ad

1858 3040 2087 3107 palmam
2115 3042 2413 3097 inclinabis.
2448 3042 2577 3097 Cum
2608 3046 2741 3122 dicis
2768 3049 3061 3118 sexaginta,
3089 3052 3331 3120 pollicem
3358 3066 3416 3111 ut

1786 3125 1830 3184 C
1862 3146 2017 3198 supra
2044 3142 2320 3185 curvatum
2344 3134 2516 3189 indice
2537 3135 2872 3191 circumﬂexo
2892 3140 3172 3211 diligenter
3191 3156 3220 3197 a
3244 3144 3417 3200 fronte

1860 3222 2167 3290 praecinges.
2200 3221 2330 3276 Cum
2358 3224 2491 3278 dicis
2520 3229 2868 3295 septuaginta,
2912 3230 3139 3286 indicem
3170 3242 3225 3287 ut
3253 3251 3411 3306 supra

1861 3308 2257 3395 circumﬂexum
2287 3310 2475 3379 pollice
2505 3313 2742 3369 immisso
2767 3332 2927 3387 super
2955 3318 3217 3389 implebis,
3242 3339 3416 3394 ungue

1862 3400 2119 3454 duntaxat
2157 3401 2297 3456 illius
2327 3413 2505 3458 erecto
2532 3413 2679 3461 trans
2720 3408 2951 3463 medium
2991 3411 3180 3467 indicis
3217 3425 3412 3470 artum.

1862 3486 1993 3541 Cum
2018 3489 2149 3544 dicis
2176 3493 2463 3562 octoginta,
2494 3495 2718 3550 indicem
2746 3506 2800 3550 ut
2831 3514 2989 3567 supra
3017 3485 3413 3559 circumﬂexum

1861 3577 2049 3646 pollice
2091 3580 2144 3633 in
2184 3580 2396 3651 longum
2445 3592 2595 3640 tenso
2642 3586 2915 3657 implebis,
2961 3607 3133 3662 ungue
3174 3596 3413 3650 videlicet

1862 3667 2005 3721 illius
2026 3668 2079 3721 in
2109 3670 2340 3723 medium
2378 3672 2564 3735 indicis
2596 3683 2767 3729 artum
2796 3677 2978 3733 inﬁxo.
3012 3679 3142 3735 Cum
3172 3683 3305 3738 dicis
3328 3702 3417 3739 no-

1863 3758 2316 3833 naginta,indicis
2338 3760 2532 3815 inﬂexu
2560 3778 2787 3833 unguem
2824 3768 2991 3822 radici
3019 3770 3224 3838 pollicis
3251 3765 3413 3828 erecti

1800 3914 1807 3921 .
1864 3845 2069 3916 inliges.
2100 3829 2367 3903 Hactenus
2401 3829 2887 3913 in,lazva.~Centum
2930 3829 3055 3910 vero
3096 3858 3152 3912 in
3197 3861 3415 3916 dextera

1863 3936 2127 4003 quomodo
2153 3953 2185 3989 x
2227 3937 2278 3990 in
2302 3938 2428 3991 laeva
2456 3939 2638 4005 facies,
2664 3957 2724 3995 cc
2747 3942 2799 3996 in
2821 3943 3035 3999 dextera
3065 3952 3326 4017 quomodo
3349 3968 3415 4005 xx

1863 4025 1914 4078 in
1948 4026 2093 4089 lazva,
2124 4042 2214 4080 ccc
2241 4027 2291 4079 in
2314 4028 2530 4082 dextera
2555 4033 2817 4099 quomodo
2844 4049 2947 4087 xxx
2971 4036 3021 4088 in
3043 4035 3192 4090 lreva.
3219 4039 3417 4095 Eodem

1864 4114 2021 4167 modo
2044 4122 2099 4168 et
2117 4124 2311 4169 caetera
2336 4107 2502 4184 usque
2528 4120 2598 4172 ad
2614 4135 2759 4173 cccc.
2780 4120 2912 4176 Item
2940 4123 3081 4177 mille
3114 4125 3167 4178 iu
3197 4127 3414 4182 dextera

1862 4205 2127 4273 quomodo
2149 4221 2309 4259 unum
2342 4206 2395 4259 in
2424 4207 2570 4271 lana,
2612 4207 2647 4261 ﬁ
2687 4209 2739 4263 in
2768 4211 2984 4266 dextera
3022 4216 3287 4283 quomodo
3312 4217 3416 4272 duo

1863 4298 1916 4351 in
1942 4298 2092 4363 laeva,
2117 4298 2178 4352 1T1
2206 4300 2261 4353 in
2286 4300 2504 4355 dextera
2529 4300 2790 4369 quomodo
2820 4303 2921 4356 tria
2960 4303 3012 4356 in
3042 4304 3201 4371 laeva,
3230 4317 3282 4360 et
3307 4322 3410 4361 ca:-

1864 4392 1977 4439 tera
2002 4401 2168 4454 usque
2198 4386 2264 4439 ad
2276 4390 2399 4439 'VTV.
2430 4387 2595 4441 l‘orro
2618 4388 2649 4441 Ξ
2679 4403 2799 4442 cum
2822 4390 2974 4454 dicis,
3010 4390 3192 4445 laevam
3226 4394 3277 4447 in
3306 4410 3415 4448 me-

197 4454 368 4534 catur
388 4496 482 4549 per
508 4497 564 4535 se
590 4483 759 4553 magis
782 4499 942 4553 quam
975 4499 1070 4552 per
1092 4454 1317 4553 quatuor
1340 4484 1500 4549 vices,
1525 4454 1757 4539 autc-tim
1785 4454 1836 4512 D
1864 4477 1951 4530 dio
1986 4477 2187 4547 DCCIOI‘i
2217 4478 2457 4547 SUPiﬂal’ﬂ
2490 4479 2739 4546 προτιθεῖ,
2766 4479 2943 4550 digitis
2980 4489 3183 4534 ῑθιιιιιηι
3211 4483 3276 4536 ad
3302 4485 3414 4537 COI-

197 4571 331 4625 aliis
357 4572 811 4641 multiplicantur;
849 4582 910 4627 ut
936 4589 951 4627 r
980 4588 1098 4627 cum
1127 4589 1186 4644 νδ
1216 4576 1425 4643 quando
1460 4584 1659 4644 septem
1688 4577 1759 4630 si-

195 4660 431 4729 gniﬁcat
460 4662 539 4715 vel
584 4670 705 4716 octo
746 4662 829 4716 vel
875 4676 1082 4738 novem.
1126 4663 1193 4717 Et
1236 4680 1266 4716 x
1307 4679 1425 4719 cum
1467 4681 1515 4728 L,
1547 4666 1759 4733 quando

195 4752 546 4820 septuaglnta
574 4752 657 4805 vel
680 4751 947 4822 octoginta
990 4752 1267 4823 signiﬁcat.
1296 4752 1444 4806 item
1481 4768 1510 4806 c
1557 4769 1674 4807 cum
1706 4770 1755 4818 υ,

195 4841 427 4910 quando
456 4842 807 4911 septingenta,
824 4841 1241 4910 octingenta,vel
1261 4849 1524 4912 nongenta
1549 4842 1753 4910 ﬁgurat.

817 4949 1039 5005 CAPUT
1078 4951 1162 5005 γι.
1308 4936 1312 4941 ’

561 5018 823 5084 Quomodo
846 5019 1017 5088 digitis
1046 5021 1416 5090 signiﬁcentur.

277 5108 429 5161 Drsc.
467 5107 740 5173 Quomodo
784 5124 911 5179 ergo
945 5111 1151 5165 numeri
1198 5111 1478 5180 digitorum
1526 5110 1763 5165 inﬂexio-

198 5198 374 5251 nibus
398 5197 798 5265 exprimuntur?
820 5197 957 5253 Mm.
978 5197 1142 5269 igitur
1162 5207 1268 5252 tres
1297 5199 1446 5270 digiti
1470 5200 1522 5252 in
1545 5200 1759 5253 sinistra

199 5302 400 5350 manu,
429 5285 479 5339 id
502 5294 583 5340 est
606 5286 941 5353 auricularis,
982 5286 1241 5351 medicus,
1266 5295 1318 5341 et
1344 5287 1659 5356 impudicus,
1692 5288 1759 5341 ab

198 5393 322 5432 uno
357 5390 527 5443 usque
565 5375 633 5429 ad
672 5390 859 5429 novem
898 5376 1169 5430 continent
1216 5390 1512 5429 numerum.
1548 5376 1614 5429 Et
1655 5374 1760 5429 duo

200 5466 371 5536 digiti
405 5466 455 5518 in
485 5465 671 5519 eadem
698 5480 874 5528 manu,
908 5465 960 5518 id
999 5477 1101 5529 est,
1144 5465 1300 5519 index
1329 5475 1383 5519 et
1419 5465 1616 5535 pollex,
1664 5479 1692 5517 a
1726 5479 1758 5518 x

202 5571 389 5624 usque
425 5570 487 5608 xc
531 5556 805 5609 continent
843 5570 1137 5609 numerum.
1187 5554 1315 5609 ltem
1362 5556 1465 5609 duo
1511 5555 1659 5625 digiti
1708 5558 1760 5607 in

204 5648 440 5701 dextera
467 5660 645 5705 manu.
676 5645 843 5715 pollex
867 5654 919 5701 et
944 5646 1116 5711 index,
1150 5661 1236 5700 ac
1264 5661 1431 5714 usque
1469 5653 1761 5721 nongentos

1864 4565 1969 4619 lum
1993 4568 2201 4619 erectis.
2235 4568 2306 4619 ῐῐ
2325 4582 2445 4620 cum
2469 4567 2622 4631 dicis,
2641 4569 2875 4622 eamdem
2902 4571 3102 4638 pectori
3124 4587 3409 4640 expansam

1862 4656 1967 4709 late
1996 4656 2340 4725 super-pones.
2384 4655 2498 4710 χὶιῖ
2528 4673 2645 4711 cum
2682 4659 2839 4722 dicis,
2886 4660 3070 4713 eadem
3114 4664 3276 4730 prona
3320 4663 3411 4717 sed

1863 4757 2040 4801 erecta
2084 4747 2324 4815 pollicem
2356 4749 2648 4818 cartilagini
2684 4749 2842 4802 medii
2873 4746 3113 4819 pectoris
3136 4752 3408 4809 immittes.

1857 4836 1937 4898 ῑῖ.
1953 4855 2073 4892 cum
2095 4839 2245 4903 dicis,
2262 4840 2498 4893 eamdem
2521 4840 2573 4893 in
2598 4840 2845 4894 umbilico
2863 4850 3090 4895 erectam
3117 4844 3411 4911 supinabis.
3441 4886 3447 4894 .

1854 4932 1895 4986 ἶ
1922 4948 2042 4986 cum
2072 4933 2236 4995 dicis,
2268 4932 2501 4999 ejusdem
2530 4947 2707 5000 pronae
2732 4932 2824 4986 sed
2861 4941 3050 4986 erectae
3086 4934 3329 5002 pollicem
3358 4937 3411 4989 in

1863 5021 2115 5074 umbilico
2137 5035 2319 5089 pones.
2359 5020 2423 5071 ιῗὶ
2464 5035 2583 5073 cum
2614 5020 2775 5083 dicis,
2807 5019 2991 5073 eadem
3034 5036 3199 5089 prona
3240 5021 3414 5076 femur

1864 5110 2050 5169 laevum
2085 5110 2309 5176 desuper
2333 5108 2750 5177 comprehendis.
2782 5108 2880 5160 Kx
2910 5124 3028 5161 cum
3074 5109 3237 5172 dicis,
3268 5124 3411 5162 emn-

1863 5201 1981 5253 dem
2025 5200 2265 5267 supinam
2298 5192 2481 5251 femori
2517 5211 2860 5266 superpones.
2902 5197 3041 5251 ἰῖῐὶι
3076 5213 3197 5252 cum
3244 5197 3407 5261 dicis,

1862 5287 2101 5341 eamdem
2133 5280 2354 5354 pronam
2400 5285 2585 5341 femori
2629 5300 2970 5355 superpones.
3016 5286 3079 5339 ἦ
3106 5302 3225 5341 cum
3255 5286 3407 5350 dicis,

1861 5356 2101 5429 eamdem
2155 5374 2360 5427 lumbos
2413 5373 2809 5441 apprehendes,
2860 5373 3048 5441 pollice
3099 5374 3164 5427 ad
3216 5374 3409 5443 inguen

1862 5480 2034 5519 verso.
2062 5464 2129 5516 At
2152 5479 2275 5517 vero
2306 5458 2411 5517 ἵει
2438 5462 2497 5515 ὃὸ
2527 5477 2694 5531 usque
2722 5463 2785 5515 ad
2817 5478 2969 5517 ncccc
2993 5462 3176 5517 eodem
3204 5478 3309 5531 quo
3334 5463 3419 5517 di-

1865 5557 2037 5609 ximus
2065 5554 2249 5608 ordine
2293 5553 2344 5605 in
2389 5554 2605 5606 dextera
2643 5553 2880 5619 corporis
2914 5560 3073 5619 parte
3102 5548 3409 5619 compleliis.

1866 5644 2050 5698 Decies
2080 5651 2253 5696 autem
2280 5650 2502 5695 centena
2544 5639 2704 5694 millia
2741 5656 2861 5696 cum
2889 5641 3053 5705 dicis,
3098 5641 3282 5695 ambas
3310 5640 3409 5694 sibi

2826 5448 2967 5457 ..ρ-..-
