  <div class='ocr_page' id='page_1' title='image "/cluster/home/n/w/nwhite01/storage/ocr_20150623/107/uva.x000827064/343.png"; bbox 0 0 3948 6352; ppageno 0'>
   <div class='ocr_carea' id='block_1_1' title="bbox 538 260 643 314">
    <p class='ocr_par' dir='ltr' id='par_1_1' title="bbox 538 260 643 314">
     <span class='ocr_line' id='line_1_1' title="bbox 538 260 643 314; baseline -0.01 0"><span class='ocrx_word' id='word_1_1' title='bbox 538 260 643 314; x_wconf 82' lang='lat'><strong>575</strong></span> 
     </span>
    </p>
   </div>
   <div class='ocr_carea' id='block_1_2' title="bbox 1159 259 3086 320">
    <p class='ocr_par' dir='ltr' id='par_1_2' title="bbox 1159 259 3086 320">
     <span class='ocr_line' id='line_1_2' title="bbox 1159 259 3086 320; baseline 0.001 -5"><span class='ocrx_word' id='word_1_2' title='bbox 1159 262 1231 315; x_wconf 77' lang='lat' dir='ltr'><strong>‘B;</strong></span> <span class='ocrx_word' id='word_1_3' title='bbox 1273 260 1525 317; x_wconf 79' lang='lat' dir='ltr'><strong>RABANI</strong></span> <span class='ocrx_word' id='word_1_4' title='bbox 1564 260 1779 317; x_wconf 76' lang='lat' dir='ltr'><strong>MAURI</strong></span> <span class='ocrx_word' id='word_1_5' title='bbox 1818 260 2127 315; x_wconf 79' lang='lat' dir='ltr'><strong>ARCIIIEP.</strong></span> <span class='ocrx_word' id='word_1_6' title='bbox 2175 259 2475 314; x_wconf 80' lang='lat' dir='ltr'><strong>MOCUNT.</strong></span> <span class='ocrx_word' id='word_1_7' title='bbox 2516 260 2796 319; x_wconf 76' lang='lat' dir='ltr'><strong>OPERUM</strong></span> <span class='ocrx_word' id='word_1_8' title='bbox 2834 262 3009 320; x_wconf 81' lang='lat' dir='ltr'><strong>PARS</strong></span> <span class='ocrx_word' id='word_1_9' title='bbox 3046 264 3086 318; x_wconf 86' lang='grc' dir='ltr'><strong>Ι.</strong></span> 
     </span>
    </p>
   </div>
   <div class='ocr_carea' id='block_1_3' title="bbox 3659 267 3759 321">
    <p class='ocr_par' dir='ltr' id='par_1_3' title="bbox 3659 267 3759 321">
     <span class='ocr_line' id='line_1_3' title="bbox 3659 267 3759 321; baseline 0 -1"><span class='ocrx_word' id='word_1_10' title='bbox 3659 267 3759 321; x_wconf 76' lang='lat' dir='ltr'><strong>G76</strong></span> 
     </span>
    </p>
   </div>
   <div class='ocr_carea' id='block_1_4' title="bbox 535 372 3760 448">
    <p class='ocr_par' dir='ltr' id='par_1_4' title="bbox 535 372 3760 448">
     <span class='ocr_line' id='line_1_4' title="bbox 535 372 3760 448; baseline 0.002 -19"><span class='ocrx_word' id='word_1_11' title='bbox 535 388 730 429; x_wconf 86' lang='lat' dir='ltr'><strong>manus</strong></span> <span class='ocrx_word' id='word_1_12' title='bbox 757 380 973 431; x_wconf 76' lang='lat' dir='ltr'><strong>insertis</strong></span> <span class='ocrx_word' id='word_1_13' title='bbox 1004 378 1232 431; x_wconf 91' lang='lat' dir='ltr'><strong>invicem</strong></span> <span class='ocrx_word' id='word_1_14' title='bbox 1258 377 1439 448; x_wconf 90' lang='lat' dir='ltr'><strong>digitis</strong></span> <span class='ocrx_word' id='word_1_15' title='bbox 1472 378 1782 447; x_wconf 88' lang='lat' dir='ltr'><strong>implicabis.</strong></span> <span class='ocrx_word' id='word_1_16' title='bbox 1827 377 1915 428; x_wconf 88' lang='lat' dir='ltr'><strong>Est</strong></span> <span class='ocrx_word' id='word_1_17' title='bbox 1939 385 1989 427; x_wconf 85' lang='lat' dir='ltr'><strong>et</strong></span> <span class='ocrx_word' id='word_1_18' title='bbox 2015 374 2095 426; x_wconf 90' lang='lat' dir='ltr'><strong>al-</strong></span> <span class='ocrx_word' id='word_1_19' title='bbox 2124 378 2170 434; x_wconf 78' lang='grc' dir='ltr'><strong>Α</strong></span> <span class='ocrx_word' id='word_1_20' title='bbox 2270 372 2394 428; x_wconf 61' lang='lat' dir='ltr'><strong>Haec</strong></span> <span class='ocrx_word' id='word_1_21' title='bbox 2435 376 2649 443; x_wconf 87' lang='lat' dir='ltr'><strong>inquam</strong></span> <span class='ocrx_word' id='word_1_22' title='bbox 2694 378 2987 447; x_wconf 86' lang='lat' dir='ltr'><strong>ponderum</strong></span> <span class='ocrx_word' id='word_1_23' title='bbox 3026 380 3279 447; x_wconf 87' lang='lat' dir='ltr'><strong>vocabula</strong></span> <span class='ocrx_word' id='word_1_24' title='bbox 3307 380 3387 435; x_wconf 87' lang='lat' dir='ltr'><strong>vel</strong></span> <span class='ocrx_word' id='word_1_25' title='bbox 3415 382 3760 440; x_wconf 82' lang='lat' dir='ltr'><strong>characteres</strong></span> 
     </span>
    </p>
   </div>
   <div class='ocr_carea' id='block_1_5' title="bbox 533 462 2095 539">
    <p class='ocr_par' dir='ltr' id='par_1_5' title="bbox 533 462 2095 539">
     <span class='ocr_line' id='line_1_5' title="bbox 533 462 2095 539; baseline -0.001 -23"><span class='ocrx_word' id='word_1_26' title='bbox 533 465 703 517; x_wconf 87' lang='lat' dir='ltr'><strong>terius</strong></span> <span class='ocrx_word' id='word_1_27' title='bbox 744 464 886 518; x_wconf 90' lang='lat' dir='ltr'><strong>modi</strong></span> <span class='ocrx_word' id='word_1_28' title='bbox 931 475 1214 535; x_wconf 77' lang='lat' dir='ltr'><strong>computus</strong></span> <span class='ocrx_word' id='word_1_29' title='bbox 1258 467 1579 521; x_wconf 73' lang='lat' dir='ltr'><strong>articulatim</strong></span> <span class='ocrx_word' id='word_1_30' title='bbox 1630 466 1957 519; x_wconf 76' lang='lat' dir='ltr'><strong>decurrens:</strong></span> <span class='ocrx_word' id='word_1_31' title='bbox 2004 462 2095 539; x_wconf 82' lang='lat' dir='ltr'><strong>qui</strong></span> 
     </span>
    </p>
   </div>
   <div class='ocr_carea' id='block_1_6' title="bbox 534 552 2095 623">
    <p class='ocr_par' dir='ltr' id='par_1_6' title="bbox 534 552 2095 623">
     <span class='ocr_line' id='line_1_6' title="bbox 534 552 2095 623; baseline 0.001 -18"><span class='ocrx_word' id='word_1_32' title='bbox 534 552 803 621; x_wconf 89' lang='lat' dir='ltr'><strong>quomodo</strong></span> <span class='ocrx_word' id='word_1_33' title='bbox 844 553 1144 622; x_wconf 84' lang='lat' dir='ltr'><strong>specialiter</strong></span> <span class='ocrx_word' id='word_1_34' title='bbox 1183 555 1248 608; x_wconf 85' lang='lat' dir='ltr'><strong>ad</strong></span> <span class='ocrx_word' id='word_1_35' title='bbox 1290 555 1504 608; x_wconf 65' lang='lat' dir='ltr'><strong>Pascha:</strong></span> <span class='ocrx_word' id='word_1_36' title='bbox 1535 555 1793 607; x_wconf 89' lang='lat' dir='ltr'><strong>rationem</strong></span> <span class='ocrx_word' id='word_1_37' title='bbox 1834 554 2095 623; x_wconf 78' lang='lat' dir='ltr'><strong>pertinet,</strong></span> 
     </span>
    </p>
   </div>
   <div class='ocr_carea' id='block_1_7' title="bbox 534 641 2097 713">
    <p class='ocr_par' dir='ltr' id='par_1_7' title="bbox 534 641 2097 713">
     <span class='ocr_line' id='line_1_7' title="bbox 534 641 2097 713; baseline 0.001 -19"><span class='ocrx_word' id='word_1_38' title='bbox 534 654 657 697; x_wconf 87' lang='lat' dir='ltr'><strong>cum</strong></span> <span class='ocrx_word' id='word_1_39' title='bbox 688 641 756 695; x_wconf 90' lang='lat' dir='ltr'><strong>ad</strong></span> <span class='ocrx_word' id='word_1_40' title='bbox 785 643 925 697; x_wconf 89' lang='lat' dir='ltr'><strong>hanc</strong></span> <span class='ocrx_word' id='word_1_41' title='bbox 954 658 1020 697; x_wconf 81' lang='lat' dir='ltr'><strong>ex</strong></span> <span class='ocrx_word' id='word_1_42' title='bbox 1044 644 1228 697; x_wconf 89' lang='lat' dir='ltr'><strong>ordine</strong></span> <span class='ocrx_word' id='word_1_43' title='bbox 1258 651 1474 696; x_wconf 91' lang='lat' dir='ltr'><strong>ventum</strong></span> <span class='ocrx_word' id='word_1_44' title='bbox 1512 642 1702 708; x_wconf 82' lang='lat' dir='ltr'><strong>fuerit,</strong></span> <span class='ocrx_word' id='word_1_45' title='bbox 1747 643 2097 713; x_wconf 87' lang='lat' dir='ltr'><strong>opportunius</strong></span> 
     </span>
    </p>
   </div>
   <div class='ocr_carea' id='block_1_8' title="bbox 535 728 905 797">
    <p class='ocr_par' dir='ltr' id='par_1_8' title="bbox 535 728 905 797">
     <span class='ocr_line' id='line_1_8' title="bbox 535 728 905 797; baseline 0.005 -16"><span class='ocrx_word' id='word_1_46' title='bbox 535 728 905 797; x_wconf 77' lang='lat' dir='ltr'><strong>explicabitur.</strong></span> 
     </span>
    </p>
   </div>
   <div class='ocr_carea' id='block_1_9' title="bbox 1134 796 1503 853">
    <p class='ocr_par' dir='ltr' id='par_1_9' title="bbox 1134 796 1503 853">
     <span class='ocr_line' id='line_1_9' title="bbox 1134 796 1503 853; baseline 0.005 -3"><span class='ocrx_word' id='word_1_47' title='bbox 1134 796 1357 852; x_wconf 77' lang='lat' dir='ltr'><strong>CAPUT</strong></span> <span class='ocrx_word' id='word_1_48' title='bbox 1395 798 1503 853; x_wconf 75' lang='lat' dir='ltr'><strong>Vll.</strong></span> 
     </span>
    </p>
   </div>
   <div class='ocr_carea' id='block_1_10' title="bbox 752 883 1862 959">
    <p class='ocr_par' dir='ltr' id='par_1_10' title="bbox 752 883 1862 959">
     <span class='ocr_line' id='line_1_10' title="bbox 752 883 1862 959; baseline 0.006 -23"><span class='ocrx_word' id='word_1_49' title='bbox 752 884 824 937; x_wconf 88' lang='lat' dir='ltr'><strong>De</strong></span> <span class='ocrx_word' id='word_1_50' title='bbox 844 883 1141 937; x_wconf 78' lang='lat' dir='ltr'><strong>ercorum</strong></span> <span class='ocrx_word' id='word_1_51' title='bbox 1166 886 1299 939; x_wconf 81' lang='lat' dir='ltr'><strong>notis</strong></span> <span class='ocrx_word' id='word_1_52' title='bbox 1323 886 1391 939; x_wconf 85' lang='lat' dir='ltr'><strong>ad</strong></span> <span class='ocrx_word' id='word_1_53' title='bbox 1416 904 1653 942; x_wconf 84' lang='lat' dir='ltr'><strong>numeros</strong></span> <span class='ocrx_word' id='word_1_54' title='bbox 1675 891 1862 959; x_wconf 79' lang='lat' dir='ltr'><strong>aptatis</strong></span> 
     </span>
    </p>
   </div>
   <div class='ocr_carea' id='block_1_11' title="bbox 610 974 2099 1049">
    <p class='ocr_par' dir='ltr' id='par_1_11' title="bbox 610 974 2099 1049">
     <span class='ocr_line' id='line_1_11' title="bbox 610 974 2099 1049; baseline 0.007 -23"><span class='ocrx_word' id='word_1_55' title='bbox 610 974 749 1028; x_wconf 83' lang='lat' dir='ltr'><strong>DISC.</strong></span> <span class='ocrx_word' id='word_1_56' title='bbox 780 974 918 1039; x_wconf 87' lang='lat' dir='ltr'><strong>Quid</strong></span> <span class='ocrx_word' id='word_1_57' title='bbox 942 975 1008 1028; x_wconf 90' lang='lat' dir='ltr'><strong>de</strong></span> <span class='ocrx_word' id='word_1_58' title='bbox 1031 975 1337 1032; x_wconf 69' lang='lat' dir='ltr'><strong>Graecorum</strong></span> <span class='ocrx_word' id='word_1_59' title='bbox 1375 988 1622 1047; x_wconf 86' lang='lat' dir='ltr'><strong>computo</strong></span> <span class='ocrx_word' id='word_1_60' title='bbox 1650 981 1748 1045; x_wconf 86' lang='lat' dir='ltr'><strong>ais,</strong></span> <span class='ocrx_word' id='word_1_61' title='bbox 1781 983 1893 1049; x_wconf 88' lang='lat' dir='ltr'><strong>qui,</strong></span> <span class='ocrx_word' id='word_1_62' title='bbox 1924 993 1981 1035; x_wconf 92' lang='lat' dir='ltr'><strong>ut</strong></span> <span class='ocrx_word' id='word_1_63' title='bbox 2006 997 2099 1036; x_wconf 79' lang='lat' dir='ltr'><strong>au-</strong></span> 
     </span>
    </p>
   </div>
   <div class='ocr_carea' id='block_1_12' title="bbox 536 1056 2098 1136">
    <p class='ocr_par' dir='ltr' id='par_1_12' title="bbox 536 1056 2098 1136">
     <span class='ocr_line' id='line_1_12' title="bbox 536 1056 2098 1136; baseline 0.008 -20"><span class='ocrx_word' id='word_1_64' title='bbox 536 1062 663 1126; x_wconf 90' lang='lat' dir='ltr'><strong>divi,</strong></span> <span class='ocrx_word' id='word_1_65' title='bbox 693 1078 946 1119; x_wconf 87' lang='lat' dir='ltr'><strong>numeros</strong></span> <span class='ocrx_word' id='word_1_66' title='bbox 967 1068 1197 1136; x_wconf 89' lang='lat' dir='ltr'><strong>propriis</strong></span> <span class='ocrx_word' id='word_1_67' title='bbox 1221 1056 1411 1124; x_wconf 82' lang='lat' dir='ltr'><strong>litteris</strong></span> <span class='ocrx_word' id='word_1_68' title='bbox 1430 1070 1717 1124; x_wconf 88' lang='lat' dir='ltr'><strong>denotant?</strong></span> <span class='ocrx_word' id='word_1_69' title='bbox 1736 1070 1874 1126; x_wconf 75' lang='lat' dir='ltr'><strong>MAG.</strong></span> <span class='ocrx_word' id='word_1_70' title='bbox 1902 1073 2098 1128; x_wconf 88' lang='lat' dir='ltr'><strong>Verum</strong></span> 
     </span>
    </p>
   </div>
   <div class='ocr_carea' id='block_1_13' title="bbox 532 1141 2101 1226">
    <p class='ocr_par' dir='ltr' id='par_1_13' title="bbox 532 1141 2101 1226">
     <span class='ocr_line' id='line_1_13' title="bbox 532 1141 2101 1226; baseline 0.01 -26"><span class='ocrx_word' id='word_1_71' title='bbox 532 1158 591 1201; x_wconf 90' lang='lat' dir='ltr'><strong>ut</strong></span> <span class='ocrx_word' id='word_1_72' title='bbox 622 1150 817 1204; x_wconf 88' lang='lat' dir='ltr'><strong>asseris</strong></span> <span class='ocrx_word' id='word_1_73' title='bbox 844 1152 917 1206; x_wconf 88' lang='lat' dir='ltr'><strong>ita</strong></span> <span class='ocrx_word' id='word_1_74' title='bbox 943 1161 1047 1217; x_wconf 91' lang='lat' dir='ltr'><strong>est,</strong></span> <span class='ocrx_word' id='word_1_75' title='bbox 1075 1171 1195 1209; x_wconf 90' lang='lat' dir='ltr'><strong>cum</strong></span> <span class='ocrx_word' id='word_1_76' title='bbox 1235 1164 1345 1210; x_wconf 91' lang='lat' dir='ltr'><strong>toto</strong></span> <span class='ocrx_word' id='word_1_77' title='bbox 1381 1157 1643 1226; x_wconf 90' lang='lat' dir='ltr'><strong>alphabeti</strong></span> <span class='ocrx_word' id='word_1_78' title='bbox 1681 1160 1762 1214; x_wconf 89' lang='lat' dir='ltr'><strong>sui</strong></span> <span class='ocrx_word' id='word_1_79' title='bbox 1791 1141 2101 1216; x_wconf 79' lang='lat' dir='ltr'><strong>charactere</strong></span> 
     </span>
    </p>
   </div>
   <div class='ocr_carea' id='block_1_14' title="bbox 536 1235 2101 1319">
    <p class='ocr_par' dir='ltr' id='par_1_14' title="bbox 536 1235 2101 1319">
     <span class='ocr_line' id='line_1_14' title="bbox 536 1235 2101 1319; baseline 0.01 -32"><span class='ocrx_word' id='word_1_80' title='bbox 536 1235 588 1287; x_wconf 92' lang='lat' dir='ltr'><strong>in</strong></span> <span class='ocrx_word' id='word_1_81' title='bbox 619 1252 963 1292; x_wconf 81' lang='lat' dir='ltr'><strong>numerorum</strong></span> <span class='ocrx_word' id='word_1_82' title='bbox 996 1241 1193 1310; x_wconf 87' lang='lat' dir='ltr'><strong>ﬁguras</strong></span> <span class='ocrx_word' id='word_1_83' title='bbox 1226 1258 1493 1313; x_wconf 83' lang='lat' dir='ltr'><strong>expenso,</strong></span> <span class='ocrx_word' id='word_1_84' title='bbox 1537 1254 1647 1302; x_wconf 89' lang='lat' dir='ltr'><strong>tres</strong></span> <span class='ocrx_word' id='word_1_85' title='bbox 1686 1248 1777 1317; x_wconf 87' lang='lat' dir='ltr'><strong>qui</strong></span> <span class='ocrx_word' id='word_1_86' title='bbox 1818 1249 1937 1319; x_wconf 89' lang='lat' dir='ltr'><strong>plus</strong></span> <span class='ocrx_word' id='word_1_87' title='bbox 1977 1258 2101 1305; x_wconf 89' lang='lat' dir='ltr'><strong>sunt</strong></span> 
     </span>
    </p>
   </div>
   <div class='ocr_carea' id='block_1_15' title="bbox 535 1328 2098 1406">
    <p class='ocr_par' dir='ltr' id='par_1_15' title="bbox 535 1328 2098 1406">
     <span class='ocr_line' id='line_1_15' title="bbox 535 1328 2098 1406; baseline 0.011 -30"><span class='ocrx_word' id='word_1_88' title='bbox 535 1340 792 1379; x_wconf 87' lang='lat' dir='ltr'><strong>numeros</strong></span> <span class='ocrx_word' id='word_1_89' title='bbox 821 1328 960 1381; x_wconf 89' lang='lat' dir='ltr'><strong>notis</strong></span> <span class='ocrx_word' id='word_1_90' title='bbox 987 1328 1543 1403; x_wconf 86' lang='lat' dir='ltr'><strong>singulisdepingunt,</strong></span> <span class='ocrx_word' id='word_1_91' title='bbox 1570 1337 1811 1390; x_wconf 89' lang='lat' dir='ltr'><strong>eumdem</strong></span> <span class='ocrx_word' id='word_1_92' title='bbox 1840 1352 1975 1406; x_wconf 90' lang='lat' dir='ltr'><strong>pene</strong></span> <span class='ocrx_word' id='word_1_93' title='bbox 1998 1355 2098 1400; x_wconf 88' lang='lat' dir='ltr'><strong>nu-</strong></span> 
     </span>
    </p>
   </div>
   <div class='ocr_carea' id='block_1_16' title="bbox 537 1411 2098 1492">
    <p class='ocr_par' dir='ltr' id='par_1_16' title="bbox 537 1411 2098 1492">
     <span class='ocr_line' id='line_1_16' title="bbox 537 1411 2098 1492; baseline 0.012 -30"><span class='ocrx_word' id='word_1_94' title='bbox 537 1412 672 1464; x_wconf 89' lang='lat' dir='ltr'><strong>meri</strong></span> <span class='ocrx_word' id='word_1_95' title='bbox 721 1411 979 1480; x_wconf 89' lang='lat' dir='ltr'><strong>ﬁgurandi</strong></span> <span class='ocrx_word' id='word_1_96' title='bbox 1027 1429 1183 1483; x_wconf 89' lang='lat' dir='ltr'><strong>quem</strong></span> <span class='ocrx_word' id='word_1_97' title='bbox 1229 1419 1498 1475; x_wconf 82' lang='lat' dir='ltr'><strong>scribendi</strong></span> <span class='ocrx_word' id='word_1_98' title='bbox 1548 1422 1815 1492; x_wconf 86' lang='lat' dir='ltr'><strong>alphabeti</strong></span> <span class='ocrx_word' id='word_1_99' title='bbox 1859 1426 2098 1480; x_wconf 89' lang='lat' dir='ltr'><strong>ordinem</strong></span> 
     </span>
    </p>
   </div>
   <div class='ocr_carea' id='block_1_17' title="bbox 538 1504 2097 1583">
    <p class='ocr_par' dir='ltr' id='par_1_17' title="bbox 538 1504 2097 1583">
     <span class='ocr_line' id='line_1_17' title="bbox 538 1504 2097 1583; baseline 0.01 -29"><span class='ocrx_word' id='word_1_100' title='bbox 538 1511 821 1568; x_wconf 87' lang='lat' dir='ltr'><strong>sequentes</strong></span> <span class='ocrx_word' id='word_1_101' title='bbox 846 1504 947 1557; x_wconf 88' lang='lat' dir='ltr'><strong>hoc</strong></span> <span class='ocrx_word' id='word_1_102' title='bbox 976 1505 1217 1561; x_wconf 78' lang='lat' dir='ltr'><strong>modoza</strong></span> <span class='ocrx_word' id='word_1_103' title='bbox 1242 1508 1295 1573; x_wconf 79' lang='grc'>1,</span> <span class='ocrx_word' id='word_1_104' title='bbox 1321 1509 1430 1580; x_wconf 65' lang='grc' dir='ltr'>βὲ,</span> <span class='ocrx_word' id='word_1_105' title='bbox 1458 1511 1562 1583; x_wconf 71' lang='grc' dir='ltr'>ανδ,</span> <span class='ocrx_word' id='word_1_106' title='bbox 1593 1511 1623 1568; x_wconf 80' lang='grc' dir='ltr'>δ</span> <span class='ocrx_word' id='word_1_107' title='bbox 1647 1513 1700 1576; x_wconf 74' lang='grc'>4,</span> <span class='ocrx_word' id='word_1_108' title='bbox 1727 1534 1749 1568; x_wconf 76' lang='grc' dir='ltr'><strong>ι</strong></span> <span class='ocrx_word' id='word_1_109' title='bbox 1774 1513 1824 1579; x_wconf 83' lang='lat'><strong>5,</strong></span> <span class='ocrx_word' id='word_1_110' title='bbox 1856 1538 1894 1580; x_wconf 82' lang='grc' dir='ltr'><em>ς’</em></span> <span class='ocrx_word' id='word_1_111' title='bbox 1918 1516 2097 1581; x_wconf 75' lang='grc' dir='ltr'>6,ζ7,</span> 
     </span>
    </p>
   </div>
   <div class='ocr_carea' id='block_1_18' title="bbox 532 1590 2095 1672">
    <p class='ocr_par' dir='ltr' id='par_1_18' title="bbox 532 1590 2095 1672">
     <span class='ocr_line' id='line_1_18' title="bbox 532 1590 2095 1672; baseline 0.008 -25"><span class='ocrx_word' id='word_1_112' title='bbox 532 1611 563 1647; x_wconf 85' lang='grc' dir='ltr'><strong><em>η</em></strong></span> <span class='ocrx_word' id='word_1_113' title='bbox 594 1590 644 1653; x_wconf 88' lang='grc'>8,</span> <span class='ocrx_word' id='word_1_114' title='bbox 678 1591 2095 1672; x_wconf 69' lang='grc' dir='ltr'>θ9,ι10,κ20,λ50,μ40,ν50,ξ60,ο70,π80,</span> 
     </span>
    </p>
   </div>
   <div class='ocr_carea' id='block_1_19' title="bbox 534 1679 2175 1769">
    <p class='ocr_par' dir='ltr' id='par_1_19' title="bbox 534 1679 2175 1769">
     <span class='ocr_line' id='line_1_19' title="bbox 534 1679 2175 1769; baseline 0.015 -40"><span class='ocrx_word' id='word_1_115' title='bbox 534 1679 668 1769; x_wconf 71' lang='grc'>490,</span> <span class='ocrx_word' id='word_1_116' title='bbox 694 1702 723 1757; x_wconf 82' lang='grc' dir='ltr'>ρ</span> <span class='ocrx_word' id='word_1_117' title='bbox 750 1682 868 1742; x_wconf 76' lang='grc'>100,</span> <span class='ocrx_word' id='word_1_118' title='bbox 895 1705 931 1738; x_wconf 87' lang='grc' dir='ltr'><strong>σ</strong></span> <span class='ocrx_word' id='word_1_119' title='bbox 956 1683 1080 1750; x_wconf 75' lang='grc'>200,</span> <span class='ocrx_word' id='word_1_120' title='bbox 1103 1709 1134 1742; x_wconf 86' lang='grc' dir='ltr'>τ</span> <span class='ocrx_word' id='word_1_121' title='bbox 1153 1687 1277 1754; x_wconf 79' lang='grc'>500,</span> <span class='ocrx_word' id='word_1_122' title='bbox 1303 1713 1334 1744; x_wconf 84' lang='grc' dir='ltr'><strong>υ</strong></span> <span class='ocrx_word' id='word_1_123' title='bbox 1359 1690 1485 1755; x_wconf 69' lang='grc'>400,</span> <span class='ocrx_word' id='word_1_124' title='bbox 1506 1715 1539 1766; x_wconf 70' lang='grc' dir='ltr'><strong><em>φ</em></strong></span> <span class='ocrx_word' id='word_1_125' title='bbox 1558 1693 1680 1759; x_wconf 84' lang='grc'>500,</span> <span class='ocrx_word' id='word_1_126' title='bbox 1706 1716 1748 1766; x_wconf 85' lang='grc' dir='ltr'>χ</span> <span class='ocrx_word' id='word_1_127' title='bbox 1768 1694 1891 1760; x_wconf 86' lang='grc'>600,</span> <span class='ocrx_word' id='word_1_128' title='bbox 1914 1697 1953 1767; x_wconf 74' lang='grc' dir='ltr'>ψ</span> <span class='ocrx_word' id='word_1_129' title='bbox 1975 1697 2095 1757; x_wconf 82' lang='grc'>700,</span> <span class='ocrx_word' id='word_1_130' title='bbox 2130 1711 2175 1769; x_wconf 78' lang='grc' dir='ltr'><strong>Β</strong></span> 
     </span>
    </p>
   </div>
   <div class='ocr_carea' id='block_1_20' title="bbox 532 1768 2103 1855">
    <p class='ocr_par' dir='ltr' id='par_1_20' title="bbox 532 1768 2103 1855">
     <span class='ocr_line' id='line_1_20' title="bbox 532 1768 2103 1855; baseline 0.012 -34"><span class='ocrx_word' id='word_1_131' title='bbox 532 1791 573 1822; x_wconf 76' lang='grc' dir='ltr'><strong>ω</strong></span> <span class='ocrx_word' id='word_1_132' title='bbox 602 1768 727 1836; x_wconf 89' lang='grc'>800,</span> <span class='ocrx_word' id='word_1_133' title='bbox 771 1771 819 1835; x_wconf 76' lang='lat' dir='ltr'>b</span> <span class='ocrx_word' id='word_1_134' title='bbox 853 1771 975 1855; x_wconf 63' lang='grc'>000.</span> <span class='ocrx_word' id='word_1_135' title='bbox 1012 1774 1111 1841; x_wconf 91' lang='lat' dir='ltr'><strong>Qui</strong></span> <span class='ocrx_word' id='word_1_136' title='bbox 1149 1785 1204 1831; x_wconf 89' lang='lat' dir='ltr'><strong>et</strong></span> <span class='ocrx_word' id='word_1_137' title='bbox 1232 1779 1350 1833; x_wconf 90' lang='lat' dir='ltr'><strong>ideo</strong></span> <span class='ocrx_word' id='word_1_138' title='bbox 1382 1795 1503 1834; x_wconf 84' lang='lat' dir='ltr'><strong>mox</strong></span> <span class='ocrx_word' id='word_1_139' title='bbox 1544 1797 1794 1838; x_wconf 88' lang='lat' dir='ltr'><strong>numeros</strong></span> <span class='ocrx_word' id='word_1_140' title='bbox 1819 1785 1997 1855; x_wconf 86' lang='lat' dir='ltr'><strong>digitis</strong></span> <span class='ocrx_word' id='word_1_141' title='bbox 2031 1785 2103 1840; x_wconf 87' lang='lat' dir='ltr'><strong>si-</strong></span> 
     </span>
    </p>
   </div>
   <div class='ocr_carea' id='block_1_21' title="bbox 537 1858 2103 1931">
    <p class='ocr_par' dir='ltr' id='par_1_21' title="bbox 537 1858 2103 1931">
     <span class='ocr_line' id='line_1_21' title="bbox 537 1858 2103 1931; baseline 0.013 -20"><span class='ocrx_word' id='word_1_142' title='bbox 537 1858 793 1925; x_wconf 83' lang='lat' dir='ltr'><strong>gniﬁcare</strong></span> <span class='ocrx_word' id='word_1_143' title='bbox 834 1863 1145 1931; x_wconf 89' lang='lat' dir='ltr'><strong>didicerint,</strong></span> <span class='ocrx_word' id='word_1_144' title='bbox 1192 1869 1334 1923; x_wconf 88' lang='lat' dir='ltr'><strong>nulla</strong></span> <span class='ocrx_word' id='word_1_145' title='bbox 1375 1870 1689 1927; x_wconf 88' lang='lat' dir='ltr'><strong>interstante</strong></span> <span class='ocrx_word' id='word_1_146' title='bbox 1725 1890 1874 1931; x_wconf 88' lang='lat' dir='ltr'><strong>mora</strong></span> <span class='ocrx_word' id='word_1_147' title='bbox 1900 1875 2103 1931; x_wconf 88' lang='lat' dir='ltr'><strong>litteras</strong></span> 
     </span>
    </p>
   </div>
   <div class='ocr_carea' id='block_1_22' title="bbox 537 1942 1730 2028">
    <p class='ocr_par' dir='ltr' id='par_1_22' title="bbox 537 1942 1730 2028">
     <span class='ocr_line' id='line_1_22' title="bbox 537 1942 1730 2028; baseline 0.016 -31"><span class='ocrx_word' id='word_1_148' title='bbox 537 1960 750 2015; x_wconf 91' lang='lat' dir='ltr'><strong>quoque</strong></span> <span class='ocrx_word' id='word_1_149' title='bbox 770 1942 975 2016; x_wconf 87' lang='lat' dir='ltr'><strong>pariter</strong></span> <span class='ocrx_word' id='word_1_150' title='bbox 1003 1952 1208 2008; x_wconf 87' lang='lat' dir='ltr'><strong>hisdem</strong></span> <span class='ocrx_word' id='word_1_151' title='bbox 1235 1957 1510 2028; x_wconf 65' lang='lat' dir='ltr'><strong>prazﬁgere</strong></span> <span class='ocrx_word' id='word_1_152' title='bbox 1535 1961 1730 2015; x_wconf 88' lang='lat' dir='ltr'><strong>sciunt.</strong></span> 
     </span>
    </p>
   </div>
   <div class='ocr_carea' id='block_1_23' title="bbox 1114 2065 1511 2123">
    <p class='ocr_par' dir='ltr' id='par_1_23' title="bbox 1114 2065 1511 2123">
     <span class='ocr_line' id='line_1_23' title="bbox 1114 2065 1511 2123; baseline 0.013 -5"><span class='ocrx_word' id='word_1_153' title='bbox 1114 2065 1340 2123; x_wconf 83' lang='lat' dir='ltr'><strong>CAPUT</strong></span> <span class='ocrx_word' id='word_1_154' title='bbox 1381 2068 1511 2123; x_wconf 80' lang='lat' dir='ltr'><strong>Vlll.</strong></span> 
     </span>
    </p>
   </div>
   <div class='ocr_carea' id='block_1_24' title="bbox 800 2129 1841 2206">
    <p class='ocr_par' dir='ltr' id='par_1_24' title="bbox 800 2129 1841 2206">
     <span class='ocr_line' id='line_1_24' title="bbox 800 2129 1841 2206; baseline 0.014 -24"><span class='ocrx_word' id='word_1_155' title='bbox 800 2129 876 2184; x_wconf 86' lang='lat' dir='ltr'><strong>De</strong></span> <span class='ocrx_word' id='word_1_156' title='bbox 898 2132 1174 2194; x_wconf 72' lang='lat' dir='ltr'><strong>unciarum</strong></span> <span class='ocrx_word' id='word_1_157' title='bbox 1197 2136 1380 2206; x_wconf 77' lang='lat' dir='ltr'><strong>ﬁguris</strong></span> <span class='ocrx_word' id='word_1_158' title='bbox 1410 2150 1457 2193; x_wconf 81' lang='lat' dir='ltr'><strong>et</strong></span> <span class='ocrx_word' id='word_1_159' title='bbox 1483 2140 1841 2197; x_wconf 73' lang='lat' dir='ltr'><strong>divisionibus.</strong></span> 
     </span>
    </p>
   </div>
   <div class='ocr_carea' id='block_1_25' title="bbox 606 2212 2100 2305">
    <p class='ocr_par' dir='ltr' id='par_1_25' title="bbox 606 2212 2100 2305">
     <span class='ocr_line' id='line_1_25' title="bbox 606 2212 2100 2305; baseline 0.012 -34"><span class='ocrx_word' id='word_1_160' title='bbox 606 2212 747 2274; x_wconf 79' lang='lat' dir='ltr'><strong>Dtsc.</strong></span> <span class='ocrx_word' id='word_1_161' title='bbox 775 2219 851 2275; x_wconf 88' lang='lat' dir='ltr'><strong>De</strong></span> <span class='ocrx_word' id='word_1_162' title='bbox 873 2222 956 2276; x_wconf 91' lang='lat' dir='ltr'><strong>his</strong></span> <span class='ocrx_word' id='word_1_163' title='bbox 976 2238 1094 2291; x_wconf 73' lang='lat' dir='ltr'><strong>quae</strong></span> <span class='ocrx_word' id='word_1_164' title='bbox 1114 2227 1299 2283; x_wconf 84' lang='lat' dir='ltr'><strong>uncias</strong></span> <span class='ocrx_word' id='word_1_165' title='bbox 1326 2231 1659 2299; x_wconf 64' lang='lat' dir='ltr'><strong>computista:</strong></span> <span class='ocrx_word' id='word_1_166' title='bbox 1687 2233 1951 2302; x_wconf 90' lang='lat' dir='ltr'><strong>appellant</strong></span> <span class='ocrx_word' id='word_1_167' title='bbox 1970 2250 2100 2305; x_wconf 89' lang='lat' dir='ltr'><strong>rogo</strong></span> 
     </span>
    </p>
   </div>
   <div class='ocr_carea' id='block_1_26' title="bbox 533 2310 2097 2392">
    <p class='ocr_par' dir='ltr' id='par_1_26' title="bbox 533 2310 2097 2392">
     <span class='ocr_line' id='line_1_26' title="bbox 533 2310 2097 2392; baseline 0.012 -30"><span class='ocrx_word' id='word_1_168' title='bbox 533 2318 595 2362; x_wconf 90' lang='lat' dir='ltr'><strong>ut</strong></span> <span class='ocrx_word' id='word_1_169' title='bbox 624 2310 911 2365; x_wconf 84' lang='lat' dir='ltr'><strong>edisseras.</strong></span> <span class='ocrx_word' id='word_1_170' title='bbox 956 2311 1094 2369; x_wconf 70' lang='lat' dir='ltr'><strong>Mss.</strong></span> <span class='ocrx_word' id='word_1_171' title='bbox 1144 2316 1215 2372; x_wconf 89' lang='lat' dir='ltr'><strong>De</strong></span> <span class='ocrx_word' id='word_1_172' title='bbox 1256 2319 1535 2375; x_wconf 88' lang='lat' dir='ltr'><strong>unciarum</strong></span> <span class='ocrx_word' id='word_1_173' title='bbox 1572 2335 1783 2391; x_wconf 89' lang='lat' dir='ltr'><strong>quoque</strong></span> <span class='ocrx_word' id='word_1_174' title='bbox 1809 2323 2097 2392; x_wconf 87' lang='lat' dir='ltr'><strong>divisione,</strong></span> 
     </span>
    </p>
   </div>
   <div class='ocr_carea' id='block_1_27' title="bbox 537 2402 2101 2480">
    <p class='ocr_par' dir='ltr' id='par_1_27' title="bbox 537 2402 2101 2480">
     <span class='ocr_line' id='line_1_27' title="bbox 537 2402 2101 2480; baseline 0.011 -29"><span class='ocrx_word' id='word_1_175' title='bbox 537 2415 658 2468; x_wconf 67' lang='lat' dir='ltr'><strong>quae</strong></span> <span class='ocrx_word' id='word_1_176' title='bbox 688 2415 795 2454; x_wconf 93' lang='lat' dir='ltr'><strong>non</strong></span> <span class='ocrx_word' id='word_1_177' title='bbox 824 2402 1005 2458; x_wconf 90' lang='lat' dir='ltr'><strong>minus</strong></span> <span class='ocrx_word' id='word_1_178' title='bbox 1030 2407 1359 2475; x_wconf 86' lang='lat' dir='ltr'><strong>temporibus</strong></span> <span class='ocrx_word' id='word_1_179' title='bbox 1387 2409 1613 2465; x_wconf 83' lang='lat' dir='ltr'><strong>rebusve</strong></span> <span class='ocrx_word' id='word_1_180' title='bbox 1631 2410 1750 2466; x_wconf 89' lang='lat' dir='ltr'><strong>aliis</strong></span> <span class='ocrx_word' id='word_1_181' title='bbox 1767 2426 1927 2480; x_wconf 90' lang='lat' dir='ltr'><strong>quam</strong></span> <span class='ocrx_word' id='word_1_182' title='bbox 1950 2430 2101 2468; x_wconf 87' lang='lat' dir='ltr'><strong>num-</strong></span> 
     </span>
    </p>
   </div>
   <div class='ocr_carea' id='block_1_28' title="bbox 532 2490 2100 2571">
    <p class='ocr_par' dir='ltr' id='par_1_28' title="bbox 532 2490 2100 2571">
     <span class='ocr_line' id='line_1_28' title="bbox 532 2490 2100 2571; baseline 0.011 -29"><span class='ocrx_word' id='word_1_183' title='bbox 532 2490 637 2544; x_wconf 85' lang='lat' dir='ltr'><strong>tnis</strong></span> <span class='ocrx_word' id='word_1_184' title='bbox 664 2503 750 2544; x_wconf 90' lang='lat' dir='ltr'><strong>est</strong></span> <span class='ocrx_word' id='word_1_185' title='bbox 774 2501 896 2561; x_wconf 87' lang='lat' dir='ltr'><strong>apta</strong></span> <span class='ocrx_word' id='word_1_186' title='bbox 944 2499 1347 2564; x_wconf 90' lang='lat' dir='ltr'><strong>computandis,</strong></span> <span class='ocrx_word' id='word_1_187' title='bbox 1395 2516 1499 2555; x_wconf 93' lang='lat' dir='ltr'><strong>non</strong></span> <span class='ocrx_word' id='word_1_188' title='bbox 1548 2501 1792 2571; x_wconf 86' lang='lat' dir='ltr'><strong>ignobilis</strong></span> <span class='ocrx_word' id='word_1_189' title='bbox 1831 2506 2100 2559; x_wconf 88' lang='lat' dir='ltr'><strong>contentio</strong></span> 
     </span>
    </p>
   </div>
   <div class='ocr_carea' id='block_1_29' title="bbox 529 2578 2099 2663">
    <p class='ocr_par' dir='ltr' id='par_1_29' title="bbox 529 2578 2099 2663">
     <span class='ocr_line' id='line_1_29' title="bbox 529 2578 2099 2663; baseline 0.011 -31"><span class='ocrx_word' id='word_1_190' title='bbox 529 2587 631 2632; x_wconf 83' lang='lat' dir='ltr'><strong>est.</strong></span> <span class='ocrx_word' id='word_1_191' title='bbox 662 2578 865 2646; x_wconf 89' lang='lat' dir='ltr'><strong>Quibus</strong></span> <span class='ocrx_word' id='word_1_192' title='bbox 893 2583 1018 2652; x_wconf 87' lang='lat' dir='ltr'><strong>quia</strong></span> <span class='ocrx_word' id='word_1_193' title='bbox 1041 2585 1281 2655; x_wconf 86' lang='lat' dir='ltr'><strong>disperse</strong></span> <span class='ocrx_word' id='word_1_194' title='bbox 1308 2590 1507 2658; x_wconf 85' lang='lat' dir='ltr'><strong>passim</strong></span> <span class='ocrx_word' id='word_1_195' title='bbox 1537 2592 1771 2646; x_wconf 69' lang='lat' dir='ltr'><strong>historia:</strong></span> <span class='ocrx_word' id='word_1_196' title='bbox 1798 2601 1854 2646; x_wconf 90' lang='lat' dir='ltr'><strong>et</strong></span> <span class='ocrx_word' id='word_1_197' title='bbox 1880 2593 1994 2663; x_wconf 84' lang='lat' dir='ltr'><strong>ipsa</strong></span> <span class='ocrx_word' id='word_1_198' title='bbox 2020 2608 2099 2650; x_wconf 81' lang='lat' dir='ltr'><strong>sa-</strong></span> 
     </span>
    </p>
   </div>
   <div class='ocr_carea' id='block_1_30' title="bbox 529 2666 2099 2753">
    <p class='ocr_par' dir='ltr' id='par_1_30' title="bbox 529 2666 2099 2753">
     <span class='ocr_line' id='line_1_30' title="bbox 529 2666 2099 2753; baseline 0.011 -32"><span class='ocrx_word' id='word_1_199' title='bbox 529 2683 623 2721; x_wconf 88' lang='lat' dir='ltr'><strong>cra</strong></span> <span class='ocrx_word' id='word_1_200' title='bbox 649 2666 925 2739; x_wconf 83' lang='lat' dir='ltr'><strong>Scriptura</strong></span> <span class='ocrx_word' id='word_1_201' title='bbox 948 2675 1139 2741; x_wconf 88' lang='lat' dir='ltr'><strong>utitur,</strong></span> <span class='ocrx_word' id='word_1_202' title='bbox 1164 2680 1378 2737; x_wconf 83' lang='lat' dir='ltr'><strong>nomina</strong></span> <span class='ocrx_word' id='word_1_203' title='bbox 1397 2681 1598 2749; x_wconf 88' lang='lat' dir='ltr'><strong>pariter</strong></span> <span class='ocrx_word' id='word_1_204' title='bbox 1617 2691 1672 2737; x_wconf 91' lang='lat' dir='ltr'><strong>et</strong></span> <span class='ocrx_word' id='word_1_205' title='bbox 1698 2682 1893 2753; x_wconf 86' lang='lat' dir='ltr'><strong>ﬁguras</strong></span> <span class='ocrx_word' id='word_1_206' title='bbox 1913 2698 2099 2738; x_wconf 90' lang='lat' dir='ltr'><strong>earum</strong></span> 
     </span>
    </p>
   </div>
   <div class='ocr_carea' id='block_1_31' title="bbox 529 2756 1312 2829">
    <p class='ocr_par' dir='ltr' id='par_1_31' title="bbox 529 2756 1312 2829">
     <span class='ocr_line' id='line_1_31' title="bbox 529 2756 1312 2829; baseline 0.018 -23"><span class='ocrx_word' id='word_1_207' title='bbox 529 2756 721 2825; x_wconf 83' lang='lat' dir='ltr'><strong>paucis</strong></span> <span class='ocrx_word' id='word_1_208' title='bbox 751 2757 964 2829; x_wconf 78' lang='lat' dir='ltr'><strong>afﬁgere</strong></span> <span class='ocrx_word' id='word_1_209' title='bbox 988 2765 1312 2822; x_wconf 85' lang='lat' dir='ltr'><strong>curavimus.</strong></span> 
     </span>
    </p>
   </div>
   <div class='ocr_carea' id='block_1_32' title="bbox 635 2869 710 2950">
    <p class='ocr_par' dir='ltr' id='par_1_32' title="bbox 635 2869 710 2950">
     <span class='ocr_line' id='line_1_32' title="bbox 635 2869 710 2950; baseline 0 0"><span class='ocrx_word' id='word_1_210' title='bbox 635 2869 710 2950; x_wconf 79' lang='grc' dir='ltr'><strong>Ι.</strong></span> 
     </span>
    </p>
   </div>
   <div class='ocr_carea' id='block_1_33' title="bbox 545 2962 757 3211">
    <p class='ocr_par' dir='ltr' id='par_1_33' title="bbox 545 2962 757 3211">
     <span class='ocr_line' id='line_1_33' title="bbox 545 2962 757 3211; baseline 0 0"><span class='ocrx_word' id='word_1_211' title='bbox 545 2962 757 3211; x_wconf 53' lang='grc' dir='ltr'><strong>ἓν»</strong></span> 
     </span>
    </p>
   </div>
   <div class='ocr_carea' id='block_1_34' title="bbox 544 3171 1702 3296">
    <p class='ocr_par' dir='ltr' id='par_1_34' title="bbox 544 3171 1702 3296">
     <span class='ocr_line' id='line_1_34' title="bbox 544 3171 1702 3296; baseline 0.006 -41"><span class='ocrx_word' id='word_1_212' title='bbox 544 3171 720 3296; x_wconf 52' lang='lat' dir='ltr'><strong><em>ﬁ</em></strong></span> <span class='ocrx_word' id='word_1_213' title='bbox 810 3200 1029 3258; x_wconf 77' lang='lat' dir='ltr'><strong>Decunx</strong></span> <span class='ocrx_word' id='word_1_214' title='bbox 1058 3204 1141 3259; x_wconf 86' lang='lat' dir='ltr'><strong>vel</strong></span> <span class='ocrx_word' id='word_1_215' title='bbox 1169 3204 1419 3271; x_wconf 80' lang='lat' dir='ltr'><strong>dextans,</strong></span> <span class='ocrx_word' id='word_1_216' title='bbox 1453 3222 1486 3260; x_wconf 86' lang='lat' dir='ltr'><strong>x</strong></span> <span class='ocrx_word' id='word_1_217' title='bbox 1515 3208 1702 3262; x_wconf 60' lang='lat' dir='ltr'><strong>uncias.</strong></span> 
     </span>
    </p>
   </div>
   <div class='ocr_carea' id='block_1_35' title="bbox 807 2871 1843 2947">
    <p class='ocr_par' dir='ltr' id='par_1_35' title="bbox 807 2871 1843 2947">
     <span class='ocr_line' id='line_1_35' title="bbox 807 2871 1843 2947; baseline 0.012 -22"><span class='ocrx_word' id='word_1_218' title='bbox 807 2871 968 2927; x_wconf 87' lang='lat' dir='ltr'><strong>Libra</strong></span> <span class='ocrx_word' id='word_1_219' title='bbox 999 2875 1083 2929; x_wconf 88' lang='lat' dir='ltr'><strong>vel</strong></span> <span class='ocrx_word' id='word_1_220' title='bbox 1109 2892 1171 2930; x_wconf 89' lang='lat' dir='ltr'><strong>as</strong></span> <span class='ocrx_word' id='word_1_221' title='bbox 1201 2879 1315 2932; x_wconf 89' lang='lat' dir='ltr'><strong>sive</strong></span> <span class='ocrx_word' id='word_1_222' title='bbox 1351 2881 1513 2947; x_wconf 89' lang='lat' dir='ltr'><strong>assis,</strong></span> <span class='ocrx_word' id='word_1_223' title='bbox 1543 2897 1621 2935; x_wconf 69' lang='grc' dir='ltr'><strong>ιιι</strong></span> <span class='ocrx_word' id='word_1_224' title='bbox 1655 2883 1843 2937; x_wconf 63' lang='lat' dir='ltr'><strong>unciae.</strong></span> 
     </span>
    </p>
   </div>
   <div class='ocr_carea' id='block_1_36' title="bbox 809 3066 1659 3135">
    <p class='ocr_par' dir='ltr' id='par_1_36' title="bbox 809 3066 1659 3135">
     <span class='ocr_line' id='line_1_36' title="bbox 809 3066 1659 3135; baseline 0.007 -14"><span class='ocrx_word' id='word_1_225' title='bbox 809 3066 994 3122; x_wconf 86' lang='lat' dir='ltr'><strong>Deunx</strong></span> <span class='ocrx_word' id='word_1_226' title='bbox 1019 3070 1140 3125; x_wconf 88' lang='lat' dir='ltr'><strong>sive</strong></span> <span class='ocrx_word' id='word_1_227' title='bbox 1163 3069 1337 3135; x_wconf 87' lang='lat' dir='ltr'><strong>iabus,</strong></span> <span class='ocrx_word' id='word_1_228' title='bbox 1376 3087 1431 3125; x_wconf 86' lang='lat' dir='ltr'><strong>xt</strong></span> <span class='ocrx_word' id='word_1_229' title='bbox 1464 3073 1659 3127; x_wconf 60' lang='lat' dir='ltr'><strong>unciae.</strong></span> 
     </span>
    </p>
   </div>
   <div class='ocr_carea' id='block_1_37' title="bbox 806 3315 1701 3387">
    <p class='ocr_par' dir='ltr' id='par_1_37' title="bbox 806 3315 1701 3387">
     <span class='ocr_line' id='line_1_37' title="bbox 806 3315 1701 3387; baseline 0.002 -16"><span class='ocrx_word' id='word_1_230' title='bbox 806 3315 1051 3373; x_wconf 87' lang='lat' dir='ltr'><strong>Dodrans</strong></span> <span class='ocrx_word' id='word_1_231' title='bbox 1079 3319 1193 3373; x_wconf 86' lang='lat' dir='ltr'><strong>sive</strong></span> <span class='ocrx_word' id='word_1_232' title='bbox 1216 3320 1400 3387; x_wconf 88' lang='lat' dir='ltr'><strong>doras,</strong></span> <span class='ocrx_word' id='word_1_233' title='bbox 1427 3335 1481 3375; x_wconf 75' lang='grc' dir='ltr'><strong>ιι</strong></span> <span class='ocrx_word' id='word_1_234' title='bbox 1511 3322 1701 3377; x_wconf 69' lang='lat' dir='ltr'><strong>unciae.</strong></span> 
     </span>
    </p>
   </div>
   <div class='ocr_carea' id='block_1_38' title="bbox 807 3490 1567 3558">
    <p class='ocr_par' dir='ltr' id='par_1_38' title="bbox 807 3490 1567 3558">
     <span class='ocr_line' id='line_1_38' title="bbox 807 3490 1567 3558; baseline 0.007 -13"><span class='ocrx_word' id='word_1_235' title='bbox 807 3490 909 3545; x_wconf 85' lang='lat' dir='ltr'><strong>Bes</strong></span> <span class='ocrx_word' id='word_1_236' title='bbox 931 3491 1043 3546; x_wconf 88' lang='lat' dir='ltr'><strong>sive</strong></span> <span class='ocrx_word' id='word_1_237' title='bbox 1070 3492 1232 3558; x_wconf 88' lang='lat' dir='ltr'><strong>bisse,</strong></span> <span class='ocrx_word' id='word_1_238' title='bbox 1261 3509 1357 3547; x_wconf 88' lang='lat' dir='ltr'><strong>vnt</strong></span> <span class='ocrx_word' id='word_1_239' title='bbox 1378 3495 1567 3550; x_wconf 64' lang='lat' dir='ltr'><strong>unciae.</strong></span> 
     </span>
    </p>
   </div>
   <div class='ocr_carea' id='block_1_39' title="bbox 807 3647 1728 3721">
    <p class='ocr_par' dir='ltr' id='par_1_39' title="bbox 807 3647 1728 3721">
     <span class='ocr_line' id='line_1_39' title="bbox 807 3647 1728 3721; baseline 0.008 -19"><span class='ocrx_word' id='word_1_240' title='bbox 807 3647 1046 3719; x_wconf 88' lang='lat' dir='ltr'><strong>Septunx</strong></span> <span class='ocrx_word' id='word_1_241' title='bbox 1065 3649 1185 3705; x_wconf 82' lang='lat' dir='ltr'><strong>sive</strong></span> <span class='ocrx_word' id='word_1_242' title='bbox 1207 3660 1411 3721; x_wconf 86' lang='lat' dir='ltr'><strong>septus,</strong></span> <span class='ocrx_word' id='word_1_243' title='bbox 1440 3669 1515 3709; x_wconf 86' lang='lat' dir='ltr'><strong>vn</strong></span> <span class='ocrx_word' id='word_1_244' title='bbox 1538 3655 1728 3710; x_wconf 63' lang='lat' dir='ltr'><strong>unciae.</strong></span> 
     </span>
    </p>
   </div>
   <div class='ocr_carea' id='block_1_40' title="bbox 565 3293 744 3421">
    <p class='ocr_par' dir='ltr' id='par_1_40' title="bbox 565 3293 744 3421">
     <span class='ocr_line' id='line_1_40' title="bbox 565 3293 744 3421; baseline 0 -10"><span class='ocrx_word' id='word_1_245' title='bbox 565 3293 744 3421; x_wconf 51' lang='grc' dir='ltr'><strong>φρ</strong></span> 
     </span>
    </p>
   </div>
   <div class='ocr_carea' id='block_1_41' title="bbox 556 3766 1311 3878">
    <p class='ocr_par' dir='ltr' id='par_1_41' title="bbox 556 3766 1311 3878">
     <span class='ocr_line' id='line_1_41' title="bbox 556 3766 1311 3878; baseline 0.004 -46"><span class='ocrx_word' id='word_1_246' title='bbox 556 3766 706 3878; x_wconf 35' lang='grc' dir='ltr'><strong>’χρ</strong></span> <span class='ocrx_word' id='word_1_247' title='bbox 806 3777 1001 3846; x_wconf 84' lang='lat' dir='ltr'><strong>Semis,</strong></span> <span class='ocrx_word' id='word_1_248' title='bbox 1040 3796 1092 3834; x_wconf 76' lang='lat' dir='ltr'><strong>vr</strong></span> <span class='ocrx_word' id='word_1_249' title='bbox 1122 3781 1311 3837; x_wconf 72' lang='lat' dir='ltr'><strong>unciae.</strong></span> 
     </span>
    </p>
   </div>
   <div class='ocr_carea' id='block_1_42' title="bbox 554 3914 1733 4061">
    <p class='ocr_par' dir='ltr' id='par_1_42' title="bbox 554 3914 1733 4061">
     <span class='ocr_line' id='line_1_42' title="bbox 554 3914 1733 4061; baseline 0.008 -74"><span class='ocrx_word' id='word_1_250' title='bbox 554 3914 724 4061; x_wconf 44' lang='grc' dir='ltr'><strong>Ἣ.)</strong></span> <span class='ocrx_word' id='word_1_251' title='bbox 805 3933 1086 4003; x_wconf 87' lang='lat' dir='ltr'><strong>Quincunx</strong></span> <span class='ocrx_word' id='word_1_252' title='bbox 1113 3938 1228 3995; x_wconf 89' lang='lat' dir='ltr'><strong>sive</strong></span> <span class='ocrx_word' id='word_1_253' title='bbox 1249 3940 1457 4007; x_wconf 86' lang='lat' dir='ltr'><strong>cincus,</strong></span> <span class='ocrx_word' id='word_1_254' title='bbox 1481 3957 1516 3997; x_wconf 75' lang='grc' dir='ltr'><strong>ν</strong></span> <span class='ocrx_word' id='word_1_255' title='bbox 1542 3943 1733 3998; x_wconf 68' lang='lat' dir='ltr'><strong>unciae.</strong></span> 
     </span>
    </p>
   </div>
   <div class='ocr_carea' id='block_1_43' title="bbox 568 4072 1627 4196">
    <p class='ocr_par' dir='ltr' id='par_1_43' title="bbox 568 4072 1627 4196">
     <span class='ocr_line' id='line_1_43' title="bbox 568 4072 1627 4196; baseline 0.008 -52"><span class='ocrx_word' id='word_1_256' title='bbox 568 4072 724 4196; x_wconf 43' lang='lat' dir='ltr'><strong>(ac,</strong></span> <span class='ocrx_word' id='word_1_257' title='bbox 803 4091 994 4149; x_wconf 86' lang='lat' dir='ltr'><strong>Triens</strong></span> <span class='ocrx_word' id='word_1_258' title='bbox 1021 4095 1134 4151; x_wconf 87' lang='lat' dir='ltr'><strong>sive</strong></span> <span class='ocrx_word' id='word_1_259' title='bbox 1159 4103 1335 4163; x_wconf 88' lang='lat' dir='ltr'><strong>treas,</strong></span> <span class='ocrx_word' id='word_1_260' title='bbox 1357 4099 1410 4152; x_wconf 87' lang='lat' dir='ltr'><strong>t‘v</strong></span> <span class='ocrx_word' id='word_1_261' title='bbox 1434 4099 1627 4153; x_wconf 56' lang='lat' dir='ltr'><strong>uncias.</strong></span> 
     </span>
    </p>
   </div>
   <div class='ocr_carea' id='block_1_44' title="bbox 801 4224 1825 4299">
    <p class='ocr_par' dir='ltr' id='par_1_44' title="bbox 801 4224 1825 4299">
     <span class='ocr_line' id='line_1_44' title="bbox 801 4224 1825 4299; baseline 0.009 -19"><span class='ocrx_word' id='word_1_262' title='bbox 801 4224 1086 4293; x_wconf 88' lang='lat' dir='ltr'><strong>Quadrans</strong></span> <span class='ocrx_word' id='word_1_263' title='bbox 1115 4228 1228 4285; x_wconf 84' lang='lat' dir='ltr'><strong>sive</strong></span> <span class='ocrx_word' id='word_1_264' title='bbox 1256 4230 1511 4299; x_wconf 74' lang='lat' dir='ltr'><strong>quadrae,</strong></span> <span class='ocrx_word' id='word_1_265' title='bbox 1544 4247 1605 4288; x_wconf 90' lang='grc' dir='ltr'><strong>ιιι</strong></span> <span class='ocrx_word' id='word_1_266' title='bbox 1633 4248 1825 4289; x_wconf 84' lang='lat' dir='ltr'><strong>unctae.</strong></span> 
     </span>
    </p>
   </div>
   <div class='ocr_carea' id='block_1_45' title="bbox 553 4210 703 4359">
    <p class='ocr_par' dir='ltr' id='par_1_45' title="bbox 553 4210 703 4359">
     <span class='ocr_line' id='line_1_45' title="bbox 553 4210 703 4359; baseline 0 -23"><span class='ocrx_word' id='word_1_267' title='bbox 553 4210 703 4359; x_wconf 63' lang='grc' dir='ltr'><em>ᾎΛ</em></span> 
     </span>
    </p>
   </div>
   <div class='ocr_carea' id='block_1_46' title="bbox 576 4386 1685 4536">
    <p class='ocr_par' dir='ltr' id='par_1_46' title="bbox 576 4386 1685 4536">
     <span class='ocr_line' id='line_1_46' title="bbox 576 4386 1685 4536; baseline 0.006 -77"><span class='ocrx_word' id='word_1_268' title='bbox 576 4386 689 4536; x_wconf 51' lang='grc' dir='ltr'><em>θ</em></span> <span class='ocrx_word' id='word_1_269' title='bbox 802 4403 1033 4461; x_wconf 81' lang='lat' dir='ltr'><strong>Sextans</strong></span> <span class='ocrx_word' id='word_1_270' title='bbox 1056 4421 1168 4461; x_wconf 86' lang='lat' dir='ltr'><strong>stve</strong></span> <span class='ocrx_word' id='word_1_271' title='bbox 1194 4415 1395 4475; x_wconf 88' lang='lat' dir='ltr'><strong>sextas,</strong></span> <span class='ocrx_word' id='word_1_272' title='bbox 1425 4425 1463 4464; x_wconf 88' lang='grc' dir='ltr'><strong>ιι</strong></span> <span class='ocrx_word' id='word_1_273' title='bbox 1492 4412 1685 4466; x_wconf 61' lang='lat' dir='ltr'><strong>uncias.</strong></span> 
     </span>
    </p>
   </div>
   <div class='ocr_carea' id='block_1_47' title="bbox 559 4530 2013 4688">
    <p class='ocr_par' dir='ltr' id='par_1_47' title="bbox 559 4530 2013 4688">
     <span class='ocr_line' id='line_1_47' title="bbox 559 4530 2013 4688; baseline 0.006 -97"><span class='ocrx_word' id='word_1_274' title='bbox 559 4530 727 4688; x_wconf 42' lang='grc' dir='ltr'><em>Ξ</em></span> <span class='ocrx_word' id='word_1_275' title='bbox 800 4537 1010 4594; x_wconf 83' lang='lat' dir='ltr'><strong>Secunx</strong></span> <span class='ocrx_word' id='word_1_276' title='bbox 1038 4554 1152 4595; x_wconf 76' lang='lat' dir='ltr'><strong>sive</strong></span> <span class='ocrx_word' id='word_1_277' title='bbox 1180 4542 1482 4609; x_wconf 88' lang='lat' dir='ltr'><strong>sescuncia,</strong></span> <span class='ocrx_word' id='word_1_278' title='bbox 1511 4558 1529 4597; x_wconf 91' lang='grc' dir='ltr'><strong>ι</strong></span> <span class='ocrx_word' id='word_1_279' title='bbox 1559 4540 1715 4599; x_wconf 85' lang='lat' dir='ltr'><strong>uncia</strong></span> <span class='ocrx_word' id='word_1_280' title='bbox 1747 4552 1801 4599; x_wconf 89' lang='lat' dir='ltr'><strong>et</strong></span> <span class='ocrx_word' id='word_1_281' title='bbox 1833 4546 2013 4600; x_wconf 88' lang='lat' dir='ltr'><strong>semis.</strong></span> 
     </span>
     <span class='ocr_line' id='line_1_48' title="bbox 653 4658 725 4688; baseline 0 0"><span class='ocrx_word' id='word_1_282' title='bbox 653 4658 725 4688; x_wconf 76' lang='grc' dir='ltr'><strong>Α</strong></span> 
     </span>
    </p>
   </div>
   <div class='ocr_carea' id='block_1_48' title="bbox 570 4658 1416 4827">
    <p class='ocr_par' dir='ltr' id='par_1_48' title="bbox 570 4658 1416 4827">
     <span class='ocr_line' id='line_1_49' title="bbox 570 4658 1416 4827; baseline 0.002 -79"><span class='ocrx_word' id='word_1_283' title='bbox 570 4658 725 4827; x_wconf 49' lang='lat' dir='ltr'><strong>y‘</strong></span> <span class='ocrx_word' id='word_1_284' title='bbox 800 4691 992 4758; x_wconf 88' lang='lat' dir='ltr'><strong>Uncia,</strong></span> <span class='ocrx_word' id='word_1_285' title='bbox 1029 4710 1155 4749; x_wconf 75' lang='lat' dir='ltr'><strong>xxiv</strong></span> <span class='ocrx_word' id='word_1_286' title='bbox 1181 4695 1416 4767; x_wconf 87' lang='lat' dir='ltr'><strong>scripuli.</strong></span> 
     </span>
    </p>
   </div>
   <div class='ocr_carea' id='block_1_49' title="bbox 546 4839 1495 5035">
    <p class='ocr_par' dir='ltr' id='par_1_49' title="bbox 546 4839 1495 5035">
     <span class='ocr_line' id='line_1_50' title="bbox 546 4839 1495 5035; baseline 0 -110"><span class='ocrx_word' id='word_1_287' title='bbox 546 4839 729 5035; x_wconf 48' lang='grc' dir='ltr'><em>ᾧ</em></span> <span class='ocrx_word' id='word_1_288' title='bbox 798 4869 1127 4936; x_wconf 85' lang='lat' dir='ltr'><strong>Semiuncia,</strong></span> <span class='ocrx_word' id='word_1_289' title='bbox 1157 4886 1233 4925; x_wconf 86' lang='lat' dir='ltr'><strong>xtl</strong></span> <span class='ocrx_word' id='word_1_290' title='bbox 1257 4871 1495 4939; x_wconf 88' lang='lat' dir='ltr'><strong>scripuli.</strong></span> 
     </span>
     <span class='ocr_line' id='line_1_51' title="bbox 615 5004 1495 5035; baseline 0 0"><span class='ocrx_word' id='word_1_291' title='bbox 615 5022 635 5035; x_wconf 85' lang='grc'><em>.</em></span> <span class='ocrx_word' id='word_1_292' title='bbox 673 5004 709 5035; x_wconf 65' lang='grc' dir='ltr'><em>Δ</em></span> <span class='ocrx_word' id='word_1_293' title='bbox 800 5005 926 5035; x_wconf 65' lang='lat' dir='ltr'><strong>nn...</strong></span> <span class='ocrx_word' id='word_1_294' title='bbox 956 5005 1175 5035; x_wconf 67' lang='grc' dir='ltr'><strong>οηνι--Ιηι</strong></span> <span class='ocrx_word' id='word_1_295' title='bbox 1226 5004 1337 5035; x_wconf 65' lang='grc' dir='ltr'><strong>οἴετο</strong></span> <span class='ocrx_word' id='word_1_296' title='bbox 1383 5020 1495 5035; x_wconf 64' lang='lat' dir='ltr'><strong>anna</strong></span> 
     </span>
    </p>
   </div>
   <div class='ocr_carea' id='block_1_50' title="bbox 800 4978 2031 5078">
    <p class='ocr_par' dir='ltr' id='par_1_50' title="bbox 800 4978 2031 5078">
     <span class='ocr_line' id='line_1_52' title="bbox 800 4978 2031 5078; baseline 0.003 -19"><span class='ocrx_word' id='word_1_297' title='bbox 800 5005 927 5059; x_wconf 81' lang='lat' dir='ltr'><strong>Duae</strong></span> <span class='ocrx_word' id='word_1_298' title='bbox 956 5005 1176 5071; x_wconf 79' lang='lat' dir='ltr'><strong>sextulae</strong></span> <span class='ocrx_word' id='word_1_299' title='bbox 1224 5004 1337 5061; x_wconf 88' lang='lat' dir='ltr'><strong>sive</strong></span> <span class='ocrx_word' id='word_1_300' title='bbox 1382 5006 1619 5071; x_wconf 70' lang='lat' dir='ltr'><strong>seesclae,</strong></span> <span class='ocrx_word' id='word_1_301' title='bbox 1671 5023 1767 5062; x_wconf 87' lang='lat' dir='ltr'><strong>vnt</strong></span> <span class='ocrx_word' id='word_1_302' title='bbox 1812 4978 2031 5078; x_wconf 77' lang='lat' dir='ltr'><strong>scripuli</strong></span> 
     </span>
    </p>
   </div>
   <div class='ocr_carea' id='block_1_51' title="bbox 870 5096 1610 5165">
    <p class='ocr_par' dir='ltr' id='par_1_51' title="bbox 870 5096 1610 5165">
     <span class='ocr_line' id='line_1_53' title="bbox 870 5096 1610 5165; baseline -0.003 -14"><span class='ocrx_word' id='word_1_303' title='bbox 870 5097 921 5151; x_wconf 90' lang='lat' dir='ltr'><strong>id</strong></span> <span class='ocrx_word' id='word_1_304' title='bbox 946 5106 1047 5159; x_wconf 87' lang='lat' dir='ltr'><strong>est,</strong></span> <span class='ocrx_word' id='word_1_305' title='bbox 1077 5096 1232 5150; x_wconf 89' lang='lat' dir='ltr'><strong>tertia</strong></span> <span class='ocrx_word' id='word_1_306' title='bbox 1259 5110 1385 5165; x_wconf 88' lang='lat' dir='ltr'><strong>pars</strong></span> <span class='ocrx_word' id='word_1_307' title='bbox 1423 5097 1610 5151; x_wconf 66' lang='lat' dir='ltr'><strong>unciae.</strong></span> 
     </span>
    </p>
   </div>
   <div class='ocr_carea' id='block_1_52' title="bbox 552 5197 1418 5390">
    <p class='ocr_par' dir='ltr' id='par_1_52' title="bbox 552 5197 1418 5390">
     <span class='ocr_line' id='line_1_54' title="bbox 552 5197 1418 5390; baseline -0.005 -105"><span class='ocrx_word' id='word_1_308' title='bbox 552 5197 703 5390; x_wconf 56' lang='grc'><em>9</em></span> <span class='ocrx_word' id='word_1_309' title='bbox 799 5227 1068 5290; x_wconf 88' lang='lat' dir='ltr'><strong>Sicilicus,</strong></span> <span class='ocrx_word' id='word_1_310' title='bbox 1099 5243 1148 5281; x_wconf 90' lang='lat' dir='ltr'><strong>vt</strong></span> <span class='ocrx_word' id='word_1_311' title='bbox 1184 5227 1418 5297; x_wconf 88' lang='lat' dir='ltr'><strong>scripuli.</strong></span> 
     </span>
    </p>
   </div>
   <div class='ocr_carea' id='block_1_53' title="bbox 577 5373 1735 5520">
    <p class='ocr_par' dir='ltr' id='par_1_53' title="bbox 577 5373 1735 5520">
     <span class='ocr_line' id='line_1_55' title="bbox 577 5373 1735 5520; baseline -0.002 -78"><span class='ocrx_word' id='word_1_312' title='bbox 577 5373 722 5520; x_wconf 54' lang='grc' dir='ltr'><strong>ΣΕ.</strong></span> <span class='ocrx_word' id='word_1_313' title='bbox 796 5383 1015 5441; x_wconf 86' lang='lat' dir='ltr'><strong>Scxtula</strong></span> <span class='ocrx_word' id='word_1_314' title='bbox 1042 5383 1155 5438; x_wconf 88' lang='lat' dir='ltr'><strong>sive</strong></span> <span class='ocrx_word' id='word_1_315' title='bbox 1178 5386 1375 5440; x_wconf 87' lang='lat' dir='ltr'><strong>scescle</strong></span> <span class='ocrx_word' id='word_1_316' title='bbox 1394 5426 1409 5451; x_wconf 93' lang='lat'><strong>,</strong></span> <span class='ocrx_word' id='word_1_317' title='bbox 1436 5401 1489 5439; x_wconf 87' lang='lat' dir='ltr'><strong>tv</strong></span> <span class='ocrx_word' id='word_1_318' title='bbox 1519 5386 1735 5454; x_wconf 87' lang='lat' dir='ltr'><strong>scripuli</strong></span> 
     </span>
    </p>
   </div>
   <div class='ocr_carea' id='block_1_54' title="bbox 795 5552 1982 5622">
    <p class='ocr_par' dir='ltr' id='par_1_54' title="bbox 795 5552 1982 5622">
     <span class='ocr_line' id='line_1_56' title="bbox 795 5552 1982 5622; baseline 0 -14"><span class='ocrx_word' id='word_1_319' title='bbox 795 5552 1017 5608; x_wconf 87' lang='lat' dir='ltr'><strong>Dimidia</strong></span> <span class='ocrx_word' id='word_1_320' title='bbox 1043 5553 1249 5608; x_wconf 78' lang='lat' dir='ltr'><strong>sextula</strong></span> <span class='ocrx_word' id='word_1_321' title='bbox 1281 5554 1396 5607; x_wconf 88' lang='lat' dir='ltr'><strong>sive</strong></span> <span class='ocrx_word' id='word_1_322' title='bbox 1424 5556 1643 5619; x_wconf 77' lang='lat' dir='ltr'><strong>sccscle,</strong></span> <span class='ocrx_word' id='word_1_323' title='bbox 1677 5571 1713 5608; x_wconf 91' lang='grc' dir='ltr'><strong>ιι</strong></span> <span class='ocrx_word' id='word_1_324' title='bbox 1745 5556 1982 5622; x_wconf 76' lang='lat' dir='ltr'><strong>scripuli.</strong></span> 
     </span>
    </p>
   </div>
   <div class='ocr_carea' id='block_1_55' title="bbox 789 5665 1465 5736">
    <p class='ocr_par' dir='ltr' id='par_1_55' title="bbox 789 5665 1465 5736">
     <span class='ocr_line' id='line_1_57' title="bbox 789 5665 1465 5736; baseline -0.004 -16"><span class='ocrx_word' id='word_1_325' title='bbox 789 5666 1083 5736; x_wconf 83' lang='lat' dir='ltr'><strong>Scripulus,</strong></span> <span class='ocrx_word' id='word_1_326' title='bbox 1120 5681 1211 5720; x_wconf 80' lang='lat' dir='ltr'><strong>sex</strong></span> <span class='ocrx_word' id='word_1_327' title='bbox 1242 5665 1465 5733; x_wconf 75' lang='lat' dir='ltr'><strong>siliquae.</strong></span> 
     </span>
    </p>
   </div>
   <div class='ocr_carea' id='block_1_56' title="bbox 2198 464 3759 540">
    <p class='ocr_par' dir='ltr' id='par_1_56' title="bbox 2198 464 3759 540">
     <span class='ocr_line' id='line_1_58' title="bbox 2198 464 3759 540; baseline 0.006 -18"><span class='ocrx_word' id='word_1_328' title='bbox 2198 484 2301 523; x_wconf 92' lang='lat' dir='ltr'><strong>non</strong></span> <span class='ocrx_word' id='word_1_329' title='bbox 2343 472 2501 525; x_wconf 91' lang='lat' dir='ltr'><strong>modo</strong></span> <span class='ocrx_word' id='word_1_330' title='bbox 2545 472 2610 524; x_wconf 81' lang='lat' dir='ltr'><strong>ad</strong></span> <span class='ocrx_word' id='word_1_331' title='bbox 2659 472 2940 540; x_wconf 86' lang='lat' dir='ltr'><strong>pecuniam</strong></span> <span class='ocrx_word' id='word_1_332' title='bbox 2991 464 3402 528; x_wconf 39' lang='lat' dir='ltr'><strong>mensurand-am</strong></span> <span class='ocrx_word' id='word_1_333' title='bbox 3427 514 3443 539; x_wconf 93' lang='lat'><strong>,</strong></span> <span class='ocrx_word' id='word_1_334' title='bbox 3475 490 3663 529; x_wconf 88' lang='lat' dir='ltr'><strong>verum</strong></span> <span class='ocrx_word' id='word_1_335' title='bbox 3694 479 3759 531; x_wconf 88' lang='lat' dir='ltr'><strong>ad</strong></span> 
     </span>
    </p>
   </div>
   <div class='ocr_carea' id='block_1_57' title="bbox 2197 558 3755 629">
    <p class='ocr_par' dir='ltr' id='par_1_57' title="bbox 2197 558 3755 629">
     <span class='ocr_line' id='line_1_59' title="bbox 2197 558 3755 629; baseline 0.004 -17"><span class='ocrx_word' id='word_1_336' title='bbox 2197 558 2396 625; x_wconf 64' lang='lat' dir='ltr'><strong>quaevis</strong></span> <span class='ocrx_word' id='word_1_337' title='bbox 2415 573 2637 627; x_wconf 86' lang='lat' dir='ltr'><strong>corpora</strong></span> <span class='ocrx_word' id='word_1_338' title='bbox 2664 560 2775 613; x_wconf 89' lang='lat' dir='ltr'><strong>sive</strong></span> <span class='ocrx_word' id='word_1_339' title='bbox 2800 568 3035 628; x_wconf 89' lang='lat' dir='ltr'><strong>tempora</strong></span> <span class='ocrx_word' id='word_1_340' title='bbox 3062 560 3383 629; x_wconf 86' lang='lat' dir='ltr'><strong>dimetienda</strong></span> <span class='ocrx_word' id='word_1_341' title='bbox 3410 562 3755 618; x_wconf 88' lang='lat' dir='ltr'><strong>conveniunt.</strong></span> 
     </span>
    </p>
   </div>
   <div class='ocr_carea' id='block_1_58' title="bbox 2199 646 3758 723">
    <p class='ocr_par' dir='ltr' id='par_1_58' title="bbox 2199 646 3758 723">
     <span class='ocr_line' id='line_1_60' title="bbox 2199 646 3758 723; baseline 0.004 -23"><span class='ocrx_word' id='word_1_342' title='bbox 2199 646 2325 700; x_wconf 90' lang='lat' dir='ltr'><strong>Sive</strong></span> <span class='ocrx_word' id='word_1_343' title='bbox 2360 648 2522 715; x_wconf 82' lang='lat' dir='ltr'><strong>igitur</strong></span> <span class='ocrx_word' id='word_1_344' title='bbox 2547 648 2735 702; x_wconf 83' lang='lat' dir='ltr'><strong>horam</strong></span> <span class='ocrx_word' id='word_1_345' title='bbox 2765 663 2944 711; x_wconf 88' lang='lat' dir='ltr'><strong>unam,</strong></span> <span class='ocrx_word' id='word_1_346' title='bbox 2990 648 3103 702; x_wconf 88' lang='lat' dir='ltr'><strong>sive</strong></span> <span class='ocrx_word' id='word_1_347' title='bbox 3132 651 3270 704; x_wconf 82' lang='lat' dir='ltr'><strong>diem</strong></span> <span class='ocrx_word' id='word_1_348' title='bbox 3302 652 3567 723; x_wconf 84' lang='lat' dir='ltr'><strong>integrum</strong></span> <span class='ocrx_word' id='word_1_349' title='bbox 3593 692 3609 717; x_wconf 92' lang='lat'><strong>,</strong></span> <span class='ocrx_word' id='word_1_350' title='bbox 3646 652 3758 707; x_wconf 81' lang='lat' dir='ltr'><strong>sive</strong></span> 
     </span>
    </p>
   </div>
   <div class='ocr_carea' id='block_1_59' title="bbox 2198 737 3759 811">
    <p class='ocr_par' dir='ltr' id='par_1_59' title="bbox 2198 737 3759 811">
     <span class='ocr_line' id='line_1_61' title="bbox 2198 737 3759 811; baseline 0.005 -23"><span class='ocrx_word' id='word_1_351' title='bbox 2198 749 2437 789; x_wconf 83' lang='lat' dir='ltr'><strong>mensem</strong></span> <span class='ocrx_word' id='word_1_352' title='bbox 2464 775 2478 800; x_wconf 94' lang='lat'><strong>,</strong></span> <span class='ocrx_word' id='word_1_353' title='bbox 2524 737 2636 790; x_wconf 90' lang='lat' dir='ltr'><strong>sive</strong></span> <span class='ocrx_word' id='word_1_354' title='bbox 2670 752 2867 791; x_wconf 80' lang='lat' dir='ltr'><strong>annum</strong></span> <span class='ocrx_word' id='word_1_355' title='bbox 2892 777 2906 802; x_wconf 96' lang='lat'><strong>,</strong></span> <span class='ocrx_word' id='word_1_356' title='bbox 2934 752 3027 792; x_wconf 83' lang='lat' dir='ltr'><strong>seu</strong></span> <span class='ocrx_word' id='word_1_357' title='bbox 3066 748 3209 793; x_wconf 88' lang='lat' dir='ltr'><strong>certe</strong></span> <span class='ocrx_word' id='word_1_358' title='bbox 3237 740 3380 794; x_wconf 90' lang='lat' dir='ltr'><strong>aliud</strong></span> <span class='ocrx_word' id='word_1_359' title='bbox 3405 741 3622 811; x_wconf 86' lang='lat' dir='ltr'><strong>aliquod</strong></span> <span class='ocrx_word' id='word_1_360' title='bbox 3649 758 3759 795; x_wconf 83' lang='lat' dir='ltr'><strong>ma-</strong></span> 
     </span>
    </p>
   </div>
   <div class='ocr_carea' id='block_1_60' title="bbox 2192 824 3757 902">
    <p class='ocr_par' dir='ltr' id='par_1_60' title="bbox 2192 824 3757 902">
     <span class='ocr_line' id='line_1_62' title="bbox 2192 824 3757 902; baseline 0.006 -24"><span class='ocrx_word' id='word_1_361' title='bbox 2192 824 2281 893; x_wconf 84' lang='lat' dir='ltr'><strong>jus</strong></span> <span class='ocrx_word' id='word_1_362' title='bbox 2328 826 2569 881; x_wconf 86' lang='lat' dir='ltr'><strong>minusve</strong></span> <span class='ocrx_word' id='word_1_363' title='bbox 2603 829 2857 897; x_wconf 91' lang='lat' dir='ltr'><strong>temporis</strong></span> <span class='ocrx_word' id='word_1_364' title='bbox 2883 828 3114 898; x_wconf 90' lang='lat' dir='ltr'><strong>spatium</strong></span> <span class='ocrx_word' id='word_1_365' title='bbox 3150 830 3204 884; x_wconf 94' lang='lat' dir='ltr'><strong>in</strong></span> <span class='ocrx_word' id='word_1_366' title='bbox 3240 831 3521 887; x_wconf 87' lang='lat' dir='ltr'><strong>duodecim</strong></span> <span class='ocrx_word' id='word_1_367' title='bbox 3570 833 3757 902; x_wconf 79' lang='lat' dir='ltr'><strong>partiri</strong></span> 
     </span>
    </p>
   </div>
   <div class='ocr_carea' id='block_1_61' title="bbox 2198 917 3758 995">
    <p class='ocr_par' dir='ltr' id='par_1_61' title="bbox 2198 917 3758 995">
     <span class='ocr_line' id='line_1_63' title="bbox 2198 917 3758 995; baseline 0.007 -25"><span class='ocrx_word' id='word_1_368' title='bbox 2198 917 2301 982; x_wconf 92' lang='lat' dir='ltr'><strong>vis,</strong></span> <span class='ocrx_word' id='word_1_369' title='bbox 2328 917 2439 987; x_wconf 90' lang='lat' dir='ltr'><strong>ipsa</strong></span> <span class='ocrx_word' id='word_1_370' title='bbox 2470 918 2777 973; x_wconf 88' lang='lat' dir='ltr'><strong>duodecima</strong></span> <span class='ocrx_word' id='word_1_371' title='bbox 2804 936 2929 989; x_wconf 90' lang='lat' dir='ltr'><strong>pars</strong></span> <span class='ocrx_word' id='word_1_372' title='bbox 2951 922 3107 977; x_wconf 87' lang='lat' dir='ltr'><strong>uncia</strong></span> <span class='ocrx_word' id='word_1_373' title='bbox 3133 932 3236 988; x_wconf 88' lang='lat' dir='ltr'><strong>est,</strong></span> <span class='ocrx_word' id='word_1_374' title='bbox 3251 923 3485 995; x_wconf 89' lang='lat' dir='ltr'><strong>reliquas</strong></span> <span class='ocrx_word' id='word_1_375' title='bbox 3510 928 3758 983; x_wconf 85' lang='lat' dir='ltr'><strong>undecim</strong></span> 
     </span>
    </p>
   </div>
   <div class='ocr_carea' id='block_1_62' title="bbox 2202 1007 3760 1088">
    <p class='ocr_par' dir='ltr' id='par_1_62' title="bbox 2202 1007 3760 1088">
     <span class='ocr_line' id='line_1_64' title="bbox 2202 1007 3760 1088; baseline 0.008 -28"><span class='ocrx_word' id='word_1_376' title='bbox 2202 1007 2460 1062; x_wconf 89' lang='lat' dir='ltr'><strong>deuncem</strong></span> <span class='ocrx_word' id='word_1_377' title='bbox 2491 1008 2777 1078; x_wconf 86' lang='lat' dir='ltr'><strong>appellant.</strong></span> <span class='ocrx_word' id='word_1_378' title='bbox 2823 1009 2881 1065; x_wconf 89' lang='lat' dir='ltr'><strong>Si</strong></span> <span class='ocrx_word' id='word_1_379' title='bbox 2930 1011 2986 1065; x_wconf 89' lang='lat' dir='ltr'><strong>in</strong></span> <span class='ocrx_word' id='word_1_380' title='bbox 3039 1028 3133 1068; x_wconf 89' lang='lat' dir='ltr'><strong>sex</strong></span> <span class='ocrx_word' id='word_1_381' title='bbox 3180 1015 3419 1084; x_wconf 87' lang='lat' dir='ltr'><strong>partiris,</strong></span> <span class='ocrx_word' id='word_1_382' title='bbox 3456 1027 3611 1072; x_wconf 88' lang='lat' dir='ltr'><strong>sexta</strong></span> <span class='ocrx_word' id='word_1_383' title='bbox 3634 1034 3760 1088; x_wconf 86' lang='lat' dir='ltr'><strong>pars</strong></span> 
     </span>
    </p>
   </div>
   <div class='ocr_carea' id='block_1_63' title="bbox 2200 1099 3758 1174">
    <p class='ocr_par' dir='ltr' id='par_1_63' title="bbox 2200 1099 3758 1174">
     <span class='ocr_line' id='line_1_65' title="bbox 2200 1099 3758 1174; baseline 0.008 -21"><span class='ocrx_word' id='word_1_384' title='bbox 2200 1107 2435 1163; x_wconf 87' lang='lat' dir='ltr'><strong>sextans,</strong></span> <span class='ocrx_word' id='word_1_385' title='bbox 2462 1099 2678 1168; x_wconf 74' lang='lat' dir='ltr'><strong>reliqua:</strong></span> <span class='ocrx_word' id='word_1_386' title='bbox 2701 1100 2927 1156; x_wconf 83' lang='lat' dir='ltr'><strong>dextans</strong></span> <span class='ocrx_word' id='word_1_387' title='bbox 2949 1142 2965 1168; x_wconf 94' lang='lat'><strong>,</strong></span> <span class='ocrx_word' id='word_1_388' title='bbox 2994 1104 3077 1158; x_wconf 89' lang='lat' dir='ltr'><strong>vel</strong></span> <span class='ocrx_word' id='word_1_389' title='bbox 3105 1144 3121 1170; x_wconf 94' lang='lat'><strong>,</strong></span> <span class='ocrx_word' id='word_1_390' title='bbox 3148 1114 3209 1160; x_wconf 90' lang='lat' dir='ltr'><strong>nt</strong></span> <span class='ocrx_word' id='word_1_391' title='bbox 3231 1107 3350 1174; x_wconf 81' lang='lat' dir='ltr'><strong>alii,</strong></span> <span class='ocrx_word' id='word_1_392' title='bbox 3373 1108 3582 1164; x_wconf 86' lang='lat' dir='ltr'><strong>distans</strong></span> <span class='ocrx_word' id='word_1_393' title='bbox 3609 1112 3758 1166; x_wconf 84' lang='lat' dir='ltr'><strong>voci-</strong></span> 
     </span>
    </p>
   </div>
   <div class='ocr_carea' id='block_1_64' title="bbox 2200 1188 3759 1267">
    <p class='ocr_par' dir='ltr' id='par_1_64' title="bbox 2200 1188 3759 1267">
     <span class='ocr_line' id='line_1_66' title="bbox 2200 1188 3759 1267; baseline 0.01 -25"><span class='ocrx_word' id='word_1_394' title='bbox 2200 1196 2402 1244; x_wconf 84' lang='lat' dir='ltr'><strong>tantur.</strong></span> <span class='ocrx_word' id='word_1_395' title='bbox 2440 1188 2503 1243; x_wconf 88' lang='lat' dir='ltr'><strong>Si</strong></span> <span class='ocrx_word' id='word_1_396' title='bbox 2528 1190 2581 1244; x_wconf 94' lang='lat' dir='ltr'><strong>in</strong></span> <span class='ocrx_word' id='word_1_397' title='bbox 2619 1201 2848 1259; x_wconf 87' lang='lat' dir='ltr'><strong>quatuor</strong></span> <span class='ocrx_word' id='word_1_398' title='bbox 2870 1232 2885 1257; x_wconf 89' lang='lat'><strong>,</strong></span> <span class='ocrx_word' id='word_1_399' title='bbox 2917 1203 3106 1262; x_wconf 88' lang='lat' dir='ltr'><strong>quarta</strong></span> <span class='ocrx_word' id='word_1_400' title='bbox 3155 1211 3283 1265; x_wconf 85' lang='lat' dir='ltr'><strong>pars</strong></span> <span class='ocrx_word' id='word_1_401' title='bbox 3310 1201 3629 1267; x_wconf 85' lang='lat' dir='ltr'><strong>quadrantis</strong></span> <span class='ocrx_word' id='word_1_402' title='bbox 3661 1216 3759 1255; x_wconf 87' lang='lat' dir='ltr'><strong>no-</strong></span> 
     </span>
    </p>
   </div>
   <div class='ocr_carea' id='block_1_65' title="bbox 2201 1282 3761 1359">
    <p class='ocr_par' dir='ltr' id='par_1_65' title="bbox 2201 1282 3761 1359">
     <span class='ocr_line' id='line_1_67' title="bbox 2201 1282 3761 1359; baseline 0.009 -26"><span class='ocrx_word' id='word_1_403' title='bbox 2201 1295 2355 1344; x_wconf 92' lang='lat' dir='ltr'><strong>men,</strong></span> <span class='ocrx_word' id='word_1_404' title='bbox 2425 1282 2649 1337; x_wconf 76' lang='lat' dir='ltr'><strong>residua:</strong></span> <span class='ocrx_word' id='word_1_405' title='bbox 2694 1290 2804 1339; x_wconf 91' lang='lat' dir='ltr'><strong>tres</strong></span> <span class='ocrx_word' id='word_1_406' title='bbox 2851 1285 3125 1342; x_wconf 84' lang='lat' dir='ltr'><strong>dodrantis</strong></span> <span class='ocrx_word' id='word_1_407' title='bbox 3172 1289 3457 1359; x_wconf 89' lang='lat' dir='ltr'><strong>accipiunt.</strong></span> <span class='ocrx_word' id='word_1_408' title='bbox 3500 1291 3670 1346; x_wconf 85' lang='lat' dir='ltr'><strong>Porro</strong></span> <span class='ocrx_word' id='word_1_409' title='bbox 3714 1291 3761 1346; x_wconf 89' lang='lat' dir='ltr'><strong>si</strong></span> 
     </span>
    </p>
   </div>
   <div class='ocr_carea' id='block_1_66' title="bbox 2200 1365 3756 1450">
    <p class='ocr_par' dir='ltr' id='par_1_66' title="bbox 2200 1365 3756 1450">
     <span class='ocr_line' id='line_1_68' title="bbox 2200 1365 3756 1450; baseline 0.008 -26"><span class='ocrx_word' id='word_1_410' title='bbox 2200 1384 2295 1439; x_wconf 88' lang='lat' dir='ltr'><strong>per</strong></span> <span class='ocrx_word' id='word_1_411' title='bbox 2322 1371 2427 1424; x_wconf 87' lang='lat' dir='ltr'><strong>tria</strong></span> <span class='ocrx_word' id='word_1_412' title='bbox 2452 1372 2581 1440; x_wconf 91' lang='lat' dir='ltr'><strong>quid</strong></span> <span class='ocrx_word' id='word_1_413' title='bbox 2605 1373 2843 1430; x_wconf 90' lang='lat' dir='ltr'><strong>dividere</strong></span> <span class='ocrx_word' id='word_1_414' title='bbox 2867 1377 3018 1447; x_wconf 89' lang='lat' dir='ltr'><strong>cupis</strong></span> <span class='ocrx_word' id='word_1_415' title='bbox 3036 1418 3052 1442; x_wconf 91' lang='lat'><strong>,</strong></span> <span class='ocrx_word' id='word_1_416' title='bbox 3094 1365 3550 1450; x_wconf 22' lang='lat' dir='ltr'><strong>tertiam‘partem</strong></span> <span class='ocrx_word' id='word_1_417' title='bbox 3580 1384 3718 1437; x_wconf 85' lang='lat' dir='ltr'><strong>trien</strong></span> <span class='ocrx_word' id='word_1_418' title='bbox 3740 1423 3756 1445; x_wconf 92' lang='lat'><strong>,</strong></span> 
     </span>
    </p>
   </div>
   <div class='ocr_carea' id='block_1_67' title="bbox 2201 1458 3759 1539">
    <p class='ocr_par' dir='ltr' id='par_1_67' title="bbox 2201 1458 3759 1539">
     <span class='ocr_line' id='line_1_69' title="bbox 2201 1458 3759 1539; baseline 0.009 -27"><span class='ocrx_word' id='word_1_419' title='bbox 2201 1458 2333 1513; x_wconf 88' lang='lat' dir='ltr'><strong>duas</strong></span> <span class='ocrx_word' id='word_1_420' title='bbox 2357 1460 2599 1515; x_wconf 89' lang='lat' dir='ltr'><strong>residuas</strong></span> <span class='ocrx_word' id='word_1_421' title='bbox 2628 1462 2826 1517; x_wconf 90' lang='lat' dir='ltr'><strong>bissem</strong></span> <span class='ocrx_word' id='word_1_422' title='bbox 2865 1467 3216 1535; x_wconf 87' lang='lat' dir='ltr'><strong>nuncupabis.</strong></span> <span class='ocrx_word' id='word_1_423' title='bbox 3246 1466 3307 1522; x_wconf 92' lang='lat' dir='ltr'><strong>Si</strong></span> <span class='ocrx_word' id='word_1_424' title='bbox 3330 1484 3428 1539; x_wconf 84' lang='lat' dir='ltr'><strong>per</strong></span> <span class='ocrx_word' id='word_1_425' title='bbox 3446 1470 3574 1535; x_wconf 90' lang='lat' dir='ltr'><strong>duo,</strong></span> <span class='ocrx_word' id='word_1_426' title='bbox 3601 1470 3759 1525; x_wconf 87' lang='lat' dir='ltr'><strong>dimi-</strong></span> 
     </span>
    </p>
   </div>
   <div class='ocr_carea' id='block_1_68' title="bbox 2200 1550 3332 1622">
    <p class='ocr_par' dir='ltr' id='par_1_68' title="bbox 2200 1550 3332 1622">
     <span class='ocr_line' id='line_1_70' title="bbox 2200 1550 3332 1622; baseline 0.007 -18"><span class='ocrx_word' id='word_1_427' title='bbox 2200 1550 2345 1604; x_wconf 91' lang='lat' dir='ltr'><strong>dium</strong></span> <span class='ocrx_word' id='word_1_428' title='bbox 2376 1552 2536 1606; x_wconf 89' lang='lat' dir='ltr'><strong>semis</strong></span> <span class='ocrx_word' id='word_1_429' title='bbox 2566 1553 2879 1622; x_wconf 88' lang='lat' dir='ltr'><strong>appellatur.</strong></span> <span class='ocrx_word' id='word_1_430' title='bbox 2912 1554 3004 1610; x_wconf 85' lang='lat' dir='ltr'><strong>Sic</strong></span> <span class='ocrx_word' id='word_1_431' title='bbox 3031 1564 3088 1610; x_wconf 88' lang='lat' dir='ltr'><strong>et</strong></span> <span class='ocrx_word' id='word_1_432' title='bbox 3118 1566 3332 1611; x_wconf 64' lang='lat' dir='ltr'><strong>caetera.</strong></span> 
     </span>
    </p>
   </div>
   <div class='ocr_carea' id='block_1_69' title="bbox 2815 1667 3165 1725">
    <p class='ocr_par' dir='ltr' id='par_1_69' title="bbox 2815 1667 3165 1725">
     <span class='ocr_line' id='line_1_71' title="bbox 2815 1667 3165 1725; baseline 0.006 -3"><span class='ocrx_word' id='word_1_433' title='bbox 2815 1667 3037 1725; x_wconf 85' lang='lat' dir='ltr'><strong>CAPUT</strong></span> <span class='ocrx_word' id='word_1_434' title='bbox 3072 1669 3165 1724; x_wconf 79' lang='lat' dir='ltr'><strong>IX.</strong></span> 
     </span>
    </p>
   </div>
   <div class='ocr_carea' id='block_1_70' title="bbox 2808 1757 3188 1831">
    <p class='ocr_par' dir='ltr' id='par_1_70' title="bbox 2808 1757 3188 1831">
     <span class='ocr_line' id='line_1_72' title="bbox 2808 1757 3188 1831; baseline 0.008 -20"><span class='ocrx_word' id='word_1_435' title='bbox 2808 1757 2888 1812; x_wconf 80' lang='lat' dir='ltr'><strong>De</strong></span> <span class='ocrx_word' id='word_1_436' title='bbox 2944 1771 3188 1831; x_wconf 59' lang='lat' dir='ltr'><strong>tempore.</strong></span> 
     </span>
    </p>
   </div>
   <div class='ocr_carea' id='block_1_71' title="bbox 2270 1846 3761 1921">
    <p class='ocr_par' dir='ltr' id='par_1_71' title="bbox 2270 1846 3761 1921">
     <span class='ocr_line' id='line_1_73' title="bbox 2270 1846 3761 1921; baseline 0 -18"><span class='ocrx_word' id='word_1_437' title='bbox 2270 1849 2413 1904; x_wconf 77' lang='lat' dir='ltr'><strong>Disc.</strong></span> <span class='ocrx_word' id='word_1_438' title='bbox 2447 1848 2571 1904; x_wconf 61' lang='lat' dir='ltr'><strong>Haec</strong></span> <span class='ocrx_word' id='word_1_439' title='bbox 2604 1850 2817 1919; x_wconf 90' lang='lat' dir='ltr'><strong>quidem</strong></span> <span class='ocrx_word' id='word_1_440' title='bbox 2859 1846 3130 1921; x_wconf 82' lang='lat' dir='ltr'><strong>gratanter</strong></span> <span class='ocrx_word' id='word_1_441' title='bbox 3167 1852 3389 1920; x_wconf 79' lang='lat' dir='ltr'><strong>accipio.</strong></span> <span class='ocrx_word' id='word_1_442' title='bbox 3425 1849 3493 1904; x_wconf 87' lang='lat' dir='ltr'><strong>Et</strong></span> <span class='ocrx_word' id='word_1_443' title='bbox 3537 1850 3665 1920; x_wconf 89' lang='lat' dir='ltr'><strong>quia</strong></span> <span class='ocrx_word' id='word_1_444' title='bbox 3697 1849 3761 1904; x_wconf 87' lang='lat' dir='ltr'><strong>de</strong></span> 
     </span>
    </p>
   </div>
   <div class='ocr_carea' id='block_1_72' title="bbox 2200 1938 3761 2009">
    <p class='ocr_par' dir='ltr' id='par_1_72' title="bbox 2200 1938 3761 2009">
     <span class='ocr_line' id='line_1_74' title="bbox 2200 1938 3761 2009; baseline 0.002 -19"><span class='ocrx_word' id='word_1_445' title='bbox 2200 1944 2499 2008; x_wconf 82' lang='lat' dir='ltr'><strong>temporum</strong></span> <span class='ocrx_word' id='word_1_446' title='bbox 2524 1938 2873 1994; x_wconf 89' lang='lat' dir='ltr'><strong>divisionibus</strong></span> <span class='ocrx_word' id='word_1_447' title='bbox 2896 1953 2962 1993; x_wconf 90' lang='lat' dir='ltr'><strong>ac</strong></span> <span class='ocrx_word' id='word_1_448' title='bbox 2982 1938 3191 1993; x_wconf 85' lang='lat' dir='ltr'><strong>ratione</strong></span> <span class='ocrx_word' id='word_1_449' title='bbox 3210 1938 3366 1994; x_wconf 88' lang='lat' dir='ltr'><strong>nobis</strong></span> <span class='ocrx_word' id='word_1_450' title='bbox 3384 1939 3761 2009; x_wconf 84' lang='lat' dir='ltr'><strong>disputandum</strong></span> 
     </span>
    </p>
   </div>
   <div class='ocr_carea' id='block_1_73' title="bbox 2200 2026 3760 2098">
    <p class='ocr_par' dir='ltr' id='par_1_73' title="bbox 2200 2026 3760 2098">
     <span class='ocr_line' id='line_1_75' title="bbox 2200 2026 3760 2098; baseline 0 -15"><span class='ocrx_word' id='word_1_451' title='bbox 2200 2035 2303 2092; x_wconf 86' lang='lat' dir='ltr'><strong>est,</strong></span> <span class='ocrx_word' id='word_1_452' title='bbox 2331 2027 2561 2098; x_wconf 90' lang='lat' dir='ltr'><strong>primum</strong></span> <span class='ocrx_word' id='word_1_453' title='bbox 2597 2028 2724 2082; x_wconf 90' lang='lat' dir='ltr'><strong>mihi</strong></span> <span class='ocrx_word' id='word_1_454' title='bbox 2754 2027 2842 2083; x_wconf 90' lang='lat' dir='ltr'><strong>dic</strong></span> <span class='ocrx_word' id='word_1_455' title='bbox 2883 2028 3010 2097; x_wconf 92' lang='lat' dir='ltr'><strong>quid</strong></span> <span class='ocrx_word' id='word_1_456' title='bbox 3051 2028 3123 2083; x_wconf 88' lang='lat' dir='ltr'><strong>sit</strong></span> <span class='ocrx_word' id='word_1_457' title='bbox 3160 2038 3387 2098; x_wconf 87' lang='lat' dir='ltr'><strong>tempus.</strong></span> <span class='ocrx_word' id='word_1_458' title='bbox 3423 2027 3566 2083; x_wconf 65' lang='lat' dir='ltr'><strong>Mss.</strong></span> <span class='ocrx_word' id='word_1_459' title='bbox 3600 2026 3760 2083; x_wconf 88' lang='lat' dir='ltr'><strong>Tem-</strong></span> 
     </span>
    </p>
   </div>
   <div class='ocr_carea' id='block_1_74' title="bbox 2200 2117 3761 2187">
    <p class='ocr_par' dir='ltr' id='par_1_74' title="bbox 2200 2117 3761 2187">
     <span class='ocr_line' id='line_1_76' title="bbox 2200 2117 3761 2187; baseline 0.003 -18"><span class='ocrx_word' id='word_1_460' title='bbox 2200 2130 2300 2185; x_wconf 90' lang='lat' dir='ltr'><strong>pus</strong></span> <span class='ocrx_word' id='word_1_461' title='bbox 2324 2126 2408 2172; x_wconf 90' lang='lat' dir='ltr'><strong>est</strong></span> <span class='ocrx_word' id='word_1_462' title='bbox 2435 2117 2617 2171; x_wconf 90' lang='lat' dir='ltr'><strong>mundi</strong></span> <span class='ocrx_word' id='word_1_463' title='bbox 2642 2117 2902 2172; x_wconf 88' lang='lat' dir='ltr'><strong>instabilis</strong></span> <span class='ocrx_word' id='word_1_464' title='bbox 2930 2126 3124 2183; x_wconf 88' lang='lat' dir='ltr'><strong>motus,</strong></span> <span class='ocrx_word' id='word_1_465' title='bbox 3142 2133 3429 2187; x_wconf 88' lang='lat' dir='ltr'><strong>rerumque</strong></span> <span class='ocrx_word' id='word_1_466' title='bbox 3473 2118 3761 2173; x_wconf 85' lang='lat' dir='ltr'><strong>labentium</strong></span> 
     </span>
    </p>
   </div>
   <div class='ocr_carea' id='block_1_75' title="bbox 2200 2205 3763 2277">
    <p class='ocr_par' dir='ltr' id='par_1_75' title="bbox 2200 2205 3763 2277">
     <span class='ocr_line' id='line_1_77' title="bbox 2200 2205 3763 2277; baseline 0 -16"><span class='ocrx_word' id='word_1_467' title='bbox 2200 2221 2409 2261; x_wconf 88' lang='lat' dir='ltr'><strong>cursus.</strong></span> <span class='ocrx_word' id='word_1_468' title='bbox 2440 2206 2583 2262; x_wconf 86' lang='lat' dir='ltr'><strong>Dtsc.</strong></span> <span class='ocrx_word' id='word_1_469' title='bbox 2616 2206 2767 2262; x_wconf 88' lang='lat' dir='ltr'><strong>Unde</strong></span> <span class='ocrx_word' id='word_1_470' title='bbox 2798 2207 2992 2263; x_wconf 87' lang='lat' dir='ltr'><strong>dicitur</strong></span> <span class='ocrx_word' id='word_1_471' title='bbox 3020 2208 3275 2277; x_wconf 85' lang='lat' dir='ltr'><strong>tempus?</strong></span> <span class='ocrx_word' id='word_1_472' title='bbox 3307 2207 3447 2264; x_wconf 73' lang='lat' dir='ltr'><strong>Mss.</strong></span> <span class='ocrx_word' id='word_1_473' title='bbox 3486 2205 3709 2264; x_wconf 85' lang='lat' dir='ltr'><strong>Scilicet</strong></span> <span class='ocrx_word' id='word_1_474' title='bbox 3733 2223 3763 2261; x_wconf 86' lang='lat' dir='ltr'><strong>a</strong></span> 
     </span>
    </p>
   </div>
   <div class='ocr_carea' id='block_1_76' title="bbox 2200 2299 3760 2371">
    <p class='ocr_par' dir='ltr' id='par_1_76' title="bbox 2200 2299 3760 2371">
     <span class='ocr_line' id='line_1_78' title="bbox 2200 2299 3760 2371; baseline 0.003 -20"><span class='ocrx_word' id='word_1_475' title='bbox 2200 2305 2619 2366; x_wconf 81' lang='lat' dir='ltr'><strong>temperamento</strong></span> <span class='ocrx_word' id='word_1_476' title='bbox 2642 2337 2657 2364; x_wconf 94' lang='lat'><strong>,</strong></span> <span class='ocrx_word' id='word_1_477' title='bbox 2719 2299 2830 2354; x_wconf 87' lang='lat' dir='ltr'><strong>sive</strong></span> <span class='ocrx_word' id='word_1_478' title='bbox 2892 2300 3033 2371; x_wconf 89' lang='lat' dir='ltr'><strong>quod</strong></span> <span class='ocrx_word' id='word_1_479' title='bbox 3084 2302 3500 2371; x_wconf 84' lang='lat' dir='ltr'><strong>unumquodque</strong></span> <span class='ocrx_word' id='word_1_480' title='bbox 3550 2300 3760 2356; x_wconf 86' lang='lat' dir='ltr'><strong>illorum</strong></span> 
     </span>
    </p>
   </div>
   <div class='ocr_carea' id='block_1_77' title="bbox 2200 2389 3763 2460">
    <p class='ocr_par' dir='ltr' id='par_1_77' title="bbox 2200 2389 3763 2460">
     <span class='ocr_line' id='line_1_79' title="bbox 2200 2389 3763 2460; baseline 0.001 -17"><span class='ocrx_word' id='word_1_481' title='bbox 2200 2390 2427 2459; x_wconf 87' lang='lat' dir='ltr'><strong>spatium</strong></span> <span class='ocrx_word' id='word_1_482' title='bbox 2450 2389 2735 2460; x_wconf 87' lang='lat' dir='ltr'><strong>separatim</strong></span> <span class='ocrx_word' id='word_1_483' title='bbox 2759 2399 3108 2460; x_wconf 88' lang='lat' dir='ltr'><strong>temperatum</strong></span> <span class='ocrx_word' id='word_1_484' title='bbox 3138 2391 3229 2455; x_wconf 90' lang='lat' dir='ltr'><strong>sit,</strong></span> <span class='ocrx_word' id='word_1_485' title='bbox 3244 2406 3339 2446; x_wconf 88' lang='lat' dir='ltr'><strong>seu</strong></span> <span class='ocrx_word' id='word_1_486' title='bbox 3360 2392 3503 2460; x_wconf 88' lang='lat' dir='ltr'><strong>quod</strong></span> <span class='ocrx_word' id='word_1_487' title='bbox 3524 2405 3763 2445; x_wconf 77' lang='lat' dir='ltr'><strong>momen-</strong></span> 
     </span>
    </p>
   </div>
   <div class='ocr_carea' id='block_1_78' title="bbox 2202 2473 3762 2549">
    <p class='ocr_par' dir='ltr' id='par_1_78' title="bbox 2202 2473 3762 2549">
     <span class='ocr_line' id='line_1_80' title="bbox 2202 2473 3762 2549; baseline 0 -18"><span class='ocrx_word' id='word_1_488' title='bbox 2202 2478 2293 2542; x_wconf 91' lang='lat' dir='ltr'><strong>tis,</strong></span> <span class='ocrx_word' id='word_1_489' title='bbox 2341 2478 2486 2532; x_wconf 88' lang='lat' dir='ltr'><strong>horis</strong></span> <span class='ocrx_word' id='word_1_490' title='bbox 2512 2519 2525 2542; x_wconf 94' lang='lat'><strong>,</strong></span> <span class='ocrx_word' id='word_1_491' title='bbox 2574 2476 2784 2549; x_wconf 88' lang='lat' dir='ltr'><strong>diebus,</strong></span> <span class='ocrx_word' id='word_1_492' title='bbox 2824 2479 3119 2544; x_wconf 89' lang='lat' dir='ltr'><strong>mensibus,</strong></span> <span class='ocrx_word' id='word_1_493' title='bbox 3150 2480 3333 2543; x_wconf 90' lang='lat' dir='ltr'><strong>annis,</strong></span> <span class='ocrx_word' id='word_1_494' title='bbox 3362 2473 3681 2546; x_wconf 72' lang='lat' dir='ltr'><strong>steculisque</strong></span> <span class='ocrx_word' id='word_1_495' title='bbox 3710 2485 3762 2532; x_wconf 86' lang='lat' dir='ltr'><strong>et</strong></span> 
     </span>
    </p>
   </div>
   <div class='ocr_carea' id='block_1_79' title="bbox 2198 2565 3757 2638">
    <p class='ocr_par' dir='ltr' id='par_1_79' title="bbox 2198 2565 3757 2638">
     <span class='ocr_line' id='line_1_81' title="bbox 2198 2565 3757 2638; baseline -0.001 -18"><span class='ocrx_word' id='word_1_496' title='bbox 2198 2567 2443 2621; x_wconf 73' lang='lat' dir='ltr'><strong>aetatibus</strong></span> <span class='ocrx_word' id='word_1_497' title='bbox 2468 2565 2646 2621; x_wconf 91' lang='lat' dir='ltr'><strong>omnia</strong></span> <span class='ocrx_word' id='word_1_498' title='bbox 2672 2566 2913 2623; x_wconf 84' lang='lat' dir='ltr'><strong>mortalis</strong></span> <span class='ocrx_word' id='word_1_499' title='bbox 2940 2568 3064 2623; x_wconf 65' lang='lat' dir='ltr'><strong>vitae</strong></span> <span class='ocrx_word' id='word_1_500' title='bbox 3088 2568 3354 2623; x_wconf 86' lang='lat' dir='ltr'><strong>curricula</strong></span> <span class='ocrx_word' id='word_1_501' title='bbox 3376 2575 3757 2638; x_wconf 84' lang='lat' dir='ltr'><strong>temperentur.</strong></span> 
     </span>
    </p>
   </div>
   <div class='ocr_carea' id='block_1_80' title="bbox 2804 2677 3147 2733">
    <p class='ocr_par' dir='ltr' id='par_1_80' title="bbox 2804 2677 3147 2733">
     <span class='ocr_line' id='line_1_82' title="bbox 2804 2677 3147 2733; baseline -0.003 -1"><span class='ocrx_word' id='word_1_502' title='bbox 2804 2677 3027 2733; x_wconf 82' lang='lat' dir='ltr'><strong>CAPUT</strong></span> <span class='ocrx_word' id='word_1_503' title='bbox 3080 2678 3147 2731; x_wconf 77' lang='grc' dir='ltr'><strong>Χ.</strong></span> 
     </span>
    </p>
   </div>
   <div class='ocr_carea' id='block_1_81' title="bbox 2496 2746 3449 2817">
    <p class='ocr_par' dir='ltr' id='par_1_81' title="bbox 2496 2746 3449 2817">
     <span class='ocr_line' id='line_1_83' title="bbox 2496 2746 3449 2817; baseline 0 -17"><span class='ocrx_word' id='word_1_504' title='bbox 2496 2746 2571 2802; x_wconf 83' lang='lat' dir='ltr'><strong>De</strong></span> <span class='ocrx_word' id='word_1_505' title='bbox 2591 2748 2815 2801; x_wconf 85' lang='lat' dir='ltr'><strong>trimoda</strong></span> <span class='ocrx_word' id='word_1_506' title='bbox 2853 2748 3160 2802; x_wconf 79' lang='lat' dir='ltr'><strong>discretione</strong></span> <span class='ocrx_word' id='word_1_507' title='bbox 3186 2748 3449 2817; x_wconf 78' lang='lat' dir='ltr'><strong>temporis.</strong></span> 
     </span>
    </p>
   </div>
   <div class='ocr_carea' id='block_1_82' title="bbox 2269 2836 3757 2908">
    <p class='ocr_par' dir='ltr' id='par_1_82' title="bbox 2269 2836 3757 2908">
     <span class='ocr_line' id='line_1_84' title="bbox 2269 2836 3757 2908; baseline 0.001 -18"><span class='ocrx_word' id='word_1_508' title='bbox 2269 2836 2415 2893; x_wconf 87' lang='lat' dir='ltr'><strong>Dtsc.</strong></span> <span class='ocrx_word' id='word_1_509' title='bbox 2464 2838 2785 2908; x_wconf 86' lang='lat' dir='ltr'><strong>Temporum</strong></span> <span class='ocrx_word' id='word_1_510' title='bbox 2841 2839 2980 2899; x_wconf 85' lang='lat' dir='ltr'><strong>ratio</strong></span> <span class='ocrx_word' id='word_1_511' title='bbox 3031 2837 3299 2908; x_wconf 91' lang='lat' dir='ltr'><strong>quomodo</strong></span> <span class='ocrx_word' id='word_1_512' title='bbox 3336 2836 3757 2893; x_wconf 58' lang='lat' dir='ltr'><strong>consumma.</strong></span> 
     </span>
    </p>
   </div>
   <div class='ocr_carea' id='block_1_83' title="bbox 2199 2927 3756 2997">
    <p class='ocr_par' dir='ltr' id='par_1_83' title="bbox 2199 2927 3756 2997">
     <span class='ocr_line' id='line_1_85' title="bbox 2199 2927 3756 2997; baseline -0.001 -16"><span class='ocrx_word' id='word_1_513' title='bbox 2199 2927 2453 2982; x_wconf 84' lang='lat' dir='ltr'><strong>Trimoda</strong></span> <span class='ocrx_word' id='word_1_514' title='bbox 2504 2929 2714 2983; x_wconf 89' lang='lat' dir='ltr'><strong>ratione</strong></span> <span class='ocrx_word' id='word_1_515' title='bbox 2764 2936 3046 2997; x_wconf 89' lang='lat' dir='ltr'><strong>computus</strong></span> <span class='ocrx_word' id='word_1_516' title='bbox 3073 2927 3330 2997; x_wconf 83' lang='lat' dir='ltr'><strong>temporis</strong></span> <span class='ocrx_word' id='word_1_517' title='bbox 3356 2935 3439 2982; x_wconf 79' lang='lat' dir='ltr'><strong>est</strong></span> <span class='ocrx_word' id='word_1_518' title='bbox 3469 2928 3756 2982; x_wconf 80' lang='lat' dir='ltr'><strong>discretus.</strong></span> 
     </span>
    </p>
   </div>
   <div class='ocr_carea' id='block_1_84' title="bbox 2122 3015 3761 3102">
    <p class='ocr_par' dir='ltr' id='par_1_84' title="bbox 2122 3015 3761 3102">
     <span class='ocr_line' id='line_1_86' title="bbox 2122 3015 3761 3102; baseline 0.001 -33"><span class='ocrx_word' id='word_1_519' title='bbox 2122 3042 2166 3102; x_wconf 53' lang='grc' dir='ltr'><strong>(Ξ</strong></span> <span class='ocrx_word' id='word_1_520' title='bbox 2196 3015 2304 3070; x_wconf 84' lang='lat' dir='ltr'><strong>Aut</strong></span> <span class='ocrx_word' id='word_1_521' title='bbox 2330 3016 2473 3070; x_wconf 90' lang='lat' dir='ltr'><strong>enim</strong></span> <span class='ocrx_word' id='word_1_522' title='bbox 2498 3024 2714 3081; x_wconf 90' lang='lat' dir='ltr'><strong>natura,</strong></span> <span class='ocrx_word' id='word_1_523' title='bbox 2740 3023 2833 3075; x_wconf 86' lang='lat' dir='ltr'><strong>aut</strong></span> <span class='ocrx_word' id='word_1_524' title='bbox 2847 3016 3258 3081; x_wconf 81' lang='lat' dir='ltr'><strong>consuetudine,</strong></span> <span class='ocrx_word' id='word_1_525' title='bbox 3283 3025 3377 3069; x_wconf 90' lang='lat' dir='ltr'><strong>aut</strong></span> <span class='ocrx_word' id='word_1_526' title='bbox 3392 3025 3549 3071; x_wconf 87' lang='lat' dir='ltr'><strong>certe</strong></span> <span class='ocrx_word' id='word_1_527' title='bbox 3572 3024 3761 3071; x_wconf 85' lang='lat' dir='ltr'><strong>aucto-</strong></span> 
     </span>
    </p>
   </div>
   <div class='ocr_carea' id='block_1_85' title="bbox 2198 3103 3761 3174">
    <p class='ocr_par' dir='ltr' id='par_1_85' title="bbox 2198 3103 3761 3174">
     <span class='ocr_line' id='line_1_87' title="bbox 2198 3103 3761 3174; baseline 0.002 -17"><span class='ocrx_word' id='word_1_528' title='bbox 2198 3105 2359 3159; x_wconf 85' lang='lat' dir='ltr'><strong>ritate</strong></span> <span class='ocrx_word' id='word_1_529' title='bbox 2406 3104 2662 3174; x_wconf 72' lang='lat' dir='ltr'><strong>decurrit.</strong></span> <span class='ocrx_word' id='word_1_530' title='bbox 2712 3104 2856 3158; x_wconf 89' lang='lat' dir='ltr'><strong>Dtsc.</strong></span> <span class='ocrx_word' id='word_1_531' title='bbox 2895 3103 3174 3170; x_wconf 87' lang='lat' dir='ltr'><strong>Quomodo</strong></span> <span class='ocrx_word' id='word_1_532' title='bbox 3211 3120 3339 3174; x_wconf 86' lang='lat' dir='ltr'><strong>ergo</strong></span> <span class='ocrx_word' id='word_1_533' title='bbox 3376 3112 3572 3158; x_wconf 83' lang='lat' dir='ltr'><strong>natura</strong></span> <span class='ocrx_word' id='word_1_534' title='bbox 3620 3112 3761 3160; x_wconf 83' lang='lat' dir='ltr'><strong>tem-</strong></span> 
     </span>
    </p>
   </div>
   <div class='ocr_carea' id='block_1_86' title="bbox 2194 3194 3756 3264">
    <p class='ocr_par' dir='ltr' id='par_1_86' title="bbox 2194 3194 3756 3264">
     <span class='ocr_line' id='line_1_88' title="bbox 2194 3194 3756 3264; baseline -0.002 -12"><span class='ocrx_word' id='word_1_535' title='bbox 2194 3209 2383 3264; x_wconf 81' lang='lat' dir='ltr'><strong>porum</strong></span> <span class='ocrx_word' id='word_1_536' title='bbox 2429 3194 2621 3248; x_wconf 76' lang='lat' dir='ltr'><strong>cursus</strong></span> <span class='ocrx_word' id='word_1_537' title='bbox 2667 3201 2720 3250; x_wconf 86' lang='lat' dir='ltr'><strong>et</strong></span> <span class='ocrx_word' id='word_1_538' title='bbox 2765 3194 2902 3249; x_wconf 88' lang='lat' dir='ltr'><strong>ratio</strong></span> <span class='ocrx_word' id='word_1_539' title='bbox 2934 3195 3226 3249; x_wconf 80' lang='lat' dir='ltr'><strong>consistit?</strong></span> <span class='ocrx_word' id='word_1_540' title='bbox 3256 3194 3394 3250; x_wconf 66' lang='lat' dir='ltr'><strong>Msa.</strong></span> <span class='ocrx_word' id='word_1_541' title='bbox 3424 3195 3563 3263; x_wconf 84' lang='lat' dir='ltr'><strong>Quia</strong></span> <span class='ocrx_word' id='word_1_542' title='bbox 3591 3204 3756 3251; x_wconf 79' lang='lat' dir='ltr'><strong>natu-</strong></span> 
     </span>
    </p>
   </div>
   <div class='ocr_carea' id='block_1_87' title="bbox 2196 3285 3760 3355">
    <p class='ocr_par' dir='ltr' id='par_1_87' title="bbox 2196 3285 3760 3355">
     <span class='ocr_line' id='line_1_89' title="bbox 2196 3285 3760 3355; baseline 0.001 -15"><span class='ocrx_word' id='word_1_543' title='bbox 2196 3302 2258 3340; x_wconf 90' lang='lat' dir='ltr'><strong>ra</strong></span> <span class='ocrx_word' id='word_1_544' title='bbox 2284 3286 2420 3341; x_wconf 88' lang='lat' dir='ltr'><strong>duce</strong></span> <span class='ocrx_word' id='word_1_545' title='bbox 2444 3294 2713 3355; x_wconf 90' lang='lat' dir='ltr'><strong>repertum</strong></span> <span class='ocrx_word' id='word_1_546' title='bbox 2738 3295 2821 3343; x_wconf 87' lang='lat' dir='ltr'><strong>est</strong></span> <span class='ocrx_word' id='word_1_547' title='bbox 2845 3285 2974 3341; x_wconf 86' lang='lat' dir='ltr'><strong>solis</strong></span> <span class='ocrx_word' id='word_1_548' title='bbox 3000 3301 3198 3341; x_wconf 86' lang='lat' dir='ltr'><strong>annum</strong></span> <span class='ocrx_word' id='word_1_549' title='bbox 3237 3303 3435 3344; x_wconf 80' lang='lat' dir='ltr'><strong>ccc1.xv</strong></span> <span class='ocrx_word' id='word_1_550' title='bbox 3479 3288 3669 3342; x_wconf 87' lang='lat' dir='ltr'><strong>diebus</strong></span> <span class='ocrx_word' id='word_1_551' title='bbox 3700 3297 3760 3342; x_wconf 86' lang='lat' dir='ltr'><strong>et</strong></span> 
     </span>
    </p>
   </div>
   <div class='ocr_carea' id='block_1_88' title="bbox 2195 3376 3757 3446">
    <p class='ocr_par' dir='ltr' id='par_1_88' title="bbox 2195 3376 3757 3446">
     <span class='ocr_line' id='line_1_90' title="bbox 2195 3376 3757 3446; baseline 0.002 -17"><span class='ocrx_word' id='word_1_552' title='bbox 2195 3377 2494 3446; x_wconf 87' lang='lat' dir='ltr'><strong>quadrante</strong></span> <span class='ocrx_word' id='word_1_553' title='bbox 2526 3376 2755 3441; x_wconf 87' lang='lat' dir='ltr'><strong>conﬁci,</strong></span> <span class='ocrx_word' id='word_1_554' title='bbox 2801 3376 2940 3431; x_wconf 68' lang='lat' dir='ltr'><strong>luna:</strong></span> <span class='ocrx_word' id='word_1_555' title='bbox 2979 3392 3110 3433; x_wconf 89' lang='lat' dir='ltr'><strong>vero</strong></span> <span class='ocrx_word' id='word_1_556' title='bbox 3134 3393 3350 3443; x_wconf 87' lang='lat' dir='ltr'><strong>annum,</strong></span> <span class='ocrx_word' id='word_1_557' title='bbox 3383 3378 3439 3433; x_wconf 82' lang='lat' dir='ltr'><strong>si</strong></span> <span class='ocrx_word' id='word_1_558' title='bbox 3453 3380 3757 3434; x_wconf 86' lang='lat' dir='ltr'><strong>communis</strong></span> 
     </span>
    </p>
   </div>
   <div class='ocr_carea' id='block_1_89' title="bbox 2193 3469 3760 3538">
    <p class='ocr_par' dir='ltr' id='par_1_89' title="bbox 2193 3469 3760 3538">
     <span class='ocr_line' id='line_1_91' title="bbox 2193 3469 3760 3538; baseline 0.003 -16"><span class='ocrx_word' id='word_1_559' title='bbox 2193 3469 2285 3535; x_wconf 90' lang='lat' dir='ltr'><strong>sit,</strong></span> <span class='ocrx_word' id='word_1_560' title='bbox 2311 3483 2515 3535; x_wconf 84' lang='lat' dir='ltr'><strong>cccuv,</strong></span> <span class='ocrx_word' id='word_1_561' title='bbox 2564 3470 2612 3525; x_wconf 90' lang='lat' dir='ltr'><strong>si</strong></span> <span class='ocrx_word' id='word_1_562' title='bbox 2656 3469 3029 3537; x_wconf 89' lang='lat' dir='ltr'><strong>embolismus,</strong></span> <span class='ocrx_word' id='word_1_563' title='bbox 3068 3486 3326 3538; x_wconf 77' lang='lat' dir='ltr'><strong>cccuxtv</strong></span> <span class='ocrx_word' id='word_1_564' title='bbox 3358 3471 3548 3527; x_wconf 90' lang='lat' dir='ltr'><strong>diebus</strong></span> <span class='ocrx_word' id='word_1_565' title='bbox 3571 3473 3760 3527; x_wconf 80' lang='lat' dir='ltr'><strong>termi-</strong></span> 
     </span>
    </p>
   </div>
   <div class='ocr_carea' id='block_1_90' title="bbox 2192 3557 3758 3627">
    <p class='ocr_par' dir='ltr' id='par_1_90' title="bbox 2192 3557 3758 3627">
     <span class='ocr_line' id='line_1_92' title="bbox 2192 3557 3758 3627; baseline 0.004 -16"><span class='ocrx_word' id='word_1_566' title='bbox 2192 3558 2337 3623; x_wconf 90' lang='lat' dir='ltr'><strong>nari,</strong></span> <span class='ocrx_word' id='word_1_567' title='bbox 2366 3562 2638 3627; x_wconf 85' lang='lat' dir='ltr'><strong>totumqne</strong></span> <span class='ocrx_word' id='word_1_568' title='bbox 2665 3557 2807 3613; x_wconf 76' lang='lat' dir='ltr'><strong>luna:</strong></span> <span class='ocrx_word' id='word_1_569' title='bbox 2834 3574 3052 3614; x_wconf 88' lang='lat' dir='ltr'><strong>cursum</strong></span> <span class='ocrx_word' id='word_1_570' title='bbox 3075 3560 3527 3616; x_wconf 87' lang='lat' dir='ltr'><strong>decennovennali</strong></span> <span class='ocrx_word' id='word_1_571' title='bbox 3549 3561 3758 3617; x_wconf 75' lang='lat' dir='ltr'><strong>circulo</strong></span> 
     </span>
    </p>
   </div>
   <div class='ocr_carea' id='block_1_91' title="bbox 2193 3648 3760 3721">
    <p class='ocr_par' dir='ltr' id='par_1_91' title="bbox 2193 3648 3760 3721">
     <span class='ocr_line' id='line_1_93' title="bbox 2193 3648 3760 3721; baseline 0.001 -17"><span class='ocrx_word' id='word_1_572' title='bbox 2193 3648 2589 3719; x_wconf 87' lang='lat' dir='ltr'><strong>comprehendi,</strong></span> <span class='ocrx_word' id='word_1_573' title='bbox 2605 3649 2696 3705; x_wconf 84' lang='lat' dir='ltr'><strong>sed</strong></span> <span class='ocrx_word' id='word_1_574' title='bbox 2723 3657 2780 3704; x_wconf 87' lang='lat' dir='ltr'><strong>et</strong></span> <span class='ocrx_word' id='word_1_575' title='bbox 2800 3658 2993 3704; x_wconf 80' lang='lat' dir='ltr'><strong>caetera</strong></span> <span class='ocrx_word' id='word_1_576' title='bbox 3015 3652 3249 3706; x_wconf 87' lang='lat' dir='ltr'><strong>errantia</strong></span> <span class='ocrx_word' id='word_1_577' title='bbox 3271 3651 3448 3717; x_wconf 71' lang='lat' dir='ltr'><strong>sidera</strong></span> <span class='ocrx_word' id='word_1_578' title='bbox 3472 3652 3585 3706; x_wconf 81' lang='lat' dir='ltr'><strong>suis</strong></span> <span class='ocrx_word' id='word_1_579' title='bbox 3608 3667 3760 3721; x_wconf 68' lang='lat' dir='ltr'><strong>quat-</strong></span> 
     </span>
    </p>
   </div>
   <div class='ocr_carea' id='block_1_92' title="bbox 2191 3739 3758 3809">
    <p class='ocr_par' dir='ltr' id='par_1_92' title="bbox 2191 3739 3758 3809">
     <span class='ocr_line' id='line_1_94' title="bbox 2191 3739 3758 3809; baseline 0.002 -16"><span class='ocrx_word' id='word_1_580' title='bbox 2191 3753 2306 3809; x_wconf 92' lang='lat' dir='ltr'><strong>que.</strong></span> <span class='ocrx_word' id='word_1_581' title='bbox 2349 3740 2537 3808; x_wconf 86' lang='lat' dir='ltr'><strong>spatiis</strong></span> <span class='ocrx_word' id='word_1_582' title='bbox 2601 3739 2820 3794; x_wconf 83' lang='lat' dir='ltr'><strong>zodiaco</strong></span> <span class='ocrx_word' id='word_1_583' title='bbox 2863 3739 3219 3800; x_wconf 76' lang='lat' dir='ltr'><strong>circumferri.</strong></span> <span class='ocrx_word' id='word_1_584' title='bbox 3278 3741 3423 3796; x_wconf 85' lang='lat' dir='ltr'><strong>Dtsc.</strong></span> <span class='ocrx_word' id='word_1_585' title='bbox 3476 3740 3758 3807; x_wconf 88' lang='lat' dir='ltr'><strong>Quomodo</strong></span> 
     </span>
    </p>
   </div>
   <div class='ocr_carea' id='block_1_93' title="bbox 2192 3828 3755 3900">
    <p class='ocr_par' dir='ltr' id='par_1_93' title="bbox 2192 3828 3755 3900">
     <span class='ocr_line' id='line_1_95' title="bbox 2192 3828 3755 3900; baseline 0.001 -17"><span class='ocrx_word' id='word_1_586' title='bbox 2192 3829 2612 3884; x_wconf 75' lang='lat' dir='ltr'><strong>consuetudine?</strong></span> <span class='ocrx_word' id='word_1_587' title='bbox 2634 3828 2771 3891; x_wconf 71' lang='lat' dir='ltr'><strong>MAG.</strong></span> <span class='ocrx_word' id='word_1_588' title='bbox 2802 3828 3198 3885; x_wconf 86' lang='lat' dir='ltr'><strong>Consuetudine</strong></span> <span class='ocrx_word' id='word_1_589' title='bbox 3230 3846 3359 3900; x_wconf 74' lang='lat' dir='ltr'><strong>ergo</strong></span> <span class='ocrx_word' id='word_1_590' title='bbox 3392 3831 3626 3885; x_wconf 88' lang='lat' dir='ltr'><strong>humana</strong></span> <span class='ocrx_word' id='word_1_591' title='bbox 3655 3831 3755 3885; x_wconf 81' lang='lat' dir='ltr'><strong>ﬁr-</strong></span> 
     </span>
    </p>
   </div>
   <div class='ocr_carea' id='block_1_94' title="bbox 2191 3919 3757 3990">
    <p class='ocr_par' dir='ltr' id='par_1_94' title="bbox 2191 3919 3757 3990">
     <span class='ocr_line' id='line_1_96' title="bbox 2191 3919 3757 3990; baseline 0.001 -19"><span class='ocrx_word' id='word_1_592' title='bbox 2191 3926 2395 3972; x_wconf 90' lang='lat' dir='ltr'><strong>matum</strong></span> <span class='ocrx_word' id='word_1_593' title='bbox 2429 3926 2515 3973; x_wconf 88' lang='lat' dir='ltr'><strong>est</strong></span> <span class='ocrx_word' id='word_1_594' title='bbox 2537 3925 2596 3974; x_wconf 91' lang='lat' dir='ltr'><strong>ut</strong></span> <span class='ocrx_word' id='word_1_595' title='bbox 2622 3919 2821 3975; x_wconf 86' lang='lat' dir='ltr'><strong>mensis</strong></span> <span class='ocrx_word' id='word_1_596' title='bbox 2846 3919 3065 3990; x_wconf 85' lang='lat' dir='ltr'><strong>triginta</strong></span> <span class='ocrx_word' id='word_1_597' title='bbox 3090 3920 3278 3975; x_wconf 87' lang='lat' dir='ltr'><strong>diebus</strong></span> <span class='ocrx_word' id='word_1_598' title='bbox 3298 3927 3599 3990; x_wconf 87' lang='lat' dir='ltr'><strong>putaretur,</strong></span> <span class='ocrx_word' id='word_1_599' title='bbox 3629 3934 3757 3973; x_wconf 85' lang='lat' dir='ltr'><strong>cum</strong></span> 
     </span>
    </p>
   </div>
   <div class='ocr_carea' id='block_1_95' title="bbox 2190 4010 3755 4082">
    <p class='ocr_par' dir='ltr' id='par_1_95' title="bbox 2190 4010 3755 4082">
     <span class='ocr_line' id='line_1_97' title="bbox 2190 4010 3755 4082; baseline 0.002 -17"><span class='ocrx_word' id='word_1_600' title='bbox 2190 4011 2293 4065; x_wconf 89' lang='lat' dir='ltr'><strong>hoc</strong></span> <span class='ocrx_word' id='word_1_601' title='bbox 2334 4025 2435 4065; x_wconf 90' lang='lat' dir='ltr'><strong>nec</strong></span> <span class='ocrx_word' id='word_1_602' title='bbox 2470 4010 2597 4065; x_wconf 90' lang='lat' dir='ltr'><strong>solis</strong></span> <span class='ocrx_word' id='word_1_603' title='bbox 2626 4025 2724 4065; x_wconf 91' lang='lat' dir='ltr'><strong>nec</strong></span> <span class='ocrx_word' id='word_1_604' title='bbox 2752 4011 2890 4066; x_wconf 62' lang='lat' dir='ltr'><strong>luna:</strong></span> <span class='ocrx_word' id='word_1_605' title='bbox 2925 4013 3104 4068; x_wconf 85' lang='lat' dir='ltr'><strong>cursui</strong></span> <span class='ocrx_word' id='word_1_606' title='bbox 3134 4014 3434 4068; x_wconf 85' lang='lat' dir='ltr'><strong>conveniat.</strong></span> <span class='ocrx_word' id='word_1_607' title='bbox 3471 4011 3755 4082; x_wconf 83' lang='lat' dir='ltr'><strong>Siquidem</strong></span> 
     </span>
    </p>
   </div>
   <div class='ocr_carea' id='block_1_96' title="bbox 2189 4100 3752 4168">
    <p class='ocr_par' dir='ltr' id='par_1_96' title="bbox 2189 4100 3752 4168">
     <span class='ocr_line' id='line_1_98' title="bbox 2189 4100 3752 4168; baseline 0.001 -13"><span class='ocrx_word' id='word_1_608' title='bbox 2189 4100 2371 4155; x_wconf 91' lang='lat' dir='ltr'><strong>lunam</strong></span> <span class='ocrx_word' id='word_1_609' title='bbox 2403 4100 2681 4156; x_wconf 90' lang='lat' dir='ltr'><strong>duodecim</strong></span> <span class='ocrx_word' id='word_1_610' title='bbox 2724 4101 2874 4156; x_wconf 90' lang='lat' dir='ltr'><strong>horis</strong></span> <span class='ocrx_word' id='word_1_611' title='bbox 2911 4103 3109 4168; x_wconf 87' lang='lat' dir='ltr'><strong>minus,</strong></span> <span class='ocrx_word' id='word_1_612' title='bbox 3150 4103 3295 4158; x_wconf 87' lang='lat' dir='ltr'><strong>salva</strong></span> <span class='ocrx_word' id='word_1_613' title='bbox 3318 4103 3528 4158; x_wconf 86' lang='lat' dir='ltr'><strong>ratione</strong></span> <span class='ocrx_word' id='word_1_614' title='bbox 3554 4102 3752 4166; x_wconf 83' lang='lat' dir='ltr'><strong>saltus,</strong></span> 
     </span>
    </p>
   </div>
   <div class='ocr_carea' id='block_1_97' title="bbox 2190 4190 3754 4263">
    <p class='ocr_par' dir='ltr' id='par_1_97' title="bbox 2190 4190 3754 4263">
     <span class='ocr_line' id='line_1_99' title="bbox 2190 4190 3754 4263; baseline 0.003 -18"><span class='ocrx_word' id='word_1_615' title='bbox 2190 4191 2357 4245; x_wconf 89' lang='lat' dir='ltr'><strong>solem</strong></span> <span class='ocrx_word' id='word_1_616' title='bbox 2398 4206 2527 4246; x_wconf 90' lang='lat' dir='ltr'><strong>vero</strong></span> <span class='ocrx_word' id='word_1_617' title='bbox 2557 4190 2740 4246; x_wconf 89' lang='lat' dir='ltr'><strong>decem</strong></span> <span class='ocrx_word' id='word_1_618' title='bbox 2770 4192 2919 4247; x_wconf 89' lang='lat' dir='ltr'><strong>horis</strong></span> <span class='ocrx_word' id='word_1_619' title='bbox 2946 4199 3003 4247; x_wconf 88' lang='lat' dir='ltr'><strong>et</strong></span> <span class='ocrx_word' id='word_1_620' title='bbox 3029 4192 3247 4247; x_wconf 82' lang='lat' dir='ltr'><strong>dimidia</strong></span> <span class='ocrx_word' id='word_1_621' title='bbox 3276 4193 3395 4263; x_wconf 92' lang='lat' dir='ltr'><strong>plus</strong></span> <span class='ocrx_word' id='word_1_622' title='bbox 3429 4194 3632 4249; x_wconf 83' lang='lat' dir='ltr'><strong>habere</strong></span> <span class='ocrx_word' id='word_1_623' title='bbox 3660 4209 3754 4248; x_wconf 84' lang='lat' dir='ltr'><strong>so-</strong></span> 
     </span>
    </p>
   </div>
   <div class='ocr_carea' id='block_1_98' title="bbox 2188 4283 3752 4352">
    <p class='ocr_par' dir='ltr' id='par_1_98' title="bbox 2188 4283 3752 4352">
     <span class='ocr_line' id='line_1_100' title="bbox 2188 4283 3752 4352; baseline 0.003 -17"><span class='ocrx_word' id='word_1_624' title='bbox 2188 4283 2307 4338; x_wconf 89' lang='lat' dir='ltr'><strong>lerti</strong></span> <span class='ocrx_word' id='word_1_625' title='bbox 2354 4283 2714 4352; x_wconf 90' lang='lat' dir='ltr'><strong>exquisitione</strong></span> <span class='ocrx_word' id='word_1_626' title='bbox 2753 4292 3082 4352; x_wconf 87' lang='lat' dir='ltr'><strong>compertum</strong></span> <span class='ocrx_word' id='word_1_627' title='bbox 3129 4293 3230 4339; x_wconf 91' lang='lat' dir='ltr'><strong>est.</strong></span> <span class='ocrx_word' id='word_1_628' title='bbox 3276 4283 3419 4339; x_wconf 82' lang='lat' dir='ltr'><strong>Dtsc.</strong></span> <span class='ocrx_word' id='word_1_629' title='bbox 3468 4283 3752 4350; x_wconf 88' lang='lat' dir='ltr'><strong>Quomodo</strong></span> 
     </span>
    </p>
   </div>
   <div class='ocr_carea' id='block_1_99' title="bbox 2106 4372 3748 4443">
    <p class='ocr_par' dir='ltr' id='par_1_99' title="bbox 2106 4372 3748 4443">
     <span class='ocr_line' id='line_1_101' title="bbox 2106 4372 3748 4443; baseline 0.002 -18"><span class='ocrx_word' id='word_1_630' title='bbox 2106 4378 2159 4437; x_wconf 81' lang='lat' dir='ltr'><strong>D</strong></span> <span class='ocrx_word' id='word_1_631' title='bbox 2184 4388 2397 4441; x_wconf 87' lang='lat' dir='ltr'><strong>quoque</strong></span> <span class='ocrx_word' id='word_1_632' title='bbox 2418 4372 2796 4427; x_wconf 75' lang='lat' dir='ltr'><strong>auctoritate?</strong></span> <span class='ocrx_word' id='word_1_633' title='bbox 2825 4372 2965 4431; x_wconf 67' lang='lat' dir='ltr'><strong>Mss.</strong></span> <span class='ocrx_word' id='word_1_634' title='bbox 3013 4373 3318 4433; x_wconf 83' lang='lat' dir='ltr'><strong>Auctoritas</strong></span> <span class='ocrx_word' id='word_1_635' title='bbox 3350 4375 3567 4443; x_wconf 78' lang='lat' dir='ltr'><strong>quidem</strong></span> <span class='ocrx_word' id='word_1_636' title='bbox 3606 4374 3748 4430; x_wconf 79' lang='lat' dir='ltr'><strong>bifa-</strong></span> 
     </span>
    </p>
   </div>
   <div class='ocr_carea' id='block_1_100' title="bbox 2183 4462 3751 4531">
    <p class='ocr_par' dir='ltr' id='par_1_100' title="bbox 2183 4462 3751 4531">
     <span class='ocr_line' id='line_1_102' title="bbox 2183 4462 3751 4531; baseline 0.001 -16"><span class='ocrx_word' id='word_1_637' title='bbox 2183 4463 2261 4517; x_wconf 91' lang='lat' dir='ltr'><strong>rie</strong></span> <span class='ocrx_word' id='word_1_638' title='bbox 2284 4470 2368 4517; x_wconf 89' lang='lat' dir='ltr'><strong>est</strong></span> <span class='ocrx_word' id='word_1_639' title='bbox 2393 4463 2561 4516; x_wconf 88' lang='lat' dir='ltr'><strong>divisa</strong></span> <span class='ocrx_word' id='word_1_640' title='bbox 2584 4502 2600 4527; x_wconf 92' lang='lat'><strong>,</strong></span> <span class='ocrx_word' id='word_1_641' title='bbox 2631 4462 2753 4531; x_wconf 89' lang='lat' dir='ltr'><strong>quia</strong></span> <span class='ocrx_word' id='word_1_642' title='bbox 2789 4469 2881 4515; x_wconf 89' lang='lat' dir='ltr'><strong>aut</strong></span> <span class='ocrx_word' id='word_1_643' title='bbox 2910 4463 3140 4516; x_wconf 88' lang='lat' dir='ltr'><strong>humana</strong></span> <span class='ocrx_word' id='word_1_644' title='bbox 3170 4470 3255 4516; x_wconf 82' lang='lat' dir='ltr'><strong>est</strong></span> <span class='ocrx_word' id='word_1_645' title='bbox 3294 4463 3624 4527; x_wconf 86' lang='lat' dir='ltr'><strong>auctoritas,</strong></span> <span class='ocrx_word' id='word_1_646' title='bbox 3656 4473 3751 4518; x_wconf 87' lang='lat' dir='ltr'><strong>aut</strong></span> 
     </span>
    </p>
   </div>
   <div class='ocr_carea' id='block_1_101' title="bbox 2180 4550 3749 4618">
    <p class='ocr_par' dir='ltr' id='par_1_101' title="bbox 2180 4550 3749 4618">
     <span class='ocr_line' id='line_1_103' title="bbox 2180 4550 3749 4618; baseline 0.001 -13"><span class='ocrx_word' id='word_1_647' title='bbox 2180 4553 2343 4606; x_wconf 81' lang='lat' dir='ltr'><strong>et&#39;am</strong></span> <span class='ocrx_word' id='word_1_648' title='bbox 2356 4550 2705 4604; x_wconf 88' lang='lat' dir='ltr'><strong>divina.Dtsc.</strong></span> <span class='ocrx_word' id='word_1_649' title='bbox 2732 4550 3007 4618; x_wconf 91' lang='lat' dir='ltr'><strong>Quomodo</strong></span> <span class='ocrx_word' id='word_1_650' title='bbox 3030 4552 3260 4605; x_wconf 85' lang='lat' dir='ltr'><strong>humana</strong></span> <span class='ocrx_word' id='word_1_651' title='bbox 3274 4552 3597 4606; x_wconf 87' lang='lat' dir='ltr'><strong>auctoritate</strong></span> <span class='ocrx_word' id='word_1_652' title='bbox 3612 4560 3749 4612; x_wconf 83' lang='lat' dir='ltr'><strong>tem-</strong></span> 
     </span>
    </p>
   </div>
   <div class='ocr_carea' id='block_1_102' title="bbox 2178 4642 3749 4712">
    <p class='ocr_par' dir='ltr' id='par_1_102' title="bbox 2178 4642 3749 4712">
     <span class='ocr_line' id='line_1_104' title="bbox 2178 4642 3749 4712; baseline 0.001 -17"><span class='ocrx_word' id='word_1_653' title='bbox 2178 4658 2309 4712; x_wconf 89' lang='lat' dir='ltr'><strong>pora</strong></span> <span class='ocrx_word' id='word_1_654' title='bbox 2355 4643 2707 4697; x_wconf 88' lang='lat' dir='ltr'><strong>ordinantur?</strong></span> <span class='ocrx_word' id='word_1_655' title='bbox 2742 4643 2879 4700; x_wconf 69' lang='lat' dir='ltr'><strong>huc.</strong></span> <span class='ocrx_word' id='word_1_656' title='bbox 2911 4642 3047 4709; x_wconf 91' lang='lat' dir='ltr'><strong>Quia</strong></span> <span class='ocrx_word' id='word_1_657' title='bbox 3076 4642 3325 4698; x_wconf 89' lang='lat' dir='ltr'><strong>videlicet</strong></span> <span class='ocrx_word' id='word_1_658' title='bbox 3344 4643 3411 4697; x_wconf 91' lang='lat' dir='ltr'><strong>ab</strong></span> <span class='ocrx_word' id='word_1_659' title='bbox 3436 4642 3749 4697; x_wconf 88' lang='lat' dir='ltr'><strong>hominibus</strong></span> 
     </span>
    </p>
   </div>
   <div class='ocr_carea' id='block_1_103' title="bbox 2180 4732 3743 4803">
    <p class='ocr_par' dir='ltr' id='par_1_103' title="bbox 2180 4732 3743 4803">
     <span class='ocr_line' id='line_1_105' title="bbox 2180 4732 3743 4803; baseline 0.001 -17"><span class='ocrx_word' id='word_1_660' title='bbox 2180 4732 2528 4787; x_wconf 89' lang='lat' dir='ltr'><strong>constitutum</strong></span> <span class='ocrx_word' id='word_1_661' title='bbox 2584 4741 2667 4787; x_wconf 87' lang='lat' dir='ltr'><strong>est</strong></span> <span class='ocrx_word' id='word_1_662' title='bbox 2718 4733 3047 4803; x_wconf 84' lang='lat' dir='ltr'><strong>olympiadas</strong></span> <span class='ocrx_word' id='word_1_663' title='bbox 3125 4745 3357 4802; x_wconf 82' lang='lat' dir='ltr'><strong>quatuor</strong></span> <span class='ocrx_word' id='word_1_664' title='bbox 3436 4748 3743 4799; x_wconf 83' lang='lat' dir='ltr'><strong>annorum,</strong></span> 
     </span>
    </p>
   </div>
   <div class='ocr_carea' id='block_1_104' title="bbox 2182 4819 3745 4890">
    <p class='ocr_par' dir='ltr' id='par_1_104' title="bbox 2182 4819 3745 4890">
     <span class='ocr_line' id='line_1_106' title="bbox 2182 4819 3745 4890; baseline 0.001 -17"><span class='ocrx_word' id='word_1_665' title='bbox 2182 4819 2446 4875; x_wconf 85' lang='lat' dir='ltr'><strong>nundinas</strong></span> <span class='ocrx_word' id='word_1_666' title='bbox 2497 4830 2618 4876; x_wconf 90' lang='lat' dir='ltr'><strong>octo</strong></span> <span class='ocrx_word' id='word_1_667' title='bbox 2665 4822 2908 4887; x_wconf 86' lang='lat' dir='ltr'><strong>dierum,</strong></span> <span class='ocrx_word' id='word_1_668' title='bbox 2951 4830 3008 4876; x_wconf 88' lang='lat' dir='ltr'><strong>et</strong></span> <span class='ocrx_word' id='word_1_669' title='bbox 3064 4821 3382 4876; x_wconf 88' lang='lat' dir='ltr'><strong>indictiones</strong></span> <span class='ocrx_word' id='word_1_670' title='bbox 3434 4820 3745 4890; x_wconf 85' lang='lat' dir='ltr'><strong>quindecim</strong></span> 
     </span>
    </p>
   </div>
   <div class='ocr_carea' id='block_1_105' title="bbox 2182 4910 3741 4981">
    <p class='ocr_par' dir='ltr' id='par_1_105' title="bbox 2182 4910 3741 4981">
     <span class='ocr_line' id='line_1_107' title="bbox 2182 4910 3741 4981; baseline 0.003 -18"><span class='ocrx_word' id='word_1_671' title='bbox 2182 4924 2442 4963; x_wconf 87' lang='lat' dir='ltr'><strong>annorum</strong></span> <span class='ocrx_word' id='word_1_672' title='bbox 2491 4910 2690 4965; x_wconf 88' lang='lat' dir='ltr'><strong>ambitu</strong></span> <span class='ocrx_word' id='word_1_673' title='bbox 2721 4911 2999 4966; x_wconf 85' lang='lat' dir='ltr'><strong>celebrari.</strong></span> <span class='ocrx_word' id='word_1_674' title='bbox 3041 4912 3189 4967; x_wconf 91' lang='lat' dir='ltr'><strong>Diem</strong></span> <span class='ocrx_word' id='word_1_675' title='bbox 3236 4927 3485 4980; x_wconf 89' lang='lat' dir='ltr'><strong>quoque,</strong></span> <span class='ocrx_word' id='word_1_676' title='bbox 3533 4914 3625 4981; x_wconf 90' lang='lat' dir='ltr'><strong>qui</strong></span> <span class='ocrx_word' id='word_1_677' title='bbox 3674 4929 3741 4968; x_wconf 87' lang='lat' dir='ltr'><strong>ex</strong></span> 
     </span>
    </p>
   </div>
   <div class='ocr_carea' id='block_1_106' title="bbox 2183 4999 3740 5068">
    <p class='ocr_par' dir='ltr' id='par_1_106' title="bbox 2183 4999 3740 5068">
     <span class='ocr_line' id='line_1_108' title="bbox 2183 4999 3740 5068; baseline 0 -15"><span class='ocrx_word' id='word_1_678' title='bbox 2183 5000 2569 5068; x_wconf 87' lang='lat' dir='ltr'><strong>quadrantibus</strong></span> <span class='ocrx_word' id='word_1_679' title='bbox 2613 5001 2922 5066; x_wconf 88' lang='lat' dir='ltr'><strong>conﬁcitur,</strong></span> <span class='ocrx_word' id='word_1_680' title='bbox 2957 5016 3138 5056; x_wconf 89' lang='lat' dir='ltr'><strong>mense</strong></span> <span class='ocrx_word' id='word_1_681' title='bbox 3164 4999 3459 5054; x_wconf 87' lang='lat' dir='ltr'><strong>Februario</strong></span> <span class='ocrx_word' id='word_1_682' title='bbox 3506 5000 3588 5054; x_wconf 85' lang='lat' dir='ltr'><strong>vel</strong></span> <span class='ocrx_word' id='word_1_683' title='bbox 3626 5001 3740 5054; x_wconf 74' lang='grc' dir='ltr'><strong>Λιι-</strong></span> 
     </span>
    </p>
   </div>
   <div class='ocr_carea' id='block_1_107' title="bbox 2182 5090 3741 5162">
    <p class='ocr_par' dir='ltr' id='par_1_107' title="bbox 2182 5090 3741 5162">
     <span class='ocr_line' id='line_1_109' title="bbox 2182 5090 3741 5162; baseline 0.001 -18"><span class='ocrx_word' id='word_1_684' title='bbox 2182 5100 2339 5161; x_wconf 85' lang='lat' dir='ltr'><strong>gusto</strong></span> <span class='ocrx_word' id='word_1_685' title='bbox 2362 5091 2665 5145; x_wconf 76' lang='lat' dir='ltr'><strong>intercalari</strong></span> <span class='ocrx_word' id='word_1_686' title='bbox 2692 5091 2863 5147; x_wconf 61' lang='lat' dir='ltr'><strong>Gnaei</strong></span> <span class='ocrx_word' id='word_1_687' title='bbox 2890 5134 2906 5158; x_wconf 93' lang='lat'><strong>,</strong></span> <span class='ocrx_word' id='word_1_688' title='bbox 2950 5092 3185 5162; x_wconf 62' lang='lat' dir='ltr'><strong>Egyptii</strong></span> <span class='ocrx_word' id='word_1_689' title='bbox 3209 5131 3223 5155; x_wconf 91' lang='lat'><strong>,</strong></span> <span class='ocrx_word' id='word_1_690' title='bbox 3256 5090 3481 5145; x_wconf 84' lang='lat' dir='ltr'><strong>Romani</strong></span> <span class='ocrx_word' id='word_1_691' title='bbox 3513 5106 3611 5160; x_wconf 90' lang='lat' dir='ltr'><strong>pro</strong></span> <span class='ocrx_word' id='word_1_692' title='bbox 3641 5108 3741 5146; x_wconf 90' lang='lat' dir='ltr'><strong>suo</strong></span> 
     </span>
    </p>
   </div>
   <div class='ocr_carea' id='block_1_108' title="bbox 2183 5181 3741 5256">
    <p class='ocr_par' dir='ltr' id='par_1_108' title="bbox 2183 5181 3741 5256">
     <span class='ocr_line' id='line_1_110' title="bbox 2183 5181 3741 5256; baseline 0.003 -24"><span class='ocrx_word' id='word_1_693' title='bbox 2183 5181 2403 5250; x_wconf 88' lang='lat' dir='ltr'><strong>quisque</strong></span> <span class='ocrx_word' id='word_1_694' title='bbox 2433 5188 2587 5250; x_wconf 88' lang='lat' dir='ltr'><strong>captu</strong></span> <span class='ocrx_word' id='word_1_695' title='bbox 2616 5191 2924 5256; x_wconf 77' lang='lat' dir='ltr'><strong>sanxerunt.</strong></span> <span class='ocrx_word' id='word_1_696' title='bbox 2956 5183 3098 5235; x_wconf 85' lang='lat' dir='ltr'><strong>Dtsc.</strong></span> <span class='ocrx_word' id='word_1_697' title='bbox 3130 5181 3313 5236; x_wconf 86' lang='lat' dir='ltr'><strong>Divina</strong></span> <span class='ocrx_word' id='word_1_698' title='bbox 3340 5189 3519 5235; x_wconf 89' lang='lat' dir='ltr'><strong>autem</strong></span> <span class='ocrx_word' id='word_1_699' title='bbox 3546 5193 3741 5236; x_wconf 83' lang='lat' dir='ltr'><strong>aucto-</strong></span> 
     </span>
    </p>
   </div>
   <div class='ocr_carea' id='block_1_109' title="bbox 2182 5270 3740 5340">
    <p class='ocr_par' dir='ltr' id='par_1_109' title="bbox 2182 5270 3740 5340">
     <span class='ocr_line' id='line_1_111' title="bbox 2182 5270 3740 5340; baseline -0.001 -17"><span class='ocrx_word' id='word_1_700' title='bbox 2182 5271 2340 5327; x_wconf 86' lang='lat' dir='ltr'><strong>ritate</strong></span> <span class='ocrx_word' id='word_1_701' title='bbox 2362 5271 2660 5340; x_wconf 87' lang='lat' dir='ltr'><strong>quomodo?</strong></span> <span class='ocrx_word' id='word_1_702' title='bbox 2690 5271 2827 5326; x_wconf 77' lang='lat' dir='ltr'><strong>MAG.</strong></span> <span class='ocrx_word' id='word_1_703' title='bbox 2862 5270 2996 5337; x_wconf 87' lang='lat' dir='ltr'><strong>Quia</strong></span> <span class='ocrx_word' id='word_1_704' title='bbox 3022 5271 3314 5339; x_wconf 87' lang='lat' dir='ltr'><strong>septimana</strong></span> <span class='ocrx_word' id='word_1_705' title='bbox 3343 5270 3429 5323; x_wconf 92' lang='lat' dir='ltr'><strong>die</strong></span> <span class='ocrx_word' id='word_1_706' title='bbox 3454 5270 3740 5325; x_wconf 74' lang='lat' dir='ltr'><strong>sabbatum</strong></span> 
     </span>
    </p>
   </div>
   <div class='ocr_carea' id='block_1_110' title="bbox 2176 5360 3739 5433">
    <p class='ocr_par' dir='ltr' id='par_1_110' title="bbox 2176 5360 3739 5433">
     <span class='ocr_line' id='line_1_112' title="bbox 2176 5360 3739 5433; baseline 0 -19"><span class='ocrx_word' id='word_1_707' title='bbox 2176 5364 2281 5433; x_wconf 80' lang='lat' dir='ltr'><strong>agi,</strong></span> <span class='ocrx_word' id='word_1_708' title='bbox 2313 5371 2367 5416; x_wconf 92' lang='lat' dir='ltr'><strong>et</strong></span> <span class='ocrx_word' id='word_1_709' title='bbox 2394 5364 2621 5432; x_wconf 86' lang='lat' dir='ltr'><strong>septimo</strong></span> <span class='ocrx_word' id='word_1_710' title='bbox 2669 5378 2809 5416; x_wconf 83' lang='lat' dir='ltr'><strong>anno</strong></span> <span class='ocrx_word' id='word_1_711' title='bbox 2856 5378 2884 5415; x_wconf 90' lang='lat' dir='ltr'><strong>a</strong></span> <span class='ocrx_word' id='word_1_712' title='bbox 2934 5364 3099 5417; x_wconf 86' lang='lat' dir='ltr'><strong>rurali</strong></span> <span class='ocrx_word' id='word_1_713' title='bbox 3132 5360 3302 5433; x_wconf 33' lang='lat' dir='ltr'><strong>&#39;opere</strong></span> <span class='ocrx_word' id='word_1_714' title='bbox 3331 5362 3548 5427; x_wconf 90' lang='lat' dir='ltr'><strong>vacari,</strong></span> <span class='ocrx_word' id='word_1_715' title='bbox 3582 5363 3739 5431; x_wconf 83' lang='lat' dir='ltr'><strong>quin-</strong></span> 
     </span>
    </p>
   </div>
   <div class='ocr_carea' id='block_1_111' title="bbox 2178 5454 3741 5525">
    <p class='ocr_par' dir='ltr' id='par_1_111' title="bbox 2178 5454 3741 5525">
     <span class='ocr_line' id='line_1_113' title="bbox 2178 5454 3741 5525; baseline -0.001 -18"><span class='ocrx_word' id='word_1_716' title='bbox 2178 5456 2649 5524; x_wconf 86' lang='lat' dir='ltr'><strong>qnagesimumque</strong></span> <span class='ocrx_word' id='word_1_717' title='bbox 2703 5471 2898 5510; x_wconf 87' lang='lat' dir='ltr'><strong>annum</strong></span> <span class='ocrx_word' id='word_1_718' title='bbox 2936 5457 3210 5525; x_wconf 66' lang='lat' dir='ltr'><strong>jubilmum</strong></span> <span class='ocrx_word' id='word_1_719' title='bbox 3247 5456 3426 5509; x_wconf 89' lang='lat' dir='ltr'><strong>vocari</strong></span> <span class='ocrx_word' id='word_1_720' title='bbox 3478 5454 3741 5507; x_wconf 86' lang='lat' dir='ltr'><strong>Dominus</strong></span> 
     </span>
    </p>
   </div>
   <div class='ocr_carea' id='block_1_112' title="bbox 2180 5543 3735 5615">
    <p class='ocr_par' dir='ltr' id='par_1_112' title="bbox 2180 5543 3735 5615">
     <span class='ocr_line' id='line_1_114' title="bbox 2180 5543 3735 5615; baseline -0.005 -16"><span class='ocrx_word' id='word_1_721' title='bbox 2180 5548 2231 5599; x_wconf 91' lang='lat' dir='ltr'><strong>in</strong></span> <span class='ocrx_word' id='word_1_722' title='bbox 2261 5546 2376 5614; x_wconf 87' lang='lat' dir='ltr'><strong>lege</strong></span> <span class='ocrx_word' id='word_1_723' title='bbox 2418 5546 2687 5614; x_wconf 56' lang='lat' dir='ltr'><strong>praecepit.</strong></span> <span class='ocrx_word' id='word_1_724' title='bbox 2715 5546 2846 5599; x_wconf 70' lang='lat' dir='ltr'><strong>Nam</strong></span> <span class='ocrx_word' id='word_1_725' title='bbox 2872 5547 2972 5599; x_wconf 88' lang='lat' dir='ltr'><strong>etsi</strong></span> <span class='ocrx_word' id='word_1_726' title='bbox 3015 5546 3253 5599; x_wconf 52' lang='lat' dir='ltr'><strong>barbatae</strong></span> <span class='ocrx_word' id='word_1_727' title='bbox 3298 5554 3483 5615; x_wconf 82' lang='lat' dir='ltr'><strong>gentes</strong></span> <span class='ocrx_word' id='word_1_728' title='bbox 3531 5543 3735 5597; x_wconf 67' lang='lat' dir='ltr'><strong>hebth</strong></span> 
     </span>
    </p>
   </div>
   <div class='ocr_carea' id='block_1_113' title="bbox 2182 5633 3738 5706">
    <p class='ocr_par' dir='ltr' id='par_1_113' title="bbox 2182 5633 3738 5706">
     <span class='ocr_line' id='line_1_115' title="bbox 2182 5633 3738 5706; baseline -0.008 -12"><span class='ocrx_word' id='word_1_729' title='bbox 2182 5640 2368 5694; x_wconf 84' lang='lat' dir='ltr'><strong>madas</strong></span> <span class='ocrx_word' id='word_1_730' title='bbox 2410 5638 2607 5693; x_wconf 84' lang='lat' dir='ltr'><strong>habere</strong></span> <span class='ocrx_word' id='word_1_731' title='bbox 2654 5641 2964 5706; x_wconf 81' lang='lat' dir='ltr'><strong>probentur,</strong></span> <span class='ocrx_word' id='word_1_732' title='bbox 2992 5652 3021 5689; x_wconf 88' lang='lat' dir='ltr'><strong>a</strong></span> <span class='ocrx_word' id='word_1_733' title='bbox 3051 5636 3240 5705; x_wconf 79' lang='lat' dir='ltr'><strong>populo</strong></span> <span class='ocrx_word' id='word_1_734' title='bbox 3272 5646 3445 5689; x_wconf 83' lang='lat' dir='ltr'><strong>tamen</strong></span> <span class='ocrx_word' id='word_1_735' title='bbox 3478 5633 3570 5686; x_wconf 57' lang='lat' dir='ltr'><strong>Dei</strong></span> <span class='ocrx_word' id='word_1_736' title='bbox 3625 5649 3738 5685; x_wconf 61' lang='lat' dir='ltr'><strong>nmo</strong></span> 
     </span>
    </p>
   </div>
  </div>
