3948 6346
227 281 333 338 βῖἹ

1387 258 1391 263 ⁷
1480 273 1676 328 manu
1713 272 1796 325 ne
1835 272 2173 327 caurum.

3320 279 3419 334 678

233 370 412 448 tuasse
464 408 565 447 non
618 393 761 444 latet.
807 391 949 444 Dtsc.
1005 390 1297 443 Divisiones
1340 389 1590 456 temporis
1648 396 1776 454 quot
1803 385 2061 450 APartes
2091 402 2120 438 a
2160 386 2442 454 partitione
2476 387 2655 440 circuli
2690 389 2890 442 zodiaci
2931 398 3218 455 vocantur,
3264 406 3417 460 quem

231 483 403 536 sunt?
432 483 571 536 MAG.
601 480 1031 546 Quatuordecim.
1087 479 1225 531 DISC.
1272 478 1430 541 Quae?
1477 475 1613 529 MAG.
1653 476 1780 528 Ato-

231 589 394 637 mus,
447 580 745 634 ostentum,
798 578 1151 630 momentum,
1206 576 1416 635 partes,
1476 568 1777 629 minutum,

230 672 485 730 punctus,
517 662 679 723 hara,
711 661 1003 728 quadrans,
1037 659 1167 731 dies,
1204 657 1417 719 mensis,
1450 656 1779 719 vicissitudo,

232 764 427 825 annus,
452 749 724 813 saeculum,
752 758 899 802 tetris.

829 835 1047 889 CAPUT
1085 836 1170 889 XI.

688 927 760 980 De
791 935 958 979 atomo
989 925 1315 987 indivisibile.

306 1020 451 1074 DISC.
488 1017 691 1072 Horum
721 1016 950 1084 primum
994 1015 1079 1068 die
1126 1014 1283 1078 mihi,
1324 1013 1375 1069 id
1414 1024 1527 1077 est,
1561 1014 1686 1083 quid
1715 1015 1783 1069 sit

235 1093 464 1161 atomus.
498 1106 637 1159 MAG.
662 1103 881 1157 Atomos
905 1103 1201 1171 pliiloSOphi
1229 1112 1419 1156 vocant
1446 1103 1701 1171 quasdam
1730 1105 1781 1157 in

234 1197 435 1249 mundo
473 1194 854 1248 minutissimas
899 1201 1076 1260 partes
1118 1205 1396 1259 corporqu
1428 1231 1443 1254 ,
1477 1192 1547 1244 ita
1585 1201 1641 1244 ut
1682 1206 1782 1245 nec

231 1285 373 1338 visui
409 1282 558 1337 facile
594 1272 831 1352 pateant,
874 1295 972 1334 nec
1000 1280 1288 1334 sectionem
1326 1281 1601 1349 recipiant.
1635 1280 1783 1334 Unde

230 1384 289 1429 et
318 1375 477 1429 atomi
509 1374 636 1431 dicti
661 1380 801 1427 sunt.
847 1371 978 1425 Nam
1028 1378 1201 1425 tamus
1226 1369 1408 1423 Grzeee
1434 1370 1622 1424 divisio
1650 1371 1781 1424 dici-

210 1471 356 1528 tur,
398 1472 605 1518 atomus
635 1477 763 1517 vero
813 1461 1079 1517 indivisio.
1135 1460 1371 1529 Denique
1411 1461 1514 1513 huc
1557 1460 1784 1527 illucque

230 1554 460 1608 volitant
488 1561 647 1621 atque
669 1551 910 1612 feruntur
941 1551 1077 1605 sicut
1104 1550 1394 1605 tenuissimi
1425 1550 1669 1620 pulveres
1693 1550 1781 1617 qui

234 1642 397 1696 infusi
426 1656 528 1709 per
556 1640 814 1696 fenestras
841 1640 1002 1695 radiis
1028 1641 1154 1697 solis
1184 1640 1445 1711 fugantur.
1484 1641 1625 1695 [ΜΒΓ.
1651 1640 1783 1708 Quia

1881 475 2097 527 tricenis
2141 474 2325 528 diebus
2361 489 2457 543 per
2493 490 2700 528 menses
2745 478 2978 546 singulos
3023 478 3243 549 findunt.
3274 479 3420 535 Recio

1878 563 2029 630 piunt
2076 573 2249 613 autem
2312 563 2531 632 singulm
2574 571 2752 631 partes
2791 574 3054 618 momenta
3083 566 3186 620 duo
3208 576 3263 620 et
3287 569 3419 624 duas

1878 663 2058 720 partes
2106 653 2262 705 unius
2316 662 2595 706 momentis
2661 662 2866 706 ostenta
2916 665 3164 723 quatuor,
3214 668 3419 714 atomos

1882 757 2025 795 MDIV.

2457 828 2677 884 CAPUT
2716 830 2827 884 XV.

2492 918 2569 971 De
2591 922 2804 973 minuto.

1950 1009 2089 1062 DISC.
2122 1007 2255 1074 Quid
2289 1016 2368 1061 est
2397 1007 2702 1060 minutum?
2743 1008 2879 1062 MAG.
2912 1010 3123 1063 Decima
3164 1025 3287 1081 pars
3324 1011 3421 1065 ho-

1882 1112 1973 1150 rse.
2029 1098 2171 1150 DISC.
2220 1096 2367 1151 Unde
2410 1096 2606 1149 dicitur
2653 1097 2956 1150 minutum?
2982 1096 3117 1154 MAG.
3144 1100 3186 1151 Α
3215 1100 3421 1154 minore

1884 1186 2193 1250 intervallo,
2240 1186 2387 1253 quasi
2446 1185 2619 1239 minus
2660 1194 3024 1251 momentum;
3077 1190 3198 1256 quia
3244 1186 3420 1243 minus

1880 1276 2124 1329 nu'merat
2163 1275 2301 1343 quod
2350 1275 2521 1343 majus
2564 1274 2766 1343 implet.
2798 1266 2968 1329 Habet
3000 1291 3127 1345 ergo
3160 1278 3421 1332 minutum

1882 1375 2083 1434 partem
2136 1378 2294 1417 unam
2348 1374 2395 1417 et
2449 1363 2764 1427 dimidiam,
2828 1373 3094 1417 momenta
3148 1372 3418 1432 quatuor,

1883 1460 2089 1506 ostenta
2119 1467 2236 1514 sex,
2262 1461 2469 1505 atomos
2486 1452 2695 1505 Vecnvi.

2448 1560 2669 1615 CAPUT
2716 1560 2849 1614 XVI.

2495 1630 2570 1682 De
2604 1640 2813 1698 puncto.

238 1731 418 1785 audivi
440 1731 765 1785 tediccmem
796 1745 901 1783 non
935 1729 1103 1784 solum
1136 1731 1188 1783 in
1220 1738 1477 1800 tempore,
1503 1732 1594 1785 sed
1617 1732 1774 1804 etiam
1806 1715 1849 1773 Β
1948 1722 2088 1775 υιεο.
2114 1721 2348 1775 Ρυιιειιις
2390 1719 2515 1789 quid
2562 1719 2685 1775 εεῐῖ
2726 1719 2860 1776 MAG.
2896 1720 3092 1788 Quarta
3118 1738 3241 1791 pars
3265 1723 3423 1777 unius

235 1821 289 1873 in
320 1820 633 1889 corporibus
658 1833 772 1874 esse
796 1829 1000 1873 atomos
1018 1859 1032 1880 .
1056 1828 1186 1889 quot
1215 1820 1319 1874 sint
1348 1837 1541 1890 genera
1579 1829 1782 1876 atoma—

237 1911 357 1961 rum
400 1923 601 1977 expone
648 1908 798 1962 mihi.
844 1908 981 1963 MAG.
1019 1908 1259 1977 Quinque
1286 1923 1412 1979 ergo
1435 1911 1637 1979 species
1661 1918 1784 1964 sunt

236 1997 559 2062 atomorum,
598 1999 648 2053 id
686 2009 811 2063 est,
850 2007 1057 2052 atomus
1103 1998 1155 2053 in
1198 2014 1417 2068 corpore
1445 2039 1458 2064 ,
1489 2008 1697 2053 atomus
1730 2000 1783 2053 in

236 2087 352 2141 sole
384 2128 400 2151 ,
454 2095 664 2141 atomus
692 2087 745 2140 in
772 2088 1011 2142 oratione
1040 2128 1057 2152 ,
1087 2096 1294 2141 atomus
1323 2088 1374 2141 in
1403 2103 1642 2153 numero,
1673 2097 1787 2143 ato-

236 2190 358 2229 mus
395 2175 447 2228 in
478 2183 734 2243 tempore.
772 2175 916 2230 DISC.
952 2175 1151 2229 Horum
1181 2176 1383 2247 singula
1415 2191 1543 2247 rogo
1570 2186 1625 2230 ut
1654 2178 1785 2231 mihi

234 2263 524 2317 edisseras.
555 2262 692 2317 MAG.
724 2264 945 2318 Atomus
979 2279 1188 2332 quoque
1225 2265 1276 2317 in
1314 2254 1537 2334 corpore
1560 2272 1641 2320 est
1665 2282 1784 2320 cum

236 2367 435 2421 corpus
474 2351 685 2419 aliquod
715 2352 768 2405 in
797 2360 978 2421 partes
1008 2352 1220 2418 dividis,
1271 2361 1557 2422 partesque
1587 2354 1705 2409 illas
1733 2356 1785 2409 in

234 2441 371 2496 alias
416 2452 595 2509 partes
618 2482 633 2507 ,
658 2450 712 2496 et
736 2443 838 2497 hoc
867 2442 1067 2497 totiens
1092 2442 1262 2497 donec
1289 2444 1354 2496 ad
1382 2443 1513 2499 tales
1538 2445 1787 2500 minutias

235 2530 517 2601 pervenias
563 2545 680 2600 quae
721 2531 790 2587 ob
837 2531 918 2586 sui
959 2531 1279 2608 parvitatem
1308 2531 1414 2587 ulla
1439 2533 1597 2589 modo
1625 2534 1788 2589 dividi

235 2638 345 2679 non
367 2620 589 2691 possint.
614 2621 837 2675 Atomus
862 2623 914 2674 in
939 2620 1049 2675 sole
1067 2629 1150 2676 est
1182 2622 1270 2676 ille
1286 2622 1651 2680 .tenuissimus
1672 2622 1788 2692 pul-

238 2711 323 2766 vis
366 2726 523 2780 quem
577 2712 809 2767 diximus
854 2712 1017 2767 radiis
1062 2713 1190 2767 solis
1231 2712 1422 2789 fugari.
1470 2713 1691 2768 Atomus
1733 2715 1785 2767 in
1886 2702 1889 2703 ⁷

234 2801 483 2854 oratione
528 2808 611 2854 est
645 2801 864 2855 minima
913 2802 1090 2869 portio
1121 2841 1135 2867 ,
1186 2810 1246 2855 ut
1293 2810 1376 2855 est
1419 2801 1614 2856 littera.
1657 2801 1786 2856 Cum

234 2888 383 2943 enim
407 2897 615 2957 partem
640 2888 931 2970 quamlibet
965 2890 1225 2944 orationis
1248 2890 1440 2945 dividis
1460 2891 1512 2943 in
1538 2878 1785 2959 syllabas,

237 2980 503 3052 syllabam
528 2981 705 3049 denuo
733 2980 788 3034 in
816 2980 1039 3046 litteras,
1092 2981 1202 3035 sola
1245 2980 1420 3034 littera
1471 2982 1574 3033 non
1629 2981 1788 3034 habet

236 3081 349 3135 quo
380 3066 632 3122 solvatur.
662 3067 885 3122 Atomus
930 3068 983 3123 in
1023 3084 1245 3123 numero
1296 3076 1377 3123 est
1430 3085 1616 3122 unum.
1656 3068 1786 3124 Cum

156 3174 159 3175 '
235 3170 372 3226 ergo
413 3171 691 3211 numerum
726 3156 954 3226 aliquem
1003 3157 1279 3226 disperties
1305 3198 1320 3223 ,
1375 3159 1521 3212 verbi
1574 3158 1740 3227 gratia
1770 3198 1784 3222 ,

238 3251 369 3297 octo
394 3243 437 3297 si
467 3243 671 3298 dividas
696 3243 749 3298 in
778 3243 862 3299 bis
884 3254 1143 3313 quatuor,
1173 3251 1401 3314 quatuor
1422 3247 1475 3299 in
1501 3246 1583 3301 bis
1610 3247 1785 3313 binos,

240 3331 373 3384 item
400 3331 555 3386 binos
579 3331 633 3385 in
656 3332 913 3402 singulos.
961 3333 1072 3388 sala
1097 3335 1276 3389 unitas
1301 3334 1640 3389 indivisibilis
1662 3350 1787 3404 per-

238 3428 447 3475 manet.
476 3420 717 3491 Denique
758 3430 966 3496 atomns
1014 3423 1068 3477 in
1117 3432 1353 3494 tempore
1375 3466 1390 3488 ,
1427 3427 1493 3480 de
1520 3443 1625 3495 qua
1654 3428 1789 3501 inei-

241 3512 520 3579 piehamus
555 3513 827 3582 disputare
853 3553 869 3578 ,
913 3513 1091 3569 taliter
1131 3523 1359 3569 constat.
1413 3516 1545 3571 Cum
1591 3516 1790 3585 majora

238 3598 415 3666 spatia
442 3600 715 3669 temporis,
752 3601 907 3656 sicuti
931 3610 1011 3656 est
1038 3602 1152 3656 dies
1174 3602 1254 3655 vel
1280 3603 1432 3667 hora,
1454 3619 1550 3673 per
1570 3614 1791 3674 punctos

239 3686 328 3739 vel
371 3687 532 3741 etiam
579 3696 801 3744 ceteras
846 3691 1079 3745 minores
1140 3698 1320 3759 partes
1378 3691 1655 3757 dividens,
1725 3695 1792 3748 ad

247 3764 414 3826 talem
457 3774 772 3842 particulam
806 3776 1081 3845 pervenias
1103 3792 1222 3846 qua:
1248 3778 1319 3832 ob
1342 3779 1422 3834 sui
1452 3779 1791 3848 pusillitatem

168 3878 174 3882 ·
241 3860 444 3914 nullam
475 3861 665 3917 habeat
695 3879 901 3917 moram
944 3864 1103 3918 talem
1141 3880 1258 3933 qua
1294 3866 1403 3922 ullo
1439 3867 1595 3923 modo
1631 3869 1792 3924 dividi

236 3949 433 4017 possit,
473 3950 628 4003 sicuti
658 3950 1022 4006 velocissimus
1044 3952 1280 4006 ietusest
1298 3948 1458 4018 o’cnli,
1486 3954 1628 4023 ipsas
1652 3956 1793 4011 scias

236 4058 364 4097 esse
418 4052 674 4098 atomum.
736 4045 833 4099 Est
878 4059 1006 4115 ergo
1050 4054 1256 4100 atomus
1323 4048 1701 4102 trecentesima
1739 4032 1829 4102 et!

234 4134 633 4201 septuagesima
672 4142 821 4189 sexta
857 4149 983 4203 pars
1020 4136 1178 4189 unius
1204 4137 1416 4190 ostenti.

830 4223 1053 4280 CAPUT
1090 4224 1194 4279 Χιι

803 4370 808 4375 _
846 4310 924 4365 De
951 4321 1162 4366 artemo.

1881 1812 2042 1869 hom.
2081 1812 2221 1865 DISC.
2256 1810 2402 1864 Unde
2425 1810 2598 1864 dictus
2625 1819 2707 1863 est
2735 1819 2960 1878 punctus
2980 1811 3003 1864 ?
3023 1811 3157 1865 MAG.
3183 1811 3221 1881 Α
3260 1827 3424 1881 parvo

1882 1899 2061 1968 puncti
2120 1906 2432 1951 transcensu
2484 1897 2573 1965 qui
2621 1896 2681 1951 fit
2732 1897 2785 1950 in
2847 1897 3137 1967 horologia.
3192 1878 3423 1953 Puinetus

1883 1988 2075 2056 quippe
2126 2001 2154 2039 a
2192 1984 2475 2055 pungendo
2515 1985 2690 2039 dictus
2715 1991 2825 2047 est,
2856 1998 2920 2039 eo
2950 1984 3087 2053 quod
3110 1984 3422 2053 quibusdam

1883 2076 2257 2145 punctionibus
2300 2083 2459 2128 certas
2506 2073 2883 2143 designationis
2924 2073 2979 2126 in
3022 2071 3308 2141 horologiis
3328 2071 3422 2126 de-

1884 2165 2141 2234 signatur.
2170 2163 2406 2216 Punctus
2433 2168 2608 2214 autem
2655 2161 2813 2214 habet
2840 2160 3041 2213 minuta
3062 2160 3165 2213 duo
3185 2166 3235 2213 et
3272 2159 3426 2213 dimi-

1885 2253 2064 2316 dium,
2114 2260 2291 2320 partes
2345 2258 2451 2304 tres
2502 2256 2556 2303 et
2609 2250 2928 2313 semissem,
2975 2256 3029 2302 et
3080 2248 3424 2316 quadrantem

1885 2342 2041 2395 unius
2076 2341 2273 2407 partis,
2313 2347 2580 2393 momenta
2608 2324 2790 2392 decem
2813 2377 2828 2403 ,
2873 2344 3078 2391 ostenta
3102 2336 3423 2407 quindecim,

1887 2418 2103 2487 atomos
2126 2430 2313 2486 Vncxn.
2368 2429 2602 2497 Quatuor
2645 2444 2773 2501 ergo
2811 2429 2992 2499 puncti
3025 2443 3186 2483 unam
3239 2429 3426 2482 horam

1886 2520 2106 2576 faciunt.

2438 2608 2660 2664 CAPUT
2699 2607 2855 2666 XVII.

2512 2695 2590 2749 De
2627 2696 2774 2749 hora.

1956 2790 2101 2844 Dtsc.
2120 2788 2256 2856 Quid
2280 2799 2362 2844 est
2388 2790 2560 2844 hora?
2602 2790 2739 2847 MAG.
2769 2789 2959 2845 Certus
2991 2790 3249 2845 terminus
3290 2798 3426 2843 tem-

1885 2877 2047 2945 poris.
2081 2876 2353 2945 Siquidem
2382 2880 2508 2931 liora
2538 2878 2847 2932 duodecima
2886 2893 3014 2947 pars
3049 2886 3133 2932 est
3174 2878 3297 2941 diei,
3327 2879 3430 2931 Do-

1889 2967 2034 3019 mino
2054 2974 2357 3032 attestante,
2377 2967 2469 3036 ‘qui
2491 2968 2567 3047 ait
2594 2981 2608 3020 :
2637 2966 2823 3021 Nonne
2846 2968 3113 3021 duodecim
3149 2969 3291 3021 hora!
3309 2977 3429 3021 sunt

1814 3036 1857 3097 (ἶ
1887 3059 2027 3113 diei!
2053 3059 2110 3114 Si
2137 3061 2250 3131 quia
2285 3044 2621 3115 ambulaverit
2647 3062 2701 3114 in
2727 3062 2832 3125 die,
2877 3078 2978 3117 non
3019 3063 3425 3132 oﬂ'end.'t."Uhi,

1890 3149 2131 3217 quamvis
2159 3150 2461 3220 allegorice,
2508 3166 2565 3205 se
2608 3151 2766 3215 diem,
2797 3151 3083 3221 discipulos
3105 3167 3251 3217 vero,
3281 3156 3371 3222 qui
3398 3170 3428 3207 a

1889 3257 1947 3296 se
1969 3242 2265 3297 illustrandi
2291 3252 2463 3305 erant,
2498 3245 2657 3298 horas
2678 3244 3038 3313 appellaverit,
3069 3245 3225 3299 solito
3250 3254 3427 3300 tamen

1889 3347 2036 3387 more
2078 3334 2308 3387 humana
2355 3336 2765 3403 computationis
2835 3335 3104 3406 vulgarem
3165 3330 3431 3405 expressit

1889 3421 2046 3475 diem.
2106 3422 2245 3475 DISC.
2284 3420 2422 3475 liora
2462 3423 2601 3477 unde
2639 3437 2831 3476 nomen
2883 3424 3122 3494 accepit?
3162 3423 3310 3479 MAG.‘
3354 3422 3429 3478 De

1890 3510 2180 3578 horologia.
2207 3509 2353 3564 Sicut
2381 3511 2709 3580 horologium
2733 3512 2799 3566 de
2824 3513 2951 3566 hara
2974 3528 3164 3567 nomen
3181 3514 3425 3583 sumpsit,
3466 3524 3477 3564 :

1890 3600 2035 3653 horae
2063 3613 2273 3669 quoque
2321 3616 2511 3654 nomen
2540 3616 2606 3655 ex
2636 3600 2817 3655 Graeca
2847 3602 3051 3671 orig‘ine
3079 3603 3425 3665 descendens,
3496 3618 3505 3625 ο

1891 3690 2271 3757 interpretatur
2296 3689 2465 3743 series
2490 3689 2781 3743 velumhra
2810 3690 2921 3743 sive
2947 3690 3109 3743 etiam
3136 3689 3278 3743 finis.
3305 3690 3427 3744 Inde

1889 3792 2013 3831 oras
2041 3777 2203 3831 maris
2235 3785 2291 3831 et
2333 3775 2608 3831 fluviorum
2650 3786 2702 3831 et
2731 3778 3164 3832 vestimentorum
3203 3778 3429 3832 dicimus

1889 3868 2251 3922 extremitates
2284 3868 2397 3923 sive
2450 3870 2725 3924 terminos.
2760 3871 2903 3924 Dtsc.
2954 3868 3195 3939 Nunquid
3241 3872 3427 3924 eodem

1890 3959 2054 4013 modo
2092 3960 2343 4014 scribitur
2390 3961 2521 4014 hora
2563 3961 2819 4030 temporis
2853 3968 2908 4014 et
2951 3961 3081 4013 hara
3114 3969 3425 4015 exterarum

1891 4066 2025 4119 quas
2058 4052 2342 4121 prmdixisti
2381 4054 2601 4107 rerum?
2647 4052 2784 4107 MAG.
2838 4052 3173 4121 Aspiratione
3220 4066 3430 4122 quoque

1893 4140 2004 4194 sola
2031 4141 2421 4196 discernuntur.
2473 4141 2604 4208 Quia
2651 4157 2743 4196 ora
2790 4141 3040 4209 temporis
3080 4156 3198 4194 eum
3228 4142 3431 4211 aspira-

1810 4234 1813 4235 ⁷
1894 4228 2071 4293 tione,
2104 4239 2414 4284 exterarum
2453 4238 2628 4284 autem
2663 4231 2779 4284 sine
2822 4230 3143 4299 aspiratione
3184 4229 3430 4284 scribun-

1816 4326 2001 4410 Dtur.
2050 4318 2189 4373 DISC.
2240 4319 2380 4373 Hora
2434 4320 2568 4387 quas
2606 4318 2991 4373 subdivisiones
3037 4316 3235 4371 habet?
3288 4316 3425 4372 MAG.

314 4399 456 4453 DISC.
500 4399 774 4461 Ostentum
810 4401 934 4468 quid
960 4403 1085 4455 est?
1124 4402 1258 4458 MAG.
1296 4404 1636 4474 Sevagesima
1671 4421 1795 4474 pars
1821 4399 1864 4410 ”
1894 4408 2063 4463 Habet
2098 4424 2307 4478 quoque
2346 4419 2574 4477 punetos
2597 4416 2825 4477 quatuor
2856 4407 2908 4461 in
2954 4405 3115 4460 solari
3155 4412 3429 4474 conputa-

233 4487 401 4539 unius
427 4487 587 4552 home,
617 4496 820 4542 atomos
850 4488 903 4540 in
933 4505 991 4543 se
1016 4491 1292 4546 continens
1319 4508 1593 4563 cccuxvr.

723 4566 727 4572 ’
825 4580 1053 4638 CAPUT
1098 4584 1230 4638 xm.

844 4668 917 4722 De
937 4683 1209 4726 momento.

314 4755 459 4809 DISC.
501 4755 634 4821 Quid
687 4767 769 4811 est
811 4763 1179 4814 momentum?
1216 4762 1352 4817 MAG.
1389 4764 1578 4821 Certus
1622 4769 1790 4823 lectus

232 4848 372 4902 solis
401 4846 453 4899 in
480 4847 633 4901 cmlo.
666 4848 776 4903 Hoc
800 4865 895 4918 per
916 4852 1262 4922 quadraginta
1299 4856 1444 4910 vices
1494 4857 1565 4910 ita
1610 4873 1784 4913 emen-

231 4951 363 4990 sum
394 4936 577 4990 horam
600 4938 709 5005 jam
734 4939 905 4993 reddit
927 4941 1207 5011 integram.
1243 4944 1385 4997 Drsc.
1419 4945 1567 5001 Unde
1595 4949 1789 5004 dicitur

234 5030 612 5082 momentum?
636 5030 773 5085 MAG.
798 5031 843 5083 A
865 5041 1007 5086 motu
1037 5034 1268 5087 siderum
1306 5035 1582 5089 celerrimo
1610 5077 1624 5099 ,
1668 5052 1787 5091 cum

232 5118 445 5187 aliquid
489 5120 587 5173 sibi
618 5121 947 5176 brevissimis
975 5124 1027 5176 in
1054 5126 1239 5193 spatiis
1271 5126 1461 5181 cedere
1486 5122 1646 5197 amne
1672 5144 1789 5183 suc-

232 5209 435 5262 cedere
470 5212 714 5263 sentitur.
746 5211 899 5280 Capit
924 5228 1051 5283 crgo
1078 5230 1237 5268 unum
1265 5226 1592 5271 momentum
1615 5227 1793 5273 osten-

233 5303 357 5347 tum
382 5302 437 5350 et
464 5295 759 5376 dimidium,
791 5306 996 5353 atomos
1025 5315 1233 5369 quoque
1262 5316 1440 5357 anIv.

820 5388 1043 5443 CAPUT
1082 5390 1216 5443 XIV.

854 5477 931 5549 De
954 5481 1204 5547 partibus.
1300 5486 1307 5493 ’

314 5562 458 5618 Dise.
486 5562 621 5628 Quid
646 5567 985 5621 nominantur
1022 5569 1071 5621 in
1100 5580 1345 5642 computo
1387 5574 1605 5643 partes?
1652 5574 1790 5631 MAG.

1892 4500 2036 4557 tione
2063 4539 2077 4563 ,
2114 4501 2167 4553 in
2209 4500 2345 4554 luna:
2378 4510 2553 4554 autem
2588 4500 2901 4569 quibusdam
2950 4498 3431 4567 computationibus

1891 4596 2117 4656 punctos
2146 4589 2379 4657 quinque
2402 4630 2416 4653 ,
2447 4591 2585 4644 sicut
2624 4598 2741 4658 post
2776 4591 2888 4643 haec
2926 4588 3285 4643 ostendemus.
3319 4587 3427 4641 ﬂa-

1890 4677 1981 4731 bet
2018 4687 2071 4731 et
2100 4678 2302 4731 minuta
2335 4679 2513 4733 decem
2542 4720 2555 4744 ,
2608 4688 2783 4748 partes
2810 4677 3134 4748 quindecim,
3163 4686 3428 4734 momenta

1892 4769 2260 4837 quadraginta,
2286 4778 2491 4823 ostenta
2519 4771 2813 4839 sexaginta,
2836 4778 3045 4823 atomos
3067 4766 3301 4823 ῐῖῖῑυις.

2440 4883 2662 4939 CAPUT
2699 4884 2878 4938 XVIII.

2470 4952 2546 5005 De
2573 4954 2874 5022 quadrante.

1963 5043 2105 5097 DISC.
2136 5042 2409 5108 Quadrans
2452 5054 2629 5097 autem
2660 5043 2783 5111 quid
2810 5043 2937 5096 est?
2972 5042 3109 5097 MAG.
3152 5042 3429 5110 Quadrans

1894 5134 2007 5188 sive
2032 5136 2263 5203 qua.lras
2294 5145 2375 5188 est
2404 5144 2592 5203 quarta
2629 5151 2754 5203 pars
2792 5135 2940 5189 lihrze
2970 5177 2984 5200 ,
3012 5136 3213 5190 habens
3242 5136 3429 5190 uncias

1895 5230 2026 5284 tres,
2048 5222 2186 5275 sicut
2206 5237 2364 5290 supra
2387 5222 2730 5276 ostendimus.
2758 5222 3023 5291 Quidquid
3048 5222 3100 5275 in
3120 5221 3431 5291 corporibus

1894 5325 1983 5362 seu
2025 5311 2350 5377 temporibus
2390 5312 2816 5376 mensuraveris,
2860 5310 2974 5377 ejus
3015 5320 3259 5379 quartam
3302 5326 3427 5379 par-

1896 5405 1999 5449 tem
2052 5398 2437 5466 quadrantem,
2491 5407 2596 5451 tres
2641 5413 2769 5451 vero
2827 5398 3057 5466 reliquas
3121 5398 3429 5452 dodrantem

1894 5487 2159 5555 appellare
2204 5487 2438 5541 debebis.
2482 5488 2543 5540 Et
2580 5489 2646 5541 ob
2678 5489 2778 5543 hoc
2798 5498 2984 5557 quarta
3012 5504 3137 5558 pars
3170 5489 3270 5542 diei
3297 5503 3430 5556 qua-

1896 5575 2055 5629 drans
2101 5577 2310 5631 dicitur.
2355 5576 2589 5642 Quatuor
2629 5579 2951 5646 quadrantes
2982 5578 3121 5632 diem
3171 5579 3432 5647 integrum
