3948 6316
542 301 643 356 679

1166 294 1226 349 Β.
1268 295 1513 349 RABANI
1548 296 1762 352 MAURI
1800 294 2111 359 ARCIIIEP.
2152 294 2452 350 MOGUNT.
2494 295 2773 350 OPERUM
2814 297 2988 353 PARS
3022 300 3062 353 ι.

3642 302 3744 359 σει·

535 410 775 466 reddunt.
800 408 924 461 Dies
952 408 1095 463 enim
1123 422 1245 461 cum
1273 416 1430 461 nocte
1462 407 1641 476 viginti
1674 415 1899 479 quatuor
1924 408 2080 458 homs
2109 407 2159 463 Λ
2185 405 2463 459 altitudine
2492 415 2757 470 currente,
2796 425 3100 477 supremum
3131 428 3255 468 vero
3291 414 3504 483 quando
3552 416 3632 469 sol
3680 419 3745 473 de

470 540 471 543 η
533 504 709 558 habet.
982 542 986 545 .
1534 548 1537 551 λ

1111 588 1337 645 CAPUT
1376 587 1511 640 XIX.

1218 677 1292 731 De
1321 677 1423 729 die.

599 771 745 825 DISC.
775 769 899 825 Dies
927 768 1051 836 quid
1100 766 1221 820 est?
1266 765 1405 819 MAG.
1445 763 1549 825 Aer
1589 764 1699 840 sole
1747 766 2039 821 illustratus
2068 807 2082 831 ,

438 876 445 882 '
527 876 721 914 nomen
750 861 871 914 inde
895 871 1109 912 sumens
1128 895 1142 919 ,
1174 855 1298 923 quia
1335 855 1581 909 tenebras
1626 855 1892 925 disjungat
1919 871 1983 910 ac
2006 855 2085 909 di-

527 945 695 999 vidat.
732 946 862 1005 Nam
913 944 1051 997 Deus
1099 941 1236 995 dixit
1263 941 1316 994 in
1345 942 1610 1011 principio
1640 959 1652 993 :
1686 940 1805 993 Fiat
1855 941 1946 995 tua:
1978 982 1993 1006 ,
2036 954 2084 997 et

530 1035 669 1103 facta
695 1044 768 1087 est
803 1034 910 1086 lux.
960 1032 1027 1084 Et
1058 1032 1233 1085 divisit
1274 1030 1440 1087 lucem
1490 1048 1521 1083 a
1555 1029 1813 1093 tenebris;
1851 1030 2083 1100 appella-

529 1126 694 1193 vitque
761 1122 925 1175 lucem
978 1121 1113 1175 diem
1145 1162 1159 1186 ,
1221 1131 1269 1175 et
1320 1121 1554 1174 tenebras
1603 1116 1795 1172 uocauit
1862 1130 2080 1173 noctem.

527 1212 670 1266 DlSC.
715 1212 919 1277 Quibus
948 1213 1122 1265 modis
1165 1211 1359 1265 dicitur
1405 1209 1561 1263 dies?
1591 1208 1730 1263 MAG.
1759 1208 2086 1264 Naturaliter

525 1312 579 1356 et
608 1303 917 1372 vnlgaritcr.
950 1304 1091 1356 DISC.
1118 1300 1397 1365 Quomodo
1426 1299 1782 1363 naturaliter?
1811 1298 1949 1355 MAG.
1980 1299 2084 1355 Na-

527 1392 713 1446 turalis
752 1393 944 1461 quippe
992 1405 1054 1444 ac
1089 1390 1204 1443 dies
1251 1389 1521 1457 legitimus
1556 1397 1639 1443 est
1681 1389 1747 1443 ab
1792 1397 1913 1443 ortu
1957 1390 2083 1445 solis

528 1481 698 1533 donec
738 1495 920 1533 rursus
970 1479 1194 1550 oriatur.
1242 1479 1309 1533 Et
1348 1480 1436 1534 hic
1478 1480 1591 1533 dies
1620 1481 1809 1550 viginti
1857 1491 2085 1549 quatuor

527 1571 684 1629 horas
724 1570 904 1623 habet.
950 1546 1093 1624 Disc.
1126 1568 1267 1634 Quot
1298 1578 1424 1623 sunt
1467 1546 1755 1625 divisiones
1801 1572 1904 1627 diei
1931 1582 2085 1627 natu-

524 1658 669 1712 ralis.
701 1658 835 1713 MAG.
878 1657 1215 1728 Priiicipalis-
1236 1658 1427 1714 divisio
1459 1659 1611 1714 istius
1648 1660 1752 1714 diei
1782 1661 1886 1715 duo
1924 1662 2085 1715 habet

2189 496 2465 549 altitudine
2506 496 2624 552 Coeli
2663 500 2834 568 vergit
2863 502 2929 554 ad
2965 517 3230 557 occasum.
3270 505 3409 561 Disc.
3442 506 3584 578 Ergo
3614 510 3741 578 quia

2190 588 2253 640 de
2282 603 2385 642 uno
2418 590 2588 657 spatio
2625 590 2881 646 naturalis
2923 592 3027 647 diei
3076 597 3206 650 satis
3247 599 3377 653 mihi
3424 597 3618 665 fecisti,
3676 602 3744 657 de

2188 676 2355 732 altero
2383 693 2594 748 quoque
2627 683 2800 750 spatio
2824 681 2941 750 ejus
2964 723 2979 747 ,
3014 687 3155 753 quod
3185 702 3289 741 nox
3312 698 3431 755 est,
3459 699 3517 746 ut
3535 691 3729 747 edisse-

2188 782 2276 821 ras
2310 767 2511 838 ﬂagito.
2543 770 2681 826 MAG.
2734 772 2947 829 Faciam
2998 777 3138 845 quod
3181 780 3337 847 petis.
3393 782 3473 838 Tu
3524 784 3738 853 quidem

2186 872 2336 912 more
2362 867 2454 913 tuo
2483 863 2721 929 praecede
2744 864 3137 936 interrogando.

2766 974 2991 1030 CAPUT
3026 976 3159 1032 XXI.

2827 1044 2904 1096 De
2926 1056 3090 1099 nocte.

2255 1128 2399 1182 Disc.
2430 1126 2541 1182 Nox
2569 1130 2695 1198 quid
2721 1131 2844 1185 est?
2864 1130 3003 1187 MAG.
3036 1132 3174 1189 Solis
3206 1135 3445 1192 absentia
3472 1146 3739 1196 terrarum

2184 1217 2371 1270 umbra
2420 1218 2620 1276 conditi
2662 1219 2832 1274 donec
2861 1219 2928 1273 ab
2952 1236 3141 1276 occasu
3169 1226 3351 1279 redeat
3375 1228 3440 1280 ad
3467 1237 3738 1284 exortum.

2186 1302 2325 1357 Disc.
2363 1304 2510 1378 Unde
2532 1306 2671 1360 dicta
2696 1315 2780 1361 est
2803 1309 2944 1362 nox?
2968 1308 3124 1365 MAG.
3170 1310 3319 1377 Quod
3360 1323 3549 1383 noceat
3580 1331 3741 1385 aspe—

2183 1394 2354 1448 ctibus
2378 1396 2462 1449 vel
2491 1398 2717 1466 negotiis
2761 1399 3025 1465 humanis,
3072 1402 3183 1455 sive
3212 1404 3353 1471 quod
3397 1404 3449 1458 in
3481 1419 3544 1459 ea
3596 1405 3743 1462 fures

2184 1483 2264 1541 vel
2294 1483 2526 1539 latrones
2555 1487 2779 1541 nocendi
2822 1488 2941 1543 aliis
2976 1492 3308 1546 occasionem
3336 1492 3738 1551 nancisc'antur.

2182 1573 2323 1627 Dise.
2365 1572 2445 1628 0b
2487 1581 2645 1643 quam
2697 1592 2913 1631 causam
2959 1578 3093 1632 facta
3153 1589 3237 1635 est
3280 1582 3425 1635 nox?
3462 1582 3603 1638 MAG.
3634 1583 3742 1637 Pro

2187 1666 2536 1733 temperantia
2574 1666 2772 1723 laboris
2819 1668 3075 1737 humani,
3117 1680 3175 1725 ut
3227 1686 3448 1741 corpora
3498 1652 3759 1741 requiem,

524 1750 711 1819 spatia,
742 1748 792 1803 id
823 1756 922 1813 est,
946 1750 1308 1803 interdianum
1337 1758 1392 1804 et
1426 1756 1770 1803 nocturnum.
1819 1748 2081 1805 Caeterum
2111 1750 2157 1807 B
2186 1753 2463 1830 haberent,
2502 1764 2556 1809 et
2591 1763 2649 1810 ut
2690 1757 3010 1813 animalibus
3054 1761 3386 1828 quibusdam,
3417 1762 3583 1816 solem
3636 1779 3740 1817 non

525 1854 621 1907 per
648 1839 809 1892 horas
834 1846 888 1892 et
916 1846 1140 1905 punclos
1183 1847 1238 1892 et
1276 1838 1499 1892 caeteras
1524 1839 1760 1892 minores
1790 1837 2082 1907 particulas

523 1927 696 1980 omnis
721 1926 835 1980 dies
858 1926 1233 1979 subdividitur.
1263 1926 1473 1994 Recipit
1509 1935 1687 1980 autem
1729 1927 1843 1981 dies
1875 1934 2085 2002 natura-

526 2016 587 2069 lis
622 2016 807 2085 viginti
839 2023 1069 2084 quatuor
1115 2015 1275 2068 horas
1304 2054 1318 2077 ,
1350 2024 1574 2083 punctos
1613 2016 1903 2086 nonaginta
1944 2031 2035 2071 sex
2067 2057 2079 2080 ,

430 2159 435 2163 .
522 2106 725 2159 minuta
771 2122 943 2169 ccxc,
996 2112 1177 2173 partes
1235 2118 1438 2180 cccnx,
1491 2114 1761 2159 momenta
1814 2122 2079 2170 nccccu,

522 2204 729 2250 ostenta
772 2199 1025 2259 chcch,
1066 2194 1274 2249 atom‘os
1303 2191 1426 2248 ιῖἱῖἷ
1456 2202 1511 2248 et
1538 2210 1752 2263 ccccxn.
1782 2196 1924 2250 DISC.
1954 2195 2084 2261 Quis

522 2284 855 2338 demonstrat
894 2284 1035 2351 quod
1076 2283 1390 2337 vocabulum
1424 2283 1546 2351 ,diei
1596 2286 1806 2338 noctein
1836 2299 1965 2337 cum
1998 2285 2084 2338 die

524 2372 683 2426 simul
724 2372 1188 2440 comprehendat?
1231 2371 1368 2425 MAG.
1401 2370 1679 2440 Scriptura
1733 2388 1861 2441 ergo
1905 2372 2083 2424 divina

527 2462 626 2515 hoc
648 2462 921 2526 ostendit,
952 2460 1040 2515 ubi
1081 2461 1273 2531 legitur
1302 2480 1315 2512 :
1350 2456 1416 2515 Et
1437 2461 1638 2528 factum
1674 2472 1749 2515 est
1798 2480 2000 2530 vespere
2038 2473 2084 2516 et

524 2566 676 2603 mane
719 2551 827 2603 dies
863 2567 1034 2613 unus,
1089 2550 1141 2602 in
1186 2566 1407 2618 vespere
1452 2561 1664 2604 noctem
1717 2560 1772 2605 et
1819 2553 1872 2605 in
1902 2568 2084 2606 'mane

528 2639 660 2694 lucis
706 2649 912 2709 tempus
938 2643 1218 2695 denotans.
1260 2640 1403 2696 DISC.
1430 2640 1567 2707 Quia
1611 2643 1908 2696 naturalem
1943 2643 2083 2697 diem

524 2732 839 2798 ostendisti,
897 2734 1170 2801 vulgarem
1223 2737 1459 2801 quoque
1491 2749 1621 2802 rogo
1676 2743 1736 2787 ut
1791 2737 2079 2804 exprimas.

525 2823 665 2877 MAG.
706 2821 952 2891 angaris
994 2823 1104 2875 sive
1149 2824 1447 2877 artillcialis
1502 2824 1614 2877 dies
1663 2824 1730 2877 ab
1778 2832 1898 2879 ortu
1958 2825 2086 2879 solis

524 2927 691 2980 usque
720 2912 785 2965 ad
815 2926 1064 2965 occasum
1096 2926 1254 2965 omne
1284 2919 1504 2981 tempus
1528 2912 1660 2967 lucis
1694 2928 1855 2982 super
1886 2904 2082 2967 terram

523 2998 901 3067 complectens.
928 2997 1077 3051 Sicut
1107 3013 1137 3051 e
1163 3000 1430 3052 contrario
1459 3016 1561 3053 nox
1583 3008 1666 3054 est
1686 3001 1921 3055 absentia
1950 3001 2082 3056 lucis

2184 1839 2474 1896 ferentibus
2498 1843 2696 1897 victum
2722 1846 3034 1913 quteritandi
3061 1848 3281 1902 daretur
3304 1851 3536 1904 occasio.

2751 1953 2971 2009 CAPUT
3009 1954 3169 2011 xxu.
3326 1948 3329 1949 ⁷

2698 2023 2773 2076 De
2793 2025 3025 2093 partibus
3052 2027 3237 2083 noctis.
3274 2026 3279 2087 ξ

2254 2110 2394 2164 DISC.
2428 2110 2609 2166 Noctis
2635 2120 2818 2182 partes
2838 2122 2969 2182 quot
2989 2116 3144 2172 sunt?
3164 2116 3302 2172 MAG.
3331 2117 3567 2187 Septem.
3593 2119 3736 2175 bt'sc.

2182 2199 2344 2277 Quae?
2380 2201 2531 2257 'MAG.
2579 2202 2981 2272 Crepusculum,
3033 2196 3331 2276 vesperum,
3372 2210 3740 2273 conticinium,

2184 2290 2575 2359 intempestum,
2624 2294 2968 2363 gallicinium,
3027 2283 3365 2361 matutinum,
3427 2298 3738 2367 diluculum.

2184 2380 2327 2434 DISC.
2358 2381 2554 2435 Horum
2587 2383 2937 2452 proprietates
2962 2400 3057 2453 per
3104 2382 3579 2461 singulas‘spccies
3601 2385 3738 2443 edic.
3795 2377 3801 2381 ’

2186 2466 2325 2523 MAG.
2376 2470 2755 2539 Crepusculum
2787 2481 2870 2526 est
2916 2474 3071 2543 dubia
3122 2474 3230 2529 lux.
3275 2476 3409 2531 Nam
3462 2494 3742 2547 creperum

2184 2556 2400 2611 dubium
2430 2559 2676 2625 dicimus,
2723 2561 2824 2616 hoc
2864 2570 2964 2625 est,
3010 2564 3148 2617 inter
3174 2564 3344 2619 lucem
3374 2573 3431 2620 et
3468 2570 3739 2621 tenebras.

2185 2650 2475 2718 Vesperum
2506 2652 2573 2704 ab
2600 2661 2887 2721 apparente
2910 2653 3057 2707 stella
3087 2653 3321 2721 ejusdem
3363 2656 3593 2725 nominis
3612 2652 3744 2712 dici-

2185 2744 2291 2803 tur,
2324 2738 2387 2792 de
2408 2742 2511 2807 qua
2539 2747 2694 2808 poeta
2721 2739 2795 2792 ait
2827 2754 2841 2792 :

2365 2826 2491 2875 Ante
2512 2828 2642 2875 diem
2664 2827 2824 2878 clauso
2847 2838 3098 2893 componet
3114 2831 3302 2910 Vesper
3332 2832 3552 2895 Olympo.

2185 2904 2577 2974 Conticinium,
2638 2910 2847 2977 quando
2897 2912 3073 2965 omnia
3120 2905 3500 2981 conticescunt,
3539 2917 3592 2972 id
3637 2928 3739 2984 est,

2186 2995 2798 3067 silent..lntempestum,
2842 3001 3015 3054 media
3045 3013 3167 3065 nox,
3204 3002 3409 3069 idest,
3455 2997 3607 3075 quasi
3657 3007 3740 3067 in-

522 3098 684 3157 stiper
717 3094 938 3142 terram.
969 3082 1139 3143 Omne
1178 3090 1373 3159 quippe
1400 3097 1605 3159 tempus
1630 3106 1735 3158 qno
1764 3090 1842 3145 sol
1877 3091 1944 3144 ab
1984 3107 2078 3146 oc—
2107 3082 2150 3144 C
2184 3094 2478 3149 actuosum,
2508 3089 2721 3156 quando
2744 3090 2991 3144 omnibus
3018 3106 3204 3161 sopore
3225 3094 3440 3161 quietis,
3466 3096 3597 3149 nihil
3615 3111 3744 3165 ope-

521 3191 655 3230 casu
680 3177 745 3230 ad
770 3187 948 3231 ortum
979 3178 1117 3232 redit
1138 3194 1242 3232 nox
1263 3179 1474 3233 dicitur.

1115 3285 1340 3342 CAPUT
1376 3286 1493 3340 XX.
1587 3313 1594 3329 ι

1063 3355 1141 3408 De
1171 3357 1403 3425 partibus
1430 3356 1549 3410 diei.

593 3449 734 3504 Disc.
774 3449 917 3516 Quas
958 3451 1345 3505 subdivisiones
1384 3451 1498 3505 dies
1540 3442 1785 3521 vulgaris
1813 3454 1924 3506 sive
1954 3454 2081 3506 arti-

522 3537 710 3592 ﬁcialis
738 3539 927 3593 habet?
954 3538 1091 3596 MAG.
1139 3539 1290 3595 Tres.
1334 3540 1478 3595 Disc.
1521 3540 1707 3607 Quas?
1735 3541 1871 3597 MAG.
1902 3543 2076 3608 Mane,

520 3631 819 3694 meridiem,
844 3639 899 3684 et
931 3645 1255 3699 supremum.
1285 3630 1426 3685 Disc.
1458 3630 1609 3684 Mane
1638 3621 1767 3699 quid
1789 3634 1914 3687 est?
1938 3632 2076 3689 MAG.

521 3719 674 3777 Mane
702 3727 783 3772 est
812 3734 935 3786 pars
982 3718 1085 3773 diei
1135 3719 1306 3787 prima
1325 3734 1350 3783 ,'
1394 3722 1462 3775 ab
1510 3729 1630 3774 ortu
1678 3722 1922 3777 videlicet
1954 3724 2081 3778 solis

520 3823 688 3874 usque
717 3808 782 3860 ad
812 3808 996 3860 horam
1024 3816 1294 3875 quartam.
1324 3807 1467 3862 DISG.
1492 3807 1642 3862 Unde
1672 3810 1867 3864 dicitur
1892 3815 2081 3873 mane?

521 3893 657 3949 MAG.
698 3893 872 3959 Mane,
916 3904 973 3948 ut
1011 3895 1172 3964 aliqui
1221 3895 1437 3962 volunt,
1472 3912 1501 3950 a
1534 3912 1693 3951 mano
1717 3898 1931 3953 dicitur.
1963 3900 2079 3955 Ma-

520 3997 644 4035 num
680 3982 819 4035 enim
852 3983 1055 4050 antiqui
1107 3984 1302 4037 bonum
1331 3984 1616 4038 dicebant:
1644 3987 1771 4053 quid
1803 3988 1945 4041 enim
1974 4005 2081 4044 me-

521 4069 624 4123 lius
651 4080 733 4125 est
760 4070 917 4125 luce?
942 4071 1063 4125 Sive
1094 4087 1220 4143 ergo
1248 4089 1402 4128 mane
1433 4075 1629 4129 dicitur
1654 4092 1683 4128 a
1712 4078 1956 4132 manibus
1980 4119 1995 4143 ,
2026 4080 2080 4134 id

522 4163 625 4219 est,
675 4157 776 4209 diis
810 4156 1173 4230 infernorum;
1228 4161 1451 4229 gentiles
1505 4163 1649 4215 enim
1697 4165 2029 4240 aestimabant
2061 4208 2076 4231 ,

522 4244 736 4313 quando
784 4245 859 4297 sol
909 4247 1145 4310 recedit,
1177 4251 1318 4317 quod
1352 4250 1423 4303 dii
1463 4250 1793 4305 infernarum
1824 4253 1972 4308 illum
2011 4258 2080 4312 ad

522 4349 581 4389 se
616 4335 919 4389 traxissent.
954 4336 1097 4391 Dtsc.
1145 4338 1391 4394 Meridies
1430 4342 1556 4409 quid
1594 4344 1716 4396 est?
1760 4344 1896 4400 MAG.
1928 4346 2078 4402 ‘Pars

2183 3176 2334 3229 randi
2371 3185 2581 3245 tempus
2607 3186 2707 3231 est.
2730 3178 3087 3247 Gallicinium,
3132 3183 3345 3250 quando
3372 3184 3493 3254 galli
3525 3178 3741 3248 cantum

2180 3266 2374 3319 levant.
2407 3262 2741 3333 Matutinum,
2772 3269 2913 3323 inter
2956 3270 3262 3327 abscessum
3313 3277 3656 3331 tenebrarum
3686 3287 3737 3331 et

2181 3369 2386 3409 aurora:
2432 3356 2735 3413 adventum.
2773 3357 3087 3423 Diluculum,
3132 3362 3283 3429 quasi
3326 3362 3438 3431 jam
3478 3364 3738 3433 incipiens

2179 3459 2343 3513 parva
2385 3446 2488 3500 diei
2523 3446 2632 3500 lux.
2662 3447 2796 3526 Haec.
2813 3458 2869 3503 et
2897 3465 3087 3505 aurora
3116 3453 3417 3521 pertingent
3453 3470 3622 3524 usque
3673 3458 3739 3512 ad

2181 3535 2307 3589 solis
2331 3546 2593 3612 exortum.
2643 3538 2785 3593 Disc.
2818 3540 3016 3594 Harum
3052 3556 3178 3612 ergo
3202 3545 3433 3612 partium
3483 3548 3739 3602 naturalis

2180 3610 2430 3695 dieiqute
2460 3628 2710 3695 praecedit
2732 3629 2785 3681 in
2819 3638 3070 3699 tempore,
3112 3610 3290 3686 utrum
3328 3647 3433 3687 nox
3461 3648 3557 3689 seu
3583 3634 3739 3689 dies?

2180 3714 2465 3771 MAG..Dies
2508 3719 2623 3773 sine
2650 3719 2810 3773 dubio
2835 3719 2901 3773 ab
2941 3721 3093 3777 initio
3121 3723 3304 3777 mundi
3343 3737 3513 3792 usque
3546 3712 3629 3779 ad
3653 3741 3741 3780 re-

2180 3806 2565 3876 surrectionem
2588 3808 2819 3873 Christi,
2841 3826 2871 3865 a
2908 3813 3297 3867 resurrectione
3338 3813 3515 3874 autem
3540 3815 3736 3882 Christi

2179 3911 2347 3965 usque
2393 3897 2469 3951 ad
2489 3898 2629 3952 diem
2670 3897 2855 3966 judicii
2909 3914 3014 3955 non
3058 3889 3510 3973 praeceditaQuia
3558 3907 3736 3963 divina

2180 3988 2484 4053 auctoritas,
2515 4005 2632 4057 quae
2658 3988 2859 4045 homini
2901 4007 3089 4048 casuro
3126 4009 3155 4047 a
3180 3996 3413 4063 paradisi
3448 3996 3655 4052 lumine
3680 3998 3737 4052 in

2179 4078 2316 4132 hanc
2364 4080 2657 4135 convallem
2710 4081 3061 4152 lacrymarum
3093 4086 3144 4138 in
3168 4086 3359 4141 Genesi
3385 4088 3547 4162 diesa
3580 4104 3737 4143 mane

2178 4183 2298 4222 cum
2335 4171 2575 4239 sequenti
2594 4186 2813 4239 vespere
2838 4187 3005 4241 usque
3033 4174 3097 4227 ad
3127 4189 3282 4229 mane
3330 4175 3557 4229 alterum
3585 4192 3733 4231 coni-

2178 4258 2439 4327 patandos
2481 4273 2598 4311 esse
2627 4258 2886 4324 decrevit,
2931 4262 3114 4316 eadem
3157 4263 3211 4317 in
3239 4264 3525 4333 Evangelio
3552 4283 3581 4320 a
3606 4284 3734 4337 pec-

2180 4354 2420 4398 catorum
2460 4347 2689 4399 tenebris
2724 4347 2790 4401 ad
2820 4363 2997 4403 veram
3045 4351 3215 4406 lucem
3260 4356 3628 4410 recedentibus
3656 4367 3736 4411 to-

522 4423 695 4476 media
732 4422 836 4477 diei
886 4424 953 4478 ab
989 4424 1119 4479 hora
1159 4427 1343 4493 quinta
1382 4443 1549 4495 usque
1594 4430 1659 4482 ad
1696 4431 1880 4486 horam
1926 4442 2075 4488 octa-
2104 4411 2154 4469 D
2181 4435 2287 4489 tius
2316 4436 2418 4490 dici
2450 4445 2656 4506 tempus
2684 4453 2714 4491 a
2744 4455 2977 4511 vespera
3006 4442 3243 4520 inchoari
3283 4454 3336 4500 et
3376 4448 3453 4501 sic
3498 4464 3617 4503 cum
3644 4465 3729 4505 se—

522 4531 662 4568 vam.
699 4516 842 4570 DISC.
874 4516 1025 4572 Unde
1046 4519 1294 4573 meridies
1325 4537 1515 4577 nomen
1547 4525 1746 4578 traxit?
1781 4526 1917 4583 MAG.
1972 4527 2079 4583 Me—

526 4605 687 4658 ridies
718 4605 909 4658 dicitur
932 4607 1081 4674 quasi
1122 4609 1327 4663 medius
1359 4610 1489 4669 dies.
1550 4610 1675 4666 Sive
1712 4615 1964 4670 meridies
1997 4616 2076 4670 di-

524 4694 662 4748 citur
702 4696 851 4763 quasi
881 4711 1044 4764 purus
1072 4698 1204 4751 dies.
1235 4699 1291 4753 In
1321 4708 1434 4755 toto
1460 4703 1601 4755 enim
1623 4704 1707 4757 die
1730 4705 1861 4758 nihil
1888 4708 2073 4776 purius

524 4794 609 4840 est
640 4786 875 4840 meridie.
918 4786 1132 4854 Antiqui
1160 4789 1301 4841 enim
1349 4807 1549 4844 merum
1588 4808 1778 4860 purum
1803 4795 2067 4850 dicebant.

527 4873 668 4927 Disc.
715 4872 849 4939 Quid
878 4884 962 4929 est
989 4878 1333 4945 supremum?
1359 4877 1495 4932 MAG.
1523 4879 1656 4933 Pars
1680 4882 1785 4935 diei
1810 4893 2068 4949 extrema,

529 4960 595 5012 ab
632 4961 760 5012 hora
787 4962 988 5015 scilicet
1032 4979 1171 5018 nona
1202 4981 1369 5037 usque
1408 4967 1473 5021 ad
1518 4983 1763 5023 occasum
1798 4972 1922 5026 solis
1956 4990 2075 5042 per—

530 5050 754 5119 tingens.
806 5051 949 5104 DISC.
1010 5053 1325 5122 Supremum
1378 5074 1542 5127 quare
1584 5060 1813 5119 dicitur?
1847 5064 1985 5120 MAG.
2031 5068 2074 5119 A

530 5139 922 5206 suppriinendo.
957 5140 1102 5194 'l‘unc
1130 5144 1268 5196 enim
1305 5145 1407 5209 sol,
1445 5150 1597 5214 quasi
1626 5166 1838 5204 cursum
1864 5156 2069 5222 suppri-

530 5242 679 5280 mens
706 5267 721 5291 ,
765 5227 1050 5283 inclinatur
1077 5232 1141 5284 ad
1170 5247 1435 5303 occasum.
1468 5237 1606 5288 DISC.
1642 5237 1762 5293 llmc
1800 5256 1925 5311 ergo
1977 5244 2071 5297 tria

529 5317 698 5383 spatia
751 5318 1043 5373 artiﬁcialis
1091 5321 1191 5374 diei
1239 5324 1523 5376 secundum
1562 5326 1686 5392 quid
1715 5330 2075 5386 ordinantur?

533 5405 668 5461 MAG.
702 5407 1002 5463 Secundum
1032 5426 1245 5464 cursum
1270 5412 1449 5479 utique
1476 5414 1619 5467 solis.
1653 5414 1784 5478 Quia
1813 5433 1967 5472 mane
1992 5432 2075 5475 est

531 5496 598 5548 ab
630 5505 749 5549 ortu
778 5498 903 5551 solis
930 5502 1096 5568 usque
1126 5501 1251 5554 dum
1284 5500 1361 5554 sol
1391 5505 1638 5555 ascendat
1669 5505 1718 5557 in
1742 5507 2070 5562 altitudinem

531 5585 650 5638 cadi
684 5625 698 5649 ,
746 5589 991 5643 meridies
1039 5600 1212 5644 autem
1242 5591 1352 5644 sole
1386 5605 1479 5657 per
1512 5594 1737 5645 medium
1783 5598 1972 5649 cmlum
2022 5603 2071 5655 in

2178 4526 2356 4594 quenti
2387 4527 2470 4580 die
2490 4532 2844 4584 consummari
2872 4526 3055 4586 sanxit
3070 4531 3124 4587 in
3152 4550 3446 4605 vesperam.

2733 4638 2955 4695 CAPUT
2983 4643 3167 4698 XXIH.

2175 4726 2278 4781 Ubi
2300 4729 2407 4782 dies
2448 4730 2661 4798 incipiat
2688 4751 2777 4801 seu
2813 4737 3054 4875 ﬁr;_it;tur._
3078 4741 3144 4795 Et
3173 4745 3255 4798 ubi
3281 4748 3479 4814 primus
3506 4749 3613 4803 dies
3632 4768 3729 4805 sa:-

2793 4822 2893 4858 cut
2946 4821 3092 4865 uent.
3335 4860 3338 4864 .

2793 4821 2893 4858 εαιι
2922 4821 3092 4865 luent.

2246 4890 2385 4943 Disc.
2415 4891 2515 4945 Ubi
2546 4893 2657 4946 dies
2677 4898 2930 4952 natumlis
2952 4902 3051 4956 rite
3092 4903 3299 4967 initium
3330 4906 3592 4976 ﬁnemque
3618 4926 3729 4965 sor-

2180 4978 2342 5053 titur?
2368 4979 2505 5033 MAG.
2535 4981 2752 5038 Diverse
2779 4990 3063 5043 secundum
3091 4976 3357 5048 variarum
3379 4998 3615 5064 gentium
3658 4998 3723 5053 li-

2180 5068 2348 5121 bitum
2398 5068 2511 5122 dies
2560 5073 2816 5127 naturalis
2858 5076 3087 5144 incipere
3130 5079 3342 5135 dicitur.
3388 5083 3532 5139 Disc.
3584 5086 3723 5152 Quo-

2183 5157 2370 5209 modo?
2414 5157 2550 5212 MAG.
2585 5159 2718 5214 Nam
2750 5162 2974 5227 Hebraei,
3022 5166 3251 5223 Chaldaei
3293 5181 3348 5224 et
3390 5171 3586 5240 Persas,
3636 5192 3729 5232 se-

2088 5302 2095 5307 ,
2180 5253 2413 5325 quentes
2431 5246 2582 5313 juxta
2615 5251 2798 5316 primae
2831 5255 3145 5309 conditionis
3193 5256 3432 5315 ordinem
3467 5262 3571 5316 diei
3599 5280 3719 5319 alr-

2179 5349 2315 5397 sum,
2343 5350 2373 5388 a
2403 5352 2557 5392 mane
2590 5339 2921 5406 inchoantes,
2973 5345 3038 5398 ad
3074 5362 3230 5402 mane
3279 5351 3566 5415 deducunt,
3600 5370 3720 5409 um-

2177 5422 2390 5476 brarum
2412 5426 2655 5481 videlicet
2683 5438 2886 5496 tempus
2914 5432 3013 5486 luci
3044 5448 3415 5505 snpponentes.
3447 5442 3517 5494 At
3537 5453 3718 5497 contra

2180 5510 2407 5580 {Egyplii
2438 5516 2503 5568 ab
2524 5531 2713 5570 occasu
2741 5520 2804 5571 ad
2824 5535 3091 5575 occasum.
3119 5524 3282 5580 Porro
3308 5527 3529 5583 Romani
3555 5547 3583 5583 a
3605 5545 3716 5585 mc-

2178 5602 2262 5655 dio
2288 5605 2455 5655 noctis
2479 5606 2529 5657 in
2557 5609 2786 5662 medium
2812 5610 3029 5664 umbnn.
3054 5613 3113 5665 Et
3136 5614 3485 5673 Athenienses
3506 5636 3535 5672 a
3563 5618 3719 5675 meri-
