3948 6328
158 287 253 343 GSI

1420 290 1612 345 LIBER
1658 247 1740 344 ut:
1778 290 2121 350 COMRUTO.

3281 304 3387 358 082

150 406 241 459 die
288 404 340 457 in
373 400 649 457 meridiem
702 402 816 457 dies
870 418 994 459 suos
1044 410 1352 473 computare
1396 403 1714 458 maluerunt.
1748 410 1794 466 Λ
1822 389 1992 461 dicas.
2043 406 2178 462 Mm.
2226 407 2385 479 Ergo,
2434 409 2485 462 ni
2516 408 2684 474 fallor,
2717 420 2919 467 cuneta:
2966 415 3045 468 hac
3092 416 3296 484 species
3323 420 3389 473 ad

152 497 301 549 DISC.
335 494 451 561 Quo
481 508 608 547 sane
636 494 690 548 in
716 493 832 549 loco
864 495 1069 566 primus
1096 495 1208 549 dies
1256 493 1433 549 saeculi
1478 495 1721 547 exstitit?

152 586 294 640 Mm.
327 583 521 651 Quinta
567 585 772 639 decima
814 585 1169 641 Kalendarum
1195 583 1474 653 Aprilium,
1504 599 1608 653 quo
1653 583 1726 637 vi-

152 676 350 728 delicet
395 674 481 728 die
526 674 699 730 lucem
744 673 1023 731 formatam
1070 673 1317 744 primitus
1351 673 1638 737 credimus,
1670 682 1723 727 et

150 766 230 820 sic
278 774 388 821 tres
430 765 548 820 illos
576 766 693 822 dies
718 767 922 837 primos
975 767 1176 835 absque
1219 764 1339 820 ullis
1362 765 1614 819 horarum
1645 766 1723 818 di-

153 854 539 918 mensionihus,
588 864 645 909 ut
673 856 1074 924 pote'nondum
1111 853 1266 909 factis
1320 854 1602 918 sideribus,
1634 871 1722 908 cu-

151 946 410 1001 currisse.
436 946 638 1014 Quarto
682 948 894 1002 demum
941 962 1121 1012 mane,
1152 946 1253 999 hoc
1283 955 1383 1009 est,
1414 946 1724 1000 duodecima

152 1034 275 1089 Kal.
306 1036 527 1106 Aprilis,
554 1037 633 1093 sol
669 1047 724 1092 et
753 1036 925 1092 sidera
956 1037 1169 1093 condita
1198 1045 1341 1099 sunt,
1370 1045 1425 1089 ut
1468 1046 1647 1090 essent
1671 1037 1723 1091 in

150 1126 307 1197 signa
340 1134 393 1182 et
417 1135 655 1198 tempora
692 1136 745 1182 et
775 1128 889 1182 dies
910 1137 965 1182 et
986 1141 1173 1181 annos.

722 1236 947 1292 CAPUT
978 1236 1165 1291 XXIV.

719 1307 798 1361 De
824 1306 1168 1360 hebdomada.

222 1394 370 1449 DISC.
400 1394 741 1451 Hebdomada
780 1396 908 1465 quid
936 1396 1049 1451 est?
1090 1396 1229 1451 MAG.
1263 1396 1478 1467 Septem
1519 1399 1723 1453 dierum

147 1500 363 1540 cursus.
414 1484 558 1541 Drsc.
614 1486 767 1543 Unde
819 1488 1015 1542 dicitur
1069 1488 1438 1545 hebdomada?
1489 1490 1625 1547 MAG.
1679 1492 1724 1545 A

148 1577 460 1648 septenario
482 1578 664 1649 utique
686 1594 909 1634 numero
927 1580 1258 1636 hebdomada
1283 1594 1474 1637 nomen
1497 1581 1722 1651 accepit.

146 1665 288 1721 Nam
318 1666 651 1723 hebdomada
678 1666 887 1732 Graece,
936 1669 1232 1738 septimana
1279 1669 1475 1725 dicitur
1515 1669 1723 1733 Latine,

1827 510 1988 549 unum
2022 496 2179 555 finem
2211 506 2471 568 spectant,
2506 514 2602 553 nos
2623 499 2836 569 quidem
2878 505 3243 572 admonentes,
3272 516 3395 577 post

1823 601 2043 654 operum
2091 587 2351 643 bonorum
2395 588 2801 659 perfectionem,
2851 592 2904 644 in
2959 592 3188 663 Spiritus
3222 597 3393 652 sancti

1824 676 1990 744 gratia
2014 689 2322 747 perpetuam
2345 695 2565 750 sperare
2586 681 2840 749 quietem.

2394 767 2619 823 CAPUT
2655 769 2843 824 xxvr
2921 839 2930 851 ε

2216 855 2289 908 De
2322 858 2742 913 denominalione
2776 860 2998 945 dierum.
3072 902 3085 909 -

1898 944 2041 999 DISC.
2071 942 2199 1010 Qua:
2230 951 2409 997 autem
2459 945 2529 999 sit
2572 956 2717 1001 recta
2742 942 2803 1003 et
2846 951 3153 1006 authentica
3187 951 3393 1007 dierum

1828 1032 2176 1088 hebdomadas
2222 1034 2550 1101 nuncupatio
2597 1034 2795 1103 profer.
2858 1037 2996 1096 ΜΑο.
3052 1041 3395 1097 Hebdomatla

1826 1139 1953 1195 ergo
1977 1123 2273 1195 antiquitus
2300 1123 2377 1177 sic
2403 1124 2813 1192 computabatur
2839 1127 2890 1180 in
2921 1130 3113 1197 populo
3143 1132 3256 1186 Dei.
3282 1132 3397 1186 Pri-

1828 1228 1912 1266 ma
1957 1212 2185 1276 sabbati,
2216 1211 2301 1265 vel
2329 1227 2433 1266 una
2479 1212 2707 1280 sabbati,
2759 1214 2870 1271 sive
2913 1217 3278 1286 sabbatorum,
3310 1238 3395 1277 se-

1827 1303 1999 1357 cunda
2028 1303 2256 1368 sabbati,
2286 1303 2442 1358 tertia
2478 1304 2711 1371 sabbati,
2741 1318 2932 1376 quarta
2962 1307 3189 1376 sabbati,
3215 1313 3398 1380 quinta

1827 1394 2056 1458 sabbati,
2074 1403 2224 1449 sexta
2245 1394 2477 1460 sabbati,
2496 1396 2718 1465 septima
2736 1398 2967 1465 sabbati,
2991 1400 3073 1455 vel
3095 1400 3395 1456 sabbatum.

1828 1486 1942 1540 Non
1994 1487 2137 1556 quod
2178 1502 2363 1542 omnes
2414 1487 2779 1556 sabbatorum,
2814 1490 2917 1545 hoc
2967 1498 3077 1557 est,
3113 1492 3399 1560 requietio-

1828 1594 1955 1632 num
1984 1578 2098 1633 dies
2142 1593 2261 1633 esse
2283 1579 2587 1648 potuerint;
2626 1584 2718 1635 sed
2763 1580 2905 1651 quod
2945 1596 2975 1636 a
3006 1582 3398 1651 requietionum

1830 1668 1937 1732 die,
1960 1683 2077 1737 quae
2104 1683 2202 1723 suo
2233 1670 2377 1723 cultu
2422 1678 2477 1729 et
2512 1671 3043 1743 nominesingularis
3080 1674 3396 1739 excellebat,

146 1773 216 1813 eo
246 1758 388 1827 quod
426 1766 628 1828 septem
673 1770 884 1823 manes,
928 1758 981 1813 id
1025 1769 1127 1823 est,
1156 1760 1270 1814 dies
1317 1770 1538 1829 septem,
1565 1760 1616 1812 in
1665 1775 1722 1814 se
1754 1747 1797 1805 Β
1826 1757 1997 1825 prima
2024 1756 2109 1811 vel
2142 1758 2374 1813 secunda
2403 1758 2486 1815 vel
2514 1761 2671 1813 tertia
2701 1760 2786 1815 vel
2815 1771 3022 1816 castora:
3057 1776 3153 1817 suo
3176 1778 3400 1833 quaeque

142 1846 545 1917 complectitur.

722 1935 949 1992 CAPUT
988 1936 1152 1991 XXV.

510 2026 589 2081 De
619 2027 884 2098 speciebus
912 2026 1372 2082 hebdomadarum.

218 2116 365 2179 Drsc,
405 2115 747 2173 Hebdomada
776 2116 1055 2188 speciebus
1082 2116 1361 2173 uniformis
1390 2133 1457 2172 an
1492 2116 1728 2189 polyfor-

146 2208 253 2261 mis
298 2207 416 2262 est?
460 2206 599 2264 MAG.
649 2206 970 2278 Polyformis
1021 2208 1224 2278 utique,
1261 2208 1385 2277 quia
1438 2206 1729 2278 Scriptura:

147 2305 354 2352 sancta:
371 2297 692 2352 auctoritate
717 2297 901 2352 multis
921 2297 1199 2368 speciebus
1219 2304 1303 2351 est
1318 2296 1562 2369 insignis.
1580 2296 1723 2352 Drsc.

144 2385 463 2454 Quomodo?
489 2386 841 2444 Mac.'Prima
899 2402 1025 2458 ergo
1054 2401 1118 2442 ac
1166 2386 1453 2459 singularis
1479 2387 1567 2442 illa
1600 2388 1729 2444 beb-

145 2478 403 2545 domada,
426 2488 480 2533 et
510 2494 540 2533 a
570 2493 674 2548 qua
701 2487 910 2534 cteterae
950 2477 1179 2533 formam
1210 2484 1518 2545 capessunt,
1549 2477 1727 2532 divina

146 2579 235 2627 est
261 2571 584 2642 operatione
629 2570 875 2626 sublimis
907 2588 920 2623 :
947 2570 1073 2639 quia
1117 2570 1375 2624 Dominus
1402 2583 1495 2624 sex
1544 2569 1729 2623 diebus

144 2663 336 2718 mundi
362 2671 612 2718 ornatum
632 2662 925 2732 complens,
950 2662 1173 2730 septima
1213 2660 1474 2729 requievit
1516 2661 1582 2715 ab
1602 2675 1730 2730 ope-

146 2752 301 2807 ribus
328 2752 461 2807 suis.
491 2750 574 2806 Ad
599 2750 757 2821 hujus
780 2750 1085 2821 exemplum
1132 2748 1325 2804 divina:
1357 2749 1728 2813 hebdomadis,

146 2841 387 2897 secunda
438 2841 746 2897 hominibus
791 2841 1126 2897 observanda
1168 2841 1473 2906 mandatur,
1520 2842 1730 2896 dicente

145 2932 381 2987 Domino
413 2948 426 2985 :
459 2929 563 2987 Sex
582 2930 763 2985 diebus
790 2930 1086 3001 aperaberis
1113 2938 1161 2984 et
1189 2930 1350 3000 facies
1377 2930 1549 2984 omnia
1574 2946 1730 3000 opera

144 3033 259 3076 tua.
289 3021 518 3092 Septima
553 3032 724 3077 autem
772 3022 855 3076 die
880 3022 1081 3076 sabbati
1109 3020 1325 3076 Domini
1356 3021 1453 3077 Dei
1500 3023 1578 3077 tui
1624 3038 1727 3076 non

1828 1854 2177 1901 censerentur
2205 1848 2415 1903 ordine.
2447 1848 2592 1904 Drsn.
2620 1850 2684 1904 Et
2712 1851 2853 1906 unde
2896 1851 3012 1907 ista:
3047 1854 3400 1923 nuncupatio-

1829 1951 1944 2001 nes,
1975 1952 2199 2006 quarum
2236 1937 2479 1993 moderni
2527 1946 2768 2005 utuntur,
2811 1942 3101 1999 venerunt?
3147 1942 3289 2000 MAG.
3317 1943 3397 1998 Ex

1830 2026 2046 2096 antiqua
2102 2027 2309 2083 scilicet
2362 2029 2698 2084 ethnicorum
2756 2032 3151 2102 superstitione.
3201 2034 3396 2089 Verum

1829 2133 1950 2171 cum
1981 2119 2207 2189 gentiles
2235 2121 2664 2177 observationem
2692 2136 2723 2177 a
2758 2123 2954 2195 populo
3000 2123 3165 2181 Israel
3192 2126 3397 2181 hebdo-

1830 2208 2001 2262 madis
2029 2209 2348 2277 ediscerent,
2391 2201 2681 2268 mox'hanc
2717 2212 2771 2267 in
2800 2212 3010 2269 laudem
3049 2229 3268 2271 suorum
3309 2215 3398 2270 de-

1829 2293 2026 2351 llexere
2049 2297 2290 2364 deorum,
2323 2299 2550 2369 primam
2578 2300 2824 2355 videlicet
2865 2302 3002 2357 diem
3042 2300 3176 2368 Soli,
3207 2318 3398 2359 secun-
3483 2360 3485 2362 .

1830 2387 1951 2441 dam
1978 2386 2161 2452 Lunze,
2197 2389 2409 2443 tertiam
2442 2388 2618 2455 Marti,
2653 2400 2896 2459 quartam
2932 2390 3216 2457 Mercuﬁo,
3243 2392 3400 2462 quin-

1831 2484 1939 2529 tam
1958 2475 2092 2539 Jovi,
2121 2486 2324 2531 sextam
2347 2478 2563 2543 Veneri,
2578 2480 2858 2548 septimam
2882 2478 3113 2535 Saturno
3133 2481 3397 2544 dicantes,

1829 2565 2029 2620 eisdem
2059 2567 2243 2636 utique
2268 2567 2524 2622 monstris
2570 2583 2695 2622 suos
2721 2568 2835 2623 dies
2864 2569 3058 2637 quibus
3081 2576 3136 2624 et
3160 2571 3398 2624 errantia

1831 2656 2006 2710 sidera
2027 2666 2427 2712 consecrantes.
2453 2657 2847 2711 Existimabam
2875 2658 3019 2711 enim
3051 2671 3109 2711 se
3135 2657 3334 2713 habere
3367 2676 3398 2713 a

1833 2744 1957 2800 Sole
1984 2744 2248 2815 Spiritum,
2282 2760 2311 2798 a
2338 2746 2489 2799 Luna
2534 2760 2749 2815 corpus,
2778 2760 2806 2799 a
2834 2745 3001 2800 Marte
3046 2744 3332 2811 fervorem,
3368 2763 3399 2801 a

1833 2833 2094 2890 Mercurio
2120 2836 2436 2906 sapientiam
2480 2845 2537 2891 et
2566 2837 2805 2901 verbum,
2850 2852 2880 2891 a
2919 2835 3051 2893 Jove
3101 2846 3400 2909 temperan-

1834 2924 1986 2990 tiam,
2029 2940 2059 2979 a
2091 2924 2302 2980 Venere
2350 2924 2696 2996 voluptatem,
2745 2941 2775 2981 a
2805 2926 3037 2984 Saturno
3072 2929 3395 2984 tarditatem.

1834 3015 1903 3069 Et
1924 3017 1992 3071 ob
2014 3016 2116 3071 hoc
2145 3023 2295 3071 tanto
2321 3016 2494 3072 errori
2525 3030 2583 3072 se
2631 3016 2917 3083 dederunt,
2942 3018 3200 3090 eligentes
3225 3019 3401 3090 potius

144 3113 315 3183 facias
343 3128 491 3167 omne
519 3130 669 3184 opus,
695 3121 751 3168 et
779 3114 1001 3183 reliqua.
1038 3113 1219 3169 Tertia
1268 3114 1474 3184 species
1519 3114 1720 3169 hebdo-
1754 3094 1797 3156 (Σ
1830 3105 2034 3161 scrvil'e
2060 3114 2325 3162 creatura:
2355 3122 2516 3177 quam
2542 3106 2807 3162 Creatori.

143 3202 323 3258 madis
351 3202 403 3257 in
428 3204 791 3260 celebratione
818 3203 1162 3259 Pentecostes
1193 3203 1390 3276 agitur,
1419 3212 1624 3275 septem
1646 3204 1727 3258 vi—

143 3291 345 3348 delicet
365 3292 679 3361 septimanis
705 3292 912 3349 dierum
938 3303 994 3348 et
1032 3294 1280 3357 monade,
1312 3294 1415 3349 hoc
1441 3300 1542 3357 est,
1566 3294 1723 3364 quin-

145 3374 407 3455 quaginta
429 3384 616 3440 diebus
643 3385 879 3455 impleta.
910 3384 1024 3452 Qua
1048 3384 1135 3439 die
1160 3393 1220 3440 et
1235 3383 1443 3456 Moyses
1470 3385 1523 3439 in
1546 3392 1725 3440 monte

146 3474 321 3544 legem
346 3490 376 3528 a
404 3475 630 3531 Domino
653 3475 878 3545 accepit,
903 3482 958 3529 et
978 3473 1225 3530 Christus
1252 3474 1303 3528 in
1330 3474 1524 3545 linguis
1558 3476 1726 3545 igneis

146 3564 385 3635 Spiritus
422 3564 594 3619 sancti
646 3564 877 3636 gratiam
923 3564 989 3617 de
1012 3562 1149 3619 coelo
1181 3564 1346 3618 misit.
1378 3564 1575 3630 Quarta
1607 3578 1726 3633 sep-

149 3654 271 3709 timi
334 3654 540 3709 mensis
592 3662 710 3711 erat
756 3654 1110 3719 hebdomada,
1149 3654 1240 3723 qui
1300 3653 1727 3709 solemnitatibus

143 3744 426 3817 praclaris
475 3759 613 3814 pene
659 3751 803 3800 totus
830 3745 1248 3814 expendebatur,
1274 3744 1488 3814 quando
1521 3752 1576 3798 et
1615 3742 1728 3797 dies

144 3835 548 3906 propitiationis
595 3846 651 3890 et
693 3834 956 3889 festivitas
1005 3824 1494 3890 Tabernaculorum
1540 3848 1727 3888 secun-

144 3925 276 3980 dum
309 3924 483 3994 legem
530 3923 960 3980 celebrabantur.
1012 3923 1206 3990 Quinta
1264 3924 1597 3979 hebdomada
1644 3931 1727 3978 est

144 4015 369 4086 septimi
396 4015 542 4089 anni,
567 4030 673 4084 quo
702 4022 813 4069 toto
839 4014 1065 4084 populus
1100 4015 1167 4069 ab
1183 4015 1519 4085 agriculandi
1563 4029 1725 4084 opere
1767 4023 1771 4027 '

146 4106 285 4178 legis
333 4106 558 4177 imperio
585 4104 830 4170 vacabat,
887 4105 1098 4160 dicente
1126 4105 1393 4160 Domino;
1426 4103 1533 4159 Sea:
1571 4108 1723 4158 annis

143 4214 286 4252 seres
314 4213 501 4269 agrum
527 4207 694 4262 tuum,
722 4198 937 4267 septimo
966 4196 1206 4252 cessabis.
1258 4196 1420 4253 Sexta
1464 4198 1588 4252 anni
1632 4198 1723 4254 Jus

144 4283 308 4353 hilari,
373 4290 477 4345 hoc
530 4295 614 4343 est
656 4287 1025 4354 remissionis,
1076 4287 1407 4343 bebdomada
1455 4296 1725 4358 est,.quae

144 4390 360 4453 septem
382 4379 803 4436 hebdomadibus
824 4395 1105 4445 annorum,
1127 4379 1231 4435 hoc
1248 4387 1349 4445 est,
1370 4380 1725 4449 quadraginta

2378 3218 2603 3275 CAPUT
2644 3218 2850 3273 XXVII.

2474 3289 2551 3343 De
2572 3290 2739 3358 feriis.

1898 3380 2039 3435 DlSC.
2078 3378 2183 3434 Sed
2215 3380 2259 3433 si
2303 3378 2476 3433 errori
2521 3379 2646 3433 huic
2691 3377 2905 3447 aliquod
2948 3378 3397 3434 medicamentum

1825 3471 1916 3537 sit,
1962 3470 2067 3537 dic.
2104 3467 2242 3525 Mss.
2273 3468 2553 3523 Inventum
2602 3475 2685 3523 est
2730 3468 2930 3539 utique.
2977 3466 3112 3523 Nam
3141 3468 3399 3525 Silvester

1824 3576 1959 3631 papa
1997 3560 2161 3616 ferias
2182 3560 2383 3616 habere
2417 3560 2623 3615 clerum
2665 3560 2897 3615 edocuit.
2929 3559 2996 3616 Et
3018 3553 3396 3633 primam'qui-
3456 3608 3460 3613 .

1826 3653 1947 3705 dem
1993 3652 2153 3716 diem,
2200 3666 2303 3722 qua
2335 3659 2391 3706 et
2438 3652 2529 3705 lux
2560 3652 2613 3705 in
2645 3651 2907 3722 principio
2946 3651 3086 3709 facta
3114 3661 3170 3708 et
3196 3652 3412 3710 Christi.

1826 3743 2332 3797 estresurrectione
2377 3741 2677 3806 celebrata,
2704 3757 2853 3797 more
2905 3744 3125 3814 antiquo
3155 3744 3397 3800 Domini-

1820 3839 1943 3887 cam
1980 3834 2323 3904 nuncupavit.
2348 3832 2481 3887 Dein
2509 3833 2799 3887 secundam
2840 3832 3054 3898 feriam,
3080 3833 3294 3889 tertiam
3323 3835 3400 3891 fe-

1827 3925 1991 3996 riam,
2014 3934 2262 3994 quartam
2284 3924 2496 3991 feriam,
2518 3918 2760 3994 quintam
2786 3923 2972 3980 feriam
2995 3936 3049 3981 et
3071 3934 3303 3992 sextam,
3333 3929 3400 3983 de

1826 4029 1923 4068 suo
1949 4022 2243 4069 annectcns
2263 4015 2542 4069 sabbatum
2563 4029 2629 4069 ex
2668 4017 3123 4087 veteri'scriptura
3155 4009 3397 4073 retinuit.

1800 4105 1967 4183 \DISC.
2002 4105 2152 4160 Unde
2185 4106 2383 4161 dicitur
2411 4104 2583 4160 feria?
2632 4106 2769 4163 MAG.
2794 4107 2839 4162 A
2883 4108 3045 4166 fando
3082 4110 3305 4168 scilicet.
3335 4113 3404 4168 Et

1826 4194 1943 4249 ideo
1992 4194 2299 4248 Dominicus
2341 4194 2479 4260 dies,
2506 4195 2562 4249 in
2606 4209 2716 4265 quo
2760 4197 2893 4251 dixit
2945 4198 3087 4254 Deus
3114 4198 3240 4254 Fiat
3282 4198 3398 4266 [ιε.

1826 4285 1997 4353 prima
2024 4283 2156 4339 feria
2185 4282 2291 4339 dici
2320 4293 2520 4367 potest.
2543 4280 2745 4340 Deinde
2771 4293 2977 4341 caeteras
2998 4288 3144 4344 ferite
3173 4305 3203 4344 a
3226 4292 3399 4359 prima

1830 4382 2198 4429 numerantur.
2249 4372 2395 4429 Drsc.
2464 4373 2805 4430 Hebdomada
2861 4391 2991 4446 ergo
3053 4386 3185 4447 quot
3233 4378 3399 4435 horas

146 4440 348 4527 novem
396 4472 573 4536 annis,
624 4470 842 4545 texitur.
893 4468 1008 4537 Qua
1041 4440 1269 4541 expleta,
1300 4440 1407 4526 hoc
1436 4479 1541 4536 est,
1571 4440 1727 4540 quin-
1756 4440 1805 4499 Π
1831 4468 2106 4524 continet?
2157 4466 2295 4522 ΜΑα.
2341 4482 2540 4522 cuvu.
2599 4469 2740 4523 Disc.
2772 4468 2914 4536 Quot
2962 4472 3224 4539 punctos?
3253 4471 3393 4527 MAG.

141 4561 463 4633 quagesimo
490 4559 703 4616 demum
735 4575 877 4615 anno
911 4556 1221 4631 incipiente,
1247 4560 1384 4616 tubae
1415 4560 1613 4617 clarius
1635 4576 1723 4632 re-

145 4653 438 4718 sonabant,
462 4660 517 4707 et
558 4654 622 4708 ad
643 4667 835 4708 omnes
855 4651 1009 4722 juxta
1041 4652 1209 4725 legem
1252 4654 1519 4722 possessio
1544 4669 1742 4709 rever-'

147 4743 366 4798 tebatur
419 4744 659 4813 antiqua.
709 4741 949 4815 Septima
996 4744 1204 4815 species
1250 4744 1594 4799 hebdomadis
1640 4753 1726 4799 est

143 4849 255 4905 qua
294 4836 556 4906 propheta
586 4835 771 4891 Daniel
803 4836 992 4901 utitur,
1021 4850 1172 4890 more
1213 4834 1427 4904 quidem
1455 4834 1589 4907 legis
1638 4850 1723 4890 se-

143 4924 326 4993 ptenis
359 4926 516 4980 annis
556 4925 792 4996 singulas
834 4925 1191 4994 complectens
1220 4924 1599 4990 hebdomadas,
1629 4926 1722 4979 sed

144 5028 290 5068 nova
320 5014 533 5069 ratione
562 5015 708 5084 ipsos
727 5029 899 5069 annos
926 5014 1265 5078 abbrevians,
1296 5012 1554 5071 duodenis
1571 5013 1720 5066 vide—

144 5102 275 5156 licet
301 5104 574 5158 mensibus
618 5103 756 5159 lunae
792 5103 1030 5174 singulos
1073 5104 1453 5160 determinans.
1488 5102 1720 5158 Emboli—

144 5206 295 5247 smos
315 5207 443 5246 vero
466 5209 694 5258 menses,
726 5194 817 5262 qui
844 5194 912 5248 de
936 5195 1094 5250 annis
1129 5195 1377 5250 undecim
1410 5202 1719 5263 epactarum

144 5270 339 5337 diebus
367 5295 679 5336 accrescere
719 5282 912 5347 solent,
955 5298 1060 5337 non
1108 5284 1223 5355 lege
1250 5284 1422 5353 patria
1455 5284 1611 5337 tertio
1640 5282 1721 5336 vel

144 5372 320 5427 altero
348 5384 489 5424 anno
518 5370 759 5442 singulos
798 5370 1075 5439 adjiciens,
1103 5374 1199 5428 sed
1240 5374 1329 5429 ubi
1377 5374 1443 5428 ad
1470 5374 1720 5428 duodeci-

144 5476 292 5517 mum
321 5474 605 5515 numerum
633 5462 969 5530 augescendo
988 5463 1350 5531 pervenirent,
1381 5478 1477 5532 pro
1514 5464 1719 5531 integro

144 5541 290 5608 nimo
315 5550 524 5621 pariter
556 5551 903 5607 interserens.
930 5551 1071 5607 Drsc.
1096 5551 1152 5606 Si
1177 5553 1257 5607 hic
1282 5561 1487 5622 septem
1516 5556 1721 5623 species

148 5643 602 5700 hebdomadarum
630 5642 831 5713 aliquid
857 5644 1140 5713 mysticum
1167 5645 1489 5715 signiﬁcent,
1516 5662 1639 5716 rogo
1664 5654 1720 5700 ut

542 5735 813 5798 Ριτιιιοι..
848 5733 1034 5795 CVII.

1830 4576 2024 4617 ncsxn.
2080 4560 2224 4614 Disc.
2279 4558 2420 4627 Quot
2474 4560 2711 4615 minuta?
2755 4560 2894 4617 MAG.
2943 4563 3192 4619 i‘ocuxx.
3250 4564 3395 4620 Dtsc.

1829 4651 1967 4718 Quot
2015 4648 2411 4721 partes?.M.ts.
2462 4648 2634 4705 Tinxx.
2694 4649 2836 4705 Dtsc.
2894 4651 3036 4719 Quot
3091 4656 3401 4709 momenta?

1826 4739 1964 4797 MAG.
2012 4741 2269 4797 iii'nccxx.
2318 4743 2463 4797 Dtsc.
2512 4739 2654 4807 Quot
2699 4742 2952 4797 ostenta?
3000 4742 3137 4799 MAG.
3192 4742 3396 4800 ῐιιιι.

1826 4831 1970 4887 Dlsc.
1993 4830 2134 4898 Quot
2161 4830 2406 4886 atomos?
2425 4830 2562 4887 ΜΑς.
2587 4832 2667 4888 iii.
2697 4831 2861 4886 millia
2887 4831 3110 4885 millium
3133 4838 3187 4886 et
3205 4831 3394 4887 bccfa.

1827 4924 2005 4975 νέαις.

2365 5008 2589 5066 CAPUT
2628 5009 2855 5064 XXVIII.

2424 5098 2496 5152 De
2524 5100 2803 5163 mensibus.

1895 5188 2037 5243 Disc.
2068 5187 2267 5243 Mensis
2294 5189 2422 5259 quid
2470 5191 2589 5245 est?
2622 5190 2760 5246 Mm.
2790 5192 3018 5247 Lunaris
3062 5206 3158 5261 per
3206 5192 3391 5247 zodia-

1826 5294 1946 5333 cum
1995 5279 2268 5334 circuitus.
2305 5279 2448 5336 Dtsc.
2487 5281 2636 5337 Unde
2675 5282 2871 5338 dicitur
2906 5282 3134 5338 mensis?
3164 5280 3301 5338 Mss.
3346 5281 3391 5335 Δ

1826 5370 1970 5435 luna,
1996 5384 2114 5437 que
2134 5370 2320 5426 Graeco
2342 5387 2590 5431 sermone
2612 5392 2756 5431 mene
2775 5376 2987 5431 dicitur.
3013 5372 3147 5428 Nam
3176 5383 3231 5429 et
3250 5374 3391 5444 apud

1824 5474 1917 5515 eos
1942 5475 2153 5515 menses
2173 5473 2433 5519 vocantur
2457 5481 2658 5521 menes.
2686 5467 2835 5522 Sicut
2862 5477 2916 5520 et
2950 5464 3088 5537 apud
3116 5462 3389 5528 Bebrcos.

1826 5550 2150 5621 Hieronymo
2179 5559 2334 5620 teste,
2366 5571 2491 5621 una,
2522 5572 2682 5627 quam
2720 5556 2843 5610 Jare
2869 5556 3165 5620 nominant,
3194 5555 3388 5610 mensi-

1824 5645 1922 5697 bus
1944 5657 2138 5696 nomen
2164 5643 2324 5699 dedit.
2354 5647 2502 5702 Unde
2530 5656 2581 5700 et
2612 5646 2765 5701 Iesus
2790 5646 2929 5700 [ilius
2955 5644 3144 5700 Sirach
3173 5646 3239 5701 de
3268 5645 3389 5700 luna

1934 5750 1940 5755 η
2800 5741 2882 5799 22
