3948 6316
492 216 599 269 695

1140 207 1197 260 ll.
1245 206 1495 261 RABANI
1538 207 1755 262 MAURI
1794 206 2109 261 ARClillﬁl’.
2154 204 2458 260 MOGUNT.
2496 204 2776 263 OPERUM
2818 207 2994 263 PARS
3035 208 3074 262 Ι.

3641 210 3745 265 68.5

488 328 713 397 loquens
743 328 818 381 ait
852 344 864 379 :
896 324 1090 378 Iliensis
1135 323 1418 376 secundum
1450 324 1634 374 nomen
1662 330 1734 373 est
1762 314 1895 386 ejus.
1926 318 2068 370 Drsc.
2102 322 2147 375 Λ
2179 330 2413 369 mensem
2445 317 2529 371 cui
2561 294 2822 371 mensium
2860 290 3221 372 Romanorum
3250 318 3556 373 rectissime
3583 317 3751 385 depu-

492 418 681 475 Utrum
702 416 769 470 ad
801 415 969 470 solem
991 429 1057 466 an
1083 413 1263 467 lunam
1289 412 1489 467 mensis
1527 408 1793 480 pertinet?
1821 407 1960 460 Mss.
1987 405 2069 459 Ad

493 520 768 581 utrosque,
797 508 892 563 sed
936 508 1109 579 magis
1139 507 1203 560 ad
1250 507 1448 558 lunam.
1492 503 1718 569 Ideoque
1750 498 1953 553 rectius
1996 498 2071 551 ita

488 596 855 655 diffiuiendum
882 599 1033 670 puto,
1064 598 1205 668 quod
1240 594 1440 649 mensis
1488 592 1559 645 sit
1597 589 1814 644 luminis
1866 588 2071 642 lunaris

490 692 767 757 circuitus,
798 706 861 745 ac
883 687 1263 757 rediutcgratio
1284 684 1349 737 de
1374 696 1509 736 nova
1534 680 1600 734 ad
1626 694 1839 734 novam.
1864 677 2073 732 Solaris

489 791 670 836 autem
720 781 923 836 mensis
948 776 1206 849 digressio
1246 773 1372 828 solis
1422 780 1503 827 est
1549 785 1646 840 per
1699 770 2069 824 duodecimam

485 879 694 942 partem
739 868 965 933 zodiaci,
992 867 1042 920 id
1066 868 1172 930 est,
1202 862 1445 935 signiferi
1471 860 1677 926 circuli,
1703 876 1823 930 qua:
1852 860 2069 930 triginta

458 964 463 969 ’
486 966 686 1020 diebus
704 974 760 1020 et
778 965 958 1019 decem
985 959 1148 1014 semis
1177 957 1325 1013 horis
1351 956 1627 1025 impletur,
1653 954 1840 1025 viginti
1864 954 2071 1009 duabus

488 1056 738 1110 videlicet
761 1052 908 1108 boris
952 1064 1015 1103 ac
1039 1047 1263 1103 dimidia
1305 1045 1479 1101 lunari
1515 1059 1699 1099 mense
1734 1042 2063 1114 productior.

486 1145 763 1215 Siquidem
794 1139 985 1195 solaris
1033 1137 1238 1192 mensis
1278 1152 1428 1206 :equa
1474 1134 1738 1190 divisione
1778 1141 1890 1190 toto
1926 1148 2069 1187 anno

482 1252 582 1306 per
611 1233 890 1289 duodecim
934 1230 1139 1301 partito
1183 1227 1426 1283 continet
1467 1224 1583 1279 dies
1609 1224 1851 1295 triginta,
1882 1224 2067 1278 decem

486 1331 646 1383 horas
674 1341 739 1380 ac
758 1324 1060 1380 semissem.
1082 1320 1313 1376 Lunaris
1332 1331 1462 1373 vero
1484 1316 1725 1372 continet
1750 1314 2071 1369 naturaliter

484 1422 601 1475 dies
627 1417 817 1487 viginti
844 1428 1036 1471 novem
1060 1420 1116 1467 et
1136 1408 1420 1465 duodecim
1452 1408 1636 1462 horas.
1670 1403 1777 1460 Sed
1797 1403 1924 1473 quia
1952 1404 2067 1457 haec

483 1508 816 1580 computatio
863 1503 1093 1560 diilicilis
1125 1501 1247 1567 fuit,
1299 1499 1509 1568 antiqui
1560 1498 1928 1551 Romanorum
1961 1494 2068 1548 de-

482 1601 774 1657 cernebant
800 1598 1010 1665 aliquos
1038 1593 1298 1650 solarium
1320 1590 1588 1646 mensium
1618 1589 1735 1671 dies
1756 1588 1958 1642 habere
1979 1586 2070 1640 tri-

2178 404 2389 458 tamus?
2419 404 2556 459 Illac.
2585 403 2783 474 Aprilis
2811 404 3061 459 videlicet
3090 423 3101 458 :
3132 407 3256 474 quia
3298 407 3350 460 in
3392 420 3459 461 eo
3486 414 3583 461 aut
3621 406 3750 461 luna

2115 498 2118 502 λ
2173 494 2441 563 paschalis
2489 492 2699 561 linitur;
2744 502 2839 549 aut
2867 494 2921 549 in
2967 509 3032 551 eo
3076 496 3357 566 incipiens,
3392 512 3461 553 ex
3509 495 3750 553 maxima

2172 595 2325 655 parte
2353 585 2612 640 decurrit.

2742 676 2965 732 CAPUT
3010 671 3173 729 XXX.

2559 769 2637 823 De
2664 768 3031 839 Egyptiorum
3062 765 3339 820 mensibus.

2244 858 2390 914 Disc.
2420 858 2655 931 Egyptii
2701 873 2848 921 vero,
2872 872 3006 927 quos
3044 856 3112 915 ab
3136 855 3407 912 Abraham
3434 865 3650 911 constat
3678 857 3751 911 di~

2173 949 2368 1003 dicisse
2394 949 2760 1019 astrologiam,
2810 948 3076 1016 quomodo
3104 961 3317 1001 menses
3362 960 3495 1001 suos
3533 962 3753 1016 compu-

2175 1041 2323 1091 tant?
2350 1039 2487 1094 MAG.
2516 1038 2817 1093 Secundum
2853 1037 2982 1092 solis
3009 1038 3192 1105 utique
3220 1053 3462 1103 cursum,
3488 1047 3544 1092 et
3575 1039 3754 1108 singuo

2172 1131 2252 1186 los
2272 1146 2487 1187 menses
2509 1147 2636 1186 suos
2658 1132 2878 1185 tricenis
2901 1130 3181 1184 includunt
3202 1128 3409 1183 diebus.
3439 1130 3587 1184 Drsc.
3610 1130 3754 1195 Quo-

2173 1224 2333 1280 modo
2360 1238 2453 1278 cos
2476 1223 2700 1277 vocant?
2721 1221 2859 1277 Mss.
2888 1220 3126 1273 Primum
3148 1234 3273 1289 ergo
3304 1234 3568 1284 mensem,
3592 1236 3753 1289 quem

2173 1324 2437 1372 autumno
2464 1324 2721 1387 tempore,
2771 1314 2822 1367 id
2866 1320 2969 1379 est,
2997 1321 3189 1382 quarto
3229 1311 3346 1365 Kal.
3391 1310 3753 1381 Septembris,

2174 1409 2456 1481 incipiunt,
2492 1408 2668 1462 Tholh
2698 1413 2915 1471 vocant,
2963 1406 3256 1459 secundum
3299 1402 3489 1469 Faovi,
3537 1404 3756 1458 tertium

2171 1500 2362 1572 Athyr,
2413 1507 2663 1570 quartum
2708 1498 2942 1562 Cboeac,
2991 1497 3236 1566 quintum
3287 1496 3489 1561 Tbubi,
3543 1507 3756 1550 sextum

2170 1591 2390 1657 Methir,
2433 1591 2720 1662 septimum
2765 1588 3087 1653 Famenoth,
3137 1597 3387 1642 octavum
3439 1587 3755 1651 Farmutbi,

481 1694 629 1764 ginta
655 1708 713 1745 ur
733 1705 842 1755 um,
889 1688 1256 1758 aliquosvcro
1282 1683 1520 1755 triginta,
1551 1682 2066 1752 quemdamcautem
2094 1675 2141 1734 B
2172 1699 2375 1739 nonum
2404 1681 2662 1747 Pachom,
2694 1681 2961 1735 decimum
2998 1678 3189 1743 Pauni,
3218 1677 3566 1732 undecimum
3598 1676 3756 1746 Epiﬁ,

481 1783 671 1854 viginti
700 1789 842 1836 octo.
869 1779 1115 1834 Lunares
1160 1785 1362 1832 autem,
1397 1788 1613 1829 menses
1641 1787 1739 1827 sex
1785 1770 2069 1826 voluerunt

484 1877 685 1929 habere
705 1872 821 1927 dies
855 1870 1094 1941 triginta,
1121 1868 1256 1922 alios
1277 1879 1491 1936 quoque
1518 1878 1615 1920 sex
1643 1862 1831 1933 viginti
1854 1875 2066 1915 novem.

483 1971 628 2024 Drsc.
662 1967 762 2035 Qui
793 1973 918 2020 sunt
950 1964 1209 2018 solarium
1246 1960 1513 2015 mensium
1544 1955 1636 2026 qui
1664 1953 1882 2024 triginta
1901 1966 2069 2004 unum

482 2062 597 2115 dies
638 2056 869 2113 habent?
898 2055 1035 2109 Mss.
1067 2054 1309 2123 Septem,
1336 2050 1392 2104 id
1439 2056 1544 2113 est,
1590 2044 1899 2107 Januarius,
1931 2040 2072 2095 Mar-

484 2157 611 2217 tius,
656 2152 843 2214 Maius,
894 2147 1083 2212 Julius,
1126 2146 1420 2214 Augustus,
1458 2138 1714 2203 October,
1742 2143 1806 2201 et
1851 2135 2073 2189 Decem-

484 2250 599 2302 ber.
652 2242 942 2309 Drsc..Qui
994 2250 1121 2295 sunt
1172 2238 1264 2308 qui
1318 2233 1573 2305 triginta?
1613 2231 1751 2287 Msa.
1805 2228 2065 2296 Quatuor.

485 2336 704 2413 Aprilis,
728 2329 1295 2400 Juuius,Scptember,
1318 2334 1373 2381 et
1398 2324 1718 2378 November.
1744 2318 2073 2375 Februarius

487 2410 621 2482 vero
641 2425 790 2480 solus
830 2420 1022 2491 viginti
1071 2428 1194 2475 octo
1218 2417 1331 2471 dies
1373 2414 1552 2469 habet.
1594 2412 1737 2467 Drsc.
1775 2409 2072 2464 Lunarium

486 2515 753 2571 mensium
780 2526 918 2582 quos
942 2509 1080 2569 dicis
1126 2507 1328 2562 habere
1365 2504 1482 2558 dies
1522 2501 1776 2571 triginta?
1805 2499 1946 2554 Msa.
1967 2498 2074 2553 Lu-

485 2626 611 2665 nam
642 2605 885 2664 Januarii
906 2602 1109 2659 mensis
1134 2608 1191 2655 et
1211 2598 1412 2662 Martii,
1429 2594 1556 2650 Maii
1582 2602 1638 2650 et
1662 2592 1811 2658 Julii,
1827 2591 2095 2661 Septem—'

485 2705 606 2758 bris.
628 2710 682 2757 et
706 2697 1044 2755 Novembris.
1075 2694 1220 2749 DISC.
1254 2690 1357 2758 Qui
1388 2697 1514 2745 sunt
1543 2688 1635 2758 qui
1665 2685 1852 2759 viginti
1880 2695 2075 2738 novem

490 2791 709 2849 tenent?
754 2790 894 2845 MAG.
928 2786 1123 2843 Caeteri
1145 2797 1356 2840 omnes.
1390 2780 1537 2835 DISC.
1566 2777 1671 2846 Qui
1708 2774 1869 2847 primi
1914 2772 2077 2827 ratio-

488 2901 610 2941 nem
656 2881 921 2937 mensium
964 2874 1321 2934 invenerunt?
1375 2871 1516 2927 Msa.
1565 2868 1631 2923 Ni
1682 2865 1860 2932 fallor,
1917 2862 2075 2919 Chal-

489 2977 611 3039 daei,
642 2990 669 3027 a
701 2971 898 3043 quibus
940 2977 1054 3025 tota
1090 2964 1397 3034 astrologia:
1439 2960 1725 3031 disciplina
1768 2956 1952 3026 coepit.
1998 2953 2076 3008 De

489 3024 688 3138 quibus
708 3024 1010 3117 1Abrabam
1058 3024 1394 3130 patriarcha,
1427 3061 1486 3105 ut
1511 3024 1776 3120 Iosephus
1822 3024 2073 3109 testatur,
2104 3024 2148 3087 (ἶ

490 3160 713 3213 edoctus
740 3154 911 3207 Deum
957 3148 1081 3205 caeli
1133 3147 1373 3202 siderum
1418 3140 1771 3197 conversione
1807 3133 2078 3206 cognovit,

493 3250 771 3319 ipsamque
841 3255 966 3295 mox
1031 3234 1375 3304 disciplinam
1434 3229 1685 3284 veracius
1752 3224 2081 3281 intellectam

493 3314 884 3408 Egyptiorum,
912 3343 1033 3383 cum
1062 3325 1203 3396 apud
1226 3339 1319 3378 eos
1346 3319 1643 3383 exsularet,
1676 3315 1821 3386 genti
1843 3314 2078 3370 advexit.

494 3430 599 3484 Sed
632 3427 757 3481 licet
778 3422 1061 3491 Scriptura
1095 3416 1272 3488 palam
1302 3428 1409 3468 non
1437 3411 1606 3475 dicat,
1638 3417 1819 3463 tamen
1859 3421 1967 3460 non
2000 3412 2085 3460 est

493 3517 821 3579 credendum
848 3512 1124 3580 antiquos,
1162 3507 1253 3577 qui
1295 3513 1419 3559 ante
1464 3501 1723 3559 diluvium
1772 3508 1948 3562 erant,
1987 3497 2085 3551 hu-

488 3616 577 3685 jus
607 3610 815 3682 peritiae
838 3608 1053 3679 penitus
1088 3610 1339 3672 expertes
1371 3598 1556 3663 fuisse,
1596 3610 1717 3652 cum
1759 3592 2001 3663 plerique
2027 3588 2084 3642 il-

494 3684 669 3761 lorum
726 3701 837 3756 Deo
884 3697 1151 3768 placuisse
1199 3695 1471 3764 leguntur,
1524 3689 1665 3744 sicut
1704 3684 1839 3741 Abel
1879 3684 2081 3755 justus,

495 3808 549 3853 et
591 3796 801 3861 Enoch,
830 3792 921 3862 qui
963 3805 1084 3846 cum
1116 3788 1225 3842 Deo
1254 3782 1549 3840 ambulavit
1576 3789 1631 3836 et
1658 3777 1950 3833 translatus
1976 3783 2081 3839 est,

497 3899 553 3944 et
574 3887 705 3955 Noe,
735 3886 825 3956 qui
854 3883 955 3938 l'uit
995 3882 1078 3936 vir
1103 3877 1377 3949 perfectus
1401 3875 1459 3929 in
1484 3868 1923 3943 generationibus
1948 3866 2084 3921 suis.

1063 3972 1291 4030 CAPUT
1337 3965 1532 4023 XXIX.

908 4069 986 4123 De
1018 4065 1361 4121 Hebraeorum
1389 4057 1674 4113 mensibus.

560 4171 719 4225 -Disc.
749 4164 858 4232 Qui
884 4159 1043 4233 primi
1068 4169 1284 4212 menses
1309 4154 1601 4208 observare
1630 4143 1915 4218 leguntur?
1945 4142 2083 4197 Msa.

504 4260 716 4318 llebrmi
761 4256 1034 4318 videlicet,
1067 4250 1261 4320 quibus
1298 4244 1572 4316 legislator
1619 4240 1699 4294 ait
1739 4240 1806 4294 de
1845 4234 2088 4308 paschali

504 4368 690 4411 mense
724 4370 736 4405 :
769 4350 958 4404 Mensis
984 4348 1081 4400 iste
1130 4342 1268 4399 vobis
1297 4337 1613 4410 principium
1639 4334 1896 4387 mens.'um
1937 4328 2002 4383 sit
2032 4328 2087 4381 in

506 4446 766 4502 mensibus
789 4443 931 4496 anni.
977 4440 1124 4494 Drsc.
1170 4432 1450 4502 Quomodo
1470 4427 1678 4484 Hebraei
1708 4438 1923 4480 menses
1958 4436 2085 4477 suos

508 4541 809 4601 nominant,
832 4544 887 4590 et
914 4541 1078 4602 quoto
1120 4528 1310 4585 ordine
1353 4520 1674 4579 numerant?
1700 4517 1840 4573 MAG.
1875 4512 2085 4595 Hebraei

508 4655 658 4707 ergo,
690 4636 779 4707 qui
810 4626 1102 4687 secundum
1124 4625 1265 4678 lunae
1284 4634 1513 4677 cursum
1548 4629 1767 4672 menses
1788 4626 1915 4668 suos
1941 4626 2089 4667 eom-

511 4699 724 4799 puiaht,
767 4721 1000 4793 primum
1049 4727 1308 4775 mensem,
1339 4711 1393 4763 in
1419 4723 1526 4777 quo
1544 4705 1754 4761 Pascha
1791 4699 2085 4766 celebrant,

516 4792 676 4874 Nisan
724 4792 1014 4884 appellant,
1062 4802 1357 4861 secundum
1394 4798 1490 4853 Jar
1538 4796 1837 4858 nominant,
1867 4792 2090 4846 tertium

516 4910 701 4971 Sivau,
725 4879 977 4973 quartum
1004 4893 1254 4958 Thamul,
1285 4891 1533 4961 quintum
1566 4884 1688 4949 A10,
1710 4890 1923 4937 sextum
1951 4879 2093 4944 Elul,

516 4999 803 5068 septimum
844 4981 1087 5045 'Theseri
1115 5028 1130 5054 ,
1184 4993 1437 5040 octavum
1494 4978 1779 5033 Maresuan
1808 5014 1823 5040 ,
1893 4988 2094 5027 nonum

518 5066 731 5157 Kasleu,
756 5085 1021 5142 decimum
1054 5082 1244 5145 Tebet,
1273 5076 1621 5132 undecimum
1648 5069 1872 5133 Sabath,
1897 5066 2101 5122 duode-

466 5211 474 5218 -
518 5186 716 5239 cimum
759 5176 925 5231 Adar.
966 5170 1112 5237 Quos
1149 5167 1396 5222 videlicet
1431 5169 1647 5219 menSes
1687 5167 1909 5230 propter
1960 5156 2098 5210 lunae

519 5272 801 5333 circulum,
831 5266 922 5339 qui
953 5260 1143 5333 viginti
1194 5274 1388 5337 novem
1442 5256 1608 5311 semis
1649 5253 1839 5307 diebus
1864 5256 2093 5311 constat,

523 5361 741 5419 tricenis
762 5334 1236 5418 undetricenisque
1274 5334 1463 5401 diebus
1485 5346 1837 5405 alternantes,
1860 5336 2099 5394 secundo

523 5456 737 5510 demum
766 5447 848 5503 vel
878 5445 1038 5501 tertio
1067 5454 1209 5497 anno
1236 5445 1444 5500 exacto,
1474 5448 1713 5489 mensem
1743 5427 2098 5501 superﬂuum,

522 5547 614 5615 qui
646 5560 710 5599 ex
742 5538 939 5596 annuis
963 5534 1211 5590 undecim
1239 5535 1555 5598 cpactarum
1579 5524 1765 5577 diebus
1792 5518 1981 5575 conﬁci
2010 5531 2099 5571 so-

512 5611 641 5699 let,
687 5626 1008 5687 intercalant
1073 5624 1216 5679 Disc.
1257 5620 1500 5676 Primum
1546 5626 1676 5684 ergo
1702 5611 2100 5667 Haebrazeorum

2173 1775 2553 1830 duodecimum
2606 1771 2845 1836 Mesori;
2915 1785 3074 1839 quem
3132 1769 3340 1824 decimo
3394 1768 3758 1823 Kalendarum

2173 1863 2574 1935 Septembrium
2624 1862 2712 1918 die
2768 1860 3122 1916 terminantes
3150 1900 3163 1924 ,
3222 1859 3467 1913 residuos
3520 1858 3759 1928 quinque

2173 1957 2289 2011 dies
2317 1969 2675 2025 epagomenos
2720 1952 2806 2007 vel
2831 1950 3185 2009 intercalares
3234 1950 3347 2004 sive
3390 1948 3610 2005 additos
3660 1962 3757 2000 vo-

2172 2056 2320 2115 cant,
2342 2048 2542 2119 quibus
2571 2047 2732 2104 etiam
2782 2055 2977 2118 quarto
3026 2060 3171 2101 anno
3208 2044 3351 2100 diem
3402 2051 3639 2107 sextum,
3669 2042 3758 2112 qui

2172 2152 2243 2193 ex
2265 2137 2655 2209 quadrantibus
2686 2136 2876 2192 conﬁci
2905 2136 3058 2202 solet,
3087 2136 3401 2202 adnectunt.
3431 2131 3585 2189 Unde
3616 2132 3677 2185 ﬁt
3702 2142 3761 2185 ut

2173 2245 2363 2287 eorum
2429 2231 2555 2285 anni
2598 2230 2759 2301 primi
2809 2244 2839 2285 a
2900 2229 3140 2284 bisseno
3188 2227 3346 2283 tertio
3393 2224 3760 2281 Kalendarum

2177 2323 2598 2394 Septembrium,
2628 2320 2813 2377 caeteri
2845 2335 2974 2376 vero
3017 2326 3210 2390 quarto
3264 2317 3631 2372 Kalendarum
3666 2331 3765 2371 ea-o

2176 2414 2423 2468 rumdem
2449 2412 2535 2466 die
2559 2409 2857 2467 sortiantur
2885 2408 3117 2463 initium.
3148 2406 3259 2461 Nec
3287 2405 3396 2460 ullo
3445 2404 3608 2459 modo
3642 2414 3762 2473 post

2175 2500 2951 2571 intercalatumquadrantem
2997 2506 3121 2553 ante
3149 2508 3345 2552 nostrae
3391 2494 3763 2550 intercalatio-

2176 2595 2262 2650 nis
2308 2601 2542 2662 tempus,
2572 2591 2714 2661 quod
2763 2590 2823 2643 lit
2851 2596 3004 2644 sexto
3035 2585 3393 2641 Kalendarum
3442 2583 3764 2638 Martiarum

2178 2684 2285 2749 die,
2326 2684 2380 2738 in
2405 2678 2655 2752 computo
2680 2668 2819 2734 lunae
2846 2678 2930 2733 vel
2974 2677 3282 2733 eorumdem
3327 2674 3620 2732 festivitate
3649 2673 3765 2727 dic-

2179 2792 2299 2831 rum
2321 2783 2546 2847 possunt
2566 2790 2688 2830 cum
2713 2771 2883 2828 nostri
2912 2770 3039 2824 anni
3062 2767 3330 2823 curriculo
3362 2767 3605 2837 recipere
3636 2780 3765 2820 con-

2180 2868 2441 2927 cordiam.
2604 2918 2607 2921 ,
3065 2929 3075 2939 η

2737 2954 2962 3012 CAPUT
3014 2950 3201 3007 XXXI.

2605 3050 2685 3104 De
2722 3046 3023 3101 Gra'corum
3056 3044 3337 3097 mensibus.

2251 3145 2395 3201 Disc.
2427 3142 2563 3210 Quia
2595 3141 2658 3195 de
2704 3138 3050 3193 Hebraeorum
3105 3144 3158 3190 et
3191 3132 3573 3205 Egyptiorum
3614 3146 3765 3187 men-

2180 3237 2330 3292 sibus
2358 3233 2565 3299 dixisti,
2594 3239 2840 3302 superest
2875 3236 2935 3282 ut
2967 3227 3034 3282 de
3059 3225 3369 3282 Grascorum
3406 3232 3464 3279 et
3493 3223 3766 3276 Romano-

2180 3341 2325 3391 rum,
2353 3340 2487 3393 quos
2508 3328 2719 3376 constat
2760 3335 2787 3373 a
2816 3318 3019 3375 Grmcis
3062 3315 3313 3372 liberales
3334 3312 3650 3384 disciplinas
3679 3327 3771 3367 ac-

2182 3417 2408 3487 cepisse,
2434 3413 2711 3469 mensibus
2734 3412 2900 3466 dicas.
2934 3409 3073 3465 MAG.
3102 3406 3275 3477 Prope
3307 3419 3435 3477 ergo
3464 3418 3563 3474 par
3586 3401 3648 3459 ﬁt
3677 3418 3767 3456 se-

2182 3510 2291 3565 ries
2334 3506 2601 3563 mensium
2644 3502 2955 3560 Grmcorum
3004 3508 3059 3555 et
3102 3498 3495 3560 Romanorum,
3538 3502 3770 3561 excepto

2183 3604 2327 3673 quod
2355 3588 2565 3654 nullai‘n-
2606 3598 2662 3651 in
2712 3596 2824 3650 suis
2860 3592 3134 3648 mensibus
3158 3588 3332 3645 Graeci
3378 3587 3768 3650 Kalendarum,

2183 3692 2459 3749 Nonarum
2508 3695 2565 3742 et
2613 3686 2801 3741 Iduum
2850 3682 3251 3738 distinctionem
3283 3679 3597 3741 observant,
3624 3676 3775 3729 sicut

2184 3799 2285 3839 nec
2309 3780 2579 3852 IEgyptii;
2605 3776 2699 3831 sed
2739 3773 3054 3843 simpliciter
3088 3770 3156 3824 ab
3204 3767 3426 3849 exordio
3478 3779 3647 3836 usque
3702 3764 3774 3818 ad

2185 3875 2347 3930 ﬁnem
2386 3848 2631 3926 numero
2700 3867 3037 3921 discurrente
3089 3848 3422 3930 computant.
3488 3856 3773 3925 Siquidem

2185 3964 2358 4021 (Ξηοί
2405 3962 2569 4017 ﬁxum
2612 3960 2666 4013 in
2696 3957 2977 4013 duodecim
3026 3950 3298 4007 mensibus
3345 3949 3471 4003 anni
3509 3947 3776 4003 vertentis

2184 4059 2507 4113 ordinavere
2548 4050 2830 4107 circulum.
2879 4047 3118 4113 Quorum
3164 4042 3405 4113 plerique
3449 4053 3481 4092 a
3515 4036 3776 4092 Kalendis

2187 4148 2573 4206 Decembribus
2619 4158 2775 4199 suum
2824 4141 3142 4195 inchoantes
3177 4148 3399 4197 annum,
3437 4130 3626 4186 eodem
3661 4143 3777 4199 quo

2188 4239 2418 4296 Romani
2445 4249 2659 4291 menses
2703 4247 2829 4287 suos
2877 4230 3085 4283 dierum
3116 4238 3339 4280 numero
3374 4220 3773 4291 perstringunt.

2191 4332 2429 4387 Vocatur
2455 4334 2633 4380 autem
2664 4320 2801 4391 apud
2826 4334 2919 4374 eos
2947 4318 3062 4387 ipse
3084 4314 3381 4383 December
3416 4310 3655 4379 Apileos,
3679 4306 3776 4361 Ja-

2194 4420 2415 4477 nuarius
2477 4415 2784 4488 Eudynios,
2841 4408 3169 4464 Februarius
3214 4403 3483 4467 Peritios,
3544 4399 3779 4453 Martius

2195 4512 2424 4575 Distros,
2453 4505 2654 4576 Aprilis
2696 4501 3023 4563 Xanthicos,
3071 4495 3242 4550 Maius
3277 4490 3622 4553 Artemisios,
3669 4488 3775 4541 aiu—

2196 4606 2321 4660 nius
2345 4600 2553 4661 Desios,
2582 4596 2753 4675 Julius
2800 4592 3085 4653 Panemos,
3132 4586 3404 4656 Augustus
3446 4580 3606 4643 Loos,
3636 4577 3775 4647 Sep-

2199 4700 2406 4756 tember
2429 4672 2708 4761 Gorpieos,
2739 4688 2969 4744 October
3010 4677 3496 4753 Hyperberetbeos,
3539 4672 3776 4729 Novem-

2199 4794 2295 4849 ber
2314 4791 2459 4845 Dios.

2741 4865 2965 4925 CAPUT
3007 4861 3197 4918 XXXII

2599 4964 2675 5019 De
2704 4960 2962 5016 mensibus
2988 4955 3359 5008 Romanorum.

2269 5060 2413 5112 Disc.
2442 5055 2650 5109 Menses
2680 5059 2857 5104 autem
2898 5046 3261 5101 Romanorum
3298 5037 3493 5107 quibus
3539 5031 3780 5101 amtori—

2198 5153 2301 5207 bus
2331 5159 2456 5205 sunt
2500 5144 2768 5201 ordinati?
2796 5141 2932 5196 Mse.
2977 5136 3193 5191 Primus
3230 5132 3369 5202 apud
3395 5144 3490 5185 eos
3516 5126 3779 5207 Romulus

2201 5241 2387 5295 decem
2428 5225 2649 5291 ‘menses
2697 5228 2983 5290 ordinavit,
3014 5225 3150 5279 alios
3192 5220 3429 5290 triginta,
3475 5218 3611 5271 alios
3649 5200 3781 5270 vero

2201 5332 2423 5400 triginta
2454 5335 2509 5381 et
2535 5340 2643 5379 uno
2687 5323 2917 5376 dierum.
2944 5316 3011 5373 Et
3036 5330 3065 5369 a
3115 5312 3306 5367 Martio
3351 5310 3637 5379 incipiens.
3671 5306 3775 5361 De—

2203 5420 2475 5477 cembrem
2518 5413 2871 5469 novissimum
2892 5407 3091 5477 posuit.
3124 5403 3229 5458 Sed
3254 5417 3379 5457 cum
3405 5401 3495 5454 hic
3520 5412 3780 5453 numerus

2204 5525 2380 5581 neque
2404 5507 2532 5562 solis
2556 5502 2735 5565 cursui
2761 5512 2931 5566 neque
2951 5492 3247 5550 rationibus
3270 5490 3408 5544 lunae
3439 5486 3776 5547 conveniret,

2206 5572 2423 5658 secutus
2447 5605 2529 5652 est
2556 5592 2724 5648 Numa
2752 5584 3065 5655 Pompilius,
3099 5579 3190 5652 qui
3234 5576 3626 5652 quinquaginta
3670 5572 3780 5628 dies
