3948 6348
159 264 267 319 685

1448 256 1644 313 LIBER
1686 259 1771 314 DE
1809 256 2156 316 COMPUTO.

3325 256 3428 317 688

160 379 389 443 addidit,
415 385 473 431 ut
517 376 569 430 in
599 389 782 430 cccuv
813 374 1023 437 diebus,
1059 372 1253 442 quibus
1284 372 1562 427 duodecim
1613 372 1751 427 luam
1781 384 1828 441 Α
1856 375 2033 443 scopis
2077 373 2334 444 aperitur.
2381 374 2619 431 Arbores
2649 389 2860 445 quoque
2904 381 2958 431 et
3007 373 3210 441 herba),
3253 377 3348 431 sed
3377 385 3433 433 et

161 484 359 525 cursus
408 466 601 522 conﬁci
652 465 898 521 credidit.
927 479 1100 519 annus
1144 464 1542 519 extenderetur.
1577 462 1750 530 Atque

164 564 253 618 bis
280 558 670 631 quinquaginta
700 556 887 611 diebus
915 554 1110 609 additis
1136 552 1329 622 adjecit
1373 554 1507 608 alios
1541 568 1635 608 sex
1666 568 1748 609 re—

163 664 371 710 tractos
398 651 501 705 illis
526 664 617 705 sex
650 648 923 703 mensibus
951 646 1042 716 qui
1075 645 1293 716 triginta
1322 644 1591 700 habebant
1610 644 1744 708 dies,

164 746 221 799 id
264 752 369 808 est,
409 742 476 797 de
504 739 729 811 singulis
776 737 1015 808 singulos
1046 736 1323 806 {actosque
1364 735 1748 806 quinquaginta

164 842 223 890 et
248 849 343 891 sex
373 833 486 890 dies
538 832 592 886 in
615 831 749 886 duos
779 843 948 884 novos
974 843 1190 883 menses
1214 828 1332 898 pari
1366 826 1578 882 ratione
1605 827 1750 881 divi-

164 925 257 990 sit,
291 940 355 979 ac
382 924 450 979 de
487 922 697 977 duobus
749 919 986 991 priorem
1035 919 1355 973 Januarium
1402 917 1750 987 nuncupavit,

164 1015 513 1086 primumque
560 1012 687 1067 anni
741 1018 983 1067 mensem
1032 1025 1155 1066 esse
1198 1009 1386 1075 voluit,
1440 1018 1755 1079 sequentem

166 1118 301 1159 vero
320 1103 676 1160 Februarium
708 1102 1022 1159 nominavit.
1054 1088 1327 1172 Pauloque
1352 1109 1474 1172 post
1497 1100 1669 1156 Numa
1699 1102 1754 1156 in

166 1197 434 1251 honorem
483 1194 706 1265 imparis
733 1192 941 1248 numeri
968 1208 1134 1246 unum
1162 1192 1357 1263 adjecit
1406 1192 1566 1258 diem,
1594 1206 1752 1261 quem

165 1284 429 1341 Januario
464 1284 632 1341 dedit.
661 1283 769 1340 Sed
805 1298 928 1338 cum
977 1283 1091 1339 haec
1120 1283 1260 1339 ratio
1283 1283 1457 1338 adhuc
1503 1282 1609 1336 ﬁxa
1650 1297 1753 1337 non

164 1391 291 1433 esse
313 1375 612 1440 videbatur,
645 1382 956 1443 comparata
986 1374 1053 1431 ad
1083 1373 1321 1429 siderum
1368 1388 1607 1437 cursum,
1643 1381 1758 1426 tan-

164 1468 292 1523 dem
322 1466 482 1523 Caius
505 1465 679 1521 Julius
702 1464 902 1530 Caasar,
944 1466 1188 1520 imitatus
1214 1464 1516 1536 Egyptios,
1542 1466 1616 1519 ad
1659 1481 1757 1519 nu-

165 1571 386 1612 merum
413 1556 543 1612 solis
564 1571 790 1620 annum,
818 1556 959 1610 sicut
993 1556 1154 1612 hodie
1203 1565 1466 1621 servatur,
1502 1556 1754 1621 instituit,

166 1650 358 1705 decem
389 1650 639 1706 videlicet
680 1648 797 1705 dies
825 1650 1188 1705 observationi
1229 1651 1411 1704 caeteri
1452 1646 1753 1718 superadji—

1853 464 2151 518 animantia
2190 478 2440 534 quaeque,
2488 465 2541 518 in
2572 465 2778 534 prolem
2812 480 2872 520 se
2904 465 3113 535 aperire
3144 464 3429 536 incipiunt.

1856 556 1999 612 Dtsc.
2031 556 2173 622 Quot
2215 556 2389 611 modis
2416 556 2587 611 Maius
2617 554 2851 611 dicitur?
2895 544 3030 610 MAG.
3064 556 3303 622 Duobus,
3332 557 3436 612 hoc

1853 655 1969 714 est,
2001 647 2102 703 sub
2149 646 2311 701 idolo
2338 647 2497 713 Maio,
2541 664 2699 719 quem
2746 648 2932 703 Jovem
2978 662 3099 702 esse
3130 647 3430 710 voluerunt,

1854 739 2010 809 quasi
2048 738 2333 809 majestate
2374 740 2724 809 praecipuum.
2780 738 2905 793 Sive
2949 753 2979 792 a
3017 738 3152 793 Maia
3186 738 3434 794 Mercurii

1856 836 2047 884 matre.
2078 829 2146 884 Et
2193 830 2293 884 sub
2345 844 2433 893 re,
2486 828 2589 886 hoc
2619 839 2731 895 est,
2761 845 2791 884 a
2822 830 3116 899 majoribus
3166 829 3435 886 Romano-

1857 933 1997 984 rum,
2021 932 2181 987 quem
2214 916 2441 973 Romulo
2470 917 2541 971 ita
2572 919 2753 973 vocari
2801 919 3021 989 placuit.
3072 919 3213 974 Dtsc.
3244 919 3436 976 Junius

1860 1011 2003 1065 unde
2033 1025 2228 1065 nomen
2278 1010 2471 1065 habet?
2510 1009 2649 1065 MAG.
2694 1010 2740 1063 Α
2768 1008 2977 1066 Junone
3026 1010 3134 1064 ﬁlia
3182 1010 3432 1079 Saturni,

1861 1115 2050 1155 sorore
2097 1098 2266 1155 Jovis.
2317 1096 2441 1154 Sive
2487 1115 2516 1153 a
2542 1098 2845 1168 junioribus
2892 1098 3292 1165 Romanorum,
3344 1101 3435 1171 qui

1858 1190 2023 1245 armis
2060 1188 2419 1245 defendebant
2461 1183 2867 1261 rempublicam.
2910 1190 3053 1246 DlSC.
3095 1188 3268 1253 Julius
3296 1194 3439 1248 unde

1857 1298 2051 1339 nomen
2097 1282 2339 1352 accepit?
2367 1282 2506 1339 ΜΑε.
2537 1281 2652 1338 Ηοε
2677 1292 2779 1349 εει,
2808 1297 2837 1337 a
2871 1282 3012 1340 Julio
3040 1284 3271 1348 Carsare,
3312 1284 3438 1355 quia

1859 1376 1911 1429 in
1936 1383 2132 1445 quarto
2173 1374 2297 1430 ldus
2321 1374 2448 1430 Julii
2475 1375 2677 1430 mensis
2703 1384 2917 1429 creatus
2944 1374 3104 1431 Caius
3130 1374 3304 1432 Julius
3332 1375 3438 1432 Cat.

1858 1483 1968 1533 sar,
2005 1466 2097 1537 qui
2128 1467 2335 1536 primus
2380 1466 2608 1535 arripuit
2635 1465 2917 1536 imperium
2966 1467 3103 1535 apud
3140 1466 3437 1521 Romanos.

1857 1556 1992 1611 Nam
2042 1566 2201 1610 antea
2247 1571 2276 1610 a
2313 1554 2506 1610 Martio
2534 1564 2714 1630 mente
2753 1564 3083 1619 numeratus,
3131 1556 3381 1623 Quintilis
3411 1572 3440 1611 a

1858 1663 2083 1703 numero
2125 1648 2350 1703 sortitus
2393 1655 2475 1703 est
2506 1661 2721 1702 nomen.
2757 1646 2901 1702 DISC.
2946 1646 3219 1719 Augustus
3246 1663 3442 1729 nomen

164 1740 343 1807 ciens,
371 1749 431 1796 ut
466 1756 665 1795 annum
687 1754 886 1795 cccuv
916 1740 1049 1806 dies,
1088 1742 1285 1812 quibus
1312 1742 1426 1813 ipse
1472 1742 1751 1798 zodiacum
1786 1754 1829 1813 Β
1857 1742 1997 1795 unde
2041 1739 2285 1809 accepit?
2311 1738 2451 1805 liae.
2496 1738 2578 1793 Ab
2604 1738 2897 1807 Octaviano
2929 1739 3144 1795 Catsare
3176 1742 3441 1811 Augusto,

169 1830 387 1897 lustret,
412 1830 704 1887 efﬁcerent.
733 1831 799 1885 Et
846 1845 913 1886 ne
937 1833 1213 1902 quadrans
1257 1832 1492 1900 deesset,
1524 1833 1757 1889 instituit

170 1934 231 1980 ut
280 1936 476 1997 quarto
521 1939 737 1995 quoque
787 1941 930 1983 anno
974 1930 1305 1995 sacerdotes,
1354 1930 1446 1999 qui
1495 1928 1757 1985 curabant

159 2016 449 2071 mensibus
498 2028 561 2071 ac
591 2016 799 2081 diebus,
830 2032 996 2072 unum
1050 2018 1432 2075 intercalarent
1484 2020 1648 2084 diem,
1692 2034 1757 2073 eo

168 2107 380 2162 scilicet
406 2121 589 2162 mense
618 2121 683 2162 ac
710 2106 830 2163 loco
857 2122 964 2179 quo
985 2110 1148 2165 etiam
1182 2110 1323 2180 apud
1371 2119 1580 2165 veteres
1604 2124 1754 2164 men-

167 2203 248 2257 sis
275 2201 723 2268 interealabatur,
743 2202 801 2257 id
821 2210 926 2269 est,
949 2210 1074 2257 ante
1099 2201 1336 2273 quinque
1365 2190 1582 2256 ultimos
1602 2215 1755 2255 men—

169 2294 251 2349 sis
279 2294 562 2349 Februarii
602 2294 719 2349 dies
743 2334 758 2359 ,
810 2294 971 2364 idque
995 2293 1294 2349 bissextum
1332 2292 1544 2349 censuit
1583 2284 1758 2345 nomi-

169 2385 435 2441 nandum.
476 2385 627 2440 Dtsc.
661 2383 925 2440 Mensium
959 2382 1217 2440 vocabula
1248 2391 1378 2465 quot
1412 2382 1585 2439 modis
1631 2397 1759 2437 con-

169 2486 342 2543 stant,
368 2484 423 2532 et
468 2477 609 2532 unde
652 2476 912 2548 originem
964 2476 1315 2547 sumpserint,
1345 2490 1571 2547 expone.
1617 2474 1755 2529 ΜΑο.

165 2566 421 2635 Qdatuor
448 2581 578 2639 ergo
602 2566 776 2622 modis
796 2562 1406 2631 menses'nominantur,
1432 2568 1534 2621 hoc
1558 2575 1641 2619 est
1661 2566 1759 2620 sub

168 2657 355 2723 idolis,
388 2658 488 2713 sub
534 2656 718 2722 rebus,
765 2658 864 2712 sub
904 2656 1137 2727 regibus,
1186 2657 1285 2713 sub
1319 2656 1578 2711 numeris.
1611 2656 1755 2710 DlSC.

170 2747 321 2815 Quot
360 2747 535 2802 modis
581 2745 869 2809 Januarius
914 2746 1092 2802 dictus
1145 2748 1262 2802 est?
1293 2745 1436 2804 MAG.
1473 2745 1761 2802 Januarius

162 2847 353 2894 autem
398 2838 603 2893 duobus
646 2837 818 2892 modis
864 2850 1059 2892 nomen
1105 2837 1348 2907 accepit,
1394 2838 1499 2892 hoc
1543 2845 1657 2901 est,
1694 2852 1759 2891 ex

170 2932 321 2987 idolo
356 2939 411 2987 ει
463 2946 540 2985 re.
586 2929 665 2984 Ex
714 2930 855 2985 idolo
896 2944 1060 3001 ergo,
1104 2932 1205 2986 hoc
1234 2939 1350 2997 est,
1386 2945 1454 2985 ex
1500 2928 1634 2985 Jano
1681 2931 1762 2985 bi—

172 3022 373 3087 fronte,
421 3021 708 3076 simulacro
747 3021 996 3075 videlicet
1036 3019 1156 3075 Jani
1204 3020 1546 3089 Epirotarum
1598 3019 1758 3089 regis,

1857 1832 1947 1901 qui
1993 1831 2044 1885 in
2078 1828 2334 1886 Kalendis
2363 1830 2520 1887 istius
2556 1831 2758 1887 mensis
2786 1829 3079 1887 Antonium
3124 1839 3181 1887 et
3216 1816 3467 1903 Cleopaa'

1857 1931 1995 1976 tram
2031 1921 2196 1986 vicit,
2240 1929 2295 1976 et
2340 1921 2623 1993 imperium
2672 1920 2852 1992 populi
2904 1916 3131 1976 Romani
3185 1921 3440 1977 ﬁrmavit.
3489 1934 3492 1937 ‘

1860 2013 1993 2068 Cum
2025 2021 2205 2069 autem
2251 2010 2479 2083 Augusti
2523 2028 2717 2068 nomen
2748 2012 2837 2067 ille
2880 2012 3003 2068 inde
3050 2013 3440 2084 assumpserit,

1858 2123 1921 2161 ex
1954 2106 2419 2176 senatusconsulto
2465 2096 2705 2177 mensem
2745 2106 2814 2163 ob
2853 2108 3167 2163 memoriam
3217 2108 3299 2164 sui
3343 2124 3443 2164 no-

1858 2215 1980 2254 men
2028 2200 2131 2254 hoe
2159 2200 2359 2255 habere
2404 2198 2592 2263 voluit.
2626 2199 2770 2256 Drsc.
2817 2200 3134 2270 Septembcr
3178 2200 3321 2258 unde
3351 2216 3445 2257 vo-

1860 2290 2047 2344 catur?
2075 2288 2213 2346 ΜΑο.
2239 2290 2279 2344 Α
2315 2305 2561 2355 numero,
2596 2306 2662 2347 eo
2689 2292 2832 2362 quod
2870 2292 2940 2347 sit
2983 2292 3245 2362 septimus
3270 2292 3445 2348 imber

1861 2400 1888 2436 a
1938 2381 2149 2437 Martio.
2202 2382 2347 2439 DISC.
2391 2381 2724 2440 Octimbrem
2776 2398 2938 2456 ergo,
2966 2382 3352 2453 Novembrem,
3390 2394 3445 2441 et

1862 2473 2212 2527 Decembrem
2248 2472 2391 2528 unde
2430 2473 2642 2543 judicas
2688 2488 2808 2530 esse
2853 2472 3061 2531 dictos?
3106 2473 3244 2530 MAG.
3273 2474 3313 2529 A
3353 2492 3447 2532 nu.

1862 2578 2010 2618 mero
2034 2563 2230 2634 quippe
2274 2564 2525 2620 similiter
2556 2573 2610 2619 et
2644 2567 2711 2621 ab
2743 2566 2933 2629 imbre,
2965 2567 3087 2635 quia
3116 2566 3198 2621 his
3241 2574 3447 2637 tempo-

1864 2655 2011 2709 ribus
2035 2654 2237 2710 imbres
2263 2662 2421 2711 terrae
2449 2656 2755 2712 imminent.
3136 2650 3139 2655 ’

2354 2826 2355 2829 η
2391 2759 2619 2823 CAPUT
2658 2767 2895 2823 XXXII].

2194 2832 2271 2891 De
2300 2835 2578 2903 Kalendis,
2612 2838 2783 2893 Nonis
2810 2848 2857 2894 et
2905 2838 3108 2897 Idibus.

1936 2930 2080 2986 Dtsc.
2111 2931 2185 2985 De
2216 2929 2474 3003 Kalendis
2502 2943 2653 3003 ergo,
2688 2930 2854 2988 Nonis
2889 2941 2943 2988 et
2992 2932 3189 3000 Idibus,
3227 2942 3352 3003 peto
3384 2939 3445 2989 ut

1864 3020 1997 3076 mihi
2026 3020 2313 3075 edisseras.
2346 3019 2484 3077 MAG.
2508 3021 2749 3077 Faciam.
2776 3021 3029 3082 Kalendae
3052 3038 3179 3099 ergo
3201 3041 3229 3079 a
3256 3024 3444 3081 Graeca

169 3113 268 3184 qui
316 3122 630 3182 argumento
656 3112 961 3183 excogitato
1001 3112 1347 3180 semetipsum
1376 3112 1483 3182 igni
1509 3113 1826 3184 tradidit,_C
1858 3114 2064 3185 origine
2115 3129 2311 3170 nomen
2357 3122 2669 3182 traxerunt;
2713 3115 2838 3186 quia
2886 3115 3002 3171 Italo
3041 3117 3258 3173 verbum
3298 3118 3446 3175 Grata

170 3212 233 3259 et
276 3219 347 3259 ex
377 3205 479 3259 hoc
529 3204 786 3259 Romanis
833 3203 1114 3258 victoriam
1150 3203 1376 3273 peperit.
1422 3201 1634 3259 Bifrons
1664 3219 1759 3257 au-

171 3302 287 3346 tem
311 3289 431 3347 Jani
462 3289 805 3345 simulacrum
841 3299 977 3357 erat,
1007 3290 1130 3360 quia
1162 3305 1228 3345 ex
1261 3304 1365 3347 una
1392 3298 1546 3360 parte
1575 3291 1674 3345 viri
1704 3300 1759 3344 ct

172 3384 441 3440 ex-altera
464 3383 681 3439 feminae
709 3385 1024 3440 adet-ebant.
1052 3384 1285 3455 Indeque
1313 3382 1628 3439 Januarium
1668 3400 1760 3439 vo-

173 3486 447 3534 caverunt
478 3477 718 3547 bieipitis
743 3477 847 3532 diei
874 3492 1114 3533 mensem
1159 3476 1534 3547 respicientem
1578 3484 1757 3531 trans;

173 3571 286 3627 acti
317 3571 439 3626 anni
484 3570 647 3625 finem
677 3584 741 3623 ac
772 3569 1190 3639 prospicientem
1238 3569 1404 3623 futuri
1435 3569 1563 3623 anni
1611 3569 1759 3638 prin-

174 3660 402 3730 cipium.
429 3660 558 3715 Item
604 3658 895 3714 Januarius
925 3675 989 3714 ex
1032 3675 1091 3714 re
1138 3658 1355 3723 dicitur,
1396 3673 1463 3714 eo
1503 3660 1665 3728 quod
1692 3660 1762 3713 sit

165 3750 343 3822 janua
373 3751 529 3816 anni,
576 3750 678 3805 hoc
718 3758 829 3814 est,
880 3749 1221 3819 principium.
1257 3750 1401 3804 Dtsc.
1434 3749 1762 3805 Februarius

172 3845 325 3900 unde
352 3844 582 3901 dicitur?
612 3836 750 3899 Ms‘e.
781 3843 862 3897 Ab
908 3841 1048 3897 idolo
1066 3850 1127 3897 et
1156 3858 1229 3896 re.
1259 3842 1402 3897 DISC.
1451 3841 1761 3909 Quomodo?

176 3934 325 3991 me.
352 3934 433 3989 Ab
463 3933 604 3989 idolo
632 3949 761 4005 ergo
808 3933 1036 3999 Februo,
1070 3934 1172 3989 hoc
1210 3942 1327 3999 est,
1374 3933 1623 3999 Plutone,
1668 3934 1757 4004 qui

174 4025 559 4081 lustrationum
608 4034 799 4095 potens
844 4039 965 4080 esse
1010 4040 1039 4079 a
1086 4024 1372 4095 gentilibus
1418 4025 1757 4089 credebatur,

174 4117 508 4174 Februarius
531 4126 613 4172 est
642 4116 969 4172 nominatus.
1029 4116 1272 4171 Lustrari
1317 4117 1471 4171 enim.
1484 4131 1549 4172 eo
1576 4132 1761 4172 mense

175 4209 456 4266 civitatem
486 4208 783 4262 Romanam
812 4221 1033 4263 necesse
1061 4216 1196 4270 erat,
1223 4222 1330 4277 quo
1362 4200 1561 4262 statuta
1586 4205 1759 4277 jussa,

176 4302 289 4357 hoc
311 4309 416 4365 est,
456 4299 742 4364 sacriﬁcia,
770 4298 872 4353 diis
911 4297 1152 4353 Manibus
1181 4298 1470 4353 solverent.
1500 4296 1627 4352 Sive
1660 4297 1760 4353 Fe-

174 4391 435 4449 bruarius
468 4391 644 4447 dictus
672 4398 755 4445 est
784 4406 813 4443 a
845 4388 1012 4454 febre,
1044 4390 1146 4445 hoc
1180 4397 1282 4455 est,
1312 4405 1342 4443 a
1385 4388 1602 4461 frigore,
1635 4405 1759 4460 pro-

1862 3219 1984 3259 cum
2014 3214 2117 3269 εει,
2150 3204 2204 3259 id
2235 3212 2337 3271 est,
2368 3219 2521 3262 voco.
2556 3204 2757 3262 Priscis
2784 3222 2915 3280 ergo
2954 3210 3283 3280 temporibus
3312 3226 3447 3281 pon-

1863 3293 1996 3349 tiﬁci
2038 3294 2233 3350 minori
2283 3295 2399 3351 haec
2428 3296 2763 3366 providentia
2810 3298 3157 3369 delegabatur
3188 3301 3258 3357 ‘nt
3295 3316 3449 3357 novae

1862 3384 2000 3441 lunae
2038 3385 2273 3456 primum
2314 3388 2630 3443 observaret
2673 3397 2968 3460 aspectum,
3006 3391 3181 3446 visum
3213 3394 3325 3465 regi
3361 3408 3447 3449 sa-

1861 3477 2102 3535 criﬁ'cnlo
2144 3479 2437 3534 nuntiaret.
2484 3479 2671 3551 Itaque
2717 3482 2986 3539 sacriﬁcio
3016 3499 3046 3537 a
3090 3498 3215 3555 rege
3244 3493 3300 3539 et
3346 3484 3446 3540 mi-

1863 3590 1996 3632 nore
2032 3573 2298 3645 pontiﬁce
2342 3574 2639 3640 celebrato,
2688 3575 2829 3631 idem
2864 3575 3106 3646 pontifex
3154 3577 3349 3643 calata,
3393 3576 3444 3632 id

1862 3674 1975 3729 est,
2007 3673 2194 3720 vocata
2235 3664 2290 3717 in
2332 3661 2655 3734 Capitolium
2690 3664 2843 3735 plebe
2866 3668 3020 3735 juxta
3052 3668 3257 3722 curiam
3302 3668 3446 3723 cala‘.

1862 3756 2037 3821 bram,
2080 3770 2199 3825 qua:
2228 3768 2367 3809 casa:
2411 3754 2623 3811 Romuli
2651 3757 2897 3825 proxima
2927 3766 3027 3823 est,
3058 3766 3190 3827 quot
3219 3773 3446 3814 numero

1864 3846 1977 3901 dies
2016 3861 2046 3899 a
2077 3844 2327 3901 Kalendis
2356 3845 2425 3900 ad
2448 3844 2636 3927 Nonas
2663 3858 3009 3919 superessent
3034 3852 3440 3920 pronuntiabat.

1862 3937 1931 3991 Et
1957 3936 2245 4005 quintanas
2278 3936 2497 4008 quidem
2524 3938 2670 3993 dicto
2698 3939 2982 4009 quinquies
3010 3940 3174 3997 verbo
3201 3941 3338 4008 calo,
3366 3957 3444 3998 se.

1860 4009 2137 4100 ptimadas
2172 4028 2399 4097 repetito
2426 4028 2624 4099 septies
2653 4030 2997 4099 praedicabat.
3030 4032 3096 4087 Et
3126 4032 3265 4088 lianc
3299 4034 3443 4089 diem

1862 4120 1952 4190 qui
1979 4136 2047 4176 ex
2084 4122 2169 4177 bis
2208 4121 2399 4176 diebus
2438 4121 2529 4192 qui
2556 4120 2866 4179 kalarentur
2893 4125 3101 4194 primus
3128 4134 3294 4193 esset,
3326 4128 3446 4199 pla-

1862 4213 1974 4267 enit
1998 4211 2265 4269 Kalendas
2306 4213 2509 4269 vocari.
2536 4213 2603 4268 Et
2644 4214 2772 4275 hinc
2811 4215 2912 4285 ipsi
2941 4217 3125 4283 curiae,
3166 4219 3233 4273 ad
3276 4236 3440 4289 quam
3516 4258 3517 4261 η

1863 4301 2217 4369 vocabantur,
2264 4302 2513 4359 Kalabrae
2558 4319 2753 4360 nomen
2800 4306 2985 4361 datum
3027 4316 3143 4374 est,
3173 4316 3227 4366 et
3260 4309 3442 4378 classi,

1864 4394 2008 4463 quod
2031 4393 2208 4449 omnis
2254 4394 2307 4448 in
2350 4409 2471 4451 eam
2501 4405 2790 4451 vocaretur
2819 4398 3066 4468 populus.
3112 4399 3237 4455 Ideo
3265 4410 3443 4456 autem

174 4494 306 4557 pter
350 4484 601 4555 frigidum
651 4482 862 4554 tempus
896 4484 1063 4553 ipsius
1108 4484 1329 4539 mensis.
1363 4484 1504 4539 Drsc.
1540 4482 1761 4537 Martius
1788 4496 1838 4555 Ι)
1866 4484 2042 4540 minor
2077 4484 2318 4555 pontifex
2364 4502 2649 4543 numerum
2684 4489 2892 4544 dierum
2923 4492 3012 4560 qui
3053 4492 3120 4547 ad
3149 4491 3331 4547 Nonas
3357 4508 3446 4547 su-

176 4590 315 4647 ergo
357 4575 496 4629 unde
530 4575 742 4629 dictus?
787 4573 924 4629 ΜΑε.
970 4574 1014 4628 Α
1057 4573 1226 4628 Marte
1271 4572 1431 4640 idolo,
1476 4574 1564 4643 qui
1604 4582 1759 4643 pater

177 4666 397 4723 Romuli
423 4673 479 4721 et
503 4665 757 4719 Romanae
793 4665 965 4734 gentis
992 4672 1180 4719 auctor
1210 4678 1331 4720 esse
1368 4665 1754 4719 azstimabatur.

178 4759 312 4815 Sive
338 4773 371 4811 a
399 4771 481 4823 re,
506 4756 608 4811 hoc
635 4763 737 4820 est,
767 4756 1025 4823 maribus,
1054 4771 1249 4811 nomen
1281 4756 1501 4812 Martius
1530 4758 1757 4827 awepit.

178 4850 319 4905 Nam
350 4858 406 4904 et
433 4863 498 4904 eo
530 4857 771 4919 tempore
814 4856 1007 4903 cuncta
1055 4849 1347 4904 animantia
1392 4859 1548 4906 terra:
1581 4866 1762 4907 mares

178 4944 493 4999 desiderant
523 4941 591 4996 ad
634 4941 1019 4997 concumbendi
1065 4941 1409 5012 voluptatem.
1446 4943 1591 4999 Drsc.
1632 4943 1758 5011 Qui-

176 5039 286 5093 bus
312 5036 484 5092 modis
515 5034 716 5105 Aprilis
747 5034 981 5089 dicitur?
1008 5031 1147 5090 MAG.
1177 5034 1393 5089 Duobus
1424 5034 1616 5090 modis.
1649 5034 1759 5091 Sub

175 5125 347 5188 idolo,
398 5126 450 5180 id
503 5133 587 5181 est
645 5123 886 5190 Venere,
944 5132 1137 5190 matre,
1188 5132 1250 5178 ut
1299 5123 1498 5189 ferunt,
1552 5125 1756 5181 Encas.

178 5217 354 5275 Afron
398 5219 543 5275 enim
589 5217 776 5275 Graece
820 5232 1008 5288 spuma
1042 5217 1445 5287 interpretatur.
1480 5217 1632 5274 Unde
1662 5217 1762 5273 Ve-

178 5322 289 5363 nus
350 5317 465 5364 orta
535 5308 737 5364 credita
783 5315 894 5372 est,
943 5321 1061 5378 quae
1123 5306 1309 5363 Afrilis
1370 5308 1481 5363 sive
1537 5307 1759 5362 Afronia

181 5400 327 5469 apud
360 5396 590 5455 ‘Graecos
635 5399 905 5453 nominata
946 5406 1049 5452 est.
1082 5398 1149 5451 Et
1180 5398 1279 5452 sub
1310 5413 1388 5464 re,
1426 5397 1528 5452 hoc
1560 5407 1659 5461 est,
1694 5396 1762 5450 ab

182 5490 509 5560 aperiendo,
546 5490 699 5560 quasi
748 5489 1051 5560 apericulis.
1102 5488 1158 5541 In
1210 5488 1309 5542 hoc
1356 5488 1497 5542 enim
1551 5503 1757 5551 mense,

184 5583 415 5638 remotis
456 5583 705 5647 nubibus,
755 5581 981 5653 pruinis,
1014 5596 1077 5634 ac
1123 5581 1532 5650 tempestatibus
1575 5581 1757 5635 hiber-

190 5680 298 5743 nis,
327 5674 544 5739 cmlum,
592 5680 750 5737 terra,
783 5687 932 5728 mare
973 5674 1173 5738 nautis,
1220 5672 1469 5744 agricolis
1507 5679 1562 5727 et
1602 5672 1760 5725 horo-

1863 4587 2104 4647 peresset
2145 4577 2379 4635 kalando
2407 4581 2687 4650 prodebat,
2718 4583 2843 4654 quia
2888 4592 3010 4653 post
3038 4599 3228 4640 novam
3259 4584 3442 4639 lunam

1864 4671 2144 4738 oportebat
2168 4671 2443 4727 Nonarum
2464 4672 2551 4728 die
2576 4672 2863 4743 pepulares
2888 4674 2981 4743 qui
3010 4674 3064 4728 in
3088 4674 3232 4744 agris
3256 4680 3443 4729 essent

1865 4761 2136 4818 conﬂuere
2178 4765 2233 4819 in
2276 4764 2485 4830 urbem,
2519 4770 2840 4832 accepturos
2878 4778 3071 4819 causas
3110 4761 3364 4819 feriarum
3409 4780 3439 4819 a

1865 4868 1993 4925 rege
2022 4869 2322 4919 sacrorum,
2360 4854 2697 4924 sciturosque
2723 4854 2851 4924 quid
2878 4864 3022 4911 esset
3046 4868 3113 4910 eo
3144 4870 3328 4911 mense
3358 4852 3440 4909 fa—

1866 4946 2133 5001 ciendum.
2177 4943 2329 5001 Unde
2366 4944 2583 5014 quidam
2628 4946 2752 4999 hinc
2790 4942 2971 4999 Nonas
3015 4943 3328 5000 existimant
3354 4944 3439 4998 di-

1865 5044 2003 5101 etas,
2030 5034 2183 5105 quasi
2213 5049 2364 5089 novae
2400 5033 2611 5088 initium
2640 5033 3052 5100 observationis,
3097 5033 3181 5089 vel
3211 5034 3333 5104 quia
3372 5031 3440 5088 ab

1864 5140 1929 5181 eo
1963 5126 2050 5181 die
2080 5139 2292 5195 semper
2321 5125 2390 5179 ad
2434 5122 2556 5179 ldus
2597 5132 2719 5180 octo
2748 5124 2865 5180 dies
2902 5132 3239 5195 putarentur.
3272 5122 3440 5179 Porro

1864 5215 1988 5271 ldus
2025 5230 2219 5271 vocare
2261 5214 2461 5285 placuit
2504 5213 2645 5269 diem
2691 5216 2783 5284 qui
2819 5214 3007 5269 dividit
3046 5228 3308 5269 mensem.
3356 5213 3441 5268 In.

1866 5308 2030 5362 duere
2054 5307 2199 5361 enim
2225 5306 2448 5360 Etrusca
2492 5305 2668 5375 lingua
2699 5306 2937 5359 dividere
2963 5312 3064 5357 est.
3099 5304 3252 5359 Unde
3280 5302 3457 5371 vidua,

1866 5398 2021 5468 quasi
2049 5398 2203 5452 valde
2230 5396 2373 5462 idua,
2421 5397 2471 5449 id
2498 5384 2600 5461 est,
2630 5396 2780 5450 valde
2820 5395 3007 5449 divisa.
3043 5394 3147 5447 Aut
3175 5394 3354 5459 vidua,
3386 5394 3437 5448 id

1864 5497 1964 5553 est,
1998 5503 2026 5542 a
2054 5488 2171 5543 viro
2200 5488 2390 5563 divisa.
2438 5486 2718 5540 Nonnullis
2745 5484 2923 5555 placet
2964 5484 3087 5539 ldus
3124 5486 3294 5539 dictas
3340 5500 3437 5539 vo-

1865 5580 2055 5635 cabulo
2079 5579 2267 5634 Graeco
2294 5594 2325 5633 a
2355 5579 2555 5648 specie,
2582 5592 2701 5647 quae
2730 5577 2869 5646 apud
2900 5576 3018 5631 illos
3048 5577 3164 5631 idea
3194 5584 3433 5639 vocatur,

1867 5674 2006 5743 quod
2031 5687 2094 5727 ea
2126 5672 2211 5727 die
2235 5670 2446 5730 plenam
2482 5670 2712 5735 speciem
2743 5667 2867 5723 luna
2898 5668 3247 5725 demonstret.
3283 5664 3429 5720 DlSC.
