3948 6318
513 286 614 336 687

1162 281 1216 332 ll.
1263 279 1509 333 RABANI
1555 278 1770 333 MAUBI
1809 275 2123 331 ARUIIIEP.
2167 274 2474 330 MOGUNT.
2514 275 2799 331 OPERUM
2839 277 3014 334 PARS
3048 279 3087 333 ἰ.

3649 281 3749 335 688

511 398 711 451 Mensis
758 404 887 464 quot
933 395 1092 448 horas
1146 394 1342 448 habet?
1385 392 1522 448 MAG.
1568 389 1787 445 Mensis.
1813 387 2078 457 proprius,
2109 399 2156 455 Α
2185 400 2398 453 parum,
2431 384 2482 438 id
2503 393 2615 450 est,
2644 387 2793 440 verni
2822 397 2877 440 et
2919 389 3144 453 :cstatis,
3179 389 3423 442 autumni
3455 391 3508 444 et
3541 388 3757 450 hiemis,

510 490 606 561 qui
638 486 851 557 triginta
882 485 995 540 dies
1035 486 1214 551 habet,
1244 486 1407 540 horas
1446 483 1686 537 continet
1713 495 1901 534 nccxx.
1932 478 2077 532 DISC.

513 579 653 646 Quot
677 575 940 646 punctos?
973 574 1110 631 MAG.
1135 575 1473 630 ﬁncccuxx.
1503 571 1645 625 Disc.
1677 569 1817 636 Quot
1842 564 2083 624 minuta?

514 663 827 724 Μηλῆῑορ.
847 667 989 722 DISC.
1005 666 1143 733 Quot
1157 663 1460 719 momenta?
1482 661 1617 716 MAG.
1644 659 2078 716 ﬁTﬁocccnccc.

513 759 658 814 Disc.
688 756 830 824 Quot
875 759 1117 813 ostenta?
1148 756 1282 811 MAG.
1329 751 1494 820 ATT",
1527 761 1581 808 et
1624 767 1706 808 cc.
1755 751 1898 808 DISC.
1943 752 2084 818 Quot

509 849 758 902 atomos?
785 848 921 903 MAG.
957 846 1167 902 Centies
1207 854 1261 922 et
1297 843 1538 912 scxagies
1578 849 1794 896 centum
1837 839 2002 894 millia
2028 848 2084 895 et

510 940 794 999 ἆῖιπες.
823 938 826 940 ⁷

1051 1010 1273 1068 CAPUT
1314 1008 1549 1063 XXXIV.

738 1107 811 1158 Dc
837 1116 1059 1176 quatuor
1086 1104 1522 1159 vicissitudinibus
1548 1111 1857 1173 temporum.

582 1198 727 1252 DISC.
775 1197 1208 1253 Vicissitudinem
1250 1210 1399 1266 ergo,
1429 1209 1591 1264 quam
1622 1194 1677 1247 in
1706 1193 1847 1248 serie
1878 1201 2083 1262 tempo-

514 1303 633 1341 rum
686 1287 1026 1352 numerabas,
1061 1286 1246 1340 vellem
1296 1301 1326 1338 a
1373 1293 1424 1337 te
1474 1283 1660 1337 audire
1705 1283 1834 1352 quid
1880 1280 2082 1352 signiti-

507 1388 676 1434 caret.
709 1378 846 1434 MAG.
888 1377 1296 1432 Vicissitudines
1339 1390 1486 1447 ergo,
1515 1375 1667 1446 quasi
1705 1375 1796 1429 alii
1841 1383 2080 1445 tempora

509 1472 808 1535 nominant,
839 1478 1068 1539 quatuor
1096 1477 1238 1533 sunt,
1288 1468 1479 1531 hiems,
1513 1481 1630 1531 ver,
1665 1473 1846 1530 :estas,
1875 1473 2084 1520 autum-

508 1575 627 1614 nus.
667 1559 811 1631 DlSC.
849 1558 1000 1614 Unde
1038 1558 1290 1613 dicuntur
1337 1555 1769 1611 vicissitudines?
1812 1554 1952 1611 MAG.
2006 1554 2082 1608 Eo

506 1650 649 1723 quod
687 1651 895 1711 vicibus
919 1650 1018 1706 sibi
1049 1649 1247 1705 cedunt
1285 1649 1711 1718 succeduntque;
1753 1645 2084 1706 Disc.‘Unde

2189 475 2397 538 teneat;
2428 483 2482 528 et
2510 489 2616 529 non
2646 475 2838 530 exinde
2874 486 3174 545 temporum
3204 481 3467 549 principia
3501 479 3760 534 inchoan-

2185 572 2274 618 tur
2296 565 2436 620 unde
2461 565 2725 620 mensium
2747 565 2996 622 Kalendae
3018 568 3315 623 initiantur.
3344 570 3451 625 Sed
3479 570 3552 624 ita
3579 585 3766 624 unum-

2184 655 2434 724 quodque
2485 656 2844 711 inchoandum
2900 665 3110 726 tempus
3158 667 3242 713 est
3293 669 3352 714 ut
3384 677 3414 714 a
3449 662 3624 732 prima
3679 660 3760 714 die

2184 744 2324 798 veris
2353 753 2561 814 tempus
2599 744 2976 817 aequinoctium
3015 746 3226 812 dividit,
3256 757 3312 802 et
3351 750 3554 805 aestatis
3592 750 3769 804 solsti-

2184 835 2317 888 tium
2343 836 2608 901 aestivum,
2637 836 2882 890 autumni
2911 851 3124 906 quoque
3147 839 3528 907 aequinoctium
3555 850 3767 895 autum-

2184 925 2324 992 nale,
2351 935 2403 980 et
2431 926 2623 980 hiemis
2645 926 2935 980 solstitium
2957 927 3204 981 brumale
3229 928 3481 986 similiter
3500 931 3722 985 dividat.
3737 950 3755 981 ι

2185 1017 2327 1073 ῡιες.
2371 1017 2622 1088 Nunquid
2667 1035 2794 1090 ergo
2843 1020 2957 1075 huic
3009 1028 3241 1089 quatuor
3285 1030 3528 1091 tempora
3573 1038 3762 1094 parem

2183 1106 2568 1177 longitudinem
2613 1110 2855 1165 habent?
2909 1109 3049 1165 MAG.
3090 1109 3300 1165 Habent
3340 1113 3548 1182 utique,
3588 1122 3644 1166 et
3679 1129 3763 1167 se-

2182 1199 2417 1253 cundum
2469 1215 2681 1270 mquam
2732 1202 3032 1271 portionem
3089 1203 3280 1271 recipit
3337 1205 3762 1274 unumquodque

2183 1305 2400 1346 menses
2428 1300 2565 1357 tres;
2600 1293 2714 1348 dics
2749 1296 3038 1366 nonaginta
3064 1302 3120 1349 et
3148 1310 3336 1360 unum,
3364 1295 3527 1349 horas
3554 1304 3766 1364 septem

2181 1388 2236 1435 et
2268 1381 2563 1436 dimidiam.
2613 1384 2757 1438 DISC.
2786 1385 3062 1450 Quomodo
3092 1399 3222 1453 ergo
3260 1385 3559 1441 secundum
3604 1383 3764 1438 hora-

2184 1488 2302 1527 rum
2333 1473 2651 1528 divisionem
2672 1482 2726 1528 et
2751 1484 2974 1530 cazteras
3000 1475 3396 1531 subdivisiones
3427 1476 3765 1544 unumquod-

2183 1575 2288 1631 que
2323 1556 2531 1632 te‘mpus
2570 1563 2749 1616 tenet?
2779 1562 2919 1618 MAc.
2969 1563 3143 1618 Habet
3182 1577 3313 1634 ergo
3339 1563 3765 1632 unumquodque

2186 1658 2417 1720 tempus,
2461 1651 2752 1706 secundum
2792 1651 3049 1707 horarum
3095 1653 3550 1721 supputationem,
3590 1649 3765 1705 vTchc

508 1741 722 1795 easdem
751 1748 991 1811 tempora
1020 1740 1337 1794 nominant?
1365 1737 1503 1793 MAG.
1535 1737 1670 1804 Quia
1701 1737 1934 1808 quadam
1973 1750 2085 1790 sua:
2113 1761 2160 1820 Β
2188 1749 2242 1796 et,
2285 1757 2446 1803 unam
2486 1742 2677 1797 horam
2717 1758 2781 1797 ac
2810 1743 3120 1808 semissem;
3164 1743 3460 1798 secundum
3507 1749 3762 1811 punctos,

507 1830 858 1887 similitudine
887 1829 1160 1901 qualitatis
1188 1829 1486 1885 adinvicem
1522 1838 1833 1899 comparata
1862 1826 2105 1884 volvun--

507 1932 618 1989 tur,
647 1939 710 1978 ac
738 1924 966 1978 terrenis
1007 1923 1270 1986 fructibus
1314 1921 1599 1998 nascendis
1643 1918 2084 1988 maturandisque

509 2021 930 2082 temperamenta
983 2013 1312 2066 custodiunt.
1372 2012 1514 2066 Disc.
1570 2010 1893 2078 Quomodo?
1940 2008 2078 2064 MAG.

511 2103 692 2158 llicms
733 2103 900 2168 enim,
952 2113 1012 2156 ut
1044 2112 1168 2172 pote
1211 2102 1423 2170 longius
1466 2101 1579 2158 sole
1617 2109 1848 2169 remoto,
1887 2099 2082 2172 frigida

482 2182 592 2248 ’ρει
631 2203 684 2248 et
717 2193 954 2248 humida.
988 2193 1109 2259 Ver,
1149 2193 1238 2247 illo
1268 2207 1427 2263 super
1455 2200 1631 2248 terras
1669 2193 1948 2258 redeunte,
1980 2192 2081 2246 hu—

508 2289 709 2343 midum
738 2298 791 2342 et
831 2287 1084 2343 calidum.
1133 2286 1340 2352 Estas,
1371 2285 1461 2342 illo
1491 2301 1656 2357 super
1689 2283 1952 2350 fervente,
1995 2292 2084 2339 ca-
2179 2340 2182 2342 γ

509 2382 614 2436 lida
649 2391 702 2436 et
730 2383 891 2436 sicca.
919 2381 1240 2446 Autumnus,
1274 2380 1366 2437 illo
1387 2380 1454 2448 ad
1484 2378 1740 2435 inferiora
1768 2379 2081 2443 decedente,

506 2473 684 2528 siccus
710 2480 763 2527 et
790 2471 1039 2543 frigidus.
1086 2473 1282 2543 Sicque
1312 2472 1371 2527 lit
1397 2480 1455 2527 ut
1497 2472 1930 2544 amplexantibus
1974 2472 2084 2526 sin-

508 2564 646 2634 gulis
685 2552 866 2620 inedio
900 2564 1267 2620 moderamine
1309 2580 1427 2635 quae
1471 2565 1617 2620 circa
1659 2579 1717 2620 se
1762 2573 1890 2620 sunt
1934 2564 2084 2620 orbis

511 2659 682 2713 instar
713 2659 1011 2714 adinvicem
1039 2669 1232 2721 cuncta
1259 2659 1669 2715 concludantur.
1699 2658 1906 2726 Quibus
1932 2673 2085 2728 inque

511 2749 878 2820 qualitatibus,
905 2749 1209 2819 disparibus
1232 2749 1446 2819 quidem
1476 2762 1572 2819 per
1594 2731 1672 2816 se,
1697 2749 1793 2804 sed
1823 2748 2085 2803 alterutra

512 2841 578 2894 ad
616 2841 844 2895 invicem
887 2828 1142 2896 societate
1189 2840 1466 2906 connexis,
1495 2840 1610 2910 ipsa
1641 2854 1855 2909 quoque
1900 2838 2086 2893 mundi

513 2931 774 2986 elementa
801 2940 1010 2987 constat
1035 2947 1153 2987 esse
1183 2931 1454 2986 distincta.
1486 2930 1655 3000 Terra
1681 2946 1915 3001 namque
1940 2931 2085 2986 sicca

511 3031 565 3076 ct
602 3021 815 3094 frigida,
859 3038 996 3092 aqua
1040 3021 1232 3094 frigida
1268 3031 1323 3078 et
1354 3022 1593 3088 humida,
1624 3037 1717 3077 aer
1751 3022 2002 3078 humidus
2032 3029 2087 3077 ct

511 3112 742 3178 calidus,
779 3114 918 3185 ignis
968 3113 1170 3170 calidus
1212 3122 1266 3169 et
1316 3114 1511 3170 siccus.
1559 3113 1792 3185 ideoque
1835 3114 1952 3169 haec
1993 3129 2087 3168 au-
2114 3116 2159 3178 C

516 3218 722 3272 tumno,
769 3198 862 3260 illa'
887 3207 1077 3273 hiemi,
1109 3208 1209 3262 iste
1239 3208 1383 3273 veri,
1413 3207 1501 3274 ille
1548 3205 1862 3263 conferatur
1890 3207 2085 3262 testati.

514 3300 656 3354 nise.
695 3299 844 3354 Unde
884 3314 979 3353 ver
1020 3300 1276 3354 vocatur?
1313 3299 1452 3356 MAG.
1488 3299 1642 3367 Quod
1685 3299 1740 3353 in
1787 3313 1851 3354 eo
1895 3308 2088 3354 cuncta

514 3399 756 3457 vernent,
787 3392 887 3446 hoc
910 3399 1012 3457 est,
1043 3393 1332 3447 virescant.
1365 3391 1511 3448 DISC.
1539 3391 1692 3447 Unde
1719 3393 1915 3447 testas?
1946 3391 2084 3456 MAG.

513 3483 592 3536 Ab
624 3491 756 3536 :cstu
785 3485 876 3552 qui
908 3482 961 3536 in
986 3499 1047 3538 ea
1080 3484 1413 3539 maturandis
1441 3483 1710 3540 fructibus
1732 3483 1910 3538 datur.
1941 3481 2086 3538 Disc.

519 3572 665 3626 L’nde
697 3573 891 3627 dicitur
919 3575 1243 3628 autumnus?
1271 3557 1409 3629 MAG.
1437 3575 1512 3628 De
1549 3574 1956 3629 autumnatione
1985 3573 2092 3627 fru-

513 3675 696 3737 ctuum
743 3665 831 3734 qui
882 3668 936 3718 in
979 3680 1043 3719 eo
1084 3665 1426 3734 colliguntur.
1486 3666 1630 3721 DISC.
1678 3664 1830 3721 Unde
1874 3665 2092 3719 hiems?

518 3756 654 3810 MAG.
696 3756 742 3808 Α
798 3756 1017 3827 frigore.
1062 3757 1231 3811 Porro
1276 3753 1452 3813 hiems
1488 3773 1519 3812 a
1563 3758 1874 3813 doctoribus
1929 3759 2094 3828 inter-

515 3855 758 3917 pretatur
798 3855 853 3901 ct
899 3847 1173 3901 sterilitas.
1224 3847 1369 3903 DISC.
1420 3847 1532 3904 Ubi.
1565 3849 1815 3918 quodque
1867 3849 2094 3904 istorum

517 3949 819 4008 temporum
864 3939 1087 3993 sortitur
1134 3940 1380 3994 initium?
1424 3938 1564 3996 MAG.
1594 3939 1829 3996 Isidorus
1865 3956 2096 4013 namque

521 4025 849 4095 llispalensis
875 4028 1155 4097 cpiscopus
1186 4028 1418 4084 hiemem
1447 4044 1592 4086 nono
1617 4029 1732 4084 Kal.
1761 4031 2091 4097 Decembris,

521 4132 616 4170 ver
660 4125 851 4173 octavo
899 4116 1014 4172 Kal.
1061 4118 1268 4185 Martii,
1310 4128 1553 4176 aestatem
1603 4136 1746 4176 nono
1776 4121 1894 4176 Kal.
1926 4119 2088 4186 Junii,

521 4219 834 4265 autumnum
890 4212 1098 4267 decimo
1155 4213 1271 4267 Kal.
1316 4213 1649 4284 Septembris
1707 4214 1905 4271 habere
1959 4215 2096 4272 dixit

519 4313 787 4358 exortum.
818 4302 991 4359 Grieci
1039 4313 1217 4360 autem
1249 4314 1304 4360 et
1339 4305 1601 4372 Romani,
1652 4321 1880 4377 quorum
1928 4308 2096 4362 ratio-

523 4412 644 4452 nem
675 4397 724 4451 in
758 4397 1060 4466 huiusmodi
1102 4395 1606 4469 disciplinis‘potius
1639 4413 1802 4468 quam
1834 4398 2097 4468 Hispano-

2190 1833 2540 1901 v'ﬁ'incccxvr;
2571 1835 2863 1891 secundum
2904 1848 3031 1890 vero
3061 1821 3285 1899 minuta,
3331 1832 3646 1899 'xTinxxxv;
3677 1845 3766 1886 se-

2186 1927 2421 1982 cundum
2485 1936 2779 1992 momenta,
2826 1928 3114 1992 fxTiVLx;
3169 1926 3463 1982 secundum
3519 1930 3764 1988 ostenta,

2184 2017 2440 2074 cﬁx’ixx.
2465 2017 2688 2075 Atomos
2715 2025 2905 2087 quater
2939 2017 3144 2074 centies
3177 2025 3231 2072 et
3256 2017 3518 2088 nonagies
3548 2023 3766 2071 centum

2184 2109 2350 2168 millia
2377 2118 2431 2166 et
2469 2107 2625 2166 Fine.

2205 2017 2349 2028 .—

2737 2200 2963 2257 CAPUT
2999 2200 3215 2256 XXXV.

2834 2294 2913 2348 De
2951 2295 3124 2348 annis.

2255 2387 2400 2444 Disc.
2429 2374 2570 2454 Quid
2601 2392 2685 2442 est
2714 2386 2922 2441 annus?
2950 2371 3087 2440 MAG.
3119 2383 3259 2438 Solis
3285 2383 3550 2438 circuitus
3575 2398 3642 2439 ac
3685 2399 3768 2440 re-

2185 2478 2327 2534 ditus
2351 2493 2448 2548 per
2473 2462 2756 2533 duodecim
2785 2490 3016 2530 menses.
3049 2475 3195 2529 DISC.
3242 2473 3396 2530 Unde
3432 2474 3634 2528 dicitur
3677 2490 3770 2528 an-

2184 2569 2316 2624 nus?
2340 2569 2483 2636 MAG.
2508 2567 2592 2623 Ab
2620 2567 2926 2622 innovando
2953 2575 3146 2622 cuncta
3171 2579 3291 2634 qua:
3318 2565 3555 2619 naturali
3583 2564 3773 2619 ordine

2186 2659 2530 2715 transierant.
2573 2657 2669 2713 Vel
2717 2673 2747 2711 a
2777 2657 3009 2712 circuitu
3055 2655 3312 2725 temporis
3357 2671 3536 2710 annus
3575 2670 3768 2711 nomen

2185 2751 2412 2822 accepit,
2440 2751 2567 2822 quia
2607 2761 2820 2806 veteres
2847 2765 3047 2803 annum
3076 2764 3174 2818 pro
3217 2749 3422 2803 circum
3454 2761 3660 2816 ponere
3689 2762 3770 2803 so-

2185 2845 2383 2910 lebant,
2418 2852 2477 2899 ut
2502 2843 2637 2900 Cato
2669 2842 2799 2898 dicit
2826 2843 2881 2897 in
2923 2843 3232 2914 Originibus
3257 2850 3536 2896 oratorum
3567 2856 3769 2894 annum

2188 2940 2495 3005 terminum,
2538 2938 2593 2992 id
2624 2945 2728 3003 est,
2768 2937 2972 2992 circum
3004 2935 3311 2991 terminum.
3355 2934 3422 2988 Et
3452 2933 3664 2989 ambire
3695 2933 3772 2988 di-

2187 3033 2332 3090 citur
2359 3048 2457 3103 per
2483 3033 2691 3088 circum
2720 3031 2821 3086 ire.
3077 3074 3080 3078 .

2732 3120 2958 3177 CAPUT
2997 3119 3235 3176 XXXVI.

2583 3213 2722 3279 Quot
2747 3213 2940 3283 species
2964 3213 3068 3266 sint
3096 3227 3373 3265 (annorum.

2261 3308 2404 3363 DISC.
2437 3305 2578 3373 Quot
2607 3304 2815 3374 species
2844 3302 3300 3358 suntannorum?
3338 3300 3480 3355 MAG.
3529 3297 3774 3369 Septem-

2190 3401 2385 3456 decim.
2439 3398 2582 3454 DISC.
2643 3395 2966 3463 Quomodo?
3020 3393 3159 3449 MAG.
3217 3391 3349 3446 Nam
3403 3389 3545 3445 luna
3603 3404 3775 3443 unus

2191 3493 2428 3564 quinque
2469 3489 2678 3559 species
2707 3488 2892 3553 habet,
2920 3486 3048 3541 solis
3079 3497 3209 3545 vero
3239 3491 3371 3538 tres.
3403 3479 3542 3536 Sunt
3568 3488 3622 3533 et
3645 3479 3775 3532 anni

2193 3587 2522 3657 singularum
2570 3583 2930 3654 planetarum,
2955 3581 3012 3637 id
3043 3588 3148 3644 est,
3178 3577 3472 3633 errantium
3509 3575 3773 3638 siderum,

2196 3695 2225 3732 a
2251 3677 2424 3732 stellis
2455 3675 2650 3744 quibus
2673 3671 2936 3734 serviunt,
2952 3669 3235 3726 nominati.
3265 3667 3360 3721 Est
3388 3663 3776 3738 annushebdo-

2196 3770 2497 3824 madarum.
2548 3766 2645 3821 Est
2691 3780 2863 3819 annus
2909 3763 3170 3832 septimus
3229 3759 3433 3829 requiei
3479 3756 3776 3812 secundum

2197 3861 2389 3933 legem.
2413 3860 2509 3915 Est
2531 3866 2586 3913 et
2610 3857 2829 3927 jubilaai.
2861 3856 2958 3910 Est
2980 3864 3033 3910 et
3064 3868 3236 3908 annus
3263 3851 3504 3906 omnium
3529 3849 3778 3920 planeta-

2195 3967 2350 4016 rum,
2394 3950 2485 4019 qui
2516 3955 2737 4002 vocatur
2774 3960 3021 4014 magnus.
3051 3943 3196 3998 DISC.
3242 3941 3366 3996 Haec
3395 3955 3492 4012 per
3534 3938 3776 4010 singulas

2196 4039 2401 4111 species
2449 4053 2580 4110 rogo
2627 4045 2687 4091 ut
2729 4051 2985 4105 exponas.
3033 4034 3172 4088 MAG.
3222 4031 3437 4086 Primus
3483 4031 3678 4085 modus
3709 4031 3778 4083 de

2195 4129 2320 4185 luna
2370 4138 2485 4195 est,
2523 4145 2644 4183 cum
2682 4127 2807 4180 luna
2852 4125 3041 4196 viginti
3087 4131 3292 4192 scptem
3331 4121 3519 4175 diebus
3563 4127 3620 4173 et
3649 4128 3776 4173 octo

2197 4221 2346 4277 horis
2378 4220 2657 4274 zodiacum
2707 4229 3050 4285 percurrens,
3091 4213 3160 4266 ad
3206 4211 3259 4265 id
3309 4210 3521 4278 signum
3565 4222 3634 4261 ex
3666 4221 3776 4276 quo

2196 4327 2418 4385 egressa
2455 4320 2538 4366 est
2579 4308 2889 4364 revertitur.
2921 4305 3199 4360 Secundus
3238 4302 3445 4358 duobus
3489 4301 3698 4355 diebus.
3724 4310 3779 4354 et

2199 4412 2429 4474 quatuor
2455 4401 2602 4456 horis
2641 4408 2725 4454 est
2762 4397 3040 4467 prolixior.
3084 4385 3323 4458 Tertius,
3357 4391 3450 4461 qui
3496 4391 3776 4447 duodecim

523 4503 640 4542 rum
687 4489 978 4543 auctoritas
1022 4490 1174 4559 sequi
1221 4490 1535 4554 consuevit,
1587 4489 1822 4544 hiemem
1868 4490 2098 4560 septimo
2124 4488 2175 4546 D
2199 4478 2476 4553 mensibus
2510 4491 2833 4564 hujusmodi,
2878 4490 2932 4544 id
2961 4498 3075 4554 est,
3107 4488 3297 4542 diebus
3328 4499 3478 4540 cccxv
3506 4484 3774 4553 expletur,

524 4578 644 4634 ldus
677 4579 1012 4647 Novembris,
1053 4597 1147 4636 ver
1176 4582 1405 4652 septimo
1439 4580 1563 4635 ldus
1594 4581 1904 4648 Februarii,
1942 4591 2097 4637 testa-

525 4679 635 4723 tem
678 4671 905 4740 septimo
938 4671 1059 4725 ldus
1089 4671 1233 4736 Maii,
1265 4679 1579 4748 autumnum
1607 4672 1835 4741 septimo
1872 4672 1948 4727 ιιι.
1989 4672 2098 4726 Au-

526 4764 663 4830 gusti
695 4765 947 4818 inchoare
975 4763 1290 4830 decernunt,
1319 4765 1513 4820 hiemis
1541 4766 1788 4821 videlicet
1813 4777 1868 4821 et
1896 4767 2099 4822 aestatis

529 4856 678 4910 initia
706 4857 1012 4926 vespertino
1037 4857 1118 4912 vel
1158 4857 1424 4913 matutino
1450 4857 1812 4928 Vergiliarum
1846 4867 1971 4914 ortu
2007 4875 2098 4914 oc-

531 4960 763 5014 casuque
819 4948 1121 5018 signantes,
1170 4950 1300 5004 item
1345 4949 1490 5005 veris
1546 4957 1599 5004 et
1647 4942 1926 5017 autumni,
1976 4967 2098 5006 cum

534 5037 775 5094 Pleiades
804 5043 977 5096 medio
1010 5041 1122 5097 fere
1148 5043 1233 5098 die
1260 5044 1345 5099 vel
1393 5052 1551 5099 nocte
1593 5045 1846 5099 oriuntur
1871 5053 1927 5099 et
1964 5045 2102 5100 occi-

532 5133 693 5199 dunt,
723 5143 982 5203 ponentes
1023 5135 1339 5204 ingressum.
1372 5136 1440 5190 Et
1482 5135 1707 5192 Plinius
1732 5137 2001 5193 secundus
2045 5137 2100 5192 in

534 5224 675 5278 libro
705 5239 743 5277 ιι
769 5222 1035 5277 Naturalis
1059 5224 1304 5280 Historiae
1330 5227 1518 5281 eodem
1548 5229 1707 5287 modo
1730 5227 2106 5298 distinguenda

523 5316 809 5389 judicavit.
842 5314 949 5369 Sed
991 5323 1044 5369 et
1084 5314 1243 5369 homo
1284 5317 1535 5373 Ecclesiae
1582 5327 1802 5375 sanctus
1828 5318 2109 5373 Anatolius

523 5412 590 5464 .in
620 5409 794 5481 Opere
832 5423 939 5463 suo
971 5407 1223 5477 paschali
1269 5407 1343 5461 ita
1385 5408 1461 5461 ait
1502 5427 1515 5462 :
1566 5428 1585 5460 ι
1625 5409 1739 5465 Hoc
1782 5419 1961 5464 autem
2001 5409 2124 5463 neu-

535 5491 772 5578 ignores,
804 5503 946 5576 quod
990 5504 1102 5574 ipsa
1132 5512 1364 5573 quatuor
1389 5517 1506 5572 qua:
1531 5503 1878 5572 praediximus
1907 5513 2111 5573 tempo-

541 5614 658 5651 rum
693 5597 956 5662 eonlinia,
999 5597 1122 5652 licet
1161 5595 1424 5650 mensium
1471 5596 1810 5663 sequentium
1854 5594 2108 5650 Kalendis

542 5693 999 5761 uppt'nxlnlmlllll‘,
1025 5688 1443 5758 untunqumlque
1493 5696 1668 5739 tamen
1713 5688 1947 5741 medium
1979 5695 2109 5739 lem-

2203 4600 2257 4647 et
2311 4597 2533 4646 vocatur
2583 4585 2907 4642 communis.
2963 4583 3230 4650 Quartus,
3282 4580 3376 4649 qui
3429 4577 3776 4632 embolismus

2203 4682 2389 4738 Grazee
2420 4681 2636 4745 dicitur,
2677 4678 2732 4733 id
2757 4685 2869 4741 est,
2915 4679 3484 4744 superargumentum,
3518 4679 3574 4724 et
3621 4670 3779 4724 habet

2205 4772 2461 4830 tredecim
2495 4784 2729 4835 menses,
2776 4768 2828 4821 id
2875 4774 2988 4831 est,
3035 4765 3152 4820 dies
3194 4769 3510 4818 c‘ccuxnv.
3550 4760 3779 4827 Quintus

2206 4875 2289 4923 est
2323 4865 2450 4920 dum
2490 4863 2615 4916 luna
2667 4876 2764 4930 per
2803 4860 2989 4914 decem
3033 4863 3090 4910 et
3134 4869 3326 4911 novem
3375 4867 3570 4921 annos,
3619 4852 3780 4905 etiam

2203 4955 2341 5012 saltu
2386 4961 2682 5017 transacto,
2710 4950 2777 5003 ad
2806 4948 3021 5002 easdem
3055 4944 3288 5000 recurrit
3330 4949 3537 4997 :etates.
3585 4940 3780 4997 Sextus

2207 5062 2379 5102 annus
2421 5053 2504 5099 est
2545 5041 2758 5107 solaris,
2787 5054 2910 5094 cum
2947 5036 3027 5092 sol
3066 5035 3133 5090 ad
3161 5036 3348 5090 eadem
3387 5034 3506 5087 loca
3546 5032 3779 5087 siderum

2209 5139 2368 5203 redit,
2392 5134 2626 5207 peractis
2657 5145 2853 5188 cccrxv
2885 5128 3073 5183 diebus
3105 5134 3162 5180 et
3187 5141 3283 5180 sex
3312 5125 3479 5179 horis.
3509 5122 3780 5192 Septimus

2209 5238 2292 5284 est
2319 5229 2444 5283 item
2483 5225 2695 5289 solaris,
2723 5223 2850 5276 dum
2879 5226 3260 5288 quarto‘anno
3287 5215 3371 5270 bis
3417 5223 3605 5270 sextus
3642 5215 3780 5268 inse-

2213 5322 2365 5384 ritur,
2396 5329 2454 5376 et
2482 5318 2617 5372 ﬁunt
2644 5315 2761 5370 dies
2780 5325 3020 5367 cccuvx.
3048 5307 3285 5363 Octavus
3310 5316 3393 5362 est
3419 5306 3547 5361 item
3572 5304 3779 5367 solaris,

2216 5413 2340 5467 dum
2368 5411 2446 5466 sol
2485 5425 2583 5481 per
2606 5408 2793 5480 viginti
2823 5415 2946 5462 octo
2976 5420 3147 5462 annos
3174 5403 3437 5460 circulum
3458 5414 3783 5457 concurren-

2217 5505 2347 5558 tium
2391 5503 2641 5573 complet.
2686 5499 2869 5556 Nonus
2909 5514 3084 5554 annus
3121 5504 3207 5552 est
3239 5493 3535 5550 secundum
3579 5489 3782 5545 stellam

2216 5610 2334 5664 qua:
2364 5605 2584 5649 vocatur
2613 5592 2928 5657 Mercurius,
2958 5590 3050 5658 qui
3077 5602 3339 5644 cccxxxut
3380 5584 3572 5641 diebus
3615 5580 3783 5644 exple

2218 5695 2322 5739 tur.
2368 5685 2615 5741 Decimus
2658 5700 2829 5739 annus
2855 5691 2938 5737 est
2970 5680 3263 5737 secundum
3307 5677 3518 5734 stellam
3550 5688 3662 5741 qiu-
3701 5683 3779 5722 vu-
