3948 6350
188 388 292 444 (389

1475 384 1668 437 Lilliill
1713 384 1797 436 Dl'l
1836 380 2180 438 COMI‘U'I‘O.

3345 382 3445 433 (εειο

182 518 341 563 citur
385 506 582 568 Venus,
612 506 701 575 qui
748 521 1006 560 ccchvtu
1054 505 1242 559 diebus
1289 505 1550 575 expletur.
1582 505 1763 561 Unde-
1794 510 1842 566 Α
1871 505 1992 559 tur?
2020 504 2157 559 MAG.
2189 504 2423 561 Planetae
2450 515 2626 561 autem
2658 507 2991 561 solummodo
3017 514 3121 560 neu
3149 515 3272 560 stmt
3307 506 3441 568 fixas,

181 599 358 653 cimus
402 607 485 651 est
539 612 711 650 annus
756 597 1051 651 secundum
1106 595 1315 650 stellam
1374 610 1493 663 quae
1542 603 1767 651 vocatur

184 690 349 750 Mars,
381 688 472 756 qui
514 688 749 758 peractis
781 687 987 742 duobus
1016 688 1172 741 annis
1209 686 1525 754 completur.
1559 686 1767 741 Duode-

183 781 360 836 cimus
386 794 558 833 annus
595 787 676 833 est
705 778 997 834 secundum
1028 777 1237 833 stellam
1267 794 1387 847 qua:
1414 786 1638 831 vocatur
1678 776 1768 833 Jo-

170 862 291 937 ‘vis,
319 873 408 942 qui
451 872 680 941 peractis
722 871 1001 925 duodecim
1040 870 1196 924 annis
1232 869 1505 940 impletur.
1551 867 1768 923 Tertius

184 964 429 1019 decimus
471 978 644 1018 annus
669 972 755 1017 est
800 961 1096 1017 secundum
1140 960 1349 1016 stellam
1383 976 1503 1031 qua:
1543 968 1769 1014 vocatur

184 1056 489 1123 Saturnus,
543 1056 635 1126 qui
697 1056 932 1127 peractis
998 1055 1215 1127 triginta
1277 1054 1433 1109 annis
1492 1053 1764 1122 impletur.

180 1148 423 1216 Quartus
451 1149 691 1204 decimus
734 1162 906 1201 annus
934 1155 1020 1201 est
1063 1145 1359 1201 secundum
1404 1142 1769 1199 hebdomadas

182 1244 351 1299 totius
394 1242 551 1308 anni,
591 1242 642 1298 id
683 1249 793 1306 est,
840 1238 1229 1310 quinquaginta
1276 1238 1443 1301 duas,~
1476 1235 1567 1307 qui
1606 1235 1771 1290 habet

180 1337 301 1392 dies
344 1350 582 1391 cccutv.
627 1333 858 1401 Quintus
908 1332 1148 1388 decimus
1192 1338 1275 1386 est
1327 1345 1501 1385 annus
1554 1328 1769 1399 requies

179 1430 397 1500 septimi
426 1429 550 1482 anni
578 1427 872 1482 secundum
902 1425 1092 1496 legem,
1119 1440 1226 1495 quo
1247 1422 1540 1492 jubebatur
1571 1420 1766 1491 populo

180 1520 279 1576 Dei
320 1536 349 1575 a
393 1519 556 1574 rurali
601 1534 763 1589 opere
807 1532 1020 1573 vacare.
1069 1514 1264 1572 Sextus
1307 1515 1549 1571 decimus
1594 1528 1768 1568 annus

179 1621 289 1679 cst,
317 1613 523 1683 species
547 1611 673 1665 anni
697 1609 922 1680 jubilmi,
946 1609 1042 1679 qui
1087 1616 1171 1663 est
1196 1622 1369 1663 annus
1407 1605 1765 1671 remissionis,

177 1712 235 1758 et
279 1702 669 1774 quinquaginta
715 1701 874 1756 annis
908 1700 1178 1771 impletur.
1230 1698 1504 1769 Septimus
1541 1704 1596 1752 et
1623 1696 1768 1752 deei-

178 1810 304 1849 mus
350 1809 523 1848 annus
564 1801 669 1859 est,
702 1792 793 1863 qui
836 1799 1060 1848 vocatur
1103 1805 1347 1861 magnus,
1375 1804 1546 1843 annus
1574 1787 1762 1859 plane-

178 1898 395 1951 tarum,
440 1885 565 1940 dum
626 1886 806 1940 omnia
855 1882 1031 1939 sidera
1077 1884 1145 1939 ad
1194 1883 1368 1939 locum
1418 1871 1837 1938 revertunturB

1868 609 1928 653 ut
1949 598 2207 667 oreliquaz,
2241 598 2333 653 sed
2365 599 2416 653 in
2448 615 2573 655 aere
2618 598 2881 655 feruntur.
2914 600 3077 654 Dictze
3107 609 3287 655 autem
3332 598 3444 670 pla-

1867 699 2008 745 nota:
2035 708 2133 761 apo
2161 700 2235 746 les
2268 690 2446 760 plaues
2485 691 2605 764 [ἀπὸ
2632 702 2723 756 τῆς
2752 689 2994 763 aliane],
3028 692 3079 747 id
3119 700 3221 757 est,
3263 693 3330 748 ab
3358 706 3447 748 er-

1868 798 2009 837 rore.
2058 780 2191 862 Nam
2218 780 2503 837 interdum
2549 783 2601 836 in
2639 792 2913 848 austrum,
2959 782 3231 838 interdum
3272 783 3326 837 in
3355 796 3443 839 se-

1835 877 2262 947 ptentrionem,
2310 876 2624 951 plerumque
2653 884 2839 930 contra
2879 876 3156 941 mundum,
3200 891 3445 931 nonnun-

1868 984 2030 1038 quam
2067 984 2189 1022 eum
2231 968 2431 1021 mundo
2474 966 2735 1021 feruntur.
2780 967 2901 1022 Ilaec
2943 975 2999 1024 et
3038 967 3351 1037 retrograda
3391 977 3445 1021 et

1869 1060 2146 1125 auomala,
2178 1060 2459 1131 antigrada
2486 1069 2542 1115 et
2583 1060 2776 1115 stativa
2818 1060 3085 1122 dicuntur.
3121 1060 3265 1115 DISC.
3306 1059 3423 1126 Quo

1866 1152 2057 1207 modo?
2105 1151 2241 1207 MAG.
2274 1151 2409 1205 Nam
2455 1151 2847 1223 retrogradatio
2888 1150 3163 1205 stellarum
3192 1160 3274 1206 est
3317 1150 3442 1208 dum

1869 1243 2022 1300 stella
2069 1251 2273 1297 motum
2323 1257 2479 1297 suum
2521 1243 2631 1313 agit
2666 1241 2822 1296 simul
2854 1251 2907 1296 ct
2944 1250 3088 1295 retro
3137 1238 3440 1295 submoveri

1868 1334 2099 1388 videtur.
2144 1332 2405 1388 Anomala
2450 1333 2702 1387 dicuntur
2746 1333 2959 1401 quando
2998 1331 3295 1402 particulas
3346 1326 3441 1386 ad-

1869 1423 2002 1478 dunt
2038 1421 2117 1475 vel
2149 1422 2454 1475 detrahunt.
2486 1421 2779 1491 Antigrada
2810 1420 2889 1474 vel
2933 1420 3288 1490 prazcedentia
3318 1430 3445 1475 sunt

1868 1515 1995 1570 dum
2043 1523 2244 1569 motum
2296 1529 2449 1568 suum
2484 1512 2812 1568 ’consuctum
2862 1527 3019 1582 agerc
3066 1512 3344 1575 videntur,
3391 1521 3446 1566 et

1870 1612 2047 1659 tamen
2102 1604 2302 1673 aliquid
2360 1615 2557 1674 praeter
2622 1604 3061 1660 consuetudinem
3108 1604 3437 1674 prmceduut.

1868 1695 2077 1752 Stativa
2103 1697 2373 1760 dicuntur,
2415 1697 2539 1766 quia
2583 1697 2706 1751 dum
2738 1711 2951 1766 semper
2980 1695 3131 1752 stella
3176 1705 3440 1758 movetur,

1867 1796 2046 1843 tamen
2076 1789 2130 1841 in
2156 1786 2424 1857 aliquibus
2448 1787 2583 1843 locis
2610 1796 2757 1843 stare
2781 1786 3011 1843 videtur.

2377 1898 2602 1955 CAPUT
2643 1898 2921 1955 XXXVIII.

175 1978 546 2075 limitum")
586 1986 790 2075 ἣιδιιξῑθ
818 1977 1154 2075 fuefumi‘c‘
1196 1978 1508 2075 (I'lingemi5_
1539 1976 1762 2075 ιιζίεῑιιιεξ
1863 1993 1940 2048 De
1969 1992 2299 2064 planetarum
2327 2009 2484 2048 cursu
2516 1992 2957 2075 per‘signiferum,
2985 2002 3032 2047 et
3059 2001 3249 2046 natura
3282 1992 3430 2061 signi-

176 2070 391 2125 duobus
414 2070 573 2125 annis
601 2070 871 2141 impletur.
896 2070 1040 2125 DISC.
1064 2068 1251 2124 Annus
1279 2083 1407 2139 ergo
1433 2067 1643 2131 solaris,
1669 2066 1759 2137 qui

176 2160 381 2215 écczxv
413 2160 599 2214 diebus
626 2168 681 2214 et
703 2158 1001 2227 quadrante
1042 2166 1273 2222 constat,
1303 2168 1434 2227 quot
1462 2158 1622 2212 horas
1649 2172 1762 2211 am-

174 2252 464 2323 plectitur?
484 2251 622 2307 MAG.
640 2251 839 2321 Utique
859 2266 1162 2306 txnccuvr.
1185 2250 1331 2305 DISC.
1348 2249 1487 2317 Quot
1504 2248 1765 2318 punctos?

172 2341 320 2398 MAG.
344 2340 608 2397 ﬁexa.
634 2341 777 2396 Disc.
801 2340 941 2408 Quot
962 2340 1201 2395 minuta?
1223 2339 1359 2395 MAG.
1385 2335 1759 2394 ῦῑῐῑνπῖυειχ.

172 2432 488 2500 Dmc.ant
520 2430 857 2487 momenta?
914 2431 1052 2487 MAG.
1099 2430 1386 2487 Eccwcxz.
1434 2430 1579 2485 l)tsc.
1625 2428 1765 2496 Quot

169 2524 424 2581 ostenta?
443 2522 582 2580 MAG.
606 2522 1001 2579 B—xﬁoccccrx.
1026 2521 1168 2577 Disc.
1192 2520 1333 2588 Quot
1355 2520 1601 2576 atomos?
1620 2519 1760 2574 MAG.

173 2615 367 2671 Decies
392 2614 577 2670 novies
602 2614 809 2669 centies
835 2621 1052 2676 centum
1084 2611 1248 2666 millia
1274 2620 1328 2665 et
1354 2618 1585 2680 quatuor
1619 2609 1765 2665 mille

170 2707 348 2763 millia
377 2714 432 2763 et
458 2705 844 2763 nTcEcﬁx-Iu.

709 2794 935 2853 CAPUT
973 2793 1228 2859 XXXVII.

392 2894 472 2949 De
502 2894 724 2965 planetis
749 2903 795 2949 et
823 2892 1020 2964 origine
1054 2892 1322 2946 nominum
1348 2906 1547 2945 earum.

249 2985 397 3040 DISC.
430 2983 565 3051 Quia
603 2984 668 3040 de
699 2983 965 3038 solarihus
990 2990 1043 3037 et
1067 2980 1348 3037 lunaribus
1376 2979 1532 3034 annis
1557 2978 1762 3043 dicens,

169 3078 246 3132 de
273 3076 429 3132 annis
476 3072 713 3146 quinque
740 3075 1080 3146 planetarum
1123 3072 1437 3144 adiunxisti,
1480 3084 1675 3142 precor
1709 3078 1767 3124 ut

173 3168 419 3237 ipsorum
465 3166 702 3222 siderum
731 3166 1113 3237 proprietatem
1155 3178 1261 3218 non
1300 3161 1542 3234 graveris
1585 3159 1766 3230 expla-

2596 2065 2715 2132 feri.

1935 2157 2078 2214 DISC.
2129 2156 2235 2213 Sed
2285 2158 2408 2227 quia
2463 2156 2641 2211 audivi
2689 2164 2740 2210 te
2796 2155 3061 2210 dicentem
3105 2153 3483 2225 planetarum-

1867 2248 2152 2302 transitum
2192 2262 2314 2303 esse
2340 2248 2392 2302 iu
2426 2247 2664 2311 zodiaco,
2697 2246 2864 2316 ipsius
2891 2245 3092 2300 zodiaci
3141 2245 3441 2314 proprieta-

1868 2350 1995 2405 tem,
2038 2348 2093 2395 et
2129 2352 2363 2395 θυι-ευηικ
2392 2354 2576 2395 earum
2607 2353 2734 2408 rogo
2774 2345 2831 2391 ut
2864 2351 3119 2407 exponas.
3156 2334 3296 2391 MAG.
3333 2334 3438 2389 Fa-

1865 2432 2025 2487 ciam.
2054 2432 2335 2497 Zodiacus,
2368 2431 2450 2486 vel
2499 2430 2741 2501 signifer,
2790 2439 2873 2485 est
2917 2429 3153 2485 circulus
3184 2428 3435 2500 obliquus

1866 2524 2146 2580 duodecim
2188 2524 2354 2595 signis
2380 2533 2656 2589 constans,
2693 2539 2787 2594 per
2816 2537 2976 2593 quem
3004 2533 3247 2578 errantes
3273 2521 3439 2576 stella:

1864 2614 2129 2681 feruntur,
2159 2630 2259 2670 nec
2304 2615 2449 2669 aliud
2494 2614 2768 2669 habitatur
2815 2615 2866 2667 in
2897 2614 3056 2668 terris
3094 2628 3255 2683 quam
3294 2612 3445 2683 quod

1866 2707 1971 2762 illis
2000 2704 2257 2774 subiacet.
2305 2706 2529 2776 Reliqua
2573 2720 2604 2760 a
2641 2706 2779 2775 polis
2815 2704 3078 2775 squalent.
3122 2704 3218 2760 Est
3258 2714 3435 2759 autem

1865 2795 2089 2869 signifer
2127 2811 2328 2852 CCCLXV
2371 2797 2615 2867 partibus
2640 2804 2693 2852 et
2733 2794 3031 2867 quadrante
3074 2796 3233 2851 unius
3269 2794 3440 2866 partis

1864 2904 1961 2960 per
1985 2888 2105 2945 coeli
2134 2887 2395 2943 ambitum
2426 2888 2635 2960 longus,
2666 2896 2719 2943 et
2756 2888 3036 2943 duodecim
3080 2887 3320 2959 partibus
3363 2887 3441 2941 la-

1868 2991 1954 3037 tus
1981 2997 2076 3052 per
2116 2988 2503 3037 transversum.
2532 2979 2756 3036 Veneris
2802 2990 3007 3035 tantum
3038 2979 3192 3036 stella
3230 2979 3471 3036 excedit

1864 3086 1987 3126 eum
2012 3070 2172 3127 binis
2199 3071 2460 3143 partibus.
2491 3070 2641 3126 Luna
2685 3085 2895 3142 quoque
2925 3085 3023 3141 per
3052 3078 3216 3126 totam
3263 3070 3442 3125 latitu-

1867 3168 2045 3223 dinem
2068 3166 2183 3237 ejus
2207 3176 2452 3239 vagatur,
2490 3166 2587 3222 sed
2613 3167 2832 3221 omnino
2857 3180 2962 3221 non
3002 3164 3269 3221 excedens
3294 3179 3452 3219 eum..

174 3273 335 3313 nare.
366 3256 504 3313 MAG.
530 3230 747 3327 Septem
774 3230 918 3310 enim
956 3261 1080 3309 sunt
1112 3230 1361 3324 planetae,
1389 3267 1509 3323 quae
1538 3251 1766 3307 adverso
1793 3230 1836 3293 (ἶ
1867 3258 1951 3315 Ab
1991 3230 2369 3315 bis'Merctirii
2420 3230 2570 3313 stella
2605 3256 2895 3322 laxissime,
2924 3263 2982 3310 ut
3012 3263 3209 3310 tamen.
3230 3269 3261 3309 e
3304 3253 3441 3309 duo-

175 3364 346 3403 cursu
377 3356 564 3403 contra
596 3347 855 3402 mundum
890 3344 1158 3411 feruntur,
1186 3345 1289 3401 hoc
1316 3352 1419 3410 est,
1452 3341 1562 3409 Sol,
1591 3341 1764 3407 Luna,

175 3440 504 3505 Mercurius,
541 3430 744 3505 Venus,
777 3437 939 3505 Mars,
979 3436 1145 3502 Jovis,
1178 3436 1463 3493 Saturnus.
1495 3434 1588 3491 Ha:
1614 3449 1766 3505 ergo,

175 3550 309 3590 eum
339 3535 546 3604 sphaera
585 3532 823 3589 caelestis
857 3534 924 3589 ab
952 3531 1162 3588 oriente
1191 3532 1246 3586 in
1274 3545 1528 3587 occasum
1561 3546 1621 3587 se
1649 3545 1767 3587 ver-

175 3632 310 3696 gat,
356 3630 644 3679 recurrunt
685 3622 950 3678 orientem
980 3636 1168 3678 versus
1199 3636 1299 3692 per
1333 3621 1647 3686 zodiacum,
1680 3628 1766 3687 et,

176 3726 244 3771 ut
271 3715 604 3786 sapientibus
649 3714 803 3770 istius
832 3714 1017 3770 mundi
1063 3714 1237 3770 visum
1262 3722 1368 3779 est,
1398 3713 1524 3769 caeli
1571 3723 1770 3784 tempe-

176 3815 311 3863 rant
353 3805 712 3871 velocitatem,
747 3819 813 3859 ne
862 3805 1029 3861 nimio
1056 3820 1246 3861 cursus
1286 3805 1366 3860 sui
1409 3812 1587 3862 rotatu
1632 3820 1766 3875 pra:-

176 3897 460 3968 cipitetur.
495 3896 637 3953 DISC.
673 3897 826 3954 Unde
863 3896 1077 3952 dicitur.
1105 3896 1221 3953 sol?
1252 3897 1392 3953 MAG.
1422 3897 1575 3965 Quod
1621 3897 1768 3954 solus

181 3989 332 4043 inter
376 3987 556 4042 omnia
604 3987 782 4043 sidera
829 3986 1033 4043 luceat.
1058 3985 1277 4042 Oriente
1322 3987 1467 4042 enim
1501 3988 1612 4043 sole
1665 4003 1769 4043 ca:-

180 4088 307 4134 tera
334 4078 507 4133 sidera
539 4094 661 4135 mox
689 4077 869 4134 radios
895 4093 1023 4134 suos
1054 4078 1423 4144 abscondunt;
1453 4088 1524 4144 et,
1558 4086 1618 4133 ut
1650 4079 1770 4149 qui-

180 4169 415 4226 husdam
444 4169 639 4239 placet,
673 4170 787 4239 ipse
814 4169 953 4224 fume
977 4178 1032 4226 et
1071 4168 1239 4225 stellis
1273 4170 1525 4225 omnibus
1553 4171 1660 4225 suo‘
1680 4185 1767 4225 as-

178 4271 349 4333 pectu
378 4263 563 4317 tribuit
585 4269 644 4316 ut
674 4261 853 4318 lucere
872 4262 1107 4330 valeant,
1131 4263 1255 4333 quia
1283 4278 1388 4317 non
1409 4263 1648 4334 proprio,
1674 4264 1768 4318 sed

182 4362 436 4410 mutuato
461 4370 491 4407 a
515 4354 643 4409 solis
671 4354 871 4409 lumine
898 4354 1256 4429 resplendent.
1288 4353 1440 4411 Unde
1465 4363 1620 4425 poeta
1645 4356 1722 4411 ait
1752 4375 1763 4410 :

320 4466 688 4530 Lueentemqne
711 4468 908 4531 globum
931 4468 1059 4517 lunae
1081 4466 1368 4531 Titaniaque
1394 4476 1524 4519 astra

313 4531 529 4591 Spiritus
554 4534 680 4579 intus
709 4531 808 4579 ιΙιι.

185 4638 337 4692 Disc.
383 4635 555 4692 Unde
580 4637 775 4692 dicitur
812 4637 975 4691 luna?
1018 4637 1156 4694 MAG.
1188 4638 1339 4693 Luna
1369 4640 1568 4695 dicitur
1615 4641 1768 4710 quasi

98 4774 103 4775 ν
187 4730 397 4794 lucina,
427 4728 604 4783 ablata
643 4728 815 4784 media
845 4729 1079 4801 syllaba;
1122 4732 1189 4786 de
1227 4748 1331 4801 qua
1373 4728 1623 4803 Virgilius
1650 4734 1766 4788 ait:

535 4854 548 4867 .
586 4854 598 4867 .
637 4853 649 4866 .
681 4854 694 4866 .
732 4852 746 4868 .
780 4819 937 4879 (hsta,
964 4819 1091 4880 fave,
1118 4817 1297 4873 Lucina

188 4906 441 4978 Sumpsit
465 4916 642 4964 autem
672 4924 865 4965 nomen
889 4925 986 4981 per
1012 4910 1385 4966 dirivationem
1410 4930 1439 4968 a
1469 4914 1601 4969 solis
1627 4914 1763 4980 luce,

188 5013 259 5053 eo
285 4999 428 5067 quod
458 4998 524 5053 ab
557 5015 623 5054 eo
650 4998 830 5055 lumen
873 5001 1101 5070 accipiat
1144 5012 1527 5073 acceptumque
1558 5006 1764 5061 reddat.

190 5088 346 5144 Disc.
391 5087 543 5145 Unde
586 5088 839 5145 dicuntur
883 5091 1085 5163 stellas?
1126 5092 1266 5149 MAG.
1297 5093 1344 5148 A
1378 5096 1599 5161 stando;
1645 5100 1770 5166 quia

193 5179 320 5234 tim
356 5188 498 5234 stant
536 5195 749 5250 semper
782 5180 836 5235 in
867 5181 1025 5246 caelo,
1062 5197 1162 5238 nec
1189 5185 1405 5239 cadunt.
1454 5186 1586 5241 Nam
1630 5189 1774 5256 quod

191 5272 443 5327 videmus
466 5288 496 5325 a
531 5273 668 5328 uelo
697 5274 881 5329 stellas
927 5275 1080 5345 quasi
1123 5275 1250 5341 labi,
1280 5292 1384 5331 non
1415 5286 1543 5333 sunt
1586 5280 1770 5345 stellae,

194 5364 293 5419 sed
342 5364 560 5434 igniculi
589 5366 659 5421 ab
685 5368 887 5422 aethere
928 5368 1095 5439 lapsi,
1122 5370 1214 5439 qui
1246 5379 1370 5425 sunt
1415 5371 1540 5426 dum
1583 5382 1776 5429 ventus

194 5455 388 5510 altiora
434 5465 621 5524 petens
660 5458 942 5512 atherium
988 5459 1165 5530 ignem
1211 5475 1396 5516 secum
1443 5462 1637 5527 trahit,
1679 5465 1770 5532 qui

197 5554 378 5603 tractu
426 5560 524 5600 suo
570 5547 814 5602 imitatur
854 5548 1042 5604 stellas
1082 5548 1355 5604 cadentes.
1406 5549 1540 5605 Nam
1603 5552 1771 5608 stellae

199 5638 394 5692 cadere
419 5650 523 5690 non
558 5645 799 5707 possunt.
839 5637 1144 5693 lmmobiles
1180 5638 1346 5706 enim,
1374 5647 1429 5693 ut
1458 5641 1772 5709 prmdietum

197 5738 304 5791 est,
332 5734 477 5793 sunt,
507 5735 563 5783 et
594 5742 715 5783 cum
744 5728 879 5783 cmlo
902 5728 1021 5782 lixa:
1046 5728 1307 5783 feruntur.
1344 5730 1484 5785 DISC.
1522 5731 1579 5786 Si
1608 5734 1775 5788 stellae
1802 5750 1805 5753 ·

200 5820 255 5874 iu
283 5820 423 5875 cmlo
466 5818 583 5875 lixa»
627 5828 767 5882 sunt,
803 5830 857 5875 ut
898 5822 1117 5887 asset-is,
1150 5820 1287 5876 unde
1329 5822 1555 5891 planetu
1586 5824 1773 5879 dit-un.-

1870 3349 2020 3405 denis
2044 3349 2287 3420 partibus
2317 3336 2416 3421 (tot
2441 3358 2566 3404 sunt
2595 3350 2739 3404 enim
2765 3347 3078 3412 ratitudinis,
3106 3354 3164 3400 ut
3185 3345 3440 3416 diximus)

1867 3459 1973 3498 non
2002 3442 2230 3513 amplius
2254 3452 2478 3499 octonas
2505 3450 2764 3513 pererret,
2800 3455 2973 3511 neque
3008 3440 3107 3495 has
3141 3439 3439 3510 :equalitcr,

1867 3535 1964 3592 sed
1994 3535 2129 3591 duas
2172 3535 2346 3590 medio
2386 3532 2501 3603 ejus
2528 3542 2584 3589 et
2622 3548 2783 3605 supra
2811 3541 3061 3603 quatuor,
3109 3528 3250 3584 infra
3286 3529 3438 3585 duas.

1870 3628 1977 3685 Sed
2021 3629 2101 3685 sol
2145 3630 2198 3685 in
2245 3628 2419 3684 medio
2445 3627 2616 3684 fertur
2642 3628 2782 3683 inter
2819 3628 2951 3682 duas
2994 3633 3177 3696 partes
3204 3622 3444 3679 ﬂexuoso

1870 3721 2163 3776 draconum
2209 3730 2387 3775 meatu
2436 3718 2733 3789 inaequalis.
2784 3717 2969 3772 Martis
3016 3716 3167 3772 stella
3211 3724 3445 3786 quatuor

1870 3812 2063 3868 mediis
2103 3811 2251 3868 Iovis
2295 3813 2492 3879 media,
2529 3822 2583 3867 et
2612 3825 2771 3882 super
2803 3827 2922 3867 eam
2964 3810 3192 3877 duabus,
3225 3808 3452 3864 Saturni.

1873 3906 2103 3971 duabus,
2129 3914 2187 3960 ut
2211 3906 2310 3961 sol.

2405 3997 2631 4053 CAPUT
2676 3996 2914 4051 XXXIX.

2370 4091 2443 4145 De
2466 4090 2739 4145 duodecim
2776 4091 2961 4160 signis.

1947 4184 2089 4239 Dtsc.
2143 4182 2306 4254 Signa
2352 4190 2531 4236 autem
2585 4182 2790 4237 zodiaci
2848 4181 3038 4235 vellem
3091 4188 3150 4233 ut
3176 4180 3444 4234 edisset-as

1875 4273 2015 4328 unde
2047 4273 2311 4328 traxerint
2334 4272 2574 4326 nomina.
2606 4271 2743 4327 MAG.
2777 4271 2820 4323 Δ
2860 4270 3038 4325 causis
3083 4284 3213 4339 ergo
3240 4268 3445 4322 annali-

1875 4364 1975 4418 bus
2008 4363 2094 4419 vel
2121 4378 2150 4417 a
2180 4362 2458 4433 gentilium
2496 4360 2690 4417 fabulis
2746 4362 2961 4415 nomina
2994 4367 3341 4429 sumpserunt
3368 4359 3444 4412 si-

1874 4473 1975 4528 gna
2003 4456 2304 4511 duodecim.
2348 4455 2480 4509 Nam
2522 4455 2747 4510 arietem
2791 4453 2982 4509 Martio
3034 4453 3201 4507 mensi
3226 4461 3445 4523 propter

1876 4546 2197 4601 Ammonem
2224 4544 2410 4602 Jovem
2445 4546 2701 4600 tribuunt.
2739 4545 2889 4601 Unde
2921 4553 2977 4597 et
3006 4546 3057 4598 in
3084 4543 3198 4612 ejus
3226 4544 3445 4599 simula-

1878 4652 1971 4692 cro
1994 4636 2180 4692 arietis
2208 4652 2409 4693 cornua
2459 4636 2685 4706 fingunt.
2736 4636 2972 4690 Taurum
3003 4634 3191 4705 Aprili,
3230 4645 3447 4706 propter

1878 4731 2122 4786 eumdem
2149 4728 2355 4793 Jovem,
2387 4730 2529 4800 quod
2557 4730 2609 4784 iu
2637 4728 2827 4785 bovem
2859 4731 2931 4785 sit
2957 4728 3194 4785 fabulose
3223 4745 3448 4786 conver-

1878 4837 1990 4877 sus.
2037 4820 2316 4877 Castorem
2347 4832 2402 4877 et
2448 4821 2716 4877 Pollucem
2771 4820 2931 4886 Maio,
2982 4829 3200 4891 propter
3238 4820 3447 4890 insigne

1876 4913 2112 4967 virtutis.
2177 4912 2346 4967 Porro
2389 4910 2655 4967 Cancrum
2709 4909 2886 4975 Junio,
2921 4911 3134 4980 quando
3159 4910 3239 4965 sol
3268 4911 3337 4965 ad
3362 4912 3445 4966 in-

1877 5002 2076 5058 feriora
2129 5002 2283 5069 redit,
2316 5003 2457 5073 quod
2508 5003 2715 5059 Cancer
2752 5002 3009 5071 impulsus
3056 5009 3200 5055 retro
3229 5016 3445 5056 cursum

1876 5095 2108 5163 dirigere
2137 5093 2325 5149 soleat.
2355 5092 2609 5159 Leonem,
2640 5107 2798 5163 quem
2831 5091 3029 5146 oeci-lit
3055 5090 3328 5153 Hercules,
3354 5089 3434 5144 ,ιιι-

1874 5187 1946 5241 lio
1981 5195 2198 5258 propter
2232 5188 2340 5242 vim
2365 5185 2590 5243 fervoris
2623 5186 2915 5256 assignant.
2971 5184 3241 5254 Virginem
3269 5184 3447 5253 Augu-

1878 5286 1981 5342 sto,
2009 5279 2151 5347 quod
2180 5272 2308 5333 tunc
2326 5279 2586 5333 exhausta
2610 5276 2882 5331 caloribus
2910 5276 3063 5331 tellus
3090 5275 3219 5329 nihil
3246 5278 3441 5346 pariat.

1877 5368 2095 5423 Libram
2152 5368 2453 5438 Septembri
2502 5367 2572 5424 ob
2614 5368 2972 5438 (equalitatem
3021 5367 3127 5421 dici
3156 5375 3210 5422 et
3247 5368 3441 5423 noctis.

1880 5460 2161 5530 Scorpium
2185 5467 2240 5515 ct
2268 5458 2619 5530 Sagittarium
2664 5459 2872 5530 equinis
2894 5459 3155 5513 cruribus
3180 5457 3444 5514 deiorma-

1881 5561 2015 5616 tum,
2041 5546 2260 5621 propter
2286 5551 2503 5605 flumina
2535 5553 2798 5607 mensium
2853 5551 3108 5619 ipsorum,
3134 5549 3365 5611 ,October
3393 5559 3450 5603 et

1882 5640 2183 5696 November
2234 5642 2520 5710 accipiunt.
2566 5641 2953 5711 Capricoruum
2985 5639 3277 5695 December
3325 5654 3448 5707 pro-

1881 5740 2002 5801 pter
2060 5747 2277 5801 capram
2327 5729 2473 5786 Jovis
2524 5733 2808 5797 nutricem,
2841 5731 2992 5800 cujus
3044 5741 3283 5785 extrema
3315 5729 3447 5797 pisci

1886 5825 2079 5881 similia
2107 5826 2416 5896 pinguntur,
2467 5822 2607 5895 quod
2665 5825 2820 5894 hujus
2873 5826 3067 5880 tut-usis
3128 5824 3309 5878 ultima
3341 5821 3448 5877 siut
