3948 6314
547 403 637 457 (illi

1210 403 1267 454 Β.
1314 401 1563 457 RABANI
1602 402 1816 457 MAURI
1853 392 2173 455 AKCIIIEP.
2218 398 2524 454 MOGUNT.
2564 397 2847 453 OPERUM
2886 398 3064 452 PARS
3104 401 3146 452 l.

3699 401 3798 456 692

544 512 812 583 pluvialia.
843 496 1137 580 Aquarium
1162 509 1438 577 Januario,
1490 511 1785 566 Februario
1815 510 2017 583 Pisces,
2047 509 2115 563 ob
2148 515 2191 572 Α
2222 509 2344 562 duo.
2379 508 2574 563 Tribus
2621 524 2748 579 ergo
2797 510 2963 581 signis
2990 519 3047 563 et
3091 510 3302 567 duobus
3351 515 3573 581 punctis
3609 524 3797 570 octava

546 616 759 656 menses
818 600 1123 657 imbriferos
1181 603 1415 657 tradunt.
1452 601 1686 671 Singulis
1718 610 1895 655 autem
1949 576 2117 672 signis

547 693 764 765 triginta
793 699 999 763 partes,
1057 702 1222 749 ternae
1269 676 1397 748 vero
1444 690 1673 747 decades
1716 700 1999 763 putantur,
2055 707 2120 748 eo

544 785 688 856 quod
734 786 814 843 sol
866 787 1085 859 triginta
1134 787 1321 841 diebus
1371 794 1424 839 et
1450 785 1638 840 decem
1658 785 1833 855 semis
1853 786 2002 841 horis
2032 785 2121 839 illa

544 884 851 945 percurrat,
893 891 923 930 a
976 876 1151 929 medio
1178 874 1393 937 mensis,
1427 873 1482 929 id
1510 882 1615 939 est,
1642 862 1712 930 iv
1760 873 2119 930 Kalendarum

540 967 652 1032 die,
681 981 894 1035 semper
922 965 1200 1033 incipiens.
1240 963 1393 1020 Unde
1422 973 1479 1021 et
1522 964 1845 1034 quibusdam
1877 972 2120 1017 veterum

547 1056 748 1128 placuit
774 1055 1047 1124 sequentis
1063 1055 1264 1111 mensis
1283 1070 1402 1111 esse
1426 1044 1664 1125 signum,
1688 1052 1839 1124 cujus
1860 1054 1927 1108 ad
1951 1064 2121 1123 usque

549 1148 887 1202 medietatem
936 1147 1357 1217 unumquodque
1394 1145 1679 1216 pertendit,
1718 1144 1876 1217 eique
1901 1145 2117 1209 ascribi,

547 1238 683 1293 sicut
715 1238 801 1293 ille
828 1238 919 1307 qui
947 1239 1195 1293 versibus
1224 1239 1344 1294 inde
1378 1239 1574 1293 cecinit
1596 1238 1833 1294 heroicis
1861 1238 1933 1293 ita
1965 1257 1977 1292 :

572 1380 575 1383 ι
666 1345 889 1409 Respicis
911 1347 1270 1409 Apriles.Aries
1292 1345 1416 1395 frixe
1438 1343 1841 1409 (sic)_l(alendas.

669 1406 829 1459 Maius
851 1406 1097 1472 Agenorei
1123 1409 1325 1457 miratur
1348 1406 1719 1468 cornua’Tauri,

547 1522 603 1569 ct
628 1522 823 1569 caetera
868 1514 1055 1570 eodem
1087 1513 1264 1567 modo.
1299 1511 1437 1567 Sunt
1466 1523 1648 1569 autem
1680 1513 1795 1568 haec
1824 1513 1975 1583 signa
2000 1520 2124 1568 tan-

551 1610 616 1657 tae
645 1597 1048 1675 magnitudinis,
1079 1590 1267 1658 utnon
1301 1602 1510 1657 minore
1545 1617 1710 1673 quam
1737 1602 1966 1658 duarum
2006 1617 2127 1674 spa-

552 1695 625 1749 tio
647 1695 898 1750 horarum
925 1692 1006 1749 vel
1033 1693 1186 1757 oriri,
1212 1690 1292 1747 'vel
1321 1692 1592 1759 occidere,
1632 1692 1717 1747 vel
1764 1692 1832 1749 de
1859 1692 1978 1750 loco
2004 1708 2135 1763 pos-

550 1790 655 1847 Sint
685 1790 908 1845 moveri.

1151 1880 1378 1938 CAPUT
1410 1880 1519 1936 XL.

696 1973 1080 2026 Demonstratt'a
1116 1972 1386 2042 signorum
1435 1988 1528 2042 per
1557 1969 1683 2025 solis
1711 1986 1945 2025 cursum.

624 2066 767 2120 DISC.
808 2065 1010 2120 Vellem
1046 2064 1262 2133 quidem
1290 2073 1350 2119 ut
1404 2062 1639 2133 aliquam
1692 2062 1944 2119 notitiam
1995 2062 2129 2118 mihi

553 2156 676 2212 inde
703 2157 879 2211 dares.
911 2155 1051 2210 MAG.
1079 2154 1281 2210 Notitia
1326 2144 1455 2225 ergo
1482 2156 1675 2209 borum
1704 2155 1983 2226 signorum
2018 2168 2132 2211 me-

553 2249 656 2303 lius
681 2264 709 2303 a
739 2248 1076 2319 colloquente
1105 2256 1159 2303 et
1212 2248 1378 2319 digito
1435 2246 1845 2302 demonstrante
1897 2262 2063 2317 quam
2098 2248 2129 2301 a

554 2340 825 2395 scribente
848 2340 1165 2417 percipitur,
1197 2341 1320 2409 quia
1368 2355 1464 2411 per
1491 2339 1677 2396 stellas
1706 2340 1761 2395 in
1788 2340 1869 2397 eis
1896 2340 2130 2411 disposi-

557 2444 639 2492 tas
686 2435 949 2491 notabiles
1005 2434 1157 2491 fiunt.
1186 2436 1254 2491 Et
1282 2436 1398 2492 haec
1438 2438 1541 2493 nisi
1578 2419 1651 2494 ab
1668 2451 1736 2494 eo
1764 2438 1857 2509 qui
1886 2446 2136 2497 astrono-

558 2525 681 2581 mia:
712 2525 1046 2596 disciplinam
1077 2534 1244 2593 tenet,
1298 2536 1352 2583 et
1382 2514 1623 2584 siderum
1651 2528 1769 2585 loca
1796 2528 2050 2586 intimare
2071 2546 2136 2585 ac

559 2621 933 2676 demonstrare
999 2622 1229 2686 noverit,
1312 2621 1617 2678 nullatenus
1697 2624 1835 2679 edici
1874 2622 2137 2697 ipleuiter

559 2720 781 2780 queunt.
810 2711 915 2768 Sed
953 2712 1149 2768 horum
1180 2722 1358 2768 tamen
1384 2714 1664 2785 signorum
1687 2706 2136 2787 curiosus‘inqui-

554 2788 696 2855 'sitor
727 2808 906 2871 potest
936 2800 1170 2873 aliquam
1207 2802 1451 2872 accipere
1475 2792 1749 2870 nutitiam,
1781 2805 1828 2860 si
1850 2790 2138 2876 diligenter

560 2886 693 2949 Solis
714 2903 769 2948 et
796 2893 935 2949 luna:
962 2895 1019 2949 in
1072 2893 1567 2959 eisobservaverit
1620 2911 1835 2963 cursus,
1882 2895 2058 2952 aditus
2084 2904 2141 2951 et

564 2998 830 3041 secessus.
887 2984 1166 3056 Siquidem
1219 2985 1299 3042 sol
1352 2996 1595 3043 moratur
1621 2987 1897 3045 transiens
1921 2988 1976 3043 in
2005 3002 2139 3044 uno-

565 3089 779 3145 quoque
807 3074 960 3148 signo
989 3076 1205 3147 triginta
1234 3076 1373 3144 dies,
1411 3077 1600 3141 decem
1652 3066 1816 3135 horas
1850 3068 1921 3134 ἐι
1952 3078 2142 3141 semis-

565 3182 701 3233 sem,
726 3181 790 3222 ac
816 3166 1007 3221 deinde
1036 3166 1090 3221 in
1120 3165 1263 3222 aliud
1293 3167 1508 3240 signum
1532 3162 1858 3241 ingreditur,
1898 3167 2045 3240 quod
2068 3168 2141 3225 si-

2219 597 2343 653 luna
2370 614 2583 668 semper
2612 615 2642 653 a
2666 599 2779 653 sole
2808 599 3099 653 dirimitur.
3137 599 3281 656 Duos
3332 610 3515 657 autem
3548 614 3797 674 punctos,

2220 707 2315 746 sex
2342 701 2523 761 partes
2550 692 2810 761 intellige,
2856 692 2910 747 id
2932 699 3037 756 est,
3085 700 3352 761 quantum
3385 695 3467 750 sol
3494 698 3545 751 in
3576 699 3802 754 zodiaco

2221 797 2312 835 sex
2340 782 2529 836 diebus
2558 783 2777 837 coniicit
2811 782 3039 837 itineris.
3067 780 3308 838 Punctus
3337 784 3611 854 siquidem
3642 788 3803 842 habet

2222 879 2334 925 tres
2355 876 2561 939 partes,
2614 871 2741 942 quia
2771 871 2983 942 signum
3014 872 3266 943 quodque
3312 874 3502 930 decem
3548 885 3800 945 punctos,

2222 960 2443 1032 triginta
2466 970 2648 1031 partes
2676 961 2858 1018 habet.
2890 962 2958 1017 Et
2986 977 3056 1018 ne
3082 962 3319 1033 suspicio
3335 964 3443 1020 tibi
3476 963 3617 1022 forte
3640 982 3805 1037 argn-

2224 1052 2389 1107 menti
2448 1051 2682 1106 fallentis
2730 1052 2948 1117 incidat,
3001 1067 3184 1122 qurere
3213 1054 3280 1110 ad
3321 1055 3646 1112 diametrum
3676 1058 3802 1113 etuti

2223 1145 2367 1215 quod
2389 1145 2632 1214 quintam
2656 1144 2921 1200 decimam
2966 1144 3149 1199 lunam
3180 1152 3365 1199 tenere
3400 1160 3561 1202 nemo
3581 1147 3674 1216 qui
3710 1146 3805 1201 du-

2222 1237 2376 1292 bitet.
2410 1235 2705 1307 Multiplica
2734 1236 3040 1306 quindecim
3073 1249 3171 1313 per
3194 1246 3445 1307 quatuor,
3484 1236 3625 1293 ﬁunt
3650 1255 3804 1294 sexa-

2225 1328 2413 1399 ginta;
2444 1327 2649 1398 partire
2699 1340 2796 1397 per
2824 1326 3035 1393 decem,
3067 1328 3245 1383 sexies
3292 1328 3413 1383 deni
3452 1328 3653 1385 senis.
3697 1328 3802 1384 Sex

2229 1418 2370 1473 enim
2418 1417 2588 1487 signis
2618 1415 2824 1471 decima
2865 1415 3054 1484 quinta
3077 1414 3204 1471 luna
3233 1430 3468 1487 semper,
3494 1417 3548 1471 id
3580 1425 3689 1483 est,
3721 1418 3801 1472 di—

2226 1507 2393 1565 midio
2421 1508 2645 1577 sphaerae
2675 1505 2913 1562 caelestis
2945 1522 2976 1559 a
3019 1506 3133 1561 sole
3162 1505 3511 1573 discernitur,
3539 1506 3656 1562 sive
3682 1515 3805 1562 ante

2228 1610 2322 1654 seu
2358 1605 2502 1651 retro
2528 1596 2852 1667 respexeris.
2885 1595 3125 1667 Denique
3152 1597 3338 1651 orbem
3366 1595 3528 1661 lunae,
3556 1596 3806 1666 quotiens

2228 1687 2564 1759 plerissimus
2591 1695 2693 1754 est,
2721 1696 2911 1743 contra
2940 1686 3106 1742 solem
3137 1687 3318 1742 cernis
3342 1688 3674 1759 oppositum,
3709 1688 3807 1742 hu-

2230 1778 2411 1834 milem
2461 1778 2712 1840 videlicet
2758 1777 2869 1834 sole
2920 1776 3160 1845 sublimi,
3188 1786 3243 1834 et
3271 1770 3561 1833 sublimem
3590 1778 3804 1835 humili.

2160 1874 2207 1935 B
2237 1882 2261 1911 ι
2302 1866 2438 1938 Quia
2474 1871 2729 1925 nimirum
2773 1883 2894 1925 cum
2920 1870 3032 1925 sole
3086 1871 3329 1926 aestivum
3378 1878 3599 1926 tenente
3627 1872 3806 1926 circn-

2235 1959 2343 2015 lum
2368 1959 2523 2031 piena
2569 1968 2670 2025 est,
2701 1959 2818 2030 ipsa
2864 1966 3011 2015 tenet
3058 1960 3399 2032 prumaiem;
3432 1975 3556 2016 cum
3589 1960 3703 2017 sole
3733 1962 3810 2016 di-

2232 2066 2368 2107 vexo
2394 2050 2765 2123 imprumalem
2791 2050 2948 2121 plena
2977 2059 3082 2116 est,
3124 2050 3299 2121 ipsam
3342 2050 3613 2107 solstitiali
3653 2066 3810 2106 scan-

2232 2142 2360 2199 dere
2387 2141 2592 2196 circulo
2620 2155 2727 2196 nox
2750 2138 3061 2211 longissima
3087 2140 3287 2212 prodit.
3317 2140 3388 2195 At
3423 2155 3549 2196 cum
3577 2141 3683 2195 iste
3708 2142 3809 2196 hoc

2232 2234 2633 2305 aequinoctium,
2674 2234 2727 2288 in
2754 2232 3047 2303 plenilunio
3076 2242 3188 2289 tum
3215 2232 3307 2289 illa
3335 2232 3570 2289 alterum
3602 2244 3807 2290 servat.

2234 2327 2300 2383 Et
2347 2335 2477 2399 quot
2526 2325 2772 2397 partibus
2806 2325 2885 2381 sol
2938 2320 3321 2396 aequinoctium
3373 2324 3460 2380 vel
3490 2323 3805 2396 solstitium,

2236 2419 2379 2490 quod
2406 2417 2715 2490 nuperrime
2742 2417 3089 2482 lustraverat,
3121 2416 3352 2482 transiit,
3383 2416 3614 2473 totidem
3638 2417 3821 2489 ρειαί-ι

2238 2515 2339 2570 bus
2363 2512 2488 2567 luna
2510 2511 2663 2582 plena
2686 2513 2771 2566 vel
2797 2511 3180 2581 aequinoctium
3208 2510 3291 2566 vel
3320 2510 3638 2577 solstitium,
3668 2512 3810 2580 quod

2236 2613 2425 2663 contra
2449 2613 2553 2671 est,
2584 2611 2734 2675 patet
2757 2618 2877 2661 esse
2910 2604 3176 2675 ingressa.
3208 2603 3355 2659 Dtsc.
3377 2600 3509 2658 Post
3544 2610 3679 2672 quot
3698 2603 3815 2657 dies

2237 2698 2318 2755 sol
2370 2688 2515 2753 illam
2563 2705 2770 2767 partem
2817 2694 2941 2751 caeli
2987 2695 3312 2751 conscendet
3358 2693 3429 2749 ad
3480 2710 3646 2764 quam
3685 2692 3812 2751 luna

2237 2788 2398 2843 tertia
2435 2786 2755 2858 perveniet?
2796 2784 2937 2843 ΜΑο.
3000 2784 3183 2841 Mense
3218 2793 3335 2841 toto
3366 2790 3427 2839 et
3464 2782 3661 2842 diebus
3694 2798 3809 2842 sex.

2813 2895 3038 2953 CAPUT
3071 2894 3231 2951 XLII.
3432 2880 3438 2885 ’

2346 2970 2722 3041 Argumentum
2758 2968 2827 3023 ad
2857 2967 3272 3039 investigandum
3300 2965 3441 3023 tunc
3469 2982 3709 3023 cursum.

2310 3060 2455 3117 Dtsc.
2513 3058 2747 3116 Ostende
2802 3057 2934 3115 mihi
2978 3057 3264 3130 quomodo.
3304 3058 3443 3115 Mss.
3507 3057 3602 3115 Sol
3655 3059 3816 3129 igitur

2242 3147 2484 3225 quotidie
2512 3141 2748 3219 partem
2775 3162 2938 3203 unam
2985 3146 3191 3205 zodiaci
3221 3147 3306 3204 sui
3349 3147 3601 3221 complet.
3634 3147 3817 3218 Neque

566 3228 771 3315 utiliter
793 3257 846 3313 in
875 3257 1097 3328 triginta
1123 3257 1311 3335 diebus
1346 3228 1409 3314 ἵει
1432 3228 1622 3337 decem
1652 3260 1801 3316 horis
1828 3228 1893 3316 ac
1915 3228 2215 3335 semissec
2245 3241 2389 3337 enim
2426 3240 2571 3337 aliud
2623 3248 2831 3337 penes
2850 3239 3057 3337 ξοάίεοί
3110 3254 3278 3315 quam
3317 3240 3665 3337 quotidianus
3692 3239 3819 3311 solis

567 3348 960 3422 pertransiens,
1009 3348 1227 3404 tertium
1281 3330 1467 3405 intrat.
1502 3330 1703 3422 Sicque
1748 3348 1880 3407 illud
1930 3330 2142 3421 signum

570 3438 712 3509 quod
734 3436 1062 3509 jampridem
1102 3438 1393 3509 reliquerat
1438 3439 1608 3498 stellis
1655 3441 2144 3518 apparentibbsab

571 3529 778 3585 oriente
810 3539 935 3585 ante
963 3543 1173 3584 aurora:
1202 3537 1449 3586 exortum
1500 3530 1735 3587 notabile
1762 3530 1969 3587 reddet.
2007 3528 2147 3587 Sunt

571 3623 786 3695 quidem
813 3623 917 3677 tria
944 3623 1094 3693 signa
1116 3636 1328 3692 semper
1350 3622 1497 3678 circa
1529 3621 1696 3680 solem
1722 3623 1918 3680 diurno
1945 3618 2147 3684 lumine

571 3716 754 3793 plena,
783 3716 837 3771 id
861 3724 965 3781 est,
992 3715 1095 3771 hoc
1123 3716 1267 3785 quod
1304 3716 1615 3785 nuperrime
1664 3716 1781 3788 ipse
1830 3713 2147 3786 reliquerat,

575 3815 630 3861 et
661 3807 832 3877 ipsum
872 3806 926 3861 in
955 3820 1062 3876 quo
1092 3819 1330 3875 prresens
1371 3815 1473 3872 est,
1504 3814 1559 3861 et
1585 3804 1715 3862 illud
1758 3793 1812 3860 in
1843 3806 1987 3875 quod
2022 3819 2150 3882 pro-

576 3898 721 3952 xime
776 3897 1116 3967 ingressurus
1172 3904 1272 3951 cst.
1306 3893 1455 3951 Luna
1503 3903 1719 3967 quoque
1772 3894 2022 3951 similiter
2049 3909 2148 3952 suo

577 4004 739 4044 cursu
771 3988 923 4059 signa
973 3987 1325 4044 demonstrat.
1363 3987 1498 4043 Nam
1529 3989 1644 4059 ipsa
1695 3988 1837 4045 binis
1879 3987 2071 4045 diebus
2095 3997 2152 4044 et

581 4081 746 4135 semis
769 4079 919 4134 horis
942 4094 1005 4134 ac
1028 4078 1173 4135 bisse
1201 4080 1362 4135 unius
1415 4081 1564 4135 hora:
1595 4079 1809 4152 singula
1839 4079 1995 4151 signa
2026 4093 2150 4149 per-

582 4173 799 4233 labitur.
832 4173 900 4227 Et
924 4172 969 4228 si
994 4170 1287 4228 calculator
1309 4172 1578 4228 veraciter
1604 4177 1980 4244 argumentum
2006 4172 2153 4244 quod

584 4266 650 4321 de
673 4263 790 4335 ejus
816 4265 1048 4319 transitu
1068 4278 1169 4334 per
1193 4265 1346 4336 signa
1389 4264 1589 4325 factum
1619 4272 1704 4320 est
1743 4263 2036 4334 perdiscet,
2056 4278 2155 4336 po.

586 4356 713 4411 terit
742 4371 805 4411 ex
831 4356 947 4426 ejus
986 4363 1127 4411 statu
1158 4350 1432 4427 signorum
1456 4344 1727 4426 conjicere
1752 4352 1893 4412 loca.
1945 4427 1952 4437 ι

1176 4460 1403 4524 CAPUT
1442 4466 1576 4522 XLI.

1004 4536 1081 4592 De
1108 4536 1246 4591 lunt:
1269 4553 1425 4591 cursu
1446 4554 1537 4608 per
1556 4539 1723 4608 signa.

2246 3334 2303 3389 in
2346 3331 2486 3399 ctelo
2537 3332 2740 3388 sentire
2799 3330 3056 3387 debemus
3120 3343 3458 3402 progressus.
3506 3328 3661 3385 Luna
3693 3344 3821 3387 vero

2243 3424 2483 3497 quotidie
2516 3421 2772 3479 tredecim
2822 3428 3004 3493 partes
3038 3415 3278 3490 ejusdem
3323 3420 3531 3477 zodiaci
3580 3419 3818 3486 conllcit,

2246 3519 2300 3576 id
2326 3526 2427 3583 est,
2460 3524 2688 3589 punctos
2733 3523 2967 3586 quatuor
3001 3522 3057 3571 et
3084 3529 3247 3570 unam
3289 3522 3523 3585 partem.
3581 3512 3650 3571 Et
3695 3514 3819 3586 quia

2246 3609 2336 3665 illa
2361 3608 2621 3665 tredecim
2651 3614 2853 3677 partes,
2905 3604 2986 3661 sol
3014 3620 3177 3660 unam
3223 3604 3476 3674 complet,
3528 3604 3656 3660 inde
3683 3603 3821 3669 ﬁeri,

2247 3711 2309 3757 ut
2341 3716 2501 3771 supra
2527 3698 2824 3765 docuimus,
2850 3714 2959 3754 non
3003 3696 3124 3769 plus
3172 3696 3487 3768 quotidiana
3530 3710 3820 3768 progressu

2214 3810 2217 3813 ·
2250 3811 2280 3851 a
2307 3787 2418 3852 sole
2472 3808 2634 3865 quam
2674 3791 2952 3865 quaternis
2999 3790 3233 3861 punctis,
3285 3774 3389 3845 hoc
3416 3797 3520 3854 est,
3560 3788 3824 3847 duodenis

2248 3880 2493 3957 partibus
2519 3883 2819 3955 elongetur.
2844 3882 3017 3939 Ponat
3040 3897 3171 3959 ergo
3217 3882 3401 3937 lunam
3422 3879 3644 3936 ubilibet
3674 3895 3821 3937 com-

2248 3984 2439 4051 putare
2457 3964 2705 4039 voluerit,
2737 3983 2797 4029 ut
2843 3964 2973 4045 puta
3023 3973 3079 4028 in
3107 3970 3361 4028 Kalendis
3411 3968 3655 4028 Januarii
3705 3970 3821 4041 pri-

2249 4083 2394 4125 mam
2426 4086 2438 4123 :
2473 4069 2589 4123 haec
2609 4066 2701 4123 ubi
2731 4065 2906 4138 prima
2936 4072 3150 4120 noctem
3192 4063 3447 4134 diemque
3472 4063 3820 4132 transegerit,

2251 4162 2401 4217 illum
2427 4158 2551 4216 caeli
2582 4158 2759 4215 locum
2796 4164 2943 4212 tenet
2970 4170 3129 4227 quem
3159 4154 3239 4212 sol
3261 4154 3470 4211 decimo
3500 4153 3660 4210 tertio
3683 4149 3825 4223 ejus-

2253 4253 2374 4308 dem
2421 4249 2623 4305 mensis
2654 4248 2740 4304 die
2783 4245 3066 4318 completo.
3098 4245 3203 4302 Ubi
3249 4245 3354 4301 duo
3392 4252 3496 4309 est,
3524 4242 3819 4314 multiplica

2255 4343 2361 4399 duo
2383 4328 2483 4413 per
2507 4348 2758 4411 quatuor,
2798 4336 2933 4392 ﬁunt
2977 4342 3205 4405 septem.
3260 4332 3394 4389 item
3419 4340 3484 4388 ut
3516 4334 3584 4389 de
3607 4335 3823 4404 punctis

2256 4434 2324 4489 ad
2346 4438 2526 4505 partes
2551 4427 2854 4501 pervenias,
2882 4425 3178 4497 multiplica
3207 4433 3332 4481 octo
3369 4438 3467 4495 per
3493 4431 3666 4489 terna,
3690 4424 3825 4477 ﬁunt

2258 4523 2446 4594 viginti
2478 4529 2725 4593 quatuOr.
2778 4517 2925 4573 illam
2952 4532 3080 4588 ergo
3117 4515 3240 4572 creti
3266 4525 3477 4587 partem
3529 4521 3675 4570 tenet
3700 4514 3821 4569 luna

659 4628 802 4682 Dtsc.
842 4625 1022 4696 ipsum
1046 4628 1419 4697 argumentum
1446 4590 1644 4683 vellem
1682 4637 1744 4683 ut
1790 4628 2141 4697 mihiedisse-

2259 4590 2574 4671 secundaiin
2609 4620 2802 4681 quarto
2831 4607 2969 4664 Non.
3001 4606 3241 4663 Januarii
3271 4602 3545 4678 quam'sol
3572 4604 3823 4660 vicesimo

589 4720 717 4777 ras?
753 4718 893 4774 MAG.
934 4717 1083 4785 Luna
1103 4719 1342 4788 quotidie
1368 4726 1599 4791 quatuor
1621 4720 1856 4790 punctis,
1891 4717 2005 4777 sive
2031 4734 2152 4777 crc-

588 4826 745 4867 scens
765 4825 795 4864 a
824 4808 936 4865 sole
972 4808 1182 4879 longius
1202 4808 1349 4871 'abit.
1391 4810 1506 4866 sive
1536 4811 1857 4878 decrescens
1902 4809 2002 4867 soli
2026 4811 2157 4867 vici-

590 4903 710 4957 nior
738 4916 899 4971 quam
950 4898 1125 4971 pridie
1178 4898 1354 4953 fuerat
1407 4897 1671 4955 redditur.
1704 4899 1928 4971 Singula
1975 4910 2156 4957 autem

591 4995 741 5065 signa
781 4993 962 5047 decem
1011 4999 1241 5062 punctos
1282 4989 1503 5054 habent,
1555 4989 1610 5044 id
1656 4996 1758 5055 est,
1798 4990 1933 5046 duas
1972 4990 2153 5053 horas,

498 5138 507 5146 ,
589 5086 731 5141 sicut
758 5090 819 5139 et
841 5081 1086 5151 superius
1113 5079 1509 5136 admonuimus.
1541 5078 1788 5149 Quinque
1808 5080 1951 5134 enim
1973 5081 2157 5150 puncti

590 5182 645 5237 in
679 5180 804 5235 luna
840 5177 1028 5232 horam
1067 5174 1286 5229 faciunt.
1315 5173 1383 5228 Et
1437 5172 1559 5229 ideo
1609 5172 1655 5228 si
1683 5173 1766 5227 vis
1803 5171 1944 5228 scire
1970 5173 2024 5227 in
2053 5188 2158 5242 quo

590 5273 746 5342 signo
770 5269 892 5323 luna
924 5272 1033 5331 est,
1056 5279 1207 5321 sume
1232 5264 1411 5319 lunam
1450 5278 1610 5333 quam
1657 5263 1915 5328 volueris,
1943 5270 2003 5317 ut
2028 5272 2157 5333 puta

591 5361 856 5429 quintam,
884 5353 1179 5424 multiplica
1201 5363 1309 5424 per
1336 5361 1593 5424 quatuor,
1621 5351 1757 5405 ﬁunt
1779 5352 1969 5422 viginti
1993 5368 2009 5418 ;
2037 5366 2159 5421 par-

594 5454 697 5508 tire
722 5465 819 5521 per
864 5448 1073 5512 decem,
1114 5445 1197 5501 bis
1249 5444 1507 5499 denivies.
1558 5442 1776 5500 Duobus
1824 5458 1953 5513 ergo
1993 5443 2159 5514 signis

591 5541 779 5613 quinta
809 5536 935 5593 luna
958 5550 1171 5607 semper
1200 5546 1229 5588 a
1252 5533 1365 5588 sole
1405 5533 1587 5587 distat.
1638 5532 1771 5588 item
1821 5547 1975 5587 sume
2020 5540 2163 5587 octa-

591 5646 713 5686 vam
758 5628 961 5695 lunam,
1015 5623 1310 5695 multiplica
1359 5636 1458 5692 per
1490 5631 1742 5690 quatuor,
1779 5620 1914 5675 ﬁunt
1942 5620 2160 5691 triginta

564 5767 569 5773 .
593 5723 699 5780 duo
723 5738 737 5787 ;
768 5719 970 5792 partire
995 5733 1091 5789 per
1118 5716 1326 5781 decem,
1355 5722 1441 5768 ter
1466 5712 1589 5768 deni
1618 5712 1767 5777 tries,
1799 5719 1855 5766 et
1880 5717 2161 5766 remanent

2258 4713 2453 4777 quarto
2477 4702 2544 4759 ab
2570 4702 2697 4758 hinc
2733 4701 2819 4757 die
2841 4699 3103 4755 confecto.
3134 4697 3239 4755 Ubi
3264 4705 3374 4754 tres
3397 4703 3505 4763 est,
3533 4693 3823 4764 multiplica

2261 4799 2363 4853 tria
2395 4809 2493 4867 per
2524 4801 2778 4865 quatuor,
2824 4791 2960 4845 ﬁunt
3012 4788 3312 4845 duodecim.
3343 4786 3563 4843 Partire
3604 4802 3701 4858 per
3734 4787 3824 4840 de-

2259 4902 2397 4954 cem,
2429 4886 2608 4941 decies
2636 4878 2764 4939 asse'
2784 4882 2968 4947 decus,
3001 4888 3058 4936 et
3090 4886 3370 4935 remanent
3397 4877 3504 4934 duo
3539 4877 3744 4949 puncti,
3772 4875 3825 4929 id

2261 4982 2366 5043 est,
2391 4990 2486 5032 sex
2511 4982 2715 5045 partes.
2767 4971 2917 5026 Illam
2942 4986 3072 5042 ergo
3119 4967 3243 5025 caeli
3293 4976 3503 5039 partem
3532 4974 3676 5022 tenet
3702 4965 3824 5018 luna

2264 5079 2457 5143 quarta
2491 5070 2544 5124 in
2576 5068 2733 5123 tertio
2776 5064 2913 5122 Non.
2945 5062 3188 5118 Januarii
3214 5076 3376 5132 quam
3405 5059 3488 5116 sol
3514 5072 3697 5114 mense
3716 5066 3825 5112 toto

2263 5173 2321 5222 et
2352 5163 2541 5220 diebus
2571 5175 2685 5216 sex.
2722 5159 2855 5215 Post
2878 5156 3098 5212 tertium
3152 5151 3287 5210 Non.
3332 5148 3574 5207 Januarii
3603 5149 3822 5213 exactis,

2265 5257 2318 5313 id
2345 5263 2429 5312 est
2451 5262 2624 5319 sexto,
2664 5259 2786 5323 post
2814 5248 3032 5307 tertium
3062 5244 3201 5301 Non.
3244 5242 3527 5299 Februarii
3563 5242 3650 5298 die
3692 5255 3822 5299 con-

2266 5353 2551 5403 summato.
2581 5342 2648 5398 Et
2680 5350 2741 5397 ut
2772 5339 2839 5396 ad
2874 5351 3139 5396 summam
3168 5333 3501 5405 perveniam,
3547 5346 3698 5387 sume
3725 5328 3823 5383 tri-

2264 5437 2522 5501 cesimam
2549 5434 2751 5499 lunam,
2783 5442 2903 5502 quae
2928 5436 3055 5483 tunc
3082 5427 3143 5483 iit
3186 5421 3348 5481 tertio
3372 5423 3493 5477 Kal.
3526 5420 3820 5483 Februarii.

2264 5527 2557 5596 multiplica
2608 5540 2708 5595 per
2731 5530 2984 5595 quatuor,
3031 5520 3169 5574 iiunt
3212 5525 3430 5572 centum
3454 5513 3674 5585 viginti;
3702 5527 3821 5582 par-

2219 5683 2223 5687 ν
2266 5619 2368 5673 tire
2414 5631 2511 5687 per
2554 5616 2737 5670 decem
2786 5611 3073 5669 duodecies
3102 5607 3225 5664 deni
3258 5621 3358 5662 ceu
3384 5605 3521 5661 vies.
3548 5605 3640 5659 illa
3674 5610 3820 5673 parte

2268 5706 2389 5764 coeli
2419 5706 2541 5759 luna
2573 5703 2841 5759 tricesima
2872 5700 3041 5758 currit
3074 5713 3227 5771 quam
3250 5695 3536 5755 duodecim
3559 5692 3819 5750 mensibus

741 5791 873 5870 Vide
932 5808 1184 5871 Coleierii
1238 5806 1581 5863 Monumenta
1629 5800 1879 5858 Ecclesiae
1932 5799 2150 5866 Graecae,
2193 5805 2322 5855 tom.
2360 5795 2422 5863 ll,
2451 5791 2716 5865 pag.550.
