3948 6318
210 388 320 447 693

1494 391 1693 447 LIBER
1730 394 1817 447 DE
1855 393 2197 451 COMPUTO.

3307 470 3313 478 ,
3357 408 3457 461 cat

210 503 447 567 exactis,
476 504 529 555 id
561 511 665 565 est,
697 511 806 554 toto
858 503 980 554 anni
1014 501 1215 555 circulo
1265 509 1551 568 transacto,
1581 502 1659 558 sol
1690 504 1783 557 ob-
1813 508 1861 565 Λ
1888 504 2048 560 dente
2101 507 2244 571 luna,
2280 523 2322 562 Si
2352 518 2491 562 terra
2523 509 2689 577 major
2719 520 2861 566 esset
2913 529 3072 582 quam
3106 516 3248 582 luna,
3283 521 3457 573 omni-

213 603 465 647 teuturus
499 600 601 645 est.
631 592 693 645 Et
724 594 1016 646 notandum
1061 594 1202 661 quod
1233 594 1418 649 decem
1446 596 1608 649 semis
1638 595 1785 649 horae

211 700 335 751 qua:
363 693 518 737 extra
556 683 788 738 tricenas
813 691 990 753 partes
1020 684 1071 736 in
1108 699 1424 753 unoquoque
1456 684 1609 755 signo
1635 694 1782 751 sunt,

214 776 347 844 quia
398 775 610 845 plenam
662 784 869 844 partem
918 776 1101 846 viginti
1135 783 1366 845 quatuor
1396 778 1648 833 horarum
1678 778 1784 832 non

214 866 468 929 reddunt,
521 866 680 921 simul
730 867 1028 936 computari
1089 867 1592 939 negliguntur,‘sed
1647 868 1784 923 infra

214 960 533 1026 praedictum
561 973 840 1013 numerum
895 958 1175 1016 duodecim
1231 959 1498 1015 mensium
1538 974 1787 1031 compre-

215 1048 544 1104 benduntur.
1154 1090 1155 1093 η
1615 1033 1619 1037 ’

792 1138 1016 1197 CAPUT
1067 1138 1247 1195 XLIII.

395 1233 767 1303 Argumentum
794 1233 857 1286 de
880 1249 937 1287 eo
960 1242 1082 1303 quot
1108 1234 1247 1287 horis
1267 1232 1396 1285 [una
1418 1232 1605 1287 luceat.

290 1321 434 1377 Disc.
477 1321 680 1379 Vellem
711 1330 770 1377 ut
825 1338 918 1394 per
965 1331 1336 1393 argumentum
1381 1323 1600 1394 ‘aliquod
1655 1325 1785 1380 milii

216 1415 503 1475 intimares
533 1420 800 1491 quomodo
825 1418 1024 1487 possim
1065 1419 1514 1487 comprehendere
1543 1428 1674 1489 quot
1695 1420 1790 1475 ho-

215 1506 295 1560 ris
352 1523 448 1577 per
502 1509 737 1578 singulas
789 1518 974 1566 noctes
1014 1524 1122 1564 sua:
1168 1511 1342 1565 aetatis
1398 1509 1520 1564 luna
1558 1500 1782 1567 luceret.

218 1602 359 1663 Mm.
404 1603 459 1658 Si
495 1606 573 1659 vis
621 1606 761 1660 scire
790 1614 921 1674 quot
952 1595 1115 1659 horas
1158 1604 1335 1673 luceat
1362 1604 1485 1660 luna
1516 1605 1786 1674 quaelibet.

208 1700 345 1749 .tene
375 1702 587 1759 aetatem
628 1694 766 1753 lunae
821 1697 885 1751 de
929 1711 1035 1766 qua
1089 1694 1335 1764 inquiris.
1376 1694 1663 1764 Multiplica
1691 1709 1789 1765 per

216 1794 473 1853 quatuor,
506 1785 628 1855 quia
655 1786 827 1855 prima
857 1786 980 1840 luna
1006 1794 1237 1855 quatuor
1260 1786 1473 1855 punctis
1498 1786 1660 1842 lucet.
1684 1787 1788 1841 Ad-

207 1873 503 1947 jiciturque
556 1877 644 1932 hic
695 1893 952 1933 numerus
1002 1892 1031 1931 a
1085 1878 1317 1933 secunda
1376 1877 1501 1935 luna
1547 1878 1787 1947 quotidie

214 1980 387 2033 usque
411 1966 477 2019 ad
506 1966 877 2035 plenilunium,
909 1966 1317 2036 detraliiturque
1342 1968 1535 2027 dehinc
1567 1970 1788 2040 paribus

216 2056 407 2125 spatiis
440 2056 493 2109 in
524 2056 951 2124 diminutionem,
1002 2057 1251 2127 lueetque
1290 2060 1407 2127 pari
1459 2062 1619 2115 modo
1661 2061 1786 2116 luna

216 2148 393 2217 prima
433 2155 485 2201 et
541 2149 809 2203 tricesima
857 2148 1089 2208 secunda
1137 2159 1191 2205 et
1218 2150 1472 2206 vicesima
1523 2167 1680 2207 nona.
1723 2153 1787 2208 Et

217 2238 341 2294 ideo
367 2239 413 2293 si
448 2256 604 2294 nosse
652 2240 805 2305 velis,
838 2241 991 2295 verbi
1024 2243 1217 2311 gratia,
1252 2251 1397 2311 quot
1421 2244 1582 2298 horas
1608 2244 1788 2300 luceat

215 2329 346 2384 luna
400 2329 604 2399 quinta,
637 2331 931 2401 multiplica
986 2331 1224 2403 quiane
1274 2348 1371 2403 per
1400 2348 1612 2399 novem,
1655 2326 1789 2389 fiunt

214 2420 403 2490 viginti
428 2437 443 2486 ;
476 2424 676 2491 partire
704 2438 803 2492 per
829 2424 1065 2493 quinque
1107 2432 1299 2495 quater
1324 2425 1496 2494 quini,
1550 2425 1686 2480 fiunt
1712 2427 1789 2480 vi-

211 2510 352 2581 ginti
380 2528 392 2563 :
426 2518 655 2580 quatuor
685 2512 843 2567 horas
868 2511 1010 2567 lucet
1032 2512 1160 2568 luna
1191 2515 1398 2584 quinta.
1425 2515 1687 2579 Similiter
1707 2518 1788 2571 vi-

213 2600 417 2655 eesima
463 2600 670 2671 quinta.
710 2601 851 2669 Item
881 2602 926 2656 si
960 2602 1043 2658 vis
1081 2604 1222 2658 scire
1251 2613 1385 2673 quot
1406 2604 1569 2661 horas
1607 2606 1786 2662 luceat

213 2686 344 2742 luna
377 2689 603 2764 decima,
663 2689 956 2760 multiplica
1002 2692 1183 2747 decem
1216 2709 1313 2765 per
1358 2678 1607 2767 quatuor,
1650 2696 1787 2754 fiunt

194 2784 569 2854 quadraginta
593 2800 607 2848 ;
639 2784 844 2853 partire
872 2800 966 2854 per
995 2785 1233 2855 quinque
1254 2788 1423 2843 octies
1454 2787 1624 2856 quini,
1652 2788 1789 2845 fiunt

211 2872 570 2944 quadraginta
600 2892 613 2927 :
645 2881 769 2929 octo
817 2875 975 2931 horas
1002 2873 1146 2951 lucet
1170 2874 1294 2930 luna
1325 2876 1551 2953 decima.
1586 2876 1787 2935 Simili-

210 2974 302 3020 ter
324 2974 381 3020 et
408 2966 681 3022 vicesima.
969 2960 972 2964 ί

779 3053 1006 3111 CAPUT
1040 3056 1219 3113 XLIV.

506 3143 583 3199 De
608 3145 966 3217 magnitudine
986 3146 1112 3202 solis
1138 3148 1245 3202 sive
1270 3147 1429 3206 Iunce.

1887 592 1985 650 bus
2005 605 2184 650 autem
2208 599 2362 653 annis
2405 600 2520 653 fieri
2551 601 2828 670 utriusque
2869 604 3061 659 sideris
3084 604 3324 662 defectus
3350 619 3456 664 sta-

1887 688 2223 746 tutis'diebus
2253 684 2506 761 l'iorisque
2550 696 2649 748 sub
2684 703 2847 758 terra,
2879 711 2977 749 nec
3009 706 3183 751 tamen
3222 712 3343 753 cum
3367 717 3456 754 su-

1886 791 2050 845 perne
2076 773 2226 846 ﬁant,
2255 781 2449 851 ubique
2492 783 2641 837 cerni
2694 784 2980 853 aliquando
3007 798 3223 857 propter
3253 791 3453 854 nubila,

1888 867 2080 937 saepius
2117 868 2273 939 globo
2310 878 2465 925 terra:
2496 874 2744 930 obstante
2790 879 3223 935 convexitatibus
3251 882 3450 934 mundi.

2440 964 2663 1022 CAPUT
2703 967 2903 1024 XLVII.

2200 1053 2311 1109 Ubi
2345 1054 2573 1128 eclypsin
2601 1076 2703 1112 non
2731 1061 2817 1125 sil,
2848 1070 2895 1114 et
2918 1078 3099 1131 quare.

1958 1144 2206 1203 Defectus
2246 1148 2375 1204 solis
2401 1165 2465 1212 ac
2511 1149 2647 1205 lunae
2702 1154 3036 1222 vespertinas
3089 1153 3325 1217 Orientis
3376 1158 3455 1215 in-

1888 1235 2017 1292 cola:
2046 1252 2152 1293 non
2181 1238 2436 1305 sentiunt,
2466 1244 2889 1299 necmatutinos
2912 1246 2977 1298 ad
3022 1261 3273 1305 occasum
3306 1234 3457 1302 habi-

1890 1332 2086 1392 tantes’,
2140 1327 2391 1384 obstante
2418 1330 2574 1401 globo
2626 1316 2913 1388 terrarum.
2964 1334 3147 1405 Neque
3174 1338 3315 1391 enim
3348 1354 3451 1391 nox

1888 1424 1981 1471 aut
2002 1416 2138 1483 dies,
2172 1420 2418 1489 quamvis
2469 1421 2656 1476 eadem
2688 1432 2800 1478 toto
2827 1425 2957 1480 orbe
2983 1424 3140 1483 slain]
3167 1436 3248 1481 est
3292 1424 3457 1497 Oppo-

1888 1507 1987 1567 sita
2019 1507 2161 1577 globi
2188 1516 2401 1563 noctem
2445 1517 2538 1565 aut
2560 1512 2764 1565 ambitu
2797 1513 2937 1568 diem
2968 1515 3261 1571 adferente.
3300 1517 3455 1571 Tem-

1888 1612 2018 1667 pore
2041 1598 2184 1653 enim
2213 1598 2505 1659 Alexandri
2537 1601 2711 1673 Magni
2738 1651 2743 1657 .
2768 1602 2890 1659 luna
2938 1604 3133 1660 defecit
3177 1608 3227 1661 in
3254 1607 3451 1662 Arabia

1888 1687 2020 1743 hora
2051 1689 2224 1745 noctis
2268 1689 2524 1756 secunda,
2554 1691 2849 1766 eademque
2880 1692 2932 1746 in
2970 1693 3153 1748 Sicilia
3182 1696 3449 1750 exoriens.

1888 1782 1956 1837 Et
2011 1783 2140 1839 solis
2187 1782 2455 1843 defectum
2490 1786 2596 1860 qui
2647 1784 2750 1850 fuit
2801 1786 3014 1856 Ispanio
3060 1796 3120 1841 et
3167 1770 3454 1859 Frontcgio

1888 1874 2195 1939 consulibus
2225 1892 2277 1930 st
2328 1875 2445 1930 Kal.
2484 1869 2628 1941 Maii,
2669 1877 2958 1947 Campania
3004 1879 3136 1936 bora
3165 1880 3275 1943 diei,
3318 1880 3455 1935 inter

1888 1964 2551 2033 septimametootavam,
2600 1964 2857 2027 Armenia
2890 1966 3052 2021 inter
3103 1968 3458 2033 decimam-ct

1886 2055 2224 2111 undecimam
2261 2055 2446 2110 sensit.

2329 2185 2332 2189 η
2380 2116 2605 2207 CAPUT
2631 2108 2857 2208 XLvnt.
2902 2130 2909 2133 ’

2172 2220 2244 2276 De
2270 2221 2462 2275 indicio
2486 2233 2533 2275 et
2562 2223 2814 2292 qualitate
2834 2221 3182 2293 planetarum.

1958 2314 2102 2369 Disc.
2143 2313 2237 2368 Dic
2260 2313 2389 2367 mihi
2417 2328 2523 2383 quo
2557 2312 2736 2369 colore
2765 2313 2874 2369 sint
2903 2312 3148 2383 planetae,
3181 2314 3224 2368 si
3254 2315 3457 2384 possim

1886 2422 1980 2463 eas
2016 2406 2140 2462 inde
2170 2420 2516 2478 cognoscere,
2568 2412 2621 2461 et
2661 2413 2840 2461 utrum
2887 2414 3095 2461 mutent
3140 2404 3344 2461 colores
3387 2422 3454 2459 an

1887 2513 2015 2553 non.
2047 2496 2187 2553 ΜΑο.
2223 2496 2363 2552 Suus
2385 2496 2600 2566 quidem
2635 2479 2927 2566 unicuique
2962 2494 3110 2550 color
3136 2495 3239 2553 est'.
3268 2494 3457 2549 Satur-

1840 2610 1856 2622 ι
1887 2606 1957 2647 no
2005 2590 2283 2653 candidus,
2340 2588 2459 2644 Iovi
2504 2587 2701 2652 clarus,
2753 2586 2907 2641 Marti
2960 2588 3175 2658 igneus;
3208 2585 3456 2642 Lucifero

1886 2685 2145 2754 gaudens,
2174 2682 2413 2751 Vespero
2442 2678 2731 2751 refulgens,
2761 2666 3027 2738 Mercurio
3051 2678 3285 2743 radians,
3318 2677 3455 2731 luna:

1885 2774 2132 2835 blandus,
2162 2772 2282 2837 soli,
2312 2756 2436 2826 cum
2466 2771 2658 2837 oritur,
2690 2770 2904 2836 ardens,
2934 2764 3120 2841 postea
3148 2768 3450 2846 splendens.

1888 2864 1994 2921 Sed
2052 2864 2259 2919 colores
2285 2864 2423 2919 ratio
2452 2863 2790 2935 altitudinem
2848 2870 3128 2931 temperat.
3179 2852 3454 2931 Siquidem

1887 2971 2073 3011 earum
2119 2954 2524 3010 similitudinem
2573 2938 2795 3009 trahunt
2821 2953 2873 3008 in
2906 2966 3134 3024 quarum
3157 2942 3345 3007 aerem
3368 2965 3455 3004 ve-

1885 3061 2017 3101 nere
2060 3046 2377 3111 s‘ubeundo;
2414 3044 2715 3117 tinguitque
2745 3044 2810 3099 ad
2841 3040 3261 3125 propinquantes
3308 3049 3453 3127 utra-

1888 3138 2017 3193 libet
2064 3128 2223 3193 alieni
2276 3146 2486 3211 meatus
2507 3137 2762 3205 circulus,
2820 3136 3067 3209 frigidior
3096 3120 3147 3213 in
3176 3120 3451 3204 pallorem,

287 3225 432 3289 DISC.
482 3235 555 3290 De
583 3205 951 3306 magnitudine
971 3236 1101 3292 solis
1129 3244 1184 3293 et
1213 3236 1352 3292 lunae
1379 3205 1571 3295 vellem
1602 3247 1661 3294 ut
1685 3240 1782 3295 ali-
1812 3205 1859 3268 (ἶ
1890 3230 2165 3284 ardentior
2212 3228 2267 3284 in
2296 3208 2569 3294 ruboretn.
2621 3235 2877 3283 ventosus
2896 3205 2978 3285 vin
3011 3208 3308 3283 horrorem-
3363 3224 3453 3280 Sol

208 3341 320 3395 qua
347 3326 576 3391 diceres.
607 3326 745 3385 MAG.
780 3328 920 3384 Solis
950 3329 1127 3399 ignem
1154 3329 1338 3385 dicunt
1380 3346 1519 3402 aqua
1567 3334 1781 3401 nutriri,

209 3417 492 3488 multoque
522 3418 666 3485 hunc
689 3419 812 3474 luna
863 3421 1201 3491 ampliorem,
1255 3424 1435 3479 lunam
1476 3441 1605 3483 vero
1638 3435 1783 3485 terra

206 3525 335 3564 esse
364 3508 648 3579 majorem,
704 3513 844 3568 unde
881 3520 934 3567 et
950 3514 1166 3583 [cunctis
1195 3515 1352 3571 unius
1400 3517 1784 3589 magnitudinis

208 3611 492 3683 appareat.
517 3600 670 3669 Quod
700 3602 842 3689 enim
879 3602 957 3659 sol
1001 3604 1248 3665 cubitalis
1291 3606 1555 3671 videatur,
1602 3609 1783 3666 nimia:

206 3692 547 3761 celsitudinis
596 3693 850 3749 distantia
900 3694 1048 3750 facit.
1113 3697 1363 3768 Alioquin
1415 3699 1588 3769 major
1636 3702 1781 3758 Indis

210 3782 419 3852 oriens,
448 3794 505 3841 et
550 3784 827 3843 Britannis
852 3796 1138 3859 appareret
1189 3790 1459 3846 occidens.
1513 3792 1615 3859 Qui
1654 3795 1780 3849 dum

209 3881 411 3928 natura
446 3875 517 3929 sit
543 3875 750 3946 igneus,
783 3887 931 3932 motu
979 3894 1193 3952 quoque
1228 3879 1392 3934 nimio
1421 3882 1655 3938 calorem
1684 3884 1781 3938 ad-

208 3979 395 4041 auget.
427 3971 526 4028 llic
556 3987 719 4034 cursu
741 3975 985 4031 variante
1029 3975 1143 4031 dies
1189 3983 1243 4031 et
1270 3990 1504 4043 menses,
1536 3987 1777 4048 tempora

205 4061 402 4117 dividit
424 4069 479 4117 et
504 4076 691 4129 annos,
725 4063 973 4133 aerisque
1029 4064 1339 4134 temperiem
1362 4065 1667 4124 accedendo
1693 4066 1779 4121 vel

204 4151 510 4208 recedendo
552 4168 651 4222 pro
695 4161 993 4223 temporum
1040 4154 1247 4215 ratione
1294 4154 1588 4225 dispensat,
1626 4172 1695 4211 ne
1727 4159 1776 4213 si

194 4257 424 4312 semper
458 4243 512 4298 in
547 4243 753 4304 hisdem
808 4252 1114 4309 moraretur
1138 4244 1293 4311 locis,
1319 4244 1422 4309 alia
1472 4246 1637 4312 calor,
1670 4247 1775 4301 alia

202 4333 379 4404 frigor
405 4334 732 4390 absumeret.
818 4380 819 4383 η

803 4425 1027 4481 CAPUT
1066 4424 1224 4480 XLV.

628 4516 704 4569 De
734 4525 923 4571 natura
960 4524 1007 4569 et
1046 4516 1151 4569 situ
1176 4515 1332 4569 (ante.

1888 3327 2046 3389 atque
2111 3319 2478 3376 commissura:
2540 3317 2784 3390 apsidum
2849 3306 3209 3385 extremaeque
3246 3313 3455 3385 orbita:

1885 3419 2057 3465 atram
2084 3411 2137 3466 in
2171 3410 2577 3477 obscuritatem.
2609 3408 2751 3463 DISC.
2781 3406 2897 3477 Quo
2930 3398 3110 3461 autem
3142 3406 3195 3460 in
3227 3392 3344 3461 loco
3373 3406 3455 3459 vel

1886 3502 1939 3557 in
1968 3487 2174 3573 quibus
2195 3491 2364 3574 signis
2401 3487 2529 3558 sunt
2580 3502 2633 3555 in
2663 3500 2961 3571 prmsenti?
2995 3499 3133 3559 Mite.
3173 3498 3326 3555 Modo
3361 3514 3455 3552 au-

1888 3601 2015 3659 tem,
2039 3593 2091 3647 id
2120 3601 2225 3660 est,
2256 3607 2396 3667 anno
2417 3589 2710 3647 Dominicze
2735 3580 3122 3646 incarnationis
3157 3588 3455 3653 820,'men-

1884 3697 1942 3737 se
1968 3681 2128 3748 Julio,
2168 3697 2311 3737 nona
2350 3681 2436 3737 die
2463 3681 2687 3746 mensis,
2712 3689 2795 3735 est
2822 3670 2901 3735 sol
2928 3674 2980 3735 in
3011 3680 3264 3735 vicesima
3296 3679 3454 3732 tertia
3476 3738 3490 3745 ,

1883 3782 2035 3845 parte
2064 3758 2279 3838 Cancri,
2339 3774 2465 3827 luna
2497 3773 2718 3841 innona
2766 3779 2916 3842 parte
2953 3764 3318 3841 Ta‘uri,_stella
3351 3768 3451 3823 Sa-

1884 3864 2028 3918 turni
2059 3863 2110 3916 in
2141 3862 2295 3933 signo
2323 3862 2526 3925 arietis,
2559 3860 2707 3916 levis
2762 3862 2813 3913 in
2843 3860 3037 3925 Libras,
3076 3858 3258 3929 Mali-tis
3288 3859 3340 3912 in
3369 3858 3450 3927 pi-

1882 3953 2073 4007 scium.
2106 3950 2335 4007 Veneris
2356 3957 2569 4023 quoque
2597 3951 2746 4005 stella
2772 3959 2826 4006 et
2857 3945 3124 4012 Mercurii,
3148 3950 3270 4018 quia
3295 3938 3449 4018 juxta

1882 4042 2048 4098 solem
2078 4043 2129 4097 in
2152 4038 2271 4097 luce
2302 4041 2493 4097 diurna
2514 4038 2672 4097 modo
2702 4049 2850 4107 sunt,
2879 4047 2983 4095 n'on
3002 4030 3242 4115 apparet,
3268 4041 3320 4094 in
3346 4055 3452 4108 quo

1837 4138 1845 4147 ‘
1880 4134 2033 4205 signo
2069 4139 2371 4187 morentur.
2420 4114 2815 4187 Dtschmte‘ra
2857 4121 3291 4199 quoque‘Sidera
3332 4138 3451 4199 qua:

1880 4232 2035 4280 extra
2074 4224 2353 4279 zodiacum
2381 4231 2509 4280 sunt
2556 4218 2680 4293 peto
2706 4228 2765 4276 ut
2791 4214 3365 4299 breviter‘enumercs,
3397 4230 3454 4275 et

1878 4331 1999 4386 qua:
2034 4332 2064 4369 a
2101 4315 2289 4370 dextra
2322 4306 2511 4389 parte
2540 4313 2709 4385 ipsius
2760 4313 2985 4379 zodiaci,
3038 4308 3222 4381 quiave
3258 4328 3287 4365 a
3320 4311 3452 4366 sini—
3524 4348 3525 4351 η

1880 4414 1989 4459 stra
2042 4406 2167 4470 sint,
2209 4400 2673 4458 edisseras.‘Mtc.
2714 4399 2773 4455 Si
2810 4401 2876 4455 de
2904 4413 3063 4455 cursu
3111 4400 3472 4470 planetarma

1882 4501 2088 4549 tantum
2131 4501 2415 4548 contentus
2449 4506 2620 4556 esses,
2644 4490 2757 4559 jam
2788 4491 2923 4545 satis
2958 4490 3052 4546 tibi
3094 4491 3297 4545 dictum
3328 4504 3447 4545 esse

275 4606 484 4662 Lunam
523 4592 629 4663 ηὸη
658 4608 824 4662 minui
860 4560 959 4663 “2c
984 4598 1229 4662 'crescere
1250 4607 1453 4673 dicunt,
1479 4608 1571 4663 sed
1602 4622 1631 4661 3
1660 4609 1771 4663 sole
1802 4560 1855 4619 Ῑ)
1881 4596 2147 4667 putarem.
2198 4584 2304 4639 Sed
2353 4583 2479 4651 quia
2536 4582 2760 4636 nimium
2786 4582 3030 4636 curiosus
3059 4581 3125 4635 ad
3151 4589 3345 4635 caetera
3376 4581 3446 4636 si-

198 4699 530 4757 illustratam
556 4715 585 4753 a
611 4709 766 4769 parte
817 4715 978 4769 quam
1026 4699 1185 4754 liabet
1216 4700 1281 4754 ad
1324 4715 1445 4756 eum
1490 4699 1767 4770 paulatim,

197 4790 289 4845 vel
340 4791 409 4843 ab
452 4803 518 4844 eo
551 4790 868 4855 recedendo,
917 4789 1001 4849 vel
1050 4790 1099 4845 ei
1140 4790 1566 4860 propinquando,
1617 4790 1771 4845 nobis

194 4882 488 4938 candidam
543 4891 751 4951 partem
791 4882 1067 4937 revolvere
1105 4881 1186 4937 vel
1223 4890 1395 4937 atram
1432 4890 1490 4937 et
1523 4884 1610 4937 die
1642 4883 1765 4952 qui-

195 4973 325 5028 dem
350 4980 630 5027 crescente
667 4972 911 5041 supinam
939 4972 1083 5026 eerui
1110 4987 1302 5026 novam
1326 4971 1530 5039 lunam,
1555 4980 1616 5027 ut
1641 4980 1769 5043 pote

195 5063 536 5133 superiorem
562 5063 681 5129 soli,
717 5072 771 5117 et
796 5061 1065 5132 aquilonia
1102 5063 1167 5117 ad
1192 5063 1535 5134 subeuntem.

768 5153 994 5215 CAPUT
1036 5152 1216 5219 LXVI.

600 5241 675 5297 De
696 5242 928 5313 eclypsin
952 5243 1078 5299 solis
1100 5242 1202 5296 sive
1228 5242 1387 5297 luna'.

270 5330 416 5386 DISC.
452 5330 700 5387 Defectus
728 5333 945 5388 luminis
982 5333 1263 5401 utriusque
1288 5333 1479 5387 sideris
1528 5334 1667 5388 unde
1696 5335 1768 5388 sit

194 5439 332 5495 rogo
358 5433 417 5479 ut
446 5424 729 5479 edisseras.
783 5424 920 5480 MAG.
966 5423 1143 5479 Solem
1174 5425 1473 5481 interventu
1496 5424 1651 5487 lente,
1683 5425 1765 5478 lu-

191 5528 432 5582 namque
467 5524 624 5568 terrae
645 5506 855 5582 objectu
879 5512 1033 5569 nobis
1059 5513 1343 5583 perhibent
1366 5513 1644 5578 occultari,
1669 5515 1763 5569 sed

193 5606 327 5659 solis
352 5604 618 5658 delectum
646 5603 855 5657 nonnisi
886 5603 1173 5658 novissima
1200 5603 1440 5673 primave
1462 5602 1575 5683 fieri
1612 5603 1761 5669 luna,

191 5710 357 5765 quam
392 5703 584 5748 vocant
634 5696 856 5760 coitum,
906 5695 1043 5749 lunre
1088 5701 1269 5753 autem
1322 5694 1529 5747 nonnisi
1579 5693 1759 5763 plena,

194 5800 307 5840 non
332 5800 489 5857 posse
528 5802 658 5841 vero
691 5794 858 5841 totum
912 5785 1079 5840 solem
1131 5784 1290 5839 adimi
1347 5785 1502 5839 terris
1532 5784 1760 5838 interce-

1876 4688 1978 4745 gna
2001 4666 2121 4742 qua:
2147 4687 2241 4741 per
2274 4678 2442 4727 totum
2473 4670 2705 4741 sphaera:
2727 4670 2961 4727 cmlestis
3006 4670 3264 4725 ambitum
3313 4685 3444 4725 con-

1874 4766 2071 4821 sistunt
2106 4765 2425 4834 inquirendo
2450 4762 2808 4833 progrederis,
2850 4763 3213 4817 necessarium
3246 4778 3368 4817 reor
3390 4769 3448 4815 ut

1875 4856 2043 4925 ipsius
2095 4856 2321 4923 sphaera:
2368 4854 2473 4909 situ
2513 4861 2568 4908 et
2595 4860 2847 4905 naturam
2886 4854 3037 4922 prius
3072 4869 3334 4923 exponam
3362 4870 3446 4909 se-

1875 4937 2135 5003 cundum"
2162 4947 2429 5016 majorum
2484 4946 2805 5002 sententiam
2858 4946 3115 5005 breviter,
3155 4953 3210 4999 et
3236 4943 3313 4999 sic
3342 4952 3443 4998 tua:

1873 5041 2279 5110 interrogationi
2309 5041 2377 5095 de
2402 5040 2611 5095 caeteris
2633 5036 3000 5109 respondeam.
3235 5028 3245 5033 ’

2440 5152 2664 5209 CAPUT
2688 5151 2870 5205 XLIX.-

2432 5241 2510 5319 ηε
2538 5248 2725 5297 natura
2752 5240 2883 5295 caeli.
3128 5306 3139 5319 Ι,

1941 5334 2084 5389 ῡιεε.
2123 5312 2572 5410 Utinamfacias!
2607 5328 2741 5387 MAG.
2776 5329 2983 5386 acetum
3011 5312 3221 5385 subtilis
3241 5328 3438 5410 ignem-

1868 5440 1972 5494 que
2014 5434 2249 5486 natum,
2270 5408 2687 5503 rotundumque,
2726 5428 2780 5474 et
2807 5435 2836 5473 a
2867 5427 3023 5490 terra;
3050 5429 3236 5477 centro
3268 5408 3436 5487 aequis

1858 5516 2057 5586 spatiis
2111 5515 2347 5585 undique
2399 5512 2682 5568 collectum
2717 5519 2817 5565 est.
2864 5509 3020 5565 Unde
3066 5516 3121 5564 et
3164 5522 3435 5563 convexus

1866 5607 2181 5674 mediusque
2209 5618 2528 5675 quacunque
2569 5602 2828 5675 cernitur,
2855 5586 3208 5664 inenarrabili
3236 5596 3433 5652 celeri—

1867 5706 1978 5749 tate
2023 5694 2259 5764 quotidie
2290 5691 2587 5761 circumagi
2629 5690 2901 5759 sapientcs
2942 5686 3125 5741 mundi
3157 5677 3429 5746 dixerunt,

1866 5786 1939 5838 ita
1978 5794 2032 5838 ut
2062 5790 2241 5837 rueret
2273 5782 2315 5837 si
2348 5771 2452 5836 non
2480 5780 2815 5852 planetarum
2861 5790 3087 5831 occursu
3121 5774 3397 5828 moderare
