3948 6320
294 315 400 368 697

1604 317 1800 371 LIBER
1843 319 1927 372 DE
1965 319 2310 379 COMPUTO.

3436 331 3540 386 698

298 450 447 487 mum
494 433 710 487 Kalend.
776 432 895 486 Maii
943 432 1258 502 inquiratur.
1293 432 1423 486 Item
1473 432 1747 486 catholica:
1793 433 1947 496 in-A
1976 451 2116 489 mam
2149 445 2372 492 remoto.
2428 437 2579 505 Quod
2623 437 2736 494 fieri
2788 439 2840 494 in
2899 440 3069 494 insula
3114 443 3278 514 Thyle
3315 443 3546 515 Pytheas

295 523 593 577 stitutionis
651 522 830 592 regula
873 523 1123 591 praecepit
1168 531 1227 575 ut
1268 530 1392 574 ante
1436 520 1669 575 vernalis
1709 523 1874 589 usqui-

296 613 461 666 noctii
493 620 884 681 transgressum
929 610 1130 665 Pascha
1157 625 1263 664 non
1295 609 1615 663 celebretur.
1646 609 1746 676 Qui
1776 610 1874 681 igi-

297 713 387 756 tur
415 711 604 756 octavo
638 699 994 756 Kalendarum
1041 701 1301 770 Aprilium
1332 699 1418 752 die
1451 708 1602 769 putat
1635 702 1874 769 arqnino-

293 794 484 854 etium,
532 807 748 846 necesse
790 803 870 847 est
900 795 1040 848 idem
1074 801 1164 846 aut
1193 800 1318 846 ante
1353 793 1735 859 aequinoctium
1763 793 1868 847 Pa-

294 886 426 938 scha
458 884 712 938 celebrari
736 887 938 940 licitum
970 886 1130 947 dicat,
1180 890 1272 936 aut
1293 890 1416 936 ante
1454 884 1738 951 septimum
1764 884 1871 938 Ka-

295 973 574 1028 lendarum
624 974 880 1043 Aprilium
931 976 1070 1028 diem
1118 973 1322 1027 Pascha
1350 971 1610 1027 celebrari
1664 974 1866 1028 licitum

294 1075 476 1133 neget,
531 1066 699 1134 ipsum
730 1081 938 1135 quoque
967 1065 1195 1128 Pascha,
1222 1065 1363 1133 quod
1413 1064 1668 1121 Dominus
1696 1068 1867 1135 pridie

292 1170 454 1223 quam
508 1164 777 1223 pateretur
805 1172 924 1210 eum
966 1154 1242 1223 discipulis
1269 1154 1414 1220 fecit,
1469 1163 1561 1209 aut
1589 1173 1728 1211 nono
1755 1159 1866 1212 Ka-

291 1244 572 1298 lendarum
602 1245 858 1314 Aprilium
897 1245 982 1299 die
1011 1259 1116 1298 non
1162 1243 1326 1299 fuisse
1351 1286 1364 1310 ,
1411 1253 1503 1298 aut
1533 1256 1655 1301 ante
1697 1250 1864 1318 aequi-

291 1337 528 1390 noctium
560 1335 722 1389 l‘uisse
761 1334 1060 1389 conﬁrmet.
1114 1335 1232 1390 Non
1273 1337 1415 1391 enim
1449 1339 1616 1392 nostri
1659 1349 1863 1394 tantum

292 1428 570 1496 temporis,
600 1427 692 1481 sed
719 1427 879 1480 etiam
905 1426 1087 1497 legalis
1114 1467 1129 1493 ,
1181 1435 1234 1481 et
1262 1427 1492 1482 Mosaica
1520 1429 1760 1484 decernit
1787 1432 1866 1484 in-

288 1519 515 1582 stitutio,
549 1534 654 1574 non
675 1525 798 1573 ante
821 1525 1190 1573 transcensum
1212 1517 1370 1588 hujus
1391 1521 1695 1590 :equinoctii
1721 1521 1864 1576 diem

289 1605 413 1661 festi
449 1606 720 1662 Paschalis
763 1622 880 1662 esse
926 1607 1340 1674 celebrandum;
1387 1611 1528 1664 sicut
1573 1619 1864 1668 attestanle

290 1696 537 1751 Anatoiio
557 1697 834 1752 evidenter
856 1699 1010 1753 docet
1035 1699 1186 1754 Philo
1211 1709 1265 1754 et
1285 1700 1567 1770 Josephus,
1606 1704 1744 1758 sicut
1771 1719 1860 1758 eo-

1976 524 2319 579 Massiliensis
2348 528 2536 581 scribit
2557 543 2652 582 sex
2683 529 2888 582 dierum
2915 531 3250 600 navigatione
3271 535 3324 588 in
3339 549 3548 605 septen-

1976 615 2147 668 trione
2177 631 2207 668 a
2237 614 2510 672 Britannia
2541 619 2794 674 distante.

2562 728 2788 784 CAPUT
2823 730 2951 787 LIV.

2257 795 2331 848 De
2353 796 2575 850 bissexlo
2608 799 2660 852 in
2688 800 2810 854 solis
2841 812 2887 853 et
2924 801 3063 856 Iunce
3085 819 3264 857 cursu.

2041 885 2186 940 DISC.
2219 886 2451 942 Bissexti
2478 891 2737 943 rationem
2772 907 2899 962 rogo
2926 903 2983 946 ut
3012 894 3193 949 edicas
3226 897 3354 950 mihi
3387 905 3545 964 atque

1968 978 2256 1032 edisseras.
2286 979 2421 1036 Mac.
2458 981 2735 1037 Bissextus
2761 999 2826 1038 ex
2862 987 3175 1053 quadrantis
3210 990 3414 1043 ratione
3451 1005 3546 1058 per

1968 1066 2381 1134 quadriennium
2414 1070 2716 1135 coniicitur,
2769 1074 2892 1125 dum
2929 1073 3007 1127 sol
3037 1078 3102 1128 ad
3144 1077 3196 1129 id
3225 1078 3431 1143 signum
3477 1095 3538 1130 ex

1966 1170 2073 1224 quo
2098 1171 2345 1227 egressus
2372 1168 2486 1222 est,
2520 1177 2624 1213 non
2651 1162 2701 1214 in
2747 1177 2946 1214 coenxv
2975 1164 3183 1227 diebus,
3231 1167 3322 1219 sed
3353 1177 3542 1234 quarta
3587 1165 3590 1169 '

1965 1243 2071 1299 diei
2099 1255 2253 1314 parte
2304 1263 2465 1317 super
2506 1251 2733 1318 adjecta,
2784 1253 3090 1306 revertitur.
3145 1253 3300 1308 Verbi
3329 1257 3540 1325 gratia:

1967 1335 2011 1388 si
2038 1353 2176 1392 nunc
2216 1341 2640 1409 :equinoctialem
2687 1344 2807 1396 caeli
2850 1343 3023 1397 locum
3055 1345 3132 1399 sol
3167 1347 3347 1400 oriens
3376 1347 3544 1400 intra-

1966 1429 2123 1494 verit,
2151 1431 2202 1484 in
2226 1433 2368 1487 hunc
2392 1449 2532 1488 anno
2561 1444 2814 1503 sequente
2839 1436 3083 1500 meridie,
3109 1439 3268 1492 tertio
3296 1454 3539 1507 vespero,

1965 1530 2156 1590 quarto
2191 1525 2366 1578 medio
2421 1526 2611 1588 noctis,
2659 1527 2848 1595 quinto
2879 1542 3087 1581 rursum
3135 1529 3186 1581 in
3232 1538 3419 1583 exortu
3459 1545 3542 1582 re-

1966 1626 2208 1676 currens,
2243 1616 2547 1668 necessario
2583 1615 2722 1670 diem
2776 1628 3069 1684 prmmonet
3103 1620 3398 1688 augendum
3427 1637 3442 1684 ;
3476 1635 3541 1674 ne

1967 1706 2008 1759 si
2038 1705 2172 1760 forte
2207 1723 2310 1760 non
2341 1709 2586 1772 addatur,
2627 1718 2874 1780 peractos
2900 1710 3170 1779 sexaginta
3197 1711 3430 1779 quinque
3452 1727 3542 1764 an-

289 1800 410 1838 rum
433 1786 761 1854 antiquiores
783 1785 1168 1856 Agathobolus,
1216 1797 1271 1843 et
1295 1791 1362 1844 ab
1385 1805 1449 1845 eo
1470 1791 1712 1848 eruditus
1741 1791 1863 1848 Ari—
1893 1786 1937 1844 Β
1967 1812 2063 1851 nos
2111 1798 2488 1865 mquinoctium
2535 1798 2752 1852 vernale
2799 1799 3025 1852 brumali
3078 1799 3163 1852 die
3214 1801 3491 1868 proveniat
3524 1819 3536 1853 :

287 1874 530 1930 stobulus
557 1890 624 1930 ex
655 1876 898 1931 Paneada
927 1918 941 1941 ,
992 1879 1081 1946 qui
1109 1895 1246 1934 unus
1292 1895 1358 1935 ex
1389 1876 1494 1937 illis
1526 1886 1863 1955 septuaginta

289 1963 592 2020 senioribus
619 1964 716 2019 fuit
763 1967 853 2037 qui
884 1967 1032 2022 missi
1065 1968 1285 2025 fuerunt
1327 1987 1357 2025 a
1402 1975 1746 2043 pontiﬁcibus
1797 1979 1862 2031 ad

287 2053 639 2110 Ptulomreum
667 2072 880 2127 regem,
939 2057 1284 2116 Hebraeorum
1315 2063 1480 2118 libros
1523 2065 1862 2136 interpretari

285 2144 344 2197 in
371 2144 614 2199 Graecum
661 2161 964 2204 sermonem
992 2167 1006 2217 ;
1046 2152 1239 2220 quibus
1268 2154 1434 2208 multa
1467 2171 1534 2210 ex
1564 2158 1863 2213 traditioni-

284 2238 389 2292 bus
436 2238 565 2294 Mosi
613 2243 932 2314 proponenti
977 2245 1089 2314 regi
1137 2248 1541 2318 pereontatique
1570 2252 1862 2318 responde-

287 2340 431 2386 runt.
473 2330 574 2401 Ipsi
603 2346 751 2404 ergo,
800 2349 925 2388 cum
955 2337 1278 2405 quaestiones
1306 2338 1476 2394 Exodi
1508 2352 1857 2411 exponerent,

286 2423 537 2477 dixerunt
561 2423 766 2480 Pascha
796 2442 900 2482 non
941 2429 1091 2497 prius
1116 2445 1236 2485 esse
1276 2432 1663 2487 immolandum
1696 2451 1858 2504 quam

282 2513 660 2581 aequinoctium
709 2517 926 2572 vernale
975 2520 1242 2575 transiret.
1295 2520 1447 2577 Unde
1495 2539 1594 2578 nos
1640 2539 1860 2579 necesse

285 2613 373 2658 est
399 2645 412 2669 ,
451 2607 519 2660 ob
567 2610 990 2664 conservandam
1033 2613 1273 2666 veritatis
1297 2613 1567 2683 regulam,
1618 2617 1860 2672 dicamus

283 2701 472 2762 aperte
504 2704 558 2748 et
587 2694 793 2750 Pascha
822 2705 945 2752 ante
973 2700 1350 2768 aequinoctium
1389 2703 1743 2772 tenebrasque
1769 2705 1860 2758 de-

283 2785 458 2840 victas
481 2802 583 2840 non
609 2786 1015 2855 immolandum,
1042 2798 1096 2844 et
1123 2791 1224 2845 hoc
1248 2791 1630 2860 mquinoctium
1653 2809 1725 2847 xu
1755 2793 1860 2847 Ka-

281 2877 562 2932 lendarum
595 2878 856 2950 Aprilium
884 2882 970 2936 die
991 2883 1258 2938 veraciter
1282 2885 1654 2940 ascribendum
1681 2905 1694 2950 ;
1722 2888 1860 2942 sicut

282 2985 391 3023 non
439 2969 609 3024 solum
659 2972 979 3025 auctoritate
1027 2980 1277 3040 paterna,
1333 2975 1426 3029 sed
1469 2983 1525 3030 et
1552 2975 1858 3046 horologica

280 3061 711 3116 consideratione
737 3063 1023 3116 docemur:
1074 3064 1166 3118 sed
1195 3072 1251 3118 et
1292 3074 1485 3119 uetera
1513 3068 1612 3120 tria
1650 3077 1854 3137 tempo-

1964 1900 2082 1954 qua}
2113 1885 2348 1956 [Egyptii
2380 1902 2520 1940 anno
2565 1902 2660 1940 suo
2691 1888 2924 1956 expleto,
2975 1888 3025 1942 id
3055 1896 3135 1942 est
3177 1899 3369 1957 quarto
3422 1889 3536 1942 Kal.

1965 1974 2317 2045 Septembris,
2365 1977 2590 2030 Romani
2622 1985 2772 2032 sexto
2802 1977 2918 2030 Kal.
2950 1977 3146 2040 Martii,
3189 1979 3328 2032 unde
3369 1987 3420 2032 et
3446 1994 3536 2034 no-

1965 2081 2086 2120 men
2111 2068 2345 2136 accepit,
2391 2068 2752 2136 interponunt.
2788 2068 3024 2122 Breviori
3050 2077 3228 2121 autem
3259 2077 3312 2121 et
3337 2067 3538 2138 vulgari

1965 2156 2172 2209 ratione
2221 2157 2516 2210 bissextum
2571 2157 2862 2211 retardatio
2911 2166 3132 2226 generat
3187 2156 3315 2210 solis
3341 2172 3443 2210 non
3472 2158 3536 2211 ad

1962 2246 2201 2299 eamdem
2227 2246 2420 2300 lineam
2445 2249 2676 2315 peractis
2701 2264 2900 2302 CCCLXV
2929 2249 3114 2302 diebus
3137 2249 3288 2316 plene
3312 2249 3536 2304 redeun-

1964 2337 2047 2390 tis.
2104 2336 2272 2404 Quem
2311 2338 2392 2400 si,
2445 2339 2591 2392 verbi
2620 2340 2811 2409 gratia,
2863 2337 2918 2392 in
2960 2340 3280 2408 aequinoctio
3309 2342 3534 2405 vernali,

1961 2427 2102 2496 quod
2123 2427 2279 2495 juxta
2326 2427 2607 2498 Egyptios
2640 2429 2956 2484 duodecimo
2984 2428 3342 2484 Kalendarum
3372 2431 3538 2500 Apri-‘

1959 2515 2090 2569 lium
2120 2517 2204 2570 die
2232 2518 2500 2585 provenit,
2552 2527 2857 2588 surgentem
2887 2535 2914 2571 a
2946 2520 3120 2573 medio
3167 2521 3392 2574 orientis
3416 2522 3533 2578 dili-

1959 2614 2145 2677 genter
2174 2607 2517 2663 adnotaveris
2540 2650 2554 2674 ,
2596 2610 2736 2664 hunc
2779 2625 2919 2664 anno
2948 2621 3200 2680 sequente
3231 2613 3316 2666 die
3351 2613 3533 2666 videli-

1959 2707 2045 2752 cet
2069 2699 2254 2753 eodem
2283 2699 2556 2769 aliquanto
2586 2701 2809 2756 inferius
2829 2703 2982 2768 oriri,
3009 2713 3064 2756 et
3099 2705 3277 2767 tertio,
3319 2714 3531 2773 quarto,

1959 2788 2252 2856 quintoque
2272 2789 2518 2846 eamdem
2551 2791 2957 2846 diminutionem
2992 2793 3044 2845 in
3096 2801 3300 2846 tantum
3329 2809 3524 2863 angere

1961 2878 2195 2946 reperies
2218 2887 2275 2931 ut
2301 2878 2401 2931 nisi
2426 2879 2564 2932 diem
2586 2888 2710 2932 ante
2731 2881 3130 2950 superadjicias,
3155 2898 3208 2936 ιι
3235 2882 3351 2936 Kal.
3381 2882 3534 2952 Apri-

1961 2967 2027 3021 lis
2054 2968 2431 3036 aequinoctium
2465 2969 2702 3025 facturus
2752 2987 2782 3025 a
2829 2973 3003 3028 medio
3050 2983 3235 3043 surgat
3285 2974 3528 3038 orientis,

1958 3060 2202 3114 eamdem
2250 3061 2455 3115 scilicet
2500 3063 2804 3118 tarditatem
2859 3081 2912 3118 in
2956 3067 3165 3120 caeteris
3218 3078 3531 3122 servaturus

285 3167 406 3205 rum
432 3149 730 3218 hujusmodi
757 3151 985 3206 confinia
1017 3152 1176 3206 simili
1209 3154 1416 3208 ratione
1441 3153 1643 3224 aliquot
1669 3131 1855 3210 diebus
1882 3131 1926 3192 C
1956 3152 2254 3206 exortibus.
2290 3153 2432 3208 Disc.
2488 3153 2737 3224 Nunquid
2768 3157 2819 3209 in
2847 3156 2985 3210 luna:
3027 3173 3185 3211 cursu
3218 3158 3530 3226 quadrantis

279 3250 410 3294 ante
449 3249 698 3294 octavum
718 3239 1074 3295 Kalendarum
1091 3243 1423 3310 sequentium
1453 3259 1574 3298 esse
1597 3247 1849 3299 notanda.
1871 3257 1875 3264 ‘

281 3332 471 3402 Igitur,
499 3331 639 3385 sicut
667 3346 825 3401 supra
848 3332 914 3386 de
943 3332 1396 3388 vicissitudinibus
1420 3335 1670 3400 diximus,
1702 3337 1774 3390 ita
1798 3348 1853 3392 et

281 3442 428 3481 nunc
459 3425 528 3479 de.
549 3425 665 3480 istis
692 3435 918 3495 quatuor
947 3425 1189 3480 terminis
1218 3425 1464 3481 dicimus.
1498 3426 1632 3494 Quia
1663 3443 1692 3480 a
1720 3428 1852 3482 duo-

284 3516 488 3570 decima
523 3514 638 3570 Kal.
667 3515 889 3585 Aprilis,
937 3516 1078 3585 quod
1102 3523 1185 3569 est
1204 3515 1582 3586 mquinoetium
1610 3519 1849 3586 vernale,

286 3621 455 3674 usque
488 3607 538 3659 in
573 3605 836 3660 decimum
863 3605 1080 3660 tertium
1101 3605 1219 3660 Kal.
1237 3604 1383 3670 Julii,
1402 3616 1525 3662 sunt
1545 3608 1659 3663 dies
1683 3624 1851 3663 nona-

275 3699 425 3770 ginta
464 3705 518 3752 et
547 3712 704 3752 unus.
753 3697 797 3751 A
821 3697 1135 3753 duodecimo
1167 3697 1283 3752 Kal.
1327 3696 1452 3754 Julii
1475 3715 1645 3770 usque
1682 3701 1738 3755 in
1760 3703 1852 3757 de-

276 3790 478 3844 cimum
522 3787 736 3843 tertium
785 3787 903 3841 Kal.
953 3787 1201 3844 Octobris
1251 3789 1500 3844 similiter
1526 3791 1640 3846 dies
1684 3807 1849 3846 nona-

274 3880 422 3949 ginta
448 3886 502 3933 et
526 3893 683 3933 unus.
730 3879 774 3930 A
798 3878 1004 3934 decimo
1034 3879 1194 3933 tertio
1245 3878 1361 3933 Kal.
1393 3879 1640 3936 Octobris
1680 3897 1850 3952 usque

276 3974 332 4028 in
361 3971 626 4026 decimum
671 3969 916 4039 quintum
967 3969 1083 4024 Kal.
1125 3968 1396 4036 Januarii,
1449 3973 1695 4027 similiter
1733 3975 1849 4030 dies

270 4063 562 4132 nonaginta
609 4068 664 4116 et
709 4076 865 4116 unus.
917 4061 960 4116 A
990 4061 1198 4117 decimo
1243 4064 1403 4118 tertio
1455 4062 1572 4117 Kal.
1599 4063 1844 4120 Januarii

273 4165 445 4222 usque
473 4152 524 4206 in
572 4151 837 4205 decimum
886 4157 1137 4219 quartum
1187 4150 1304 4204 Kal.
1354 4150 1556 4222 Aprilis
1600 4153 1848 4227 similiter

272 4250 400 4298 sunt
429 4242 542 4296 dies
563 4241 852 4312 nonaginta
875 4249 930 4295 et
956 4256 1112 4296 unus.
1148 4240 1308 4295 Fiunt
1334 4257 1521 4298 omnes
1546 4229 1704 4296 simul
1731 4243 1847 4298 dies

271 4331 499 4386 trecenti
529 4331 804 4399 sexaginta
828 4339 953 4394 tres,
985 4339 1038 4384 et
1069 4339 1307 4386 remanet
1326 4332 1440 4386 dies
1460 4349 1597 4386 unus
1627 4334 1692 4388 de
1719 4335 1844 4388 anni

270 4419 496 4483 circulo,
547 4429 601 4473 et
627 4434 722 4472 sex
763 4420 929 4484 bene,
973 4436 1091 4488 quas
1134 4435 1232 4490 per
1259 4438 1692 4493 unumquemque
1743 4440 1842 4477 an-

270 4526 402 4566 num
425 4518 640 4578 propter
663 4511 920 4564 rationem
943 4511 1162 4566 bissexti
1185 4527 1495 4568 accrescere
1517 4516 1840 4585 probantur;
1872 4485 1920 4542 Β

269 4616 393 4671 quas
419 4601 460 4654 si
490 4600 795 4653 dividantur
820 4615 916 4668 per
937 4613 1167 4670 quatuor
1197 4613 1400 4671 partes,
1439 4612 1494 4658 et
1522 4604 1724 4660 fuerint
1750 4608 1840 4659 ad-

267 4691 424 4760 jecta:
473 4690 1148 4760 partibussuperioribus,
1186 4701 1342 4746 erunt
1370 4694 1656 4763 unicuique
1702 4697 1842 4764 parti

270 4782 388 4834 dies
441 4780 726 4848 nonaginta
757 4789 815 4844 et
842 4797 980 4835 unus
1024 4787 1078 4836 et
1105 4789 1307 4850 septem
1337 4782 1482 4836 hora:
1523 4791 1576 4836 et
1621 4784 1841 4838 dimidia

273 4871 426 4923 hora.
469 4867 571 4922 Sed
615 4869 1084 4938 notandum.un
1112 4871 1496 4937 :equinoetialis
1529 4870 1646 4926 dies
1693 4873 1840 4928 omni

275 4961 474 5014 mundo
497 4959 714 5028 aequalis
737 4967 838 5014 est.
891 4960 1051 5014 Vario
1079 4967 1256 5014 autem
1283 4960 1413 5016 lueis
1437 4961 1764 5017 incremento
1788 4964 1842 5017 in

277 5050 453 5104 Meroe
477 5051 816 5120 longissimus
845 5051 956 5104 dies
985 5050 1260 5104 duodecim
1293 5050 1452 5105 horas
1495 5053 1842 5120 asquinoetia-

275 5141 356 5194 les
398 5149 452 5194 et
497 5149 616 5194 octo
645 5150 823 5209 partes
871 5142 1030 5196 unius
1060 5142 1206 5195 bone
1234 5140 1461 5208 colligit,
1506 5141 1844 5198 Alexandria:

277 5245 406 5285 vero
439 5231 838 5298 quatuordecim
888 5231 1067 5296 horas,
1115 5230 1167 5283 in
1213 5229 1361 5284 Italia
1401 5231 1730 5300 quindecim,
1786 5233 1840 5286 in

277 5321 554 5378 Britannia
603 5320 1002 5389 septemdecim,
1052 5321 1140 5376 ubi
1188 5328 1371 5376 testate
1422 5321 1610 5375 lucida:
1658 5331 1842 5377 noctes

279 5413 421 5467 haud
459 5410 616 5464 dubie
643 5418 904 5463 testantur
932 5411 983 5464 id
1013 5411 1152 5490 quod
1179 5411 1320 5481 cogit
1363 5410 1499 5464 ratio
1541 5412 1710 5478 credi,
1737 5412 1844 5468 sol-

281 5501 411 5556 stitii
453 5501 639 5555 diebus
667 5499 952 5554 accedente
999 5500 1110 5554 sole
1136 5502 1356 5570 propius
1380 5501 1633 5554 verticem
1658 5503 1839 5559 mundi

278 5602 505 5665 angusto
551 5592 685 5646 lucis
726 5592 927 5645 ambitu
968 5589 1205 5658 subjecta
1239 5601 1396 5647 terra:
1417 5592 1700 5647 continuos
1729 5593 1843 5648 dies

283 5688 481 5743 habere
509 5684 650 5740 senis
676 5681 943 5738 mensibus
971 5691 1258 5751 noctesque
1303 5699 1332 5737 e
1378 5683 1592 5738 diverso
1625 5683 1691 5737 ad
1719 5683 1840 5738 bru-

1957 3245 2220 3298 rationem
2265 3244 2554 3309 observare
2595 3244 2889 3300 debemus?
2923 3247 3058 3300 MAG.
3117 3247 3382 3300 Debemus
3420 3246 3526 3300 uti-

1953 3346 2099 3400 que;
2141 3331 2265 3402 quia
2295 3333 2337 3385 si
2379 3332 2517 3386 luna:
2545 3333 2894 3402 quadrantem
2929 3337 3338 3390 accommodare
3364 3351 3527 3406 nega-

1952 3422 2112 3484 veris,
2167 3422 2260 3476 sed
2309 3422 2569 3477 bissextili
2601 3438 2741 3477 anno
2762 3424 2998 3492 ejusdem
3029 3427 3348 3494 quantitatis
3377 3442 3525 3480 men-

1949 3527 2061 3566 sem
2093 3513 2331 3568 lunarem
2346 3514 2660 3582 Februario,
2685 3513 2834 3584 eujus
2857 3525 2910 3570 et
2937 3527 3092 3570 antea
3115 3518 3345 3583 solebas,
3380 3527 3524 3585 apta-

1951 3602 2111 3666 veris,
2141 3603 2199 3655 ﬁt
2221 3603 2464 3673 profecto
2495 3614 2553 3658 ut
2579 3613 2636 3659 et
2658 3609 3060 3676 quartadecima
3101 3609 3222 3662 luna
3254 3610 3524 3678 paschalis

1897 3692 1901 3696 ’
1951 3691 2192 3761 ejusdem
2221 3695 2347 3747 anni
2376 3694 2547 3764 pridie
2579 3710 2738 3762 quam
2763 3697 3024 3751 debuerat
3060 3700 3333 3763 adveniat,
3376 3700 3522 3754 ideo-

1949 3795 2054 3848 que
2076 3782 2342 3850 paschalis
2373 3784 2510 3837 ratio
2536 3784 2768 3849 vaeillet,
2803 3793 2857 3839 et
2889 3795 3034 3840 totus
3075 3802 3194 3841 mox
3229 3789 3352 3841 anni
3392 3804 3514 3843 cur-

1949 3885 2041 3926 sus
2072 3871 2283 3935 titubet,
2317 3879 2592 3942 statusque
2628 3873 2712 3928 ille
2740 3889 2950 3944 semper
2993 3875 3315 3931 inviolabilis
3337 3878 3520 3932 circuli

1949 3963 2431 4020 decennovennalis
2458 3967 2627 4036 magis
2658 3968 2931 4036 magisque
2956 3969 3200 4023 turbatus
3225 3977 3516 4024 evertatur.

1947 4053 2125 4120 Quare
2162 4064 2371 4124 oportet
2397 4065 2453 4110 ut
2503 4058 2642 4111 sicut
2679 4059 2915 4114 dictante
2940 4061 3255 4129 quadrantis
3307 4064 3518 4117 ratione

1946 4155 2138 4215 quarto
2172 4162 2330 4212 anno,
2366 4163 2524 4219 quem
2555 4149 2880 4204 bissextilem
2904 4151 3153 4216 dicimus,
3183 4168 3345 4206 unum
3376 4153 3515 4206 diem

1946 4237 2106 4291 solari
2139 4237 2418 4306 adjieimus
2465 4255 2606 4293 anno
2635 4280 2648 4304 ,
2688 4241 2934 4296 similiter
2977 4243 3146 4297 lunari
3186 4260 3346 4298 unam
3375 4246 3515 4305 diem

1946 4327 2289 4396 adjiciamus,
2328 4343 2554 4398 eamque
2599 4328 2737 4382 luna:
2762 4331 2960 4384 mensis
2990 4332 3265 4386 Februarii
3309 4335 3514 4388 tribua-

1948 4433 2087 4481 mus,
2115 4419 2226 4472 sive
2275 4418 2416 4489 illam
2462 4427 2584 4472 ante
2607 4419 2979 4474 intercalatum
3011 4422 3360 4489 quadrantem
3413 4438 3507 4476 seu

1946 4509 2282 4577 postmodum
2310 4509 2584 4563 terminari
2611 4509 2921 4579 contingat;
2955 4519 3015 4564 ut
3041 4525 3157 4578 qua:
3180 4512 3390 4565 casteris
3417 4529 3508 4565 an-

1947 4598 2032 4650 nis
2060 4598 2244 4668 viginti
2268 4613 2454 4651 novem
2483 4599 2709 4662 dierum,
2737 4613 2876 4653 anno
2899 4608 3072 4654 autem
3101 4601 3360 4654 bissextili
3385 4617 3504 4655 cum

1948 4689 2162 4758 triginta
2214 4696 2586 4758 computetur;
2638 4689 2855 4758 ipseque
2897 4705 3087 4754 annus,
3134 4690 3177 4742 si
3208 4692 3507 4746 communis

1945 4779 2035 4844 sit,
2067 4795 2188 4834 cum
2211 4795 2371 4836 cccnv
2396 4782 2610 4845 diebus;
2640 4781 2682 4834 si
2705 4781 3063 4841 embolismus,
3099 4795 3216 4832 eum
3234 4795 3504 4834 cccuxxv

1945 4870 2293 4939 compleatur.
2336 4870 2530 4940 Sicque
2583 4873 2642 4924 ﬁt
2692 4879 2748 4923 ut
2789 4871 2842 4924 in
2891 4885 2992 4922 una
3033 4870 3323 4938 eademque
3353 4883 3504 4925 sexta

1945 4958 2298 5012 Kalendarum
2326 4958 2634 5011 Martiarum
2667 4957 2826 5020 linea,
2869 4963 2923 5007 et
2957 4955 3009 5008 in
3052 4955 3165 5009 sole
3209 4965 3263 5009 et
3305 4957 3356 5009 in
3380 4956 3502 5010 luna

1943 5064 2196 5103 numerus
2245 5048 2560 5117 geminetur.
2616 5045 2682 5100 Ut
2733 5045 2785 5097 in
2831 5046 3079 5113 prmsenti
3127 5060 3304 5111 anno,
3356 5049 3502 5101 verbi

1942 5117 2136 5208 gratia,
2189 5146 2390 5192 sextam
2439 5136 2820 5206 septimamque
2854 5137 3100 5204 ponimus
3141 5136 3326 5190 feriam
3358 5179 3370 5201 ,
3429 5139 3501 5192 ita

1943 5229 2136 5282 ibidem
2176 5235 2381 5281 sextam
2422 5226 2810 5294 septimamque
2850 5241 3112 5294 ponamus
3137 5227 3338 5279 lunam.
3392 5227 3502 5281 Hac

1942 5333 2155 5386 semper
2180 5316 2440 5369 industria
2486 5315 2791 5385 pervigiles,
2827 5325 2886 5368 ut
2933 5332 3053 5370 cum
3095 5316 3271 5368 lunam
3303 5330 3502 5370 mensm

1942 5407 2218 5462 Februarii
2251 5407 2302 5458 in
2340 5421 2481 5459 anno
2511 5407 2771 5459 hissextili
2811 5407 3027 5476 triginta
3068 5407 3265 5459 habere
3314 5404 3502 5460 {ccci-iv

1943 5515 2078 5560 mus,
2131 5499 2183 5551 in
2219 5498 2406 5551 diebus
2441 5505 2616 5550 tamen
2647 5497 3001 5551 Kalendarum
3047 5497 3377 5560 Martiarum,
3410 5513 3502 5549 ex-

1942 5599 2094 5659 cepto
2121 5589 2290 5643 solum
2325 5589 2606 5643 undecimo
2625 5589 2809 5642 circuli
2839 5587 3316 5643 decennovennalis
3336 5601 3503 5652 anno,

1942 5683 2108 5753 ipsam
2139 5697 2298 5750 quam
2323 5689 2374 5737 et
2399 5691 2520 5736 ante
2542 5688 2891 5736 consueverat
2922 5679 3045 5734 luna
3069 5686 3243 5734 servet
3263 5686 3498 5732 aetatem.
