3948 6320
396 373 500 429 699

1068 370 1129 425 Β.
1172 370 1428 427 RABANI
1470 370 1687 425 MAURI
1721 367 2037 425 ARCHIEP.
2082 368 2390 424 MOGUNT.
2433 370 2717 427 OPERUM
2754 372 2934 428 PARS
2975 374 3014 434 Ι,

3551 380 3655 433 τοι)

393 490 597 559 Quibus
631 496 807 544 autem
857 498 1142 559 quantisve
1190 498 1487 579 temporum
1516 490 1793 559 particulis
1824 489 1963 543 idem
1994 486 2043 545 A
2071 486 2358 541 Novembri
2390 490 2587 544 mensis
2624 491 2882 557 agendum
2916 491 3086 559 magis
3110 501 3424 559 autument;
3466 506 3655 563 quate-

394 580 534 635 lunze
557 580 829 650 quadrans
864 588 1180 644 accrescat,
1219 579 1421 647 majore
1468 580 1698 648 quaesitu
1745 580 1964 650 indiget.

394 669 637 741 Namque
672 686 794 726 cum
824 672 937 741 ipso
967 671 1263 740 quadrante
1311 670 1474 723 etiam
1501 670 1690 726 crebra
1721 671 1973 726 embolis-

395 780 606 822 morum
632 763 952 833 iuterruptio
974 772 1029 818 et
1053 761 1222 818 saltus
1249 777 1462 832 quoque
1490 763 1698 839 ratione
1727 772 1836 819 tota
1867 765 1976 819 dis—

396 870 588 912 cursus
608 854 811 911 lunaris
838 867 1093 908 mensura
1130 853 1196 908 ad
1225 869 1420 924 purum
1449 868 1516 909 ne
1543 854 1783 923 dignosci
1813 862 1977 924 queat

396 948 627 1005 obsistit.

997 1037 1223 1094 CAPUT
1262 1038 1371 1095 LV.

590 1125 964 1198 Argumentum
993 1129 1062 1182 ad
1087 1129 1366 1183 bissextum
1390 1128 1753 1183 inveniendum

464 1218 619 1275 Disc.
644 1218 844 1276 Vellem
873 1228 933 1274 ut
979 1220 1192 1289 aliquod
1234 1230 1611 1291 argumentum
1653 1221 1786 1275 mihi
1818 1220 1976 1276 dares

397 1327 490 1382 per
517 1312 659 1381 quod
688 1313 827 1369 scire
854 1319 1067 1382 possem
1098 1321 1279 1367 utrum
1330 1312 1626 1369 bissextilis
1664 1329 1837 1369 annus
1875 1314 1969 1370 tie-

396 1411 497 1467 ret,
540 1418 606 1457 an
634 1403 795 1457 etiam
844 1404 1252 1474 praeparationis
1294 1403 1538 1459 bissexti.
1596 1402 1735 1459 MAG.
1787 1402 1845 1459 Si
1872 1405 1973 1459 hoc

395 1511 553 1551 nosse
585 1495 878 1562 desideres,
911 1511 1063 1551 sume
1081 1490 1338 1553 annos'ab
1366 1498 1740 1553 incarnatione
1762 1498 1973 1553 Domini

393 1598 735 1660 quotcunque
785 1592 1006 1659 fuerint,
1042 1601 1101 1647 ut
1142 1588 1269 1663 puta
1303 1594 1354 1647 in
1386 1595 1634 1663 praesenti
1690 1593 1814 1648 820.
1866 1594 1975 1649 llos

389 1682 593 1751 partire
638 1696 737 1753 per
769 1693 1020 1754 quatuor,
1079 1686 1204 1754 quia
1260 1686 1534 1740 bissextus
1584 1694 1706 1755 post
1744 1692 1976 1756 quatuor

391 1788 560 1828 annos
600 1784 847 1844 peractos
899 1776 1203 1854 intervenit.
1242 1778 1446 1845 Quater
1487 1793 1618 1847 ergo
1664 1793 1746 1845 cc,
1801 1793 1968 1844 nccc;

391 1876 583 1937 quater
618 1885 668 1935 v,
701 1887 795 1923 xx.
826 1868 893 1924 Et
922 1872 1049 1940 quia
1084 1870 1213 1926 nihil
1240 1881 1504 1935 remanet,
1552 1886 1726 1926 annus
1752 1881 1836 1927 est
1864 1871 1973 1926 his-

391 1961 618 2015 sextilis.
662 1960 717 2016 Si
749 1978 876 2034 ergo
906 1978 1043 2019 unus
1063 1952 1420 2029 remanserit;
1440 1966 1647 2033 primus
1684 1972 1767 2020 est
1802 1980 1974 2018 annus

392 2055 803 2124 praeparationis
849 2053 1094 2112 bissexti.
1147 2053 1202 2111 Si
1232 2057 1369 2122 duo,
1400 2056 1666 2114 secundus
1695 2073 1708 2123 ;
1766 2057 1810 2111 si
1839 2064 1971 2121 tres,

395 2145 606 2200 tertius.
1026 2166 1029 2169 ·
1289 2166 1297 2173 ν
1680 2140 1683 2141 ⁷

887 2236 889 2240 ‘
982 2235 1208 2293 CAPUT
1241 2224 1374 2294 L‘Vi.

942 2329 1020 2386 De
1047 2330 1185 2386 saltu
1214 2331 1411 2387 lunari.

460 2416 605 2472 Disc.
632 2416 710 2472 De
738 2417 877 2473 saltu
902 2418 1041 2475 lunae
1087 2418 1251 2490 posco
1279 2430 1336 2475 ut
1364 2422 1616 2478 similiter
1644 2424 1774 2479 mihi
1804 2425 1974 2481 ratio-

390 2520 513 2561 nem
544 2505 787 2577 preferas
809 2509 947 2564 sicut
974 2518 1028 2564 et
1058 2510 1125 2566 de
1172 2511 1415 2567 bissexto
1448 2509 1651 2567 fecisti.
1682 2512 1822 2569 Mss.
1855 2513 1976 2569 Sal-

308 2673 322 2677 _
392 2605 506 2653 tum
536 2597 674 2653 luna:
708 2598 858 2654 locus
904 2609 959 2655 et
1001 2601 1133 2657 hora
1164 2602 1324 2657 citior
1368 2603 1699 2659 iucensionis
1730 2605 1849 2675 ejus
1878 2618 1977 2675 per

392 2688 760 2745 novemdecim
807 2704 978 2746 annos
1034 2689 1211 2747 eiiicit.
1260 2690 1517 2759 Quamvis
1561 2694 1707 2750 enim
1756 2693 1976 2765 quidam

392 2776 630 2852 singulas
651 2780 806 2838 lunas
836 2783 1021 2854 viginti
1050 2788 1240 2841 novem
1266 2786 1429 2841 semis
1455 2785 1644 2842 diebus
1664 2796 1978 2858 computan-

392 2878 499 2935 tes,
532 2868 872 2926 incensioues
922 2888 1109 2928 earum
1156 2875 1333 2930 medio
1378 2876 1483 2931 diei
1511 2884 1566 2931 et
1594 2877 1771 2933 medio
1800 2879 1975 2934 noctis

392 2975 607 3031 semper
645 2961 933 3029 alternent,
984 2978 1090 3019 non
1139 2964 1189 3018 in
1227 2964 1329 3021 hoc
1348 2974 1537 3022 tamen
1561 2966 1848 3023 veritatem
1877 2982 1974 3021 na-

394 3061 528 3109 tura:
562 3052 656 3108 sed
703 3051 999 3109 calculandi
1048 3053 1363 3111 facilitatem
1413 3056 1712 3127 inquirunt.
1768 3056 1902 3113 Nam
1929 3058 1975 3113 si

393 3150 641 3198 naturam
663 3157 898 3212 quaeras,
922 3142 1049 3198 luna
1075 3145 1234 3214 primi
1265 3146 1485 3213 mensis,
1512 3156 1632 3218 quae
1658 3159 1801 3203 nunc
1824 3149 1971 3204 verbi
2000 3186 2045 3249 ρ

391 3233 564 3305 gratia
591 3232 834 3299 meridie,
878 3244 932 3290 et
980 3236 1221 3301 secundi,
1269 3252 1388 3307 quae
1412 3255 1556 3295 nunc
1582 3239 1639 3293 in
1669 3240 1971 3297 mediono-

393 3325 495 3382 etis
521 3325 853 3392 accenditur,
893 3341 1032 3382 anno
1069 3326 1250 3385 futuro
1274 3327 1406 3384 hora
1438 3337 1493 3385 et
1515 3328 1703 3387 decem
1729 3345 1975 3388 momen-

392 3416 465 3472 tis
489 3424 544 3472 et
574 3417 795 3473 dimidio
827 3420 1083 3473 momenti
1127 3427 1181 3474 et
1211 3418 1419 3476 decima
1453 3436 1593 3476 nona
1631 3430 1785 3492 parte
1811 3423 1971 3479 dimi-

374 3506 464 3561 dii
494 3507 747 3562 momenti
776 3515 900 3563 ante
926 3508 1160 3563 medium
1186 3508 1299 3564 diei
1337 3509 1420 3565 vel
1442 3511 1618 3565 noctis
1646 3501 1967 3569 illustratur.

394 3595 503 3653 Nec
531 3604 706 3652 tamen
734 3597 833 3653 hac
863 3599 1203 3655 distinctione
1224 3600 1291 3655 ad
1320 3585 1530 3656 certum
1565 3602 1865 3659 embolismi
1889 3604 1972 3660 vel

393 3690 694 3744 communis
717 3689 1173 3755 anni‘terminum,
1204 3690 1295 3746 sed
1325 3692 1391 3746 ad
1413 3707 1624 3763 aequam
1654 3693 1973 3751 divisionem

395 3779 762 3835 novemdecim
796 3779 965 3835 tendit
991 3795 1274 3836 annorum.
1332 3780 1528 3853 Sicque
1556 3798 1655 3853 per
1678 3785 1970 3840 novemde-

395 3872 500 3927 cim
524 3885 693 3925 annos
717 3869 919 3925 lunaris
945 3872 1193 3928 accensio
1220 3887 1339 3929 sese
1363 3875 1788 3943 przeoccupando
1814 3875 1971 3931 unius

394 3958 499 4015 diei
555 3960 789 4031 spatium
835 3961 1123 4026 amittens,
1186 3961 1433 4017 ultimum
1486 3964 1972 4020 decennoveunalis

393 4050 532 4123 cycli
555 4062 751 4104 annum
781 4051 1299 4111 cccuxxmudiebus
1327 4049 1789 4124 facitcomputari.
1818 4053 1972 4121 Quod

394 4144 439 4198 si
468 4142 645 4198 facere
695 4143 935 4214 negligas
981 4159 1079 4213 per
1115 4133 1422 4213 quindecim
1472 4145 1973 4202 ‘decenuovennales

394 4233 595 4304 cyclos,
644 4233 831 4303 quinta
875 4235 1080 4291 decima
1116 4236 1241 4291 luna
1292 4236 1394 4291 tibi.
1415 4237 1505 4291 ubi
1535 4238 1711 4307 prima
1752 4227 1973 4310 putatur

395 4331 663 4379 occurret.
714 4323 855 4379 Disc.
892 4324 1162 4392 Quantum
1199 4327 1253 4381 in
1288 4341 1397 4381 uno
1424 4330 1568 4383 anno
1595 4328 1859 4385 accrescit
1904 4328 1972 4385 de

397 4414 535 4470 saltu
565 4414 781 4469 iuuari?
805 4414 952 4491 Mm.
982 4414 1123 4472 Hora
1148 4411 1370 4481 etunus
1396 4426 1630 4490 punctus
1672 4428 1727 4476 et
1762 4420 1971 4477 decima

2070 595 2177 634 nus
2203 580 2504 649 hujusmodi
2560 582 2958 652 impedimentis
2995 600 3116 638 cum
3148 587 3500 656 praecedentis
3528 590 3651 643 anui

2075 670 2181 724 fine
2205 672 2464 727 absolutis
2487 687 2685 726 novum
2709 674 2774 728 de
2800 685 2993 729 caetero
3024 692 3222 731 annum
3252 678 3423 735 libero
3445 682 3653 750 possint

2076 765 2618 836 computo-ingredi;
2662 766 2816 836 juxta
2851 769 3151 837 exemplum
3193 773 3442 827 videlicet
3486 772 3653 845 Egy-

2076 858 2335 924 ptiorum,
2368 858 2459 926 qui
2485 858 2587 913 hoc
2620 859 2915 928 penultimo
2945 860 3071 913 anni
3101 862 3181 915 sui
3212 878 3417 927 mense,
3448 866 3537 933 qui
3569 875 3652 921 est

2075 956 2260 1003 noster
2279 945 2470 1011 Julius,
2511 946 2690 1003 facere
2725 951 3093 1027 perhibentur.
3124 950 3227 1005 Sed
3258 953 3372 1007 sive
3407 953 3513 1013 hic.
3542 956 3653 1009 sive

2077 1040 2209 1104 illic,
2241 1040 2353 1094 sive
2374 1040 2499 1093 alibi
2526 1038 2739 1105 feceris,
2771 1054 2991 1095 necesse
3014 1033 3102 1096 est
3129 1042 3344 1109 ibidem,
3392 1044 3444 1097 ni
3473 1042 3651 1108 fallor,

2078 1141 2187 1186 tres
2214 1132 2414 1202 pariter
2443 1146 2654 1186 menses
2693 1133 3163 1188 undetricenerum
3201 1144 3515 1206 computare
3545 1136 3655 1192 die-

2076 1236 2218 1275 rum.

2634 1338 2635 1341 η
2668 1313 2892 1370 CAPUT
2930 1314 3081 1369 LVII.

2436 1440 2439 1441 ν
2477 1402 2552 1456 De
2584 1388 3025 1461 decennouennale
3060 1405 3293 1458 circulo.

2144 1490 2288 1546 DISC.
2323 1492 2821 1548 Decenuoveunalis
2846 1510 2976 1565 ergo
3018 1495 3203 1550 circuli
3236 1496 3529 1560 rationem,
3559 1497 3652 1566 qui

2073 1582 2267 1638 saltum
2298 1583 2540 1638 lunarem
2564 1584 2734 1655 gignit
2770 1594 2825 1639 et
2858 1585 2996 1641 luna:
3026 1602 3241 1642 cursum
3275 1587 3509 1651 ordinat,
3543 1586 3654 1640 vel-

2074 1675 2178 1730 lem
2208 1690 2237 1729 a
2265 1684 2316 1730 te
2342 1676 2527 1731 audire
2548 1685 2602 1731 et
2629 1685 2945 1748 argumento
2975 1678 3262 1746 conjicere.
3297 1678 3434 1733 ΜΑο.
3465 1678 3657 1733 Circu-

2075 1765 2193 1819 lum
2215 1765 2734 1845 decennoveunalem
2783 1776 3002 1836 prepter
3045 1768 3447 1837 quatuordeeim
3482 1768 3667 1841 ‘lunas

2075 1856 2357 1927 paschales
2406 1856 2617 1911 Nicama
2675 1858 2909 1928 synodus
2966 1859 3229 1923 instituit,
3284 1872 3349 1913 eo
3394 1858 3539 1928 quod
3586 1860 3654 1913 ad

2074 1950 2319 2004 eumdem
2366 1965 2699 2019 unaquaeque
2750 1952 2875 2005 luna
2925 1968 3023 2021 per
3066 1952 3433 2008 uovemdecim
3484 1967 3657 2006 annos

2075 2041 2349 2096 inerrabili
2380 2057 2539 2097 cursu
2570 2028 2791 2107 redeat;
2831 2044 2922 2112 qui
2949 2043 3204 2098 dividitur
3226 2045 3278 2099 in
3306 2043 3580 2115 ogdoadas
3602 2049 3657 2096 et

2074 2129 2397 2197 endecadas,
2454 2133 2557 2186 hoc
2582 2141 2664 2186 est
2694 2134 2745 2188 in
2776 2141 2898 2189 octo
2925 2143 2980 2187 et
3007 2133 3252 2189 undecim
3285 2150 3475 2189 annos.
3519 2132 3657 2188 Octo

2074 2225 2219 2279 enim
2245 2224 2370 2278 anni
2400 2224 2614 2280 lunares
2641 2226 2860 2280 totidem
2886 2241 3055 2280 annos
3078 2226 3282 2280 soleres
3308 2225 3514 2280 duobus
3540 2234 3658 2279 tan-

2076 2326 2187 2371 tum
2233 2316 2420 2372 diebus
2474 2318 2857 2372 transcendunt
2892 2336 2903 2371 :
2943 2333 3172 2388 quorum
3215 2317 3351 2371 alter
3378 2318 3443 2371 ad
3467 2316 3654 2386 exple-

2075 2415 2315 2463 mentum
2357 2408 2905 2464 occurrit-endecadis
2924 2448 2946 2473 ,Α
2966 2407 3104 2461 alter
3125 2408 3334 2463 ratione
3361 2406 3531 2461 saltus
3554 2406 3650 2461 ab—

2075 2500 2323 2554 sumitur.
2352 2500 2601 2569 Alioquin
2634 2500 2863 2554 endecas
2889 2499 3079 2555 solaris
3118 2512 3224 2553 uno
3252 2500 3336 2553 die
3362 2506 3650 2553 transcen-

2075 2591 2228 2647 deret
2254 2591 2515 2647 lunarem.
2569 2591 2721 2662 Licet
2762 2592 2979 2661 quidam
3007 2591 3271 2648 violenter
3323 2592 3422 2647 hos
3453 2593 3570 2647 dies
3600 2600 3655 2647 et

2074 2685 2326 2743 bissextis
2361 2692 2482 2742 octo
2508 2700 2779 2740 annorum
2816 2685 3062 2757 supplere
3088 2686 3349 2751 nitantur,
3395 2700 3515 2740 curn
3546 2685 3657 2739 bis-

2076 2786 2261 2836 sextus
2288 2772 2471 2833 so'leat'
2495 2778 2548 2832 in
2576 2792 2760 2833 mense
2797 2776 3105 2833 Februario
3130 2776 3226 2831 soli
3260 2778 3576 2845 superfusus
3599 2782 3653 2831 et

2076 2868 2217 2923 luna:
2244 2867 2426 2923 futuro
2449 2866 2677 2937 tempori
2718 2866 2855 2921 nihil
2878 2865 3243 2935 praeiudicare,
3293 2876 3349 2920 et
3385 2865 3491 2933 ipsi
3532 2864 3655 2919 nul—

2075 2959 2185 3015 lum
2222 2957 2465 3014 indecadi
2516 2956 2812 3012 bissextum
2863 2956 3081 3011 addant.
3118 2954 3188 3011 Ut
3237 2969 3366 3025 ergo
3413 2954 3651 3023 apertius

2076 3051 2269 3112 dicam,
2302 3052 2409 3105 duo
2429 3050 2567 3104 lunae
2585 3047 2701 3103 dies
2728 3048 2819 3118 qui
2845 3055 3133 3117 supersunt
3154 3047 3204 3100 in
3228 3043 3492 3116 ogdoade,
3520 3045 3652 3099 duos

2078 3142 2169 3214 qui
2195 3142 2388 3197 desunt
2416 3141 2468 3195 in
2495 3139 2765 3195 endecade
2792 3137 3154 3210 complebunt.

2632 3250 2860 3307 CAPUT
2898 3249 3071 3305 LVIII.

2075 3324 2449 3396 Argumentum
2476 3322 2544 3377 ad
2574 3320 2933 3396 insaniendum
2958 3330 3144 3396 quotus
3175 3319 3437 3396 citaturus
3467 3317 3651 3372 circuli
3680 3344 3683 3345 ν

2615 3386 3094 3447 ἀεσεηιιουεηὴάιὶε.
3323 3386 3331 3427 ¹

2146 3506 2204 3566 Si
2233 3523 2364 3580 ergo
2389 3507 2525 3564 velis
2547 3512 2863 3576 argumento
2887 3517 3210 3574 cognoscere
3230 3509 3427 3572 quotus
3457 3500 3529 3556 sit
3560 3516 3648 3555 an-

2074 3618 2177 3659 nus
2197 3599 2383 3656 circuli
2413 3595 2915 3675 decennovennalis,
2958 3609 3111 3649 sume
3147 3608 3317 3647 annos
3359 3593 3429 3647 ab
3478 3592 3650 3646 incar-

2074 3694 2293 3750 natiOne
2318 3690 2532 3747 Domini
2558 3694 2688 3761 quot
2708 3687 2928 3753 fuerint,
2951 3694 3005 3742 et
3025 3700 3189 3740 unum
3216 3694 3427 3753 semper
3452 3683 3644 3752 adjice.

2075 3786 2185 3843 Hos
2224 3785 2428 3855 partire
2470 3797 2568 3853 per
2605 3782 2788 3837 decem
2833 3785 2888 3834 et
2933 3767 3147 3834 novem.
3187 3776 3339 3843 Quod
3381 3782 3645 3838 remanet,

2076 3876 2193 3947 ipse
2220 3882 2304 3930 est
2326 3873 2497 3929 anuus
2518 3870 2650 3943 cycli
2673 3866 3169 3925 decennovennalis.
3200 3864 3257 3920 Si
3283 3863 3416 3919 nihil
3440 3876 3649 3919 remam

2074 3967 2225 4033 serit,
2260 3976 2435 4020 nonus
2464 3963 2705 4019 decimus
2738 3968 2841 4022 est.
2894 3958 3057 4014 Verbi
3084 3956 3255 4027 gratia
3282 3973 3295 4010 :
3344 3954 3483 4010 utin
3510 3969 3649 4024 prae-

2075 4056 2213 4112 senti
2244 4062 2371 4111 sunt
2405 4052 2550 4118 8‘20,‘
2576 4051 2665 4107 his
2700 4049 2873 4119 adjice
2916 4064 3116 4113 unum,
3142 4048 3266 4117 quia
3310 4047 3365 4101 in
3412 4045 3653 4100 secundo

2075 4165 2219 4203 anno
2272 4146 2461 4203 circuli
2502 4143 2985 4201 decenuovennalis
3031 4141 3290 4199 Dominus
3338 4140 3657 4194 incarnatus

2074 4240 2177 4304 est,
2227 4246 2283 4294 et
2310 4238 2446 4293 ﬁunt
2470 4230 2567 4291 821
2604 4255 2617 4291 :
2650 4236 2751 4291 hos
2775 4233 2982 4305 partire
3008 4239 3109 4304 per
3133 4231 3318 4287 decem
3350 4237 3405 4283 et
3424 4242 3655 4294 novem,

2072 4326 2392 4403 quadragies
2417 4329 2538 4385 deni
2562 4335 2618 4384 et
2635 4326 2828 4383 noveni
2850 4341 3035 4381 nccsx.
3065 4324 3195 4379 item
3221 4330 3305 4378 ter
3330 4322 3453 4377 deni
3472 4330 3529 4377 et
3554 4336 3658 4377 no-

2072 4426 2219 4492 veni,
2258 4418 2656 4495 quinquaginta
2694 4429 2917 4491 septem.
2970 4417 3071 4485 Qui
3119 4415 3383 4486 superiori
3421 4428 3655 4469 numero

397 4522 535 4562 noua
577 4522 702 4577 pars
728 4508 885 4563 unius
906 4510 1256 4597 puucti,§ive
1282 4510 1402 4582 alio.
1419 4512 1578 4570 modo
1604 4512 1786 4579 dicas,
1836 4514 1969 4569 hora
1995 4516 2305 4603 DcOpulati
2350 4513 2587 4571 eﬁiciunt
2619 4522 2900 4568 numerum
2953 4524 3116 4565 ncccx
3166 4517 3221 4563 et
3266 4521 3359 4579 vn.
3407 4505 3475 4560 Et
3518 4506 3652 4576 quia

398 4607 454 4655 et
481 4600 664 4654 decem
692 4608 961 4655 momenta
990 4608 1046 4655 et
1071 4601 1348 4679 dimidium
1369 4610 1698 4676 momentum
1725 4613 1781 4660 et
1803 4620 1972 4666 nonas
1996 4600 2030 4603 ἡ
2072 4615 2303 4679 quatuor
2336 4605 2461 4660 anui
2496 4602 2694 4673 prioris
2720 4600 2931 4656 numeri
2958 4605 3255 4661 remanent,
3287 4605 3516 4668 quartus
3544 4610 3649 4650 an-

398 4686 603 4748 decima
652 4691 857 4747 dimidii
904 4694 1180 4761 momenti,
1220 4695 1361 4751 sicut
1406 4704 1568 4765 supra
1614 4694 1969 4751 ostendimus.

398 4781 544 4839 Disc.
602 4782 871 4850 Quantum
914 4784 967 4839 in
1012 4794 1120 4840 uno
1150 4799 1332 4841 mense
1377 4787 1597 4842 lunari?
1633 4786 1772 4844 MAG.
1806 4786 1974 4855 Quin-

399 4873 652 4945 quaginta
678 4880 733 4929 et
752 4872 854 4928 tria
879 4880 1149 4928 momenta
1178 4881 1231 4929 et
1253 4874 1490 4944 quinque
1503 4880 1735 4932 ostenta.
1764 4876 1823 4931 lu
1844 4890 1959 4930 uno

399 4979 612 5037 quoque
664 4979 792 5037 ergo
820 4978 1005 5023 mense
1039 4972 1270 5034 quatuor
1304 4966 1589 5021 momentis
1636 4974 1694 5022 et
1722 4952 1973 5037 quinque

398 5056 625 5113 Ostentis
670 5055 807 5111 desit
833 5055 974 5126 quod
1016 5070 1122 5110 una
1169 5054 1375 5111 lunatio
1418 5053 1488 5111 ad
1540 5055 1733 5128 viginti
1778 5072 1971 5113 novem

401 5148 609 5204 dierum
636 5154 692 5201 et
724 5144 1001 5203 duodecim
1028 5149 1283 5204 horarum
1307 5147 1696 5217 plenitudinem
1720 5163 1829 5202 non
1851 5163 1973 5218 per-

402 5237 599 5294 veniet.
633 5236 700 5292 Et
726 5237 781 5291 in
809 5237 1035 5293 dimidio
1059 5230 1245 5293 lunari
1269 5253 1453 5296 mense
1482 5238 1589 5292 duo
1622 5230 1975 5293 momenta'et

399 5331 508 5387 duo
533 5336 744 5387 ostenta
776 5338 831 5384 et
879 5329 1152 5393 dimidium
1178 5332 1471 5391 ostentu‘m.
1504 5331 1650 5386 Disc.
1702 5330 1805 5386 Ubi
1845 5343 1973 5404 ergo

399 5423 550 5481 locus
578 5423 733 5478 istius
759 5420 928 5477 saltus
952 5422 1071 5475 est?
1101 5420 1250 5495 Mite.
1297 5422 1580 5493 Aliquibus
1612 5436 1743 5494 ergo
1766 5422 1969 5478 duode-

402 5506 919 5572 cimoJKalendarum
947 5509 1203 5581 Aprilium
1229 5513 1315 5568 die
1339 5513 1550 5567 videtur
1572 5526 1718 5567 anno
1746 5511 1972 5565 redden-

402 5612 519 5673 dus,
570 5616 788 5678 prapter
813 5604 1076 5676 originem
1104 5588 1423 5659 conditionis
1452 5605 1686 5662 siderum
1713 5619 1729 5669 ;
1761 5609 1821 5656 ut
1845 5600 1972 5654 luna

400 5701 599 5757 mensis
623 5698 818 5764 Martii,
848 5713 967 5769 qua:
993 5712 1060 5753 eo
1088 5695 1148 5751 tit
1172 5692 1258 5750 die
1282 5695 1532 5750 vicesima
1560 5708 1698 5748 nona
1718 5733 1739 5757 ,.
1777 5688 1973 5747 deliine

399 5800 637 5848 vertatur
667 5788 718 5848 in
747 5806 959 5847 novam.
1010 5786 1115 5845 Sed
1144 5796 1269 5842 sunt
1304 5786 1394 5855 qui
1421 5785 1520 5840 hoc
1566 5782 1721 5838 nobis
1769 5783 1821 5836 in
1845 5781 1970 5836 luna

2075 4713 2177 4754 nus
2199 4695 2486 4754 esteirculi
2515 4690 3018 4751 decennovennalis.
3116 4728 3126 4737 ρ

2663 4801 2887 4859 CAPUT
2923 4797 3060 4855 LIX.

2310 4876 2387 4931 De
2421 4874 2778 4931 communibus
2807 4872 2960 4925 annis
2989 4878 3039 4925 et
3070 4868 3401 4924 embolismis.

2143 4967 2286 5024 Disc.
2328 4965 2469 5033 Quid
2512 4965 2579 5020 de
2618 4962 2992 5020 communibus
3030 4961 3184 5015 annis
3227 4967 3283 5015 et
3308 4957 3648 5013 embolismis

2073 5062 2221 5118 dicas
2254 5066 2528 5129 exspecto.
2559 5056 2698 5111 MAG.
2728 5054 2996 5109 Dividitur
3035 5059 3211 5107 autem
3240 5048 3473 5105 circulus
3499 5048 3645 5103 idem

2074 5154 2127 5209 in
2156 5150 2500 5208 embolismos
2539 5161 2814 5216 annosque
2852 5155 3185 5209 communes,
3213 5156 3349 5211 quos
3387 5139 3649 5196 Hebraeo-

2075 5260 2193 5299 rum
2221 5229 2433 5315 quoque
2457 5240 2761 5311 priscarum
2791 5236 3110 5291 auctoritate
3139 5241 3347 5289 constat
3383 5231 3652 5286 observa-

2074 5341 2177 5388 tos.
2202 5331 2526 5389 Communes
2550 5328 2765 5398 quidem
2790 5340 2978 5390 annos,
3004 5323 3059 5379 id
3078 5330 3180 5387 est,
3204 5336 3386 5378 cccuv
3406 5320 3644 5384 dierum,

2076 5423 2375 5479 duodecim.
2426 5419 2779 5475 Embolismos
2827 5422 3023 5477 autem,
3082 5411 3134 5466 id
3182 5419 3282 5471 est,
3344 5422 3647 5464 cccuxxrv

2079 5505 2285 5566 dierum
2324 5508 2622 5568 continens,
2650 5510 2894 5576 septem.
2927 5501 3141 5556 Primus
3183 5512 3412 5568 namque
3454 5505 3509 5551 et
3558 5512 3651 5551 se-

2079 5599 2285 5655 cundus
2310 5612 2482 5651 anuus
2509 5602 2634 5649 sunt
2664 5606 2993 5653 communes,
3036 5588 3225 5643 tertius
3272 5583 3645 5644 embolismus,

2081 5696 2301 5759 quartus
2330 5696 2385 5742 et
2428 5687 2648 5756 quintus
2687 5683 3025 5745 communes;
3065 5687 3248 5734 sextus
3272 5671 3647 5734 embolismos,

2081 5778 2337 5848 septimus
2381 5774 2699 5839 communis,
2727 5781 2947 5834 octavus
2985 5768 3348 5832 embolismus,
3395 5776 3569 5817 nonus
3592 5768 3649 5817 et
