3948 6394
351 409 444 464 701

1665 397 1866 453 LIBER
1909 395 1995 448 DE
2035 392 2382 450 COMPUTO.

3521 396 3625 450 702

355 519 596 576 decimus
624 527 968 578 communes,
997 513 1310 569 undecimus
1340 511 1705 573 embolismus,
1736 508 1934 562 duode-
1964 507 2011 565 Α
2042 513 2251 574 partem
2295 503 2532 559 volucris
2564 512 2875 575 supputare,
2904 505 3191 576 nonaginta
3228 504 3363 570 dies,
3394 505 3497 560 hoc
3517 519 3622 573 est,

350 611 526 665 cimus
554 617 606 662 et
639 606 830 660 tertius
861 606 1102 660 decimus
1143 617 1476 668 communes,
1510 608 1737 671 quartus
1785 598 1934 654 deci-

351 713 472 755 mus
498 698 864 760 embolismns,
893 697 1112 765 quintus
1135 696 1375 752 decimus
1403 704 1456 750 et
1484 703 1667 748 sextus
1694 693 1936 748 decimus

352 805 683 854 communes,
716 789 972 859 septimus
1013 789 1252 843 decimus
1298 788 1664 850 embolismus,
1712 796 1934 842 octavus

352 884 594 938 decimus
644 882 978 946 communis,
1038 895 1212 935 nonus
1259 879 1499 934 decimus
1560 879 1930 934 embolismus.

352 974 452 1040 Qui
480 974 712 1043 utrique,
751 973 888 1026 sicut
932 979 986 1028 et
1031 987 1191 1040 supra
1238 972 1440 1026 dictum
1483 980 1583 1037 est,
1617 972 1684 1027 ab
1710 972 1934 1027 exordio

350 1065 511 1135 primi
554 1065 774 1130 mensis,
805 1079 964 1133 quem
1009 1063 1400 1119 HebrmiNisan
1430 1074 1644 1130 vocant,
1694 1066 1799 1120 hoc
1826 1075 1933 1132 est,

351 1153 419 1206 ab
446 1154 764 1208 accensione
790 1154 928 1208 lunae
947 1154 1233 1223 paschalis,
1259 1156 1471 1210 initium
1503 1166 1738 1213 sumunt.
1771 1157 1934 1226 Cujus

349 1242 632 1297 exordium
673 1244 873 1298 mensis
925 1245 1024 1299 hac
1076 1245 1259 1315 regula
1306 1247 1464 1300 debet
1522 1248 1821 1313 observari,
1877 1257 1936 1303 ut

350 1349 624 1402 nunquam
653 1334 778 1389 luna
824 1336 1046 1389 Pascha:
1077 1344 1269 1405 quarta
1309 1335 1518 1391 decima
1543 1352 1767 1392 vernum
1792 1353 1933 1408 prae-

345 1426 504 1503 cedat
529 1426 931 1494 mquinoctium,
971 1427 1065 1482 sed
1108 1428 1198 1490 vel,
1221 1429 1272 1482 in
1313 1429 1428 1500 ipso
1454 1431 1799 1499 aequinoctio,
1833 1432 1935 1488 hoc

350 1525 454 1578 est,
506 1513 823 1571 duodecimo
869 1517 1232 1575 Kalendarum
1275 1521 1537 1591 Aprilium
1591 1524 1699 1589 die,
1741 1525 1824 1579 vel
1869 1541 1934 1582 eo

351 1611 710 1674 transgresso,
759 1605 994 1678 legitima
1026 1612 1298 1678 procedat.
1346 1612 1801 1669 Embolismorum
1839 1631 1936 1669 au-

353 1701 483 1758 tem,
502 1694 634 1749 sicut
666 1695 950 1767 Dionysius
972 1699 1070 1764 ait,
1101 1700 1202 1754 ista
1233 1702 1373 1756 ratio
1397 1703 1655 1772 probatur
1677 1705 1932 1770 existere,

349 1786 493 1856 quod
540 1802 803 1842 annorum
852 1792 1217 1845 communium
1269 1792 1516 1848 videntur
1558 1794 1755 1850 damna
1804 1812 1932 1866 sup-

2038 602 2148 649 tres
2169 610 2401 659 menses,
2429 595 2648 650 efﬁcies.
2697 594 2808 649 Nec
2844 603 3024 648 tamen
3065 595 3166 648 hac
3211 594 3626 651 ratiocinatione

2036 687 2108 741 ad
2151 695 2351 740 statum
2401 687 2645 741 veritatis
2678 685 2963 756 pervenire
3000 694 3272 755 poterant.
3313 684 3466 752 Quod
3504 688 3623 740 uni—

2037 776 2231 846 cuique
2261 777 2362 831 rite
2406 777 2696 832 calculanti
2725 785 2780 845 et
2821 777 3081 846 ogdoadis
3114 791 3206 830 seu
3241 777 3531 832 endecadis
3556 779 3623 832 ad

2033 883 2229 938 purum
2286 869 2513 938 liquebit
2572 884 2854 924 numerum
2910 868 3179 922 veraciter
3231 869 3620 924 consideranti.

2035 958 2206 1030 Igitur
2246 975 2504 1015 numerus
2556 959 2671 1029 ipse
2721 959 3017 1029 pulsandus
3071 969 3172 1025 est,
3226 961 3627 1031 videndumque

2037 1053 2180 1125 quod
2226 1061 2349 1107 octo
2397 1053 2524 1107 anni
2558 1053 2763 1108 solares
2802 1053 3001 1107 habent
3045 1053 3178 1118 dics,
3230 1055 3471 1124 exceptis
3517 1055 3627 1108 bis-

2037 1147 2226 1211 sextis,
2253 1145 2553 1200 ﬁnccccxx.
2592 1145 2773 1200 Octies
2796 1145 3090 1198 trecenteni
3123 1147 3372 1214 sexageni
3401 1155 3456 1200 et
3478 1145 3626 1215 quini

2037 1237 2244 1296 faciunt
2288 1239 2588 1292 ﬁnccccxx.
2642 1235 2776 1289 Nam
2821 1235 3041 1290 lunares
3084 1236 3210 1289 anni
3240 1237 3460 1291 totidem
3506 1237 3627 1291 vide

2037 1335 2169 1398 quot
2204 1327 2440 1382 habeant
2465 1326 2600 1382 dies.
2642 1323 2823 1380 Octies
2853 1325 3148 1380 trecenteni
3181 1326 3545 1396 quinquageni
3573 1334 3625 1378 et

2037 1419 2287 1491 quaterni
2325 1418 2530 1474 faciunt
2554 1419 2905 1473 Ttncccxxxu.
2940 1417 3088 1471 Adde
3129 1419 3426 1488 nonaginta
3461 1417 3624 1471 trium

2036 1514 2306 1568 mensium
2332 1510 2795 1573 embolismorum,
2823 1510 2938 1565 dies
2964 1509 3092 1563 ﬁunt
3129 1523 3480 1564 .nnccccxxn.
3519 1508 3624 1564 Sed

2038 1606 2143 1662 duo
2170 1604 2260 1674 qui
2304 1603 2483 1658 minus
2517 1603 2787 1657 habentur
2818 1603 2871 1655 in
2911 1601 3149 1672 0gdoade
3195 1601 3356 1655 solari
3399 1602 3624 1655 duorum

2037 1697 2432 1760 bissextorum,
2462 1693 2603 1749 sicut
2637 1707 2800 1762 supra
2837 1692 3192 1754 ostendimus,
3226 1699 3446 1761 sperant
3477 1690 3623 1758 adje-

2039 1786 2217 1839 ctione
2247 1783 2503 1854 suppleri.
2552 1783 2845 1838 Videamus
2897 1791 2953 1836 et
2981 1782 3307 1836 endecadem
3349 1782 3628 1850 utriusque

349 1878 518 1948 plere,
550 1891 812 1948 qnatenns
841 1882 907 1938 ad
937 1883 1111 1938 solare
1140 1893 1349 1955 tempus
1375 1886 1577 1942 lunaris
1606 1897 1933 1958 exsequetur
1961 1891 2008 1950 Β
2038 1875 2253 1940 sideris,
2270 1869 2331 1928 ‘si
2375 1873 2514 1928 forte
2555 1872 2630 1927 ibi
2675 1873 2753 1928 sol
2786 1872 3061 1927 bissextile
3090 1881 3298 1941 quaerat
3344 1871 3622 1925 auxilium.

347 1972 616 2026 excursio.
666 1971 922 2039 Quamvis
961 1977 1104 2029 enim
1149 1976 1278 2033 solis
1330 1993 1566 2033 annuum
1597 1981 1806 2050 cyclum
1835 1997 1934 2052 per

349 2061 588 2132 singulos
626 2077 839 2120 menses
867 2065 993 2120 luna
1030 2068 1343 2135 circumeat,
1391 2080 1568 2126 tamen
1609 2073 1726 2142 ejus
1755 2073 1935 2143 perfe-

350 2152 583 2208 ctionem
613 2154 896 2210 duodecim
921 2158 1038 2212 suis
1081 2159 1358 2215 mensibus
1399 2161 1621 2232 implere
1653 2179 1757 2217 non
1790 2178 1929 2232 prte-

348 2241 510 2296 valet.
548 2242 790 2313 Denique
839 2245 890 2300 in
941 2247 1096 2301 annis
1143 2251 1516 2306 communibus
1547 2251 1614 2305 ad
1663 2252 1931 2311 rationem

349 2333 544 2388 solaris
577 2335 703 2389 anni
731 2335 978 2392 undecim
1015 2339 1129 2394 dies
1155 2338 1293 2394 luna:
1320 2339 1506 2398 deesse
1535 2357 1848 2400 cernuntur.
1874 2344 1932 2400 In

347 2425 679 2481 embolismis
721 2442 847 2482 vero
891 2429 1074 2493 decem
1124 2440 1174 2489 et
1215 2447 1404 2491 novem
1455 2436 1645 2493 diebus
1678 2437 1930 2492 eumdem

348 2528 547 2569 annum
580 2516 790 2601 videtur
839 2520 1069 2578 solarem
1118 2527 1241 2581 luna
1289 2530 1689 2585 transcendere.
1723 2529 1790 2583 Et
1828 2527 1934 2585 He-

346 2604 476 2660 braei
515 2609 750 2679 quidem,
784 2613 875 2683 qui
913 2614 1054 2669 solos
1098 2616 1315 2672 lunares
1345 2619 1398 2673 in
1436 2620 1552 2690 lege
1588 2629 1851 2676 noverant
1877 2629 1932 2676 et

347 2694 708 2756 observabant
737 2717 969 2769 menses,
1005 2704 1162 2774 juxta
1194 2707 1494 2763 naturalem
1539 2709 1679 2764 Iunze
1710 2725 1931 2765 cursum

349 2789 573 2845 tricenis
615 2793 1090 2865 undetricenisque
1135 2797 1322 2853 diebus
1364 2801 1730 2855 communium
1762 2816 1932 2857 anno-

347 2896 465 2935 rum
497 2896 710 2937 menses
739 2883 1014 2939 duodenos
1059 2886 1418 2957 explicabant,
1451 2899 1504 2945 et
1545 2891 1704 2946 tertio
1737 2891 1822 2947 vel
1846 2908 1930 2947 se-

350 2976 526 3031 cundo
555 2976 646 3032 ubi
691 2978 917 3034 decebat
963 2996 1106 3037 anno
1150 2984 1370 3039 tertium
1410 2986 1678 3042 decimum
1718 2989 1772 3043 in
1822 2987 1930 3045 ﬂue

347 3069 470 3123 anni
514 3084 752 3125 mensem
784 3072 1001 3142 triginta
1049 3073 1258 3130 dierum
1294 3081 1654 3148 apponebant,
1701 3080 1931 3136 emboli—

346 3173 542 3214 smnm.
573 3159 742 3216 Porro
777 3163 1022 3229 Romani,
1055 3167 1144 3235 qui
1173 3166 1416 3238 dispares
1453 3169 1657 3226 habent
1688 3177 1926 3239 menses,

2039 1965 2230 2021 Utrum
2263 1965 2407 2020 enim
2435 1972 2648 2034 tempus
2675 1979 2898 2031 necesse
2930 1970 3010 2017 est
3041 1979 3144 2016 una
3183 1962 3365 2033 regula
3393 1963 3629 2030 comple-

2035 2068 2233 2114 ctatur.
2268 2059 2538 2115 Undecies
2585 2057 2879 2114 trecenteni
2917 2056 3168 2126 sexageni
3197 2063 3251 2108 et
3297 2055 3447 2123 quini
3495 2054 3630 2108 ﬁunt

2036 2153 2208 2205 iTtixv.
2234 2151 2364 2205 Item
2405 2151 2659 2205 undecies
2698 2147 2994 2204 trecenteni
3016 2147 3384 2218 quinquageni
3416 2153 3468 2202 et
3498 2161 3627 2217 qua.

2037 2245 2175 2302 terni
2219 2243 2354 2300 ﬁunt
2396 2258 2740 2300 tuncccxcw.
2789 2241 2942 2297 Adde
2991 2241 3431 2296 embolismorum
3486 2256 3630 2293 men-

2037 2339 2174 2394 sium
2205 2339 2320 2394 dies
2346 2347 2561 2393 centum
2591 2336 2796 2408 viginti.
2838 2335 3001 2389 Fiunt
3043 2334 3245 2387 ﬁﬁxxv.
3276 2332 3424 2386 Tolle
3459 2348 3623 2386 unum

2035 2427 2203 2483 saltus
2237 2428 2400 2494 diem,
2436 2434 2722 2483 remanent
2760 2424 3040 2480 tredecim.
3073 2423 3205 2477 Vide
3243 2421 3409 2492 igitur
3437 2420 3483 2474 si
3523 2420 3626 2474 hoc

2034 2537 2169 2593 Opus
2208 2520 2408 2576 habeat
2431 2520 2664 2575 endecas
2692 2517 2821 2573 solis
2865 2513 3174 2571 subsidialis
3207 2513 3405 2580 sextili,
3441 2520 3500 2567 ut
3530 2513 3626 2566 ad—

2034 2614 2162 2670 ditis
2191 2612 2439 2668 videlicet
2466 2613 2675 2667 duobus
2689 2611 2768 2665 vel
2796 2610 2966 2665 tribus
2993 2610 3181 2664 diebus
3207 2608 3451 2663 lunarem
3481 2622 3628 2662 com-

2032 2720 2263 2776 pensare
2290 2703 2515 2760 sufﬁciet
2552 2703 2901 2759 endecadem.
2937 2701 3052 2756 Non
3085 2715 3214 2771 ergo
3248 2699 3353 2754 duo
3388 2699 3501 2754 dies
3531 2699 3621 2769 qui

2034 2797 2089 2851 in
2114 2796 2355 2868 ogdoade
2377 2796 2505 2852 solis
2535 2811 2564 2850 a
2603 2795 2778 2850 lunari
2812 2794 3053 2866 Ogdoade
3099 2792 3279 2847 minus
3307 2799 3453 2857 sunt,
3494 2790 3626 2846 duo-

2033 2904 2154 2943 rum
2196 2889 2612 2944 intercalatione
2640 2889 3026 2952 bissextorum,
3057 2885 3151 2941 sed
3193 2885 3422 2941 duorum
3449 2887 3625 2956 magis

2032 2980 2264 3044 dierum,
2289 2980 2380 3050 qni
2412 2980 2466 3034 in
2495 2979 2768 3034 endecade
2792 2979 2908 3049 ejus
2937 2993 2967 3031 a
2998 2978 3175 3031 lunari
3207 2977 3328 3047 plus
3356 2985 3499 3040 sunt,
3528 2977 3622 3030 ad-

2025 3068 2265 3138 jectione
2305 3070 2639 3140 supplentur.
2683 3069 2793 3124 Nec
2839 3076 2998 3124 nocet
3026 3069 3169 3139 quod
3212 3069 3412 3123 saltum
3462 3068 3621 3132 lunae,

2034 3176 2195 3231 quem
2222 3160 2438 3232 quidam
2462 3153 2516 3214 in
2539 3160 2797 3230 ogdoadis
2829 3161 2982 3215 initio
3003 3167 3228 3229 ponunt,
3261 3160 3314 3214 in
3347 3159 3621 3216 endecade

347 3262 452 3302 non
500 3264 606 3304 uno
636 3251 877 3321 quolibet
918 3253 973 3308 in
1020 3255 1138 3312 loco
1185 3257 1528 3314 embolismos
1567 3263 1929 3332 computando
1957 3254 2001 3317 C
2033 3243 2341 3326 ponendum
2385 3254 2824 3310 memoravimus.
2856 3253 3174 3322 Ubicunque
3208 3252 3352 3307 enim
3387 3253 3627 3323 interpo-

348 3338 692 3411 interponere
735 3344 1044 3412 voluerunt,
1101 3349 1197 3404 sed
1236 3350 1414 3420 potius
1462 3353 1688 3409 ubilibet
1733 3355 1927 3411 mediis

347 3431 476 3485 anni
509 3434 844 3503 temporibus
869 3452 1097 3493 vacuum
1126 3422 1528 3515 congruumque
1562 3447 1703 3501 inter
1728 3447 1924 3503 Kalen-

346 3520 444 3576 das
472 3521 649 3578 locnm
695 3527 936 3585 invenire
982 3532 1302 3601 potuissent.
1354 3535 1593 3592 Primam
1625 3539 1790 3610 igitur
1815 3556 1928 3595 em-

344 3611 696 3670 bolismorum
733 3617 924 3685 lunam
952 3632 1147 3691 quarto
1184 3622 1320 3679 Non.
1359 3626 1690 3696 Decembris,
1735 3646 1927 3686 secun—

346 3703 469 3766 dam
496 3716 691 3776 quarto
725 3708 858 3765 Non.
907 3710 1260 3782 Septembris,
1308 3716 1522 3771 tertiam
1562 3719 1734 3788 pridie
1784 3719 1921 3776 Non.

345 3793 558 3864 Martii,
607 3809 856 3870 quartam
902 3803 1076 3872 pridie
1121 3804 1259 3860 Non.
1289 3807 1631 3875 Decembris,
1680 3811 1925 3880 quintam

343 3898 540 3960 quarto
569 3889 706 3947 Non.
738 3891 1073 3961 Novembris,
1115 3904 1324 3952 sextam
1355 3907 1548 3968 quarto
1582 3899 1719 3956 Non.
1748 3901 1927 3974 Augu-

347 3982 439 4047 sti,
471 3982 755 4052 septimam
779 3986 938 4041 tertio
965 3985 1103 4042 Non.
1144 3988 1364 4046 Martias
1402 3992 1552 4048 nasci
1580 3993 1849 4050 dixerunt.

964 4100 1192 4158 CAPUT
1223 4101 1336 4158 LX.

777 4169 852 4225 De
883 4172 1117 4242 ogdoade
1143 4182 1191 4228 et
1216 4175 1491 4231 endecade.

417 4258 563 4313 Dtsc.
604 4257 739 4327 Quia
768 4261 1024 4332 ogdoadis
1049 4270 1102 4319 et
1135 4264 1420 4321 endecadis
1447 4268 1774 4324 mentionem
1800 4270 1924 4325 brt.L

342 4349 484 4404 viter
513 4352 760 4421 superius
792 4352 985 4420 fecisti,
1014 4363 1139 4424 peto
1166 4366 1224 4411 ut
1252 4357 1460 4428 plenius
1495 4361 1643 4417 dicas
1669 4363 1738 4418 ob
1761 4378 1923 4433 quam

341 4442 629 4497 utilitatem
663 4444 914 4514 primitus
961 4446 1088 4501 talis
1127 4448 1318 4504 divisio
1363 4449 1503 4506 facta
1541 4453 1632 4507 sit.
1676 4453 1814 4510 MAG.
1846 4455 1923 4510 Eo

341 4535 486 4604 quod
534 4543 723 4589 octavo
758 4544 812 4589 et
858 4537 1144 4592 undecimo
1181 4539 1612 4598 videlicet'anno
1657 4544 1781 4600 luna
1823 4560 1920 4616 pa-

2030 3351 2244 3417 sueris,
2305 3351 2496 3407 eodem
2569 3352 2847 3423 proposita
2911 3353 3138 3422 quaestio
3190 3351 3297 3407 ﬁne
3357 3349 3616 3408 solvetur.

2029 3442 2096 3498 Et
2125 3444 2289 3498 habet
2334 3443 2569 3498 circulus
2615 3443 3102 3499 decennovennalis
3151 3457 3366 3499 menses
3413 3443 3618 3498 solares

2028 3548 2300 3598 ccxxvut,
2346 3532 2564 3588 lunares
2606 3536 2817 3589 ccxxxv
2861 3534 3004 3599 dies,
3048 3534 3287 3602 exceptis
3335 3534 3610 3597 bissextis,

2024 3629 2086 3682 1T1
2121 3642 2444 3682 nccccxxxv.
2474 3627 2625 3694 Quod
2659 3628 2733 3682 ita
2769 3636 3014 3698 apparet.
3048 3627 3184 3681 Nam
3220 3626 3398 3682 decies
3431 3627 3619 3682 novies

2028 3719 2327 3772 trecenteni
2376 3717 2628 3789 sexageni
2684 3726 2738 3773 et
2791 3718 2940 3787 quini
2989 3717 3125 3773 ﬁunt
3178 3715 3239 3772 vi
3286 3733 3615 3773 nccccxxxv.

2026 3810 2157 3865 Item
2205 3810 2386 3864 decies
2428 3811 2613 3866 novies
2657 3812 2953 3866 trecenteni
2987 3811 3350 3881 quinquageni
3398 3819 3453 3865 et
3480 3825 3618 3882 qua-

2027 3903 2167 3957 terni
2210 3904 2268 3958 \Ti
2314 3918 2560 3958 nccxxvr.
2600 3902 2751 3959 Adde
2794 3902 3141 3958 embolismos
3188 3911 3423 3973 quatuor
3464 3917 3614 3958 men-

2025 3993 2184 4057 sium,
2210 3993 2327 4049 dies
2349 3994 2565 4049 ducenti
2589 3995 2794 4049 decem.
2814 3993 2980 4049 Fiunt
3006 3995 3061 4048 ﬁ
3091 4010 3440 4050 nccecxxxvr.
3475 3993 3616 4049 Sub-

1964 4102 1970 4107 '
2023 4087 2181 4141 trahe
2217 4101 2384 4140 unum
2427 4085 2595 4141 saltus
2642 4085 2849 4141 lunaris
2877 4086 3057 4151 diem;
3097 4096 3152 4140 et
3176 4101 3284 4140 uno
3309 4086 3608 4155 eodemque

2022 4176 2233 4232 dierum
2264 4191 2488 4231 numero
2518 4176 2646 4231 solis
2668 4184 2722 4232 et
2749 4176 2891 4231 luna
2916 4191 3134 4232 cursum
3159 4178 3609 4232 decennovenna-

2023 4266 2127 4322 lem
2180 4267 2388 4339 cyclum
2438 4267 2713 4323 includere
2753 4267 3024 4338 probabis.
3077 4267 3208 4323 Item
3238 4268 3437 4338 ogdoas
3484 4268 3614 4324 solis

2024 4360 2187 4416 habet
2215 4374 2430 4414 menses
2467 4360 2761 4430 nonaginta
2800 4374 2916 4423 sex,
2947 4358 3084 4414 lunm
3109 4367 3287 4413 autem
3318 4361 3610 4428 nonaginta

2023 4466 2237 4507 novem.
2270 4451 2514 4505 Endecas
2541 4466 2675 4505 vero
2700 4449 2830 4505 solis
2865 4464 3079 4504 menses
3107 4450 3266 4505 habet
3294 4467 3504 4516 cxxxn,
3532 4451 3610 4506 lu-

2026 4557 2108 4596 nm
2161 4548 2340 4595 autem
2392 4556 2611 4596 cxxxvi.
2651 4542 2727 4596 De
2773 4555 3001 4594 numero
3054 4540 3262 4595 dierum
3314 4557 3475 4611 supra
3526 4542 3609 4596 di-

342 4624 542 4679 schalis
590 4640 872 4695 supremas
919 4641 1029 4681 sua:
1072 4631 1370 4686 nativitatis
1417 4641 1586 4688 metas
1617 4610 1839 4700 subeat,
1867 4645 1922 4690 et
1947 4610 2001 4670 Ῑ)
2026 4641 2170 4689 ctum
2201 4643 2302 4690 est.

341 4724 630 4785 utrumque
676 4732 882 4783 eorum,
936 4718 1154 4776 insolito
1192 4723 1520 4781 embolismis
1570 4742 1738 4792 more,
1785 4745 1925 4786 unus

340 4809 647 4864 communis
690 4811 960 4882 praecedat
1002 4829 1192 4868 annus.
1220 4815 1312 4870 Vel
1339 4825 1486 4872 certe
1514 4821 1639 4888 quia
1686 4821 1925 4891 antiquis

340 4899 517 4953 visum
543 4908 624 4954 est
650 4909 772 4957 octo
799 4916 970 4957 annos
1010 4902 1216 4960 solares
1248 4906 1468 4962 totidem
1521 4908 1798 4966 lunaribus
1827 4927 1925 4965 an-

340 4990 428 5044 nis
474 4991 678 5045 dierum
725 5008 951 5049 numero
995 4996 1217 5064 aequari.
1258 4997 1408 5064 Quod
1438 4998 1505 5052 ab
1533 5001 1922 5060 eruditioribus

340 5081 441 5135 aevi
487 5084 762 5151 sequentis
795 5085 1106 5140 doctoribus
1145 5095 1424 5157 expertum
1461 5098 1566 5155 est,
1609 5091 1711 5146 nisi
1759 5095 1915 5147 annis

343 5170 591 5225 undecim
617 5173 860 5242 adjectis,
909 5174 1247 5247 nequaquam
1300 5178 1616 5249 ﬁeriposse.
1651 5181 1730 5237 Ad
1779 5183 1916 5239 indi-

341 5264 486 5319 cium
513 5280 640 5345 ergo
667 5266 945 5338 utriusque
973 5269 1367 5327 observationis
1394 5274 1726 5343 ogdoadibus
1751 5283 1833 5330 est
1862 5284 1917 5330 et

339 5355 704 5412 endecadibus
751 5366 858 5413 tota
906 5359 1045 5414 lunae
1088 5362 1290 5433 digesta
1345 5366 1646 5421 conversio.
1697 5366 1830 5420 Nam
1861 5378 1916 5423 et

340 5447 516 5503 Graeci
562 5449 855 5519 quondam,
886 5465 1021 5520 quos
1062 5462 1117 5507 et
1158 5454 1515 5524 antiquissimi
1548 5456 1912 5513 Romanorum

341 5542 694 5611 perhibentur
723 5543 933 5610 imitati,
961 5561 1082 5599 cum
1113 5547 1181 5601 ad
1216 5547 1354 5601 luna:
1377 5563 1593 5603 cursum
1621 5550 1796 5605 adhuc
1822 5566 1918 5604 an-

345 5648 444 5688 nos
468 5642 860 5704 computarent,
913 5645 1034 5691 octo
1063 5638 1220 5692 annis
1257 5639 1632 5694 communibus
1670 5640 1788 5709 pari
1827 5655 1918 5693 raw

343 5741 488 5784 tione
519 5729 796 5795 confectis,
835 5731 1182 5786 embolismos
1210 5732 1372 5787 trium
1421 5716 1684 5789 mensium
1714 5735 1917 5805 pariter

342 5821 753 5877 intercalabant.
809 5821 863 5878 Si
911 5823 1052 5879 cnim
1075 5825 1257 5880 octies
1294 5825 1539 5903 undecim
1577 5835 1629 5883 ct
1667 5837 1912 5896 quartum

2615 4725 2841 4781 CAPUT
2881 4727 3015 4782 LXI.

2301 4815 2380 4872 De
2417 4817 2568 4871 annis
2600 4817 2883 4872 Dominica:
2919 4820 3318 4874 incarnationis.

2093 4909 2240 4964 DlSC.
2281 4909 2413 4975 Quia
2444 4924 2573 4979 ergo
2608 4909 3094 4966 decennovennalis
3117 4911 3304 4974 circuli
3337 4912 3608 4968 rationem

2021 5000 2230 5069 ccepisti
2262 4999 2572 5069 explanare,
2624 5016 2815 5069 precor
2850 5009 2908 5055 ut
2941 5016 3037 5070 per
3077 5002 3315 5072 singulos
3355 5007 3601 5059 tramites

2026 5093 2140 5162 ejus
2162 5092 2373 5162 plenam
2403 5092 2667 5146 rationem
2697 5093 2824 5146 mihi
2857 5093 3067 5147 reddas.
3111 5093 3176 5147 Et
3206 5096 3439 5163 primum
3472 5097 3600 5165 quid

2021 5186 2228 5256 primus
2249 5199 2437 5239 versus
2465 5183 2740 5238 contineat
2771 5184 2906 5240 edio.
2944 5183 3080 5239 MAG.
3119 5184 3301 5238 Primo
3335 5185 3606 5239 decenno-

2023 5276 2265 5330 vennalis
2319 5274 2506 5329 circuli
2546 5290 2702 5328 versu
2756 5283 3053 5343 temporum
3105 5276 3239 5329 ordo
3280 5275 3598 5343 praeﬁgitur,

2023 5384 2182 5440 quem
2219 5367 2389 5422 Graeci
2418 5365 2768 5420 calculatores
2799 5381 2828 5418 a
2868 5365 3180 5430 Diocletiani
3211 5366 3468 5435 principis
3498 5381 3598 5419 an-

2022 5461 2108 5514 nis
2160 5459 2534 5513 observave‘re.
2579 5453 2682 5509 Sed
2743 5455 3026 5525 Dionysius
3075 5456 3396 5510 venerabilis
3433 5457 3608 5511 abbas

2018 5552 2277 5607 Romana!
2295 5548 2464 5612 urbis,
2491 5545 2774 5614 utriusque
2802 5545 3018 5616 linguas,
3043 5545 3244 5601 Graeca:
3268 5546 3517 5600 videlicet
3534 5562 3602 5602 ac

2019 5643 2244 5707 Latinae,
2287 5655 2391 5693 non
2448 5637 2667 5708 ignobili
2702 5637 2957 5708 pneditus
3003 5636 3246 5702 scientia,
3313 5636 3605 5696 paschales

2019 5735 2262 5790 scribens
2290 5728 2544 5792 circulos,
2574 5727 2744 5782 noluit
2770 5727 2870 5792 cis,
2903 5727 3038 5782 sicut
3065 5730 3178 5798 ipse
3209 5737 3454 5794 testatur,
3480 5743 3595 5782 me-

2020 5824 2246 5879 moriam
2290 5819 2436 5891 impii
2465 5827 2518 5875 et
2549 5819 2910 5889 persecutoris
2941 5819 3246 5888 innectere;
3281 5822 3375 5876 sed
3430 5821 3594 5889 magis
