3948 6336
409 317 512 374 703

1040 315 1101 371 Β.
1141 311 1395 368 RABANl
1434 309 1649 366 MAURI
1689 305 2003 362 ARCHIEP.
2050 305 2355 362 MOGUNT.
2394 308 2677 364 OPiiliUM
2717 309 2894 364 PARS
2931 312 2968 364 Ι.

3555 306 3666 363 704

407 429 569 502 elegit
589 422 666 483 ab
687 427 1062 483 incarnatione
1077 426 1289 481 Domini
1318 423 1489 478 nostri
1508 421 1635 476 Iesu
1661 418 1862 474 Christi
1889 432 1984 469 an-
2015 420 2061 476 Α
2092 433 2305 487 semper
2346 419 2580 487 adjicere
2619 430 2910 484 memento,
2955 426 3080 490 quia
3124 439 3220 493 per
3260 423 3494 479 circulos
3525 424 3666 477 indi-

408 535 600 574 norum
630 527 872 587 tempora
902 525 1235 588 pnenotare;
1268 519 1530 580 quatenus
1563 506 1844 562 exordium
1872 504 1987 574 spei

409 619 610 667 nostra:
641 610 822 665 notius
861 610 1014 663 nobis
1039 608 1309 665 existeret,
1353 611 1406 655 et
1432 614 1595 654 causa
1629 595 1985 666 reparatioais

409 701 679 766 humanm,
721 701 774 754 id
797 708 900 763 est,
935 698 1113 768 passio
1152 692 1511 762 redemptoris
1541 690 1730 749 nostri,
1763 688 1984 743 eviden-

410 791 515 845 tius
541 791 796 846 eluceret.
829 790 927 856 Qui
959 789 1010 842 in
1043 787 1219 856 primo
1256 799 1354 839 suo
1383 783 1586 837 circulo
1614 778 1982 850 quingentesi-

410 899 559 937 mum
581 884 912 939 tricesimum
944 877 1235 934 secundum
1276 875 1572 930 Dominicze
1597 870 1986 927 incarnationis

413 991 612 1030 annum
634 977 687 1028 in
714 974 887 1043 capite
908 971 1156 1041 ponendo
1182 967 1466 1023 manifeste
1489 965 1670 1021 docuit
1691 961 1983 1018 secundum

412 1067 494 1121 sui
521 1065 709 1121 circuli
737 1079 934 1117 annum
961 1064 1136 1132 ipsum
1160 1077 1280 1117 esse
1306 1076 1413 1131 quo
1438 1059 1678 1128 ejusdem
1705 1072 1987 1111 sacrosan-

413 1165 513 1212 cta:
545 1155 927 1211 incarnationis
948 1155 1262 1225 mysterium
1284 1154 1468 1222 empit.
1494 1153 1639 1206 DISC.
1665 1150 1837 1220 Ipsius
1857 1164 1987 1218 ergo

415 1249 667 1305 curriculi
704 1252 822 1318 qua:
849 1247 950 1303 fuit
976 1264 1139 1303 causa
1164 1247 1550 1316 componendi?
1582 1246 1721 1303 MAG.
1759 1245 1989 1314 Propter

414 1339 542 1395 solis
567 1338 811 1406 lunaique
841 1338 1272 1393 conventionem.
1312 1337 1448 1404 Quia
1476 1337 1621 1391 enim
1646 1336 1852 1391 lunaris
1881 1337 1988 1391 eir-

411 1429 562 1484 culus
600 1426 1083 1484 decennovennalis
1109 1438 1209 1493 est,
1255 1429 1449 1483 solaris
1489 1438 1669 1484 autem
1709 1430 1898 1497 viginti
1934 1437 1987 1483 et

410 1529 532 1574 octo
558 1519 846 1574 conﬁcitur
889 1520 1064 1583 annis,
1113 1519 1485 1590 multiplicatis
1527 1535 1627 1589 per
1661 1521 1984 1575 se.invicem

410 1612 690 1676 ambobus,
722 1627 929 1666 summa
962 1612 1375 1682 quingentorum
1416 1613 1520 1682 trig
1545 1619 1633 1666 nta
1663 1621 1716 1666 et
1757 1611 1986 1666 duorum

410 1704 683 1776 colligitur
711 1720 996 1760 annorum.
1027 1704 1143 1771 Qua
1175 1704 1388 1758 tandem
1417 1704 1691 1774 replicata,
1723 1714 1867 1758 totus
1893 1720 1982 1758 so-

2088 509 2320 563 ctionem
2350 512 2567 580 quaeris,
2601 523 2656 567 et
2702 513 2778 567 sic
2823 528 2992 568 annos
3028 514 3236 568 Domini
3283 516 3400 571 sine
3447 515 3554 570 ullo
3587 531 3669 569 er-

2093 615 2216 655 rore
2247 604 2505 670 reperies.
2855 630 2866 654 κ

2652 695 2880 751 CAPUT
2919 697 3099 752 LXIII.

2374 785 2509 851 Quot
2541 789 2641 841 sint
2670 790 2792 840 anni
2825 801 2856 840 α
2883 791 3120 859 passione
3147 790 3380 844 Domini.

2157 878 2302 933 DlSC.
2345 877 2485 944 Quot
2534 889 2658 933 sunt
2700 880 2823 932 anni
2877 895 2906 932 a
2941 881 3185 948 passione
3226 881 3481 936 Domini?
3526 882 3661 936 MAG.

2091 969 2425 1041 Septingenti
2447 972 2753 1042 octuaginta
2777 984 3001 1041 septem.
3028 974 3198 1029 Habet
3223 978 3385 1041 enim,
3412 977 3466 1030 ni
3490 975 3663 1043 fallor,

2090 1063 2343 1118 Ecclesiae
2385 1063 2518 1117 ﬁdes
2567 1064 2850 1118 Dominum
2892 1065 2945 1118 in
2977 1081 3139 1120 carne
3166 1068 3324 1136 paulo
3354 1069 3476 1137 plus
3505 1085 3666 1139 quam

2091 1154 2312 1222 triginta
2336 1161 2449 1208 tres
2479 1169 2648 1209 annos
2679 1170 2850 1223 usque
2890 1157 2954 1209 ad
2992 1173 3100 1212 sua:
3128 1164 3368 1227 tempora
3399 1160 3670 1227 passionis

2088 1244 2290 1299 vixisse
2316 1262 2328 1296 :
2355 1244 2480 1313 quia
2509 1244 2759 1299 videlicet
2799 1246 3018 1316 triginta
3069 1264 3333 1304 annorum
3373 1249 3537 1304 fuerit
3574 1251 3672 1306 ba-

2086 1334 2342 1402 ptizatus,
2388 1334 2528 1388 sicut
2569 1337 2900 1406 evangelista
2948 1337 3120 1393 Lucas
3162 1348 3411 1403 testatur,
3459 1350 3514 1394 et
3561 1351 3671 1396 tres

2091 1426 2255 1480 semis
2281 1440 2452 1478 annos
2485 1433 2606 1494 post
2633 1426 2897 1495 baptisma
2929 1429 3333 1496 praedicaverit,
3375 1432 3518 1485 sicut
3564 1446 3671 1485 non

2091 1517 2262 1572 solum
2306 1518 2359 1571 in
2404 1518 2698 1590 Evangelio
2732 1536 2830 1574 suo
2854 1520 3090 1577 Joannes
3130 1535 3553 1580 commemorato
3583 1543 3671 1580 re—

2091 1607 2306 1663 deuntis
2331 1606 2554 1663 Pascha:
2591 1619 2856 1679 tempore,
2900 1615 2994 1666 sed
3019 1625 3072 1666 et
3107 1614 3159 1667 in
3198 1614 3516 1686 Apocalypsi
3549 1633 3670 1680 sua,

2092 1697 2275 1751 Daniel
2324 1713 2541 1769 quoque
2591 1699 2642 1753 in
2697 1701 2808 1754 suis
2852 1703 3151 1758 visionibus
3188 1706 3503 1774 prophetice
3533 1708 3677 1762 desi-

410 1795 540 1851 laris
560 1795 871 1866 lunarisqne
893 1813 1145 1853 recursus
1172 1798 1304 1852 ordo
1334 1797 1386 1851 in
1413 1815 1469 1852 se
1496 1814 1590 1852 sua
1631 1813 1728 1866 per
1762 1798 1986 1868 vestigia
2020 1796 2065 1856 Β
2095 1798 2242 1857 κηθιο
2277 1788 2544 1854 Quoniam
2568 1791 2752 1861 ἱεῖῑυτν
2779 1801 2836 1846 ιη
2863 1808 3022 1863 supra
3055 1797 3492 1862 memOPaVimUS.
3517 1799 3674 1868 quin-

413 1887 726 1954 revolvitur,
753 1890 999 1943 eumdem
1028 1889 1513 1944 decennovennalis
1543 1889 1855 1958 lnnarisque
1890 1905 1984 1958 cy-

410 1973 478 2034 cli
512 1995 735 2046 annum,
762 1981 976 2036 easdem
1012 1990 1231 2049 epactas
1256 1981 1415 2046 lunm,
1463 1980 1590 2035 solis
1619 1994 1832 2051 quoque
1873 1979 1988 2034 dies

409 2079 816 2136 concurrentes,
864 2072 1108 2126 eamdem
1157 2079 1406 2140 quartam
1463 2072 1725 2127 decimam
1783 2072 1983 2137 lunam,

408 2161 654 2216 eumdem
678 2162 944 2216 Dominici
975 2163 1187 2232 paschae
1216 2163 1380 2228 diem,
1429 2178 1492 2219 ac
1517 2163 1698 2218 lunam
1728 2164 1893 2235 ipsius
1922 2179 1986 2218 ex

407 2252 597 2306 ordine
628 2253 938 2308 resdtuens.
979 2253 1130 2320 Quod
1161 2270 1289 2324 ergo
1338 2259 1574 2310 secundo
1602 2270 1743 2310 anno
1776 2255 1984 2320 circuli,

407 2361 566 2416 quem
591 2347 820 2415 primum
838 2346 1118 2416 Dionysius
1144 2347 1384 2415 scripsit,
1401 2347 1864 2418 quingentesimus
1892 2347 1990 2402 tri-

408 2438 646 2492 cesimus
690 2439 879 2492 tertius
918 2439 986 2492 ab
1021 2439 1395 2494 incarnatione
1436 2439 1646 2492 Domini
1691 2439 1987 2508 completus

408 2535 492 2597 est
516 2542 711 2592 annus,
754 2527 924 2582 series
948 2543 1211 2582 annorum
1240 2528 1453 2582 Domini
1501 2527 1833 2582 manifestat.
1870 2528 1987 2597 Ipse

407 2627 489 2674 est
519 2620 794 2686 nimirum,
829 2617 983 2688 juxta
1022 2634 1318 2675 concursus
1367 2619 1627 2685 siderum,
1678 2619 1767 2674 ille
1795 2619 1849 2673 in
1879 2635 1986 2688 quo

409 2713 896 2782 carnari‘dignatus
923 2719 1026 2766 est.
1043 2712 1176 2779 Quia
1195 2713 1283 2767 hic
1295 2712 1565 2767 secundus
1586 2726 1761 2765 annus
1786 2711 1984 2767 decen-

407 2807 614 2862 novalis
638 2815 867 2863 octavus
893 2809 1132 2863 decimus
1165 2816 1249 2863 est
1290 2807 1427 2879 cycli
1472 2808 1699 2873 lunaris,
1734 2807 1985 2862 undecim

408 2899 616 2953 habens
666 2907 908 2966 epactas,
948 2899 1184 2968 quinque
1235 2909 1620 2954 concurrentes
1674 2900 1988 2970 septimanae

407 2990 545 3054 dies,
581 2989 761 3043 lunam
789 2997 1034 3059 quartam
1061 2991 1344 3056 decimam,
1377 3007 1472 3046 vm
1511 2990 1733 3046 Kalend.
1762 2990 1983 3062 Aprilis.

408 3079 599 3136 Omnia
635 3089 762 3135 tunc
806 3079 955 3136 fuere
991 3081 1282 3136 simillima.
1331 3083 1398 3137 Et
1435 3083 1484 3138 si
1528 3091 1674 3138 esset
1715 3084 1805 3154 qui
1857 3095 1984 3140 tunc

2090 1881 2268 1950 gentis
2315 1881 2531 1951 triginta
2561 1883 2770 1938 duobus
2814 1886 2969 1941 annis
2996 1888 3231 1942 circulus
3267 1891 3538 1958 paschalis
3567 1893 3675 1946 cir-

2089 1972 2413 2041 cumagitur,
2445 1973 2527 2027 his
2547 1972 2681 2028 adde
2725 1976 2940 2046 triginta
2969 1986 3094 2043 tres,
3125 1981 3211 2035 vel
3243 1981 3419 2052 potius
3451 1984 3673 2055 triginta

2087 2077 2340 2138 quatuor,
2367 2077 2427 2122 ut
2454 2069 2602 2124 illum
2638 2071 2810 2141 ipsum
2843 2089 2948 2143 quo
2977 2090 3168 2144 passus
3189 2085 3271 2131 est
3305 2077 3565 2134 Dominus
3592 2093 3674 2134 at-

2087 2161 2296 2231 tingere
2324 2163 2498 2231 possis
2527 2178 2743 2228 annum,
2772 2162 2906 2218 ﬁunt
2935 2166 3211 2235 quingenti
3243 2169 3523 2239 sexaginta
3551 2187 3668 2226 sex.

2086 2254 2205 2324 Ipse
2238 2263 2319 2310 est
2360 2271 2490 2325 ergo
2522 2273 2694 2311 annus
2717 2257 3006 2312 Dominica:
3037 2259 3302 2329 passionis
3332 2271 3387 2314 et
3427 2276 3673 2317 resurre~

2089 2348 2330 2404 ctionisa
2361 2350 2608 2404 mortuis.
2639 2349 2772 2416 Quia
2807 2351 2948 2404 sicut
2976 2351 3434 2421 quingentesimus
3461 2353 3671 2408 tricesi-

2089 2457 2209 2495 mus
2238 2442 2428 2496 tertius
2468 2443 2662 2511 primo,
2698 2444 2769 2495 ita
2799 2444 3260 2514 quingentesimus
3298 2446 3669 2515 sexagesimus

2089 2541 2274 2587 sextus
2303 2533 2577 2587 tricesimo
2608 2541 2803 2603 quarto
2829 2549 2925 2602 per
2954 2536 3234 2592 universos
3276 2535 3403 2598 solis
3431 2546 3486 2591 et
3527 2537 3666 2592 lunae

2088 2623 2384 2678 concordat
2418 2622 2712 2679 discursus.
3321 2611 3331 2620 ’

2651 2720 2877 2776 CAPUT
2915 2720 3076 2777 LXIV

2287 2810 2388 2866 Ubi
2406 2813 2580 2883 passio
2610 2811 2818 2865 Domini
2845 2813 3072 2881 primum
3101 2812 3358 2866 celebrata
3379 2814 3468 2867 sit.

2163 2902 2308 2956 DISC.
2348 2901 2464 2968 Quo
2488 2917 2672 2956 mense
2701 2908 2755 2955 et
2779 2917 2884 2970 qua
2916 2901 3002 2957 die
3048 2903 3249 2956 mensis
3277 2902 3514 2958 creditur
3542 2918 3667 2959 cru-

2091 2991 2301 3057 ciﬁxus,
2347 3001 2402 3045 et
2444 2993 2536 3046 ubi
2581 2991 2909 3046 resurrectio
2953 2991 3070 3062 ejus
3114 2994 3347 3062 primum
3394 2995 3666 3050 celebrata

2093 3086 2214 3141 est?
2244 3085 2380 3142 MAG.
2416 3083 2527 3140 Hoc
2557 3093 2731 3138 autem
2773 3084 2986 3142 diverse
3014 3101 3042 3138 a
3072 3085 3320 3140 Patribus
3359 3087 3668 3141 nuntiatum

409 3172 616 3227 Pascha
638 3187 787 3228 more
822 3189 962 3228 nunc
986 3173 1243 3229 Ecclesiis
1266 3174 1465 3229 usitato
1491 3175 1577 3231 die
1595 3148 1879 3230 Dominico
1913 3176 1988 3230 fa-
2017 3148 2062 3212 δ
2095 3185 2198 3231 est.
2225 3175 2356 3230 Nam
2386 3176 2526 3245 quod
2552 3184 2742 3231 octavo
2767 3175 3129 3229 Kalendarum
3159 3174 3420 3245 Aprilium
3451 3177 3535 3231 die
3575 3191 3664 3230 re-

409 3273 576 3328 ceret,
610 3263 723 3332 ipsa
750 3264 1004 3318 nimirum
1029 3265 1163 3329 dies,
1201 3266 1470 3334 quomodo
1501 3267 1588 3322 hic
1616 3275 1858 3321 notatum
1881 3277 1983 3334 est,

410 3361 564 3406 sexto
594 3352 713 3407 Kal.
745 3353 944 3425 Aprilis
979 3356 1210 3436 veniret,
1241 3371 1305 3410 ac
1339 3356 1521 3410 lunam
1563 3358 1793 3413 haberet
1825 3374 1988 3428 quar-

415 3453 523 3497 tam
571 3445 856 3499 decimam.
895 3446 1134 3516 Denique
1166 3448 1452 3519 Dionysius
1499 3449 1614 3519 ipse
1660 3451 1817 3506 nobis
1849 3467 1986 3522 quo-

413 3535 538 3589 dam
590 3537 749 3592 modo
777 3538 938 3593 tacite
966 3553 1086 3608 qua:
1120 3540 1349 3595 dicimus
1380 3541 1433 3595 in
1480 3541 1822 3611 paschalibus
1868 3560 1989 3614 quae

409 3626 628 3695 scripsit
683 3629 1014 3696 argumentis
1052 3629 1314 3696 ostendit;
1356 3631 1446 3685 ubi
1498 3634 1566 3686 ad
1609 3633 1990 3688 inveniendum

415 3727 615 3788 quotus
655 3718 727 3772 sit
774 3733 950 3774 annus
987 3720 1176 3776 circuli
1224 3721 1732 3789 decennovennalis,
1775 3738 1990 3779 sumere

410 3824 581 3864 annos
602 3810 835 3874 Domini,
865 3818 919 3864 et
945 3811 1254 3881 priusquam
1279 3813 1378 3867 hos
1394 3827 1490 3881 per
1513 3813 1696 3868 decem
1718 3821 1774 3868 et
1795 3829 1987 3870 novem

410 3902 733 3969 partiamur,
757 3918 920 3955 unum
964 3903 1218 3972 praecepit
1262 3902 1516 3972 adjicere,
1557 3904 1870 3976 signiﬁcans
1898 3906 1988 3961 illo

413 3991 691 4046 iuearnato
719 4008 884 4046 unum
913 3992 1102 4048 circuli
1144 3994 1628 4052 decennovennalis
1653 4011 1852 4052 annum
1874 3997 1988 4067 jam

411 4082 578 4152 fuisse
614 4084 958 4154 completum.
989 4086 1131 4140 DISC.
1158 4084 1297 4153 Quot
1317 4095 1446 4142 sunt
1471 4089 1598 4142 anni
1627 4089 1711 4159 _ab
1733 4091 1987 4145 incarna-

413 4175 560 4228 tione
588 4174 798 4230 Domini
838 4177 892 4230 in
937 4178 1190 4246 praesenti
1229 4177 1486 4234 edissere.
1525 4179 1665 4236 MAG.
1694 4180 1987 4253 Octinginti

414 4267 623 4336 viginti.
1026 4282 1035 4295 ·
1332 4296 1340 4305 -

987 4360 1214 4418 CAPUT
1252 4362 1407 4417 LXII.

542 4452 914 4523 Argumentum
938 4453 1007 4508 ad
1039 4454 1402 4508 inveniendum
1428 4471 1592 4509 annos
1613 4455 1846 4509 Domini.

481 4544 626 4598 DISC.
669 4542 842 4597 Proba
879 4558 1007 4613 ergo
1037 4554 1353 4615 argumento
1380 4546 1525 4616 quod
1556 4547 1709 4601 dicis.
1750 4545 1890 4602 MAG.
1925 4545 1983 4601 Si

410 4635 491 4689 vis
512 4635 654 4689 scire
713 4643 844 4703 quot
889 4643 1015 4688 sunt
1051 4637 1175 4690 anni
1216 4637 1284 4691 ab
1328 4637 1700 4692 incarnatione
1751 4638 1982 4702 Domini,

409 4740 589 4797 quaere
610 4742 706 4796 per
735 4726 967 4781 circulos
991 4727 1358 4794 indictionem,
1388 4730 1479 4798 qui
1513 4738 1631 4786 oost
1659 4730 1987 4785 incarnatio-

410 4833 534 4872 nem
563 4816 677 4885 ejus
711 4818 963 4888 completi
995 4826 1138 4871 sunt.
1166 4816 1426 4887 Computa
1466 4835 1595 4888 ergo
1631 4820 1984 4892 quinquagies

411 4918 466 4963 et
503 4917 585 4962 ter
609 4910 938 4985 quindecim,
981 4908 1118 4963 ﬁunt
1147 4921 1377 4964 nccxcn.
1416 4911 1566 4965 Adde
1592 4913 1872 4968 duodecim
1901 4929 1986 4968 re-

411 4998 645 5068 gulares,
687 4999 812 5066 quia
847 5001 1060 5067 quando
1099 4999 1414 5055 iucarnatio
1444 5000 1657 5055 Domini
1702 5000 1842 5056 facta
1879 5011 1979 5068 est,

412 5089 691 5144 duodecim
723 5088 851 5141 anni
897 5090 962 5143 de
1007 5089 1096 5144 illo
1141 5089 1345 5145 circulo
1382 5089 1736 5145 indictionum
1790 5092 1843 5145 in
1880 5107 1986 5162 quo

411 5179 672 5234 Dominus
705 5186 958 5233 carnatus
987 5179 1072 5232 est
1105 5189 1496 5234 remanserunt.
1537 5180 1829 5235 Duodecim
1857 5197 1986 5252 ergo

411 5271 608 5326 additis
634 5269 702 5324 ad
741 5269 1059 5340 priedictum
1107 5285 1408 5336 numerum,
1462 5270 1602 5325 ﬁunt
1648 5272 1901 5342 nongenti
1933 5281 1988 5326 et

410 5371 641 5432 septem.
685 5360 767 5414 Ad
810 5359 1161 5414 indictionem
1211 5375 1587 5432 quamcunque
1634 5360 1888 5427 volueris,
1930 5371 1989 5416 ut

409 5465 538 5528 puta
575 5457 855 5526 praesentis
894 5456 1021 5510 anni
1065 5456 1277 5510 tertiam
1316 5458 1582 5512 decimam
1616 5458 1983 5522 indictionem,

411 5552 548 5605 ﬁunt
570 5564 793 5605 ncccxx.
820 5549 926 5604 Iste
939 5559 1022 5605 est
1047 5563 1304 5603 numerus
1325 5563 1590 5604 annorum
1612 5550 1823 5604 Domini
1846 5565 1986 5604 anno

412 5644 686 5715 presenti.
710 5641 843 5698 Cum
866 5652 1043 5698 autem
1066 5642 1134 5697 ad
1158 5641 1543 5712 plenitudinem
1567 5643 1773 5709 circuli,
1804 5643 1855 5698 id
1879 5653 1984 5708 est,

415 5737 482 5790 ad
511 5735 750 5805 quintam
778 5736 1042 5794 decimam
1065 5735 1430 5802 indictionem,
1461 5737 1794 5807 perveneris,
1820 5754 1983 5795 unum

2088 3267 2341 3331 surrexit,
2389 3267 2678 3321 multorum
2723 3267 2829 3322 late
2860 3267 3140 3321 doctorum
3175 3267 3666 3322 ecclesiasticorum

2089 3368 2300 3415 constat
2349 3359 2614 3413 sententia
2658 3358 2954 3439 vulgatum,
2984 3369 3043 3411 ut
3076 3359 3266 3413 beatus
3307 3358 3667 3431 Hieronymus

2091 3453 2146 3507 in
2187 3451 2564 3522 Martyrologio
2608 3458 2837 3506 testatur
2873 3450 3094 3507 dicens:
3124 3469 3142 3501 ‹
3171 3466 3267 3505 vm
3303 3450 3418 3504 Kal.
3467 3451 3669 3520 Aprilis

2090 3541 2455 3613 Hierosolyma
2499 3540 2755 3595 Dominus
2801 3539 3091 3595 cruciﬁxus
3131 3548 3233 3594 est.
3268 3559 3286 3592 ι
3337 3540 3402 3594 Et
3453 3557 3505 3595 vr
3546 3540 3663 3594 Kal.

2090 3630 2336 3702 Aprilis:
2385 3648 2403 3681 ι
2439 3630 2807 3701 Hierosolyma
2855 3631 3182 3685 resurrectio
3232 3631 3446 3685 Domini
3494 3632 3662 3686 nostri

2089 3721 2215 3778 Jesu
2256 3721 2455 3777 Christi
2499 3721 2766 3776 celebrata
2808 3728 2909 3775 est.
2948 3741 2966 3771 ι
3000 3719 3331 3790 Augustinus
3366 3735 3579 3790 quoque
3614 3721 3665 3775 in

2091 3817 2227 3872 libro
2255 3816 2322 3871 de
2358 3825 2544 3871 sancta
2573 3813 2840 3868 Trinitate
2867 3823 3060 3884 quarto
3087 3815 3161 3867 ita
3209 3813 3377 3868 dicit:
3414 3831 3434 3864 ‹
3463 3813 3666 3869 Octavo

2091 3908 2236 3963 enim
2276 3907 2393 3961 Kal.
2422 3905 2630 3976 Aprilis
2661 3913 2956 3980 conceptus.
2996 3904 3252 3971 creditur,
3302 3918 3410 3973 quo
3453 3911 3509 3959 et
3538 3919 3666 3973 pas-

2044 4032 2046 4034 τ
2072 4014 2204 4053 sus.
2236 3998 2313 4051 lta
2334 4004 2689 4051 monumento
2715 4010 2854 4049 novo
2881 4009 2986 4063 quo
3024 3993 3264 4064 sepultus
3294 4002 3395 4059 est,
3432 3994 3525 4048 ubi
3553 3994 3670 4048 nul-

2090 4093 2175 4147 lus
2219 4099 2335 4145 erat
2371 4091 2579 4160 poSitus
2622 4096 2979 4152 mortuorum,
3013 4103 3112 4142 nec
3156 4095 3282 4142 ante
3321 4101 3422 4141 nec
3457 4095 3665 4156 postea,

2092 4185 2339 4253 congruit
2374 4191 2561 4238 uterus
2603 4180 2849 4250 virginis,
2899 4179 2990 4233 ubi
3029 4178 3205 4234 nullus
3252 4179 3547 4233 seminatus
3578 4175 3662 4233 est

2090 4274 2416 4330 mortalium.
2460 4292 2480 4324 ›
2539 4271 2610 4326 At
2654 4279 2842 4326 contra
2899 4269 3225 4339 TheOpbilus
3273 4267 3664 4337 Ctesariensis,

2091 4366 2341 4434 antiquus
2378 4363 2625 4418 videlicet
2670 4361 2983 4431 vicinusque
3020 4360 3436 4428 apostolicorum
3469 4371 3670 4419 temne-

2091 4473 2212 4512 rum
2241 4459 2449 4522 doctor,
2475 4456 2527 4509 in
2562 4453 2787 4524 epistola
2814 4454 3069 4523 synodica
3105 4466 3265 4521 quam
3293 4449 3553 4506 adversus
3575 4467 3668 4509 eos

2088 4547 2177 4616 qui
2209 4554 2402 4616 quarta
2429 4546 2635 4600 decima
2674 4543 2797 4597 luna
2826 4557 2947 4596 cum
2974 4542 3171 4597 Iudaeis
3193 4541 3396 4595 Pascha
3428 4542 3669 4597 celebra-

2088 4639 2250 4702 bant,
2279 4652 2384 4691 una
2415 4651 2536 4691 cum
2567 4634 2775 4690 exteris
2805 4633 3100 4687 Palaestinae
3123 4632 3388 4702 episcopis
3426 4634 3666 4704 scripsit,

2088 4731 2161 4786 ita
2189 4729 2352 4784 dicit:
2383 4747 2400 4778 ‹
2431 4728 2498 4780 Et
2530 4727 2750 4795 impium
2797 4739 2903 4779 non
2931 4732 3017 4778 est
3042 4732 3122 4776 'ut
3159 4723 3340 4792 passio
3377 4723 3664 4778 Dominica

2087 4830 2297 4876 tantum
2324 4818 2645 4874 sacramenti
2693 4817 3007 4887 mysterium
3035 4815 3441 4881 foraslimitem
3475 4816 3666 4871 exclu-

2090 4913 2264 4967 datur.
2304 4911 2502 4966 Passus
2545 4923 2780 4978 namque
2823 4908 3080 4962 Dominus
3111 4908 3177 4962 ab
3221 4907 3506 4961 undecimo
3546 4906 3666 4960 Kal.

2091 5002 2309 5072 Aprilis,
2339 5017 2442 5070 qua
2474 5008 2628 5055 nocte
2657 4997 2855 5053 Judmis
2881 5008 2964 5053 est
3003 4999 3254 5062 traditus,
3285 5007 3342 5052 et
3374 4999 3443 5052 ab
3470 5007 3670 5052 octavo

2093 5091 2210 5144 Kal.
2234 5091 2432 5161 Aprilis
2456 5090 2768 5144 resurrexit.
2800 5087 3080 5155 Quomodo
3105 5097 3214 5143 tres
3244 5089 3358 5142 dies
3383 5087 3527 5143 foras
3552 5098 3670 5143 ter-

2093 5183 2297 5237 minum
2343 5179 2724 5236 excludentur?
2755 5198 2774 5230 ›
2817 5177 3288 5249 Constitutumque
3333 5188 3416 5234 est
3465 5182 3518 5234 in
3574 5181 3669 5235 illa

2093 5275 2296 5347 synodo
2328 5284 2387 5327 ut
2411 5275 2478 5327 ab
2503 5272 2785 5326 undecimo
2815 5270 2930 5325 Kal.
2964 5270 3133 5341 April.
3167 5287 3336 5341 usque
3358 5274 3412 5326 in
3445 5276 3670 5329 undeci—

2094 5382 2239 5421 mum
2269 5365 2384 5419 Kal.
2415 5364 2536 5417 Maii
2563 5364 2767 5418 Pascha
2799 5364 2990 5419 debeat
3027 5365 3324 5419 observari.
3370 5364 3436 5428 Et
3478 5365 3532 5419 in
3571 5381 3672 5420 eo—

2093 5461 2212 5515 dem
2241 5458 2378 5513 libro
2400 5458 2645 5527 superius
2672 5456 2931 5526 scriptum
2971 5468 3088 5512 est:
3122 5476 3142 5508 ‹
3175 5456 3311 5510 Nam
3339 5455 3500 5522 Galli,
3529 5472 3670 5526 qua-

2092 5569 2303 5624 cunque
2326 5553 2412 5607 die
2437 5562 2627 5607 octavo
2657 5551 2775 5606 Kal.
2826 5551 3028 5621 Aprilis
3058 5549 3246 5605 fuisset
3271 5551 3486 5620 quando
3505 5549 3670 5604 Chri-

2093 5648 2160 5701 sti
2185 5646 2510 5700 resurrectio
2539 5644 2703 5699 fuisse
2731 5644 3062 5709 tradebatur,
3093 5641 3296 5697 Pascha
3330 5656 3544 5712 semper
3573 5654 3668 5696 ee-

2093 5735 2388 5793 lcbrabant.
2425 5755 2441 5786 ι
2477 5735 2540 5790 Εῑ
2576 5735 2694 5790 ideo
2725 5733 2942 5790 circulis
2980 5733 3125 5789 beati
3154 5732 3390 5802 Dionysii
3431 5732 3664 5803 apertis,
