3948 6318
297 285 398 340 ’λδ

1599 281 1793 336 LIBER
1837 282 1921 336 DE
1959 280 2225 337 COMPUI
2239 279 2300 334 0.

3433 286 3534 342 706

297 405 342 458 si
371 399 855 472 quingentesimum
900 401 1292 471 sexagesimum
1329 404 1539 453 sextum
1585 395 1652 450 ab
1689 396 1862 450 incar-
1889 404 1938 462 Α
1966 411 2058 450 sus
2082 394 2403 448 indictiones
2432 405 2551 447 esse
2581 393 2841 448 conditas.
2881 393 3142 465 Incipiunt
3165 406 3345 452 autem
3385 399 3527 454 indi-

295 496 516 550 natione
556 492 764 548 Domini
813 493 1125 563 contingens
1162 507 1380 554 annum,
1429 498 1675 559 quartam
1722 489 1863 544 deci-

296 602 441 640 mam
465 587 641 638 lunam
671 585 721 637 in
758 599 841 649 eo,
879 595 1067 640 octavo
1098 585 1213 639 Kal.
1251 583 1467 652 Aprilis,
1494 582 1678 651 quinta
1707 581 1859 647 feria,

299 677 584 747 repereris,
628 684 683 730 et
728 676 866 730 diem
901 677 1120 732 Pascha:
1171 675 1506 730 Dominicum
1542 683 1693 729 sexto
1742 675 1857 728 Kal.

294 767 519 836 Aprilis,
552 767 674 820 luna
719 768 940 836 septima
983 768 1208 828 decima,
1231 780 1328 834 age
1358 765 1468 817 Deo
1509 765 1709 834 gratias
1736 765 1860 834 quia

296 856 438 926 quod
467 857 768 926 qumrebas.
799 857 935 912 sicut
973 860 1084 928 ipse
1113 857 1382 928 promisit,
1418 864 1469 911 te
1501 858 1740 912 invenire
1768 859 1862 913 do-

296 947 463 1002 navit.
510 947 640 1002 Nam
677 951 816 1018 quod
847 950 1102 1004 Dominus
1119 950 1302 1018 quinta
1334 948 1540 1004 decima
1574 949 1697 1004 luna
1725 950 1860 1005 feria

295 1046 445 1092 sexta
471 1054 686 1093 crucem
709 1041 1032 1104 ascenderit,
1063 1049 1118 1094 et
1144 1055 1248 1094 una
1281 1041 1648 1104 sabbatorum,
1678 1041 1728 1096 id
1756 1051 1856 1108 est,

295 1126 382 1181 die
407 1128 701 1194 Dominica,
734 1132 1089 1186 resurrcxerit
1119 1147 1148 1184 a
1173 1131 1416 1194 mortuis,
1447 1131 1576 1184 nulli
1617 1132 1740 1185 licet
1770 1133 1861 1186 du-

296 1216 469 1271 bitare
512 1221 796 1286 catholico,
855 1236 923 1274 ne
978 1220 1101 1290 legi,
1153 1235 1270 1289 quae
1316 1217 1510 1290 agnum
1551 1220 1859 1289 paschalem

293 1318 483 1376 quarta
509 1311 715 1365 decima
743 1312 826 1365 die
854 1311 1009 1380 primi
1044 1310 1242 1364 mensis
1266 1310 1334 1363 ad
1362 1325 1642 1379 vesperam
1673 1310 1861 1364 immo-

292 1404 390 1458 lari
423 1405 694 1474 praecepit,
732 1404 933 1474 pariter
974 1410 1029 1457 et
1067 1402 1372 1473 Evangelio,
1407 1402 1548 1472 quod
1575 1401 1858 1457 Dominum

291 1509 353 1548 ea
379 1496 477 1548 lem
514 1509 735 1565 vespera
769 1502 972 1548 tentum
1002 1490 1220 1558 ludatis,
1251 1501 1305 1547 et
1341 1507 1494 1547 mane
1537 1501 1688 1548 sexta
1726 1491 1861 1547 feria

291 1586 632 1650 crucitixum,
660 1600 724 1641 ac
760 1584 1020 1654 sepultum
1048 1585 1216 1654 prima
1253 1584 1462 1639 sabbati
1499 1585 1862 1640 resurrexisse

198 1724 202 1728 .
290 1677 555 1746 perbibet,
595 1676 839 1730 videatur
865 1675 1186 1741 incredulus.
1218 1674 1310 1729 Sin
1346 1691 1475 1730 vero
1501 1691 1700 1729 annum
1723 1690 1860 1745 qua-

1963 486 2172 540 ctiones
2198 484 2266 538 ab
2307 491 2498 538 octavo
2538 481 2656 538 Kal.
2699 481 2970 549 Octobris,
3005 485 3307 556 ibidemque
3338 489 3526 542 termi-

1961 586 2158 632 nantur

2506 644 2732 701 CAPUT
2770 646 2971 701 LXVII.

2308 739 2674 809 Argumentum
2704 739 2768 798 de
2806 738 3192 794 indictionibus.

2032 831 2176 886 DlSC.
2233 830 2620 900 Argumentum
2670 839 2846 883 autem
2885 830 2951 882 ad
3004 830 3350 886 inveniendas
3387 833 3530 903 ipsas

1961 922 2284 977 indictiones
2331 922 2449 975 volo
2480 930 2537 975 ut
2568 921 2695 975 mihi
2728 936 3032 990 componas.
3073 921 3211 978 MAG.
3246 923 3300 977 Si
3351 936 3526 978 autem

1890 1043 1896 1049 -
1961 1015 2094 1069 velis
2122 1023 2436 1084 argumento
2467 1027 2790 1083 cognoscere
2815 1022 2977 1082 quota
3016 1015 3085 1068 sit
3111 1015 3351 1081 indictio,
3378 1031 3531 1070 sume

1961 1123 2133 1163 annos
2163 1107 2373 1161 Domini
2401 1114 2742 1176 quotcunque
2770 1104 2990 1170 fuerint,
3019 1117 3078 1160 ut
3122 1117 3246 1174 puta
3297 1108 3350 1160 in
3396 1123 3531 1177 pne-

1961 1200 2102 1254 senti
2151 1213 2373 1253 ncccxx.
2406 1197 2556 1251 Adde
2585 1195 2859 1267 regulares
2891 1203 3018 1260 tres,
3049 1197 3176 1266 quia
3205 1198 3419 1264 quando
3454 1202 3530 1251 in-

1960 1293 2200 1347 carnatio
2237 1291 2445 1346 Domini
2489 1289 2627 1343 facta
2660 1297 2764 1352 est,
2810 1298 2920 1342 tres
2951 1289 3076 1341 anni
3108 1288 3175 1344 de
3215 1288 3306 1342 illo
3333 1290 3532 1343 circulo

1963 1383 2309 1437 indictionum
2331 1381 2421 1450 qui
2451 1387 2578 1434 tunc
2599 1379 2699 1433 fuit
2717 1389 3129 1449 praecesserunt.
3152 1377 3358 1445 Quibus
3384 1381 3506 1433 addi

1964 1472 2032 1526 tis
2061 1473 2126 1526 ad
2153 1473 2384 1543 priorem
2416 1485 2717 1532 numerum,
2745 1469 2875 1523 fiunt
2899 1469 3056 1523 simul
3086 1470 3212 1523 anni
3244 1485 3528 1525 ncccxxm.

1964 1562 2073 1619 llos
2123 1563 2298 1617 divide
2351 1575 2448 1631 per
2495 1561 2821 1630 quindecim.
2879 1560 3173 1628 Quinquies
3232 1570 3286 1614 et
3339 1570 3532 1629 quater

1964 1654 2215 1724 quindeni
2245 1652 2444 1727 faciunt
2476 1667 2661 1714 ncccx,
2696 1661 2749 1705 et
2776 1661 3055 1705 remanent
3087 1651 3366 1704 tredecim.
3397 1649 3528 1704 Ter-

291 1766 395 1820 lem
432 1767 711 1836 quaerebas
758 1765 811 1818 in
858 1764 976 1819 loco
999 1780 1157 1834 quem
1191 1765 1414 1834 putabas
1459 1750 1703 1819 invenire
1741 1744 1861 1818 non
1891 1758 1938 1816 B
1969 1747 2041 1801 lia
2073 1745 2278 1800 deCima
2309 1753 2390 1799 εει
2422 1744 2644 1798 indidit)
2686 1757 2829 1796 ³ηηο
2863 1752 3146 1810 Praesente-

291 1857 516 1926 poteris,
560 1855 645 1908 vel
675 1855 1200 1925 chronOgraphorum
1250 1854 1484 1920 incuriae,
1517 1854 1602 1908 vel
1634 1863 1738 1908 tuae
1767 1869 1869 1924 po-

292 1947 399 2001 tius
422 1946 661 2001 tarditati
696 1945 904 2015 culpam
948 1946 1181 2011 ascribe,
1208 1954 1413 1999 tantum
1451 1945 1861 2014 diligentissime

290 2052 487 2093 cavens
517 2051 582 2091 ne
607 2037 991 2092 Chronicorum
1032 2038 1228 2108 scripta
1258 2038 1600 2103 defensando,
1635 2037 1860 2093 inteme-

291 2129 462 2183 rabile
482 2129 616 2200 legis
641 2128 725 2182 vel
750 2127 1020 2199 Evangelii
1046 2128 1407 2184 testimonium
1435 2128 1665 2183 videaris
1686 2127 1858 2197 impu-

290 2235 476 2290 gnare.

865 2306 1091 2364 CAPUT
1130 2307 1289 2361 LXV.

292 2421 556 2500 Numerus
595 2440 851 2478 annorum
890 2427 954 2476 ab
978 2425 1124 2546 ivrgia
1168 2423 1348 2505 mundi
1368 2439 1527 2494 usque
1562 2422 1616 2476 in
1659 2420 1856 2477 adven-

878 2506 987 2546 tum
1075 2511 1255 2546 omam.
1684 2504 1689 2509 ‘

878 2506 987 2547 tum
1026 2504 1255 2547 Uomtm.
1684 2504 1689 2509 ‘

358 2607 504 2662 DISC.
546 2607 687 2672 Quot
712 2616 834 2662 sunt
859 2609 986 2662 anni
1011 2607 1076 2661 ab
1105 2608 1259 2662 initio
1285 2607 1467 2662 mundi
1491 2621 1658 2676 usque
1682 2608 1736 2661 in
1762 2607 1850 2661 ad-

286 2704 508 2748 ventum
540 2696 740 2751 Christi
767 2697 790 2748 ?
817 2696 954 2751 MAG.
1006 2694 1311 2750 Secundum
1355 2697 1670 2752 Hebraicam
1717 2701 1857 2754 veri-

289 2794 455 2840 tatem
487 2788 612 2841 anni
635 2787 696 2842 ﬁt
723 2805 1021 2856 nccccuu;
1052 2792 1341 2844 secundum
1362 2806 1490 2846 vero
1512 2790 1856 2861 Septuaginta

285 2873 612 2946 Interpretes
657 2879 782 2932 anni
816 2880 846 2928 i"
875 2895 1051 2935 cxcrx.
1095 2879 1426 2951 Colliguntur
1463 2889 1640 2934 autem
1669 2897 1857 2936 omnes

285 2970 414 3025 anni
444 2986 474 3024 a
501 2971 774 3026 creatione
814 2972 972 3041 primi
1017 2973 1250 3028 hominis
1271 2987 1444 3043 usque
1474 2975 1527 3027 in
1570 2975 1856 3043 septimum

284 3075 488 3114 annum
519 3061 773 3116 Ludovici
804 3061 1165 3131 imperatoris,
1206 3064 1497 3117 secundum
1529 3062 1850 3118 Hebraicam

283 3151 591 3215 veritatem,
641 3153 707 3204 ﬁ
740 3136 1368 3219 nccuxvu,'secundum
1416 3151 1765 3226 Septuaginta
1795 3171 1846 3209 γι

284 3241 474 3297 decem
502 3252 556 3298 et
585 3258 795 3299 novem.
1627 3263 1632 3268 ·

851 3360 981 3416 CAP
991 3361 1077 3418 UT
1116 3361 1296 3416 LXVI.

817 3474 894 3528 De
936 3457 1329 3530 indictionibus.

361 3590 500 3646 ὓπερ.
544 3589 682 3658 Quid
721 3590 774 3644 in
815 3592 1052 3647 secundo
1098 3590 1310 3644 tramite
1349 3588 1535 3644 circuli
1585 3589 1853 3642 decenno-

287 3681 531 3736 vennalis
561 3681 901 3736 continetur?
923 3675 1060 3735 Mne.
1085 3679 1408 3735 Indictiones
1434 3679 1737 3748 quindecim
1763 3695 1858 3732 an-

283 3771 481 3824 norum
505 3771 734 3824 circuitu
762 3769 812 3823 in
841 3785 935 3823 sua
961 3785 1172 3838 semper
1192 3769 1414 3839 vestigia
1443 3769 1683 3822 reduces.
1711 3769 1853 3822 Disc.

289 3859 442 3918 Unde
468 3877 598 3916 vero
627 3862 709 3915 hae
733 3860 988 3930 primum"
1011 3861 1350 3926 iudictiones,
1376 3868 1428 3913 et
1473 3869 1692 3929 propter
1729 3859 1857 3928 quid

284 3954 546 4009 ordinata:
578 3953 737 4007 sunt?
767 3949 903 4006 MAG.
931 3952 1164 4021 Antiqua
1208 3968 1335 4021 ergo
1371 3952 1735 4008 Romanorum
1775 3953 1856 4006 in-

284 4044 492 4098 dustria
541 4041 903 4110 comperimus
965 4056 1056 4095 eas
1127 4040 1193 4094 ad
1257 4041 1555 4103 cavendum
1612 4055 1852 4095 errorem

284 4135 376 4205 qui
410 4135 476 4188 de
519 4133 851 4203 temporibus
893 4131 1030 4187 forte
1069 4131 1271 4187 oboriri
1307 4139 1516 4202 poterat
1557 4132 1852 4199 institutas.

286 4226 422 4279 Dum
461 4225 632 4287 enim,
673 4223 820 4278 verbi
852 4223 1045 4294 gratia,
1081 4222 1308 4292 quilibet
1353 4223 1644 4291 imperator
1680 4222 1854 4276 medio

286 4315 413 4370 anni
441 4323 680 4384 tempore
711 4313 819 4367 vita
850 4313 934 4367 vel
968 4329 1136 4384 regno
1161 4314 1464 4378 decederet,
1495 4322 1704 4383 poterat
1732 4327 1854 4368 eve-

285 4409 404 4461 nire
436 4417 494 4462 ut
521 4407 769 4461 eumdem
797 4421 994 4461 annum
1026 4421 1162 4460 unus
1187 4406 1472 4459 historicus
1495 4404 1732 4475 ejusdem
1763 4419 1850 4458 re-

208 4525 224 4545 ί
286 4502 370 4571 gis
400 4501 694 4555 ascriberet
732 4499 1080 4568 temporibus,
1113 4513 1177 4553 eo
1201 4498 1343 4568 quod
1379 4496 1494 4566 ejus
1535 4505 1744 4566 partem
1772 4511 1854 4550 re-

286 4598 513 4658 gnaret;
548 4590 685 4642 alter
709 4603 836 4642 vero
876 4589 1176 4648 historicus,
1194 4586 1431 4657 ejusdem
1458 4587 1756 4642 successori
1786 4585 1850 4640 il—

286 4681 392 4736 lius
433 4683 608 4752 potius
650 4681 716 4736 ad
760 4680 1080 4735 titulandum
1113 4690 1342 4750 putaret,
1375 4695 1440 4734 eo
1477 4679 1620 4748 quod
1664 4689 1718 4733 et
1764 4678 1851 4734 hic

285 4786 494 4846 partem
521 4789 671 4843 mque
700 4773 816 4842 eius
860 4774 1084 4827 haberet
1130 4771 1182 4825 in
1213 4787 1395 4842 regno.
1434 4769 1634 4824 Verum
1663 4785 1730 4825 ne
1757 4784 1854 4838 per

288 4866 594 4936 hujusmodi
632 4866 1021 4922 dissonantiam
1046 4879 1198 4919 error
1235 4863 1566 4933 temporibus
1596 4861 1854 4915 inolesce-

287 4971 393 5028 ret,
434 4969 739 5016 statuerunt
762 4959 1097 5024 iudictiones,
1127 4958 1320 5028 quibus
1335 4964 1567 5024 uterque
1600 4954 1851 5023 scriptor,

289 5053 398 5106 imo
419 5055 578 5107 etiam
610 5052 797 5123 vulgus
819 5066 1000 5116 omne,
1028 5059 1326 5118 temporum
1353 5061 1570 5102 cursum
1600 5043 1854 5098 facillime

289 5151 666 5208 cOnservaret;
699 5157 834 5211 quas
879 5157 978 5212 pro
1025 5141 1282 5195 facilitate
1307 5153 1520 5207 quoque
1555 5135 1853 5190 calculandi

288 5231 594 5301 quindecim
626 5247 746 5286 esse
777 5231 1076 5294 voluerunt,
1116 5240 1176 5283 ut
1205 5228 1519 5297 planissimo
1543 5238 1769 5279 numero
1799 5232 1853 5278 et

288 5321 354 5375 ad
381 5320 838 5390 multiplicandum
870 5319 1266 5390 promptissimo
1290 5313 1718 5383 compendiosius
1750 5319 1854 5365 tra-

288 5415 418 5470 ctati
468 5415 723 5482 temporis
757 5422 934 5467 status
982 5415 1034 5466 in
1077 5412 1388 5467 memoriam
1429 5408 1595 5478 possit
1639 5405 1848 5460 reduci.

289 5503 517 5571 Quidam
563 5511 740 5557 autem
783 5511 970 5572 putant
994 5503 1117 5570 quia
1159 5499 1426 5570 quondam
1470 5497 1523 5550 in
1553 5494 1849 5564 republica,

291 5601 508 5664 propter
543 5607 762 5646 censum
793 5593 979 5660 quinto
1011 5607 1151 5646 anno
1181 5597 1477 5660 peractum,
1517 5586 1646 5640 urbs
1681 5584 1849 5639 Roma

294 5685 643 5746 lustrabatur,
677 5683 741 5737 ad
771 5683 1057 5737 indiculum
1087 5690 1251 5737 terna:
1280 5678 1610 5734 lustrationis
1638 5687 1689 5730 ct
1715 5694 1844 5733 cen-

2491 1857 2714 1913 CAPUT
2756 1856 2979 1913 LXVIII.

2420 1950 2495 2004 De
2518 1951 2718 2022 epactis
2757 1950 3048 2004 lunaribus.

2028 2045 2172 2100 DISC.
2203 2043 2280 2100 De
2308 2043 2512 2114 epactis
2560 2057 2687 2111 ergo
2733 2040 3009 2095 lunaribus
3044 2039 3157 2108 jam
3182 2054 3345 2104 nunc,
3381 2054 3528 2103 reor,

1959 2146 2169 2207 tempus
2195 2137 2347 2191 adest
2374 2144 2431 2190 ut
2470 2136 2636 2192 dicas.
2669 2134 2804 2189 MAG.
2836 2134 2931 2188 Est
2962 2134 3166 2203 utique,
3221 2133 3342 2202 quia
3376 2134 3529 2186 tertia

1956 2227 2168 2302 prmfati
2199 2227 2385 2282 circuli
2417 2225 2554 2282 linea
2597 2225 2836 2281 continet
2874 2235 3090 2295 epactas
3136 2224 3371 2284 lunares.
3413 2239 3531 2292 qua:

1959 2322 2027 2376 ad
2055 2337 2270 2376 cursum
2299 2321 2428 2377 solis
2457 2321 2733 2375 annuatim
2761 2320 2988 2373 undenis
3003 2320 3189 2373 diebus
3219 2332 3529 2374 accrescere

1957 2412 2150 2469 solent.
2182 2412 2310 2468 Inde
2341 2414 2534 2483 quippe
2569 2419 2769 2482 epacta:
2798 2409 2984 2465 Grmco
3014 2409 3302 2474 vocabulo,
3350 2410 3404 2465 id
3425 2418 3526 2472 est,

1957 2508 2302 2579 adjectiones,
2361 2514 2486 2560 sunt
2530 2505 2710 2569 dicta),
2758 2504 2898 2573 quod
2950 2519 3047 2573 per
3080 2517 3249 2556 annos
3293 2504 3529 2574 singulo.

1955 2598 2202 2652 undecim
2261 2597 2500 2660 dierum,
2550 2604 2608 2649 ut
2648 2595 2880 2649 diximus
2909 2636 2925 2662 ,
2979 2595 3385 2648 accumulentur
3431 2613 3525 2648 au-

1955 2697 2210 2758 gmento;
2256 2685 2340 2740 vel
2364 2695 2512 2741 certe
2547 2686 2673 2755 quia
2717 2684 2782 2737 ad
2825 2685 3175 2739 inveniendus
3204 2694 3380 2753 quota:
3407 2697 3529 2740 sunt

1957 2778 2094 2831 luna:
2138 2777 2499 2832 Kalendarum
2544 2775 2820 2830 duodecim
2855 2791 2951 2846 per
3007 2785 3176 2831 totum
3209 2777 3529 2848 adjiciuntur
3609 2778 3625 2795 ‘

1955 2883 2175 2922 annum.
2240 2867 2306 2921 Et
2380 2866 2595 2936 quidem
2661 2881 2756 2936 per
2826 2875 2995 2920 totum
3071 2868 3197 2921 anni
3270 2869 3525 2923 vertentis

1955 2951 2141 3012 orbem
2193 2972 2318 3012 suas
2373 2971 2600 3027 qumque
2648 2958 2762 3011 dies
2806 2958 2967 3012 habet
3015 2958 3342 3027 adjectiones
3376 2960 3526 3013 luna-

1956 3065 2044 3105 res
2093 3050 2358 3105 undecim.
2425 3049 2582 3115 Nam,
2627 3049 2773 3104 verbi
2830 3051 3024 3121 gratia,
3079 3051 3124 3105 si
3179 3051 3358 3116 hodie,
3404 3067 3524 3106 cum

1956 3148 2155 3214 scribo,
2193 3146 2247 3202 in
2279 3147 2562 3202 undecimo
2590 3145 2708 3200 Kal.
2741 3145 2966 3217 Augusti
2995 3146 3222 3215 septima
3252 3155 3333 3200 est
3377 3145 3524 3212 luna,

1954 3246 2078 3308 post
2127 3253 2326 3292 annum
2382 3239 2433 3290 in
2478 3237 2609 3306 ipsis
2661 3236 2912 3290 Kalendis
2952 3247 3139 3290 octava
3169 3236 3372 3290 decima
3421 3246 3522 3302 est,

1954 3341 2074 3400 post
2100 3328 2232 3383 duos
2258 3342 2428 3382 annos
2455 3328 2704 3381 vicesima
2733 3342 2894 3380 nona.
2927 3325 3033 3380 Nec
3067 3327 3253 3380 eadem
3284 3326 3386 3381 huc
3405 3343 3524 3397 qua:

1955 3435 2094 3474 nunc
2121 3429 2203 3474 est
2231 3419 2379 3488 prius
2409 3433 2568 3486 quam
2602 3418 2785 3471 decem
2815 3426 2866 3471 et
2894 3433 3084 3471 novem
3111 3433 3371 3471 annorum
3401 3434 3523 3488 per-

1955 3519 2075 3565 acto
2111 3509 2312 3571 circulo
2347 3507 2501 3562 redit.
2533 3507 2638 3562 Sed
2682 3507 2896 3577 pr0prie
2937 3523 3054 3575 qua:
3107 3507 3160 3561 in
3193 3507 3393 3561 circulo
3433 3509 3522 3562 de—

1955 3601 2166 3657 cennali
2202 3602 2468 3656 adnotata:
2515 3610 2640 3655 sunt
2684 3610 2886 3670 epacta:
2947 3600 3126 3654 lunam
3176 3611 3338 3671 quota
3370 3602 3427 3656 Iit
3467 3602 3522 3656 in

1957 3693 2240 3748 undecimo
2271 3692 2387 3745 Kal.
2436 3692 2651 3760 Aprilis,
2680 3691 2769 3745 ubi
2815 3691 3080 3760 paschalis
3108 3701 3190 3744 est
3223 3691 3343 3745 festi
3375 3691 3522 3760 prin-

1957 3784 2176 3854 cipium,
2215 3782 2446 3851 signant.
2485 3780 2632 3833 llanc
2662 3779 2932 3850 pnelixam
2970 3794 3256 3835 succursus
3284 3783 3520 3852 regulam

1957 3891 2171 3946 semper
2197 3875 2568 3938 observantes,
2599 3882 2658 3926 ut
2683 3871 2896 3943 quoties
2941 3872 3202 3926 minorem
3234 3884 3384 3928 sexto
3429 3875 3521 3928 de-

1955 3968 2096 4022 cimo
2119 3982 2403 4021 numerum
2428 3964 2645 4028 habent,
2670 3962 2974 4032 paschalem
3007 3962 3190 4016 lunam
3211 3963 3518 4037 przel'erant,

1954 4059 2165 4129 quoties
2195 4067 2370 4112 autem
2398 4057 2676 4126 majorem,
2703 4055 2753 4108 in
2781 4062 3086 4122 sequentem
3109 4053 3287 4108 lunam
3318 4053 3522 4109 Pascha

1954 4150 2298 4221 qumrendum
2353 4150 2737 4202 demonstrent.
2769 4144 2916 4211 _Quia
2957 4144 3206 4197 nimirum
3254 4143 3393 4198 lunae
3432 4158 3524 4213 pa-

1954 4243 2150 4299 schalis
2171 4242 2442 4312 plenitudo
2474 4255 2578 4294 non
2599 4239 2978 4308 aequinoctium
3007 4238 3220 4307 praeire,
3247 4238 3362 4302 sed,
3387 4238 3524 4292 sicut

1955 4335 2008 4389 in
2039 4333 2300 4404 principio
2325 4339 2697 4387 creaturarum
2745 4327 3048 4382 ordinatum
3077 4337 3198 4393 est,
3232 4329 3380 4397 sequi
3425 4343 3519 4397 po-

1955 4427 2062 4481 tius
2089 4425 2263 4479 debet.

2517 4509 2738 4566 CAPUT
2777 4509 2958 4563 LXIX.

2391 4605 2759 4674 Argumentum
2799 4602 2861 4655 de
2888 4600 3099 4671 epactis.

2031 4703 2171 4756 DISC.
2201 4699 2586 4768 Argumentum
2625 4696 2690 4749 de
2721 4694 2920 4748 eisdem
2951 4692 3152 4761 epactis
3189 4691 3520 4749 inveniendis

1960 4792 2140 4848 dicito.
2172 4789 2311 4844 MAG.
2358 4787 2416 4842 Si
2456 4788 2536 4840 vis
2582 4798 2900 4856 cognoscere
2930 4792 3104 4851 quota:
3146 4790 3347 4850 epacta:
3389 4785 3515 4850 sint,

1958 4898 2110 4937 sume
2139 4897 2309 4937 annos
2357 4879 2566 4935 Domini
2596 4885 2726 4948 quot
2772 4875 2989 4938 fuerint,
3038 4881 3094 4926 ut
3132 4883 3258 4942 puta
3290 4873 3343 4927 in
3383 4888 3519 4942 prae-

1956 4974 2125 5030 sentis
2175 4973 2300 5027 anni
2349 4950 2538 5042 quarta
2566 4967 2769 5024 decima
2799 4965 3084 5018 indictione
3131 4979 3354 5018 ncccxx.
3383 4965 3516 5018 Par-

1956 5067 2059 5120 tire
2085 5079 2183 5135 per
2205 5064 2390 5118 decem
2418 5069 2472 5113 et
2512 5072 2721 5112 novem.
2755 5054 3078 5123 Quadragics
3119 5060 3173 5107 et
3201 5062 3284 5107 ter
3313 5054 3436 5108 deni
3463 5065 3518 5108 et

1955 5155 2150 5220 noveni
2199 5152 2402 5206 faciunt
2437 5162 2562 5202 nccc
2607 5154 2660 5198 et
2690 5160 2785 5208 vn,
2817 5152 2868 5197 et
2897 5149 3175 5204 remanent
3200 5150 3328 5197 tres.
3383 5141 3516 5197 Illud

1955 5248 2081 5301 item
2112 5257 2208 5313 per
2253 5238 2499 5294 undecim
2549 5233 2864 5302 multiplica,
2905 5231 3027 5300 quia
3056 5230 3107 5283 in
3156 5229 3376 5283 denario
3416 5245 3516 5282 nu-

1958 5349 2106 5389 mero
2140 5338 2339 5399 epacue
2391 5333 2659 5380 crescunt.
2717 5323 2878 5376 Fiunt
2935 5321 3150 5390 triginta
3205 5328 3334 5373 tres.
3367 5319 3515 5373 Tolle

1957 5426 2204 5496 triginta,
2240 5429 2294 5475 et
2343 5426 2621 5472 remanent
2641 5424 2770 5470 tres.
2819 5414 2949 5468 Tres
2975 5419 3171 5482 epactae
3199 5420 3323 5464 sunt
3370 5425 3512 5464 anno

1955 5523 2237 5589 praesente.
2269 5509 2492 5576 Quando
2530 5521 2738 5576 mquam
2769 5504 3078 5560 divisionem
3113 5517 3374 5555 annorum
3411 5501 3514 5556 Do.

1957 5609 2084 5662 mini
2130 5615 2388 5658 numerus
2434 5598 2640 5666 recipit,
2675 5596 2830 5650 nulla:
2854 5601 2974 5649 sunt
3005 5601 3225 5662 epactzn.
