3948 6336
361 212 467 271 707

945 344 1171 401 CAPUT
1202 343 1369 398 LXX.

859 496 926 552 9e
955 494 1143 567 regulis
1171 491 1467 546 lunaribus.

426 658 569 713 Disc.
606 654 689 710 llli
742 667 870 724 ergo
910 648 1117 704 numeri
1166 646 1269 717 qui,
1298 658 1397 715 per
1430 643 1676 715 singuios
1727 656 1942 698 menses

352 750 562 820 epactis
590 746 869 802 lunaribus
914 740 1275 802 associantur,
1324 735 1468 791 unde
1505 735 1769 807 originem
1800 747 1942 787 surn-

355 840 613 911 pserunt?
644 837 780 891 MAG.
815 834 891 887 Ex
920 830 1354 887 consideratione
1381 828 1542 893 lunae,
1576 842 1696 897 quae
1717 840 1780 911 eo
1800 838 1943 879 anno

354 948 462 1003 quo
491 930 648 986 nulla:
692 934 896 996 epacta:
944 931 1075 979 sunt
1126 922 1360 992 aliquam
1404 920 1457 975 in
1495 917 1749 972 Kalendis
1791 931 1940 970 men-

355 1026 493 1079 sium
525 1033 747 1075 necesse
777 1026 860 1070 est
884 1015 1082 1069 habeat
1106 1012 1338 1068 aatate'm.
1375 1010 1557 1064 Primo
1588 1022 1717 1077 ergo
1746 1007 1944 1062 decen-

353 1111 670 1171 novennalis
696 1109 889 1166 circuli
933 1122 1096 1172 anno,
1128 1108 1179 1158 in
1208 1119 1315 1174 quo
1349 1102 1509 1157 nulla:
1546 1111 1673 1157 sunt
1702 1112 1941 1171 cpactaz,

352 1207 405 1261 in
434 1205 554 1259 Kal.
586 1201 830 1257 Januarii
864 1214 968 1253 non
1000 1205 1082 1250 est
1111 1195 1256 1259 luna,
1292 1194 1347 1247 in
1374 1192 1494 1253 Kal.
1534 1191 1817 1246 Februarii
1846 1191 1943 1245 de-

352 1297 515 1360 cima,
554 1295 609 1349 in
637 1292 754 1357 Kal.
789 1289 965 1344 Martii
1005 1302 1168 1351 nona,
1203 1286 1257 1339 in
1300 1284 1419 1339 Kal.
1469 1283 1669 1353 Aprilis
1702 1283 1943 1346 decima,

354 1389 409 1442 in
443 1387 563 1441 Kal.
599 1384 721 1438 Maii
767 1380 1083 1445 undecima,
1116 1378 1171 1432 in
1202 1376 1319 1431 Kal.
1367 1374 1558 1429 Junias
1591 1373 1943 1439 duodecima,

357 1480 413 1532 in
431 1477 547 1531 Kal.
578 1473 684 1527 Jul.
713 1471 874 1526 tertia
898 1469 1203 1535 decima,in
1232 1466 1350 1521 Kal.
1382 1464 1612 1537 Augusti
1637 1475 1831 1534 quarta
1854 1462 1948 1517 de-

358 1568 520 1629 cima,
566 1565 619 1618 in
676 1562 794 1616 Kal.
853 1559 1189 1629 Septembris
1239 1565 1394 1612 sexta
1450 1556 1682 1625 decima,
1729 1556 1783 1610 in
1827 1554 1944 1609 Kal.

352 1659 605 1717 Octobris
633 1656 866 1726 septima
893 1654 1122 1719 decima,
1156 1653 1211 1706 in
1258 1650 1376 1705 Kal.
1407 1649 1728 1714 Novembris
1754 1655 1947 1705 octava

1003 211 1063 267 Β.
1103 207 1356 267 RABANI
1396 205 1614 263 MAUR]
1653 198 1971 257 ABCIIIEP.
2015 197 2324 257 MOGUNT.
2367 197 2651 256 OPERUM
2692 197 2868 255 PARS
2906 198 2942 254 Ι.

1967 326 2015 384 Α
2044 327 2143 369 nos
2172 314 2393 386 incipiat
2438 322 2493 368 et
2520 329 2691 384 usque
2721 314 2787 368 ad
2827 315 3115 373 terminum
3143 318 3268 373 anni
3301 327 3421 376 rato
3465 330 3628 392 atque

3514 157 3630 261 708‘

2044 406 2369 463 intemerato
2397 405 2586 461 ordine
2614 415 2919 477 procurrat.

2604 537 2832 616 CAPUT
2864 540 3050 596 LXXI.

2148 631 2224 684 De
2260 631 2687 687 concurrentibus
2708 672 2724 697 ,
2756 632 2811 686 id
2852 643 2927 687 est
2954 672 2966 699 ,
2997 635 3190 705 epactis
3216 637 3499 693 solaribus.

2111 744 2260 804 Drsc.
2290 747 2365 803 De
2395 749 2600 818 epactis
2631 746 2897 806 solaribus
2925 749 3058 807 ordo
3088 750 3331 821 deposcit
3353 762 3413 806 ut
3442 753 3591 809 dicas
3613 796 3629 820 ,

2043 837 2170 906 quia
2199 838 2266 894 de
2313 839 2595 895 lunaribus
2638 840 2749 911 jam
2781 840 2987 896 dixisti.
3037 839 3176 898 Mac.
3219 841 3425 910 Quarto
3470 844 3634 911 igitur

2045 927 2530 1006 decennovennalis
2582 929 2765 993 circuli
2822 930 3041 985 tramite
3092 932 3374 1002 signantur
3427 941 3631 1004 e’pacue

2044 1019 2194 1083 solis,
2235 1020 2286 1073 id
2333 1028 2437 1084 est,
2484 1028 2873 1076 concurrentes
2927 1023 3242 1092 septimana:
3277 1025 3412 1090 dies,
3470 1026 3633 1081 unius

2045 1123 2259 1179 semper
2288 1118 2471 1165 ternos
2496 1125 2590 1180 per
2620 1125 2814 1176 annos,
2839 1111 3068 1167 duorum
3100 1121 3279 1168 autem
3308 1127 3407 1183 per
3429 1131 3633 1170 annum

2045 1197 2379 1256 bissextilem
2411 1215 2580 1269 usque
2607 1201 2673 1255 ad
2695 1200 2983 1270 septimum
3018 1217 3301 1257 numerum
3331 1202 3636 1273 adjectione

2048 1298 2399 1368 crescentes;
2428 1307 2655 1361 quarum
2684 1291 2919 1347 circulus
2948 1294 3109 1349 habet
3143 1309 3313 1349 annos
3337 1306 3532 1367 quater
3553 1312 3639 1351 se—

2046 1388 2261 1450 ptenos,
2290 1379 2345 1434 id
2372 1387 2474 1445 est,
2503 1380 2688 1450 viginti
2733 1388 2877 1435 octo.
2916 1381 3051 1449 Quia
3090 1384 3345 1441 nimirum
3377 1401 3484 1439 non
3514 1396 3641 1440 ante

2048 1479 2228 1541 potest
2256 1472 2624 1533 consummari
2654 1488 2817 1542 quam
2852 1472 3143 1541 bissextus,
3188 1477 3281 1547 qui
3310 1487 3506 1547 quarto
3551 1493 3641 1533 re-

2051 1562 2177 1616 dire‘
2196 1562 2333 1618 solet
2364 1578 2526 1627 anno,
2559 1574 2784 1619 cunctos
2831 1566 3145 1636 septimanae
3179 1568 3292 1623 dies
3336 1569 3639 1639 contingat,

2052 1652 2387 1708 Dominicam
2426 1654 2691 1718 videlicet,
2746 1664 2954 1713 sextam
3010 1656 3222 1723 feriam,
3270 1668 3520 1729 quartam
3562 1658 3643 1715 fe-

354 1752 585 1814 decima,
616 1750 672 1802 in
718 1746 836 1801 Kal.
870 1743 1184 1800 Decembris
1213 1751 1403 1797 octava
1435 1740 1666 1796 decima.
1697 1738 1808 1795 Hos
1853 1737 1947 1793 tibi
1981 1735 2026 1797 Β
2052 1745 2212 1812 riam,
2245 1745 2538 1801 secundam
2563 1747 2779 1813 feriam,
2809 1748 3117 1815 sabbatum,
3147 1751 3394 1821 quintam
3420 1751 3638 1815 feriam,

355 1859 611 1901 numeros
632 1857 733 1913 pro
752 1841 1093 1912 regularibus
1122 1838 1458 1910 singulorum
1481 1838 1749 1893 mensium
1772 1852 1946 1891 sume.

356 1936 564 2003 Quibus
594 1948 804 1989 annuas
829 1931 1034 1986 addens
1060 1940 1299 2001 epactas,
1327 1929 1512 1997 lunam
1544 1935 1707 2000 quota
1739 1931 1812 1983 sit
1850 1942 1952 1997 per

355 2018 626 2082 Kalendas
653 2038 895 2094 quasque
928 2022 1047 2077 sine
1080 2035 1268 2079 errore
1315 2019 1576 2091 reperies.
1608 2018 1668 2074 Si
1694 2008 1951 2093 enimvis

356 2120 498 2174 scire
526 2125 691 2187 quota
720 2122 801 2170 est
834 2114 959 2168 luna
1011 2114 1067 2168 in
1113 2112 1231 2168 Kal.
1264 2110 1507 2168 Januarii
1543 2126 1684 2168 anno
1712 2111 1952 2167 secundo

358 2210 548 2267 circuli
584 2206 1095 2283 dece‘nnovennalis,
1122 2214 1244 2261 tene
1266 2220 1459 2261 novem
1488 2204 1786 2279 regulares,
1814 2204 1953 2261 adde

357 2288 576 2373 epacta's
612 2300 887 2365 undecim,
937 2297 1072 2354 fiunt
1101 2298 1334 2370 viginti:
1386 2297 1643 2369 vicesima
1691 2305 1776 2353 est
1800 2297 1948 2359 luna.

361 2392 419 2448 Si
452 2394 533 2448 vis
562 2393 704 2447 scire
730 2401 894 2460 quota
925 2399 1009 2445 est
1034 2389 1160 2445 luna
1194 2390 1247 2444 in
1276 2388 1397 2444 Kal.
1442 2388 1567 2446 Jun.
1599 2405 1741 2451 anno
1773 2386 1946 2459 tertio,

360 2492 486 2537 tene
518 2482 797 2552 regulares
832 2481 1136 2546 duodecim,
1188 2479 1328 2535 adde
1367 2488 1585 2550 epactas
1631 2478 1759 2533 anni
1808 2479 1954 2535 illius

358 2574 550 2645 viginti
585 2573 738 2638 duas,
774 2571 910 2626 ﬁunt
957 2570 1178 2643 triginta
1214 2579 1480 2641 quatuor;
1532 2571 1661 2626 tolle
1689 2571 1911 2641 triginta
1933 2611 1948 2637 ,

364 2670 651 2720 remanent
696 2673 930 2734 quatuor
979 2682 993 2718 :

361 2762 713 2809 memoratas.
771 2752 913 2807 Disc.
966 2750 1219 2821 Nunquid
1254 2751 1372 2807 htec
1415 2751 1600 2823 regula
1646 2752 1952 2822 argumenti

362 2843 472 2898 ﬁxa
514 2852 698 2898 manet
720 2856 817 2912 per
864 2852 1034 2896 totum
1080 2842 1339 2896 circulum
1387 2840 1953 2899 decennovennalem?

364 2934 505 2990 Μια.
539 2932 737 3000 Manet,
769 2942 966 3003 praeter
994 2948 1167 2989 annos
1201 2943 1332 2999 tres,
1368 2934 1423 2988 in
1454 2933 1651 3003 quibus
1685 2933 1827 2989 idem
1858 2949 1952 2995 ar--

264 3088 270 3094 ‘
363 3033 683 3098 gementum
731 3023 1085 3079 stabilitatem
1135 3024 1219 3080 sui
1249 3024 1456 3080 tenoris
1488 3038 1811 3079 conservare
1852 3039 1950 3080 ne-

364 3094 553 3187 queat,
582 3122 809 3172 octavus
854 3115 1126 3181 videlicet,
1159 3115 1501 3182 undecimus,
1527 3123 1583 3170 et
1609 3130 1784 3171 nonus
1810 3108 1954 3172 deci-
1982 3094 2025 3156 C

365 3222 533 3275 mus,
583 3207 671 3263 cui
722 3221 944 3261 causam
1013 3206 1255 3261 mutandi
1338 3208 1491 3261 varia
1552 3206 1683 3262 facit
1744 3222 1809 3263 ac
1874 3206 1957 3262 di—‘

364 3315 551 3370 spersa
574 3315 673 3371 per
700 3315 903 3353 annum
931 3298 1373 3354 embolismorum
1396 3299 1638 3354 insertio.
1674 3298 1956 3369 Siquidem

365 3405 509 3446 anno
534 3400 728 3448 octavo
750 3390 877 3444 luna
906 3389 1270 3445 Kalendarum
1295 3389 1580 3455 Maiarum,
1605 3389 1763 3459 juxta
1791 3392 1957 3445 ratio-

364 3499 489 3541 nem
521 3482 741 3553 quidem
793 3484 1097 3556 argumenti
1146 3483 1405 3538 vicesima
1430 3492 1624 3539 octava
1672 3491 1955 3554 computa-

279 3627 283 3633 .
363 3586 474 3633 tur.
515 3575 625 3632 Sed
653 3584 876 3646 propter
904 3576 1303 3644 embolismum,
1334 3578 1427 3647 qui
1462 3578 1518 3630 in
1548 3577 1741 3633 Martio
1770 3570 1956 3633 mense

365 3669 646 3734 inseritur,
684 3669 943 3723 vicesima
977 3670 1207 3739 septima
1238 3672 1501 3739 probatur
1527 3672 1784 3727 existere.
1822 3672 1956 3729 Item

365 3758 420 3813 in
445 3758 562 3812 Kal.
594 3757 703 3813 Jul.
726 3758 883 3829 juxta
912 3770 1290 3830 argumentum
1331 3761 1609 3837 tricesima
1638 3763 1814 3832 potuit
1837 3763 1957 3819 ﬁeri

365 3850 513 3905 luna.
548 3849 656 3906 Sed
692 3862 916 3921 propter
948 3851 1310 3921 adjectionem
1348 3853 1455 3909 diei
1481 3840 1643 3924 quem
1675 3854 1959 3927 superﬂui-

365 3951 456 3997 tas
507 3944 812 3999 embolismi
862 3945 1140 4011 attulerat,
1189 3945 1252 4000 fit
1290 3946 1555 4002 vicesima
1613 3964 1774 4004 nona.
1822 3950 1958 4008 Item

366 4048 511 4089 anno
557 4034 863 4103 undecimo,
897 4038 1023 4106 quia
1055 4036 1183 4108 luna
1211 4039 1519 4096 embolismi
1569 4042 1744 4111 pridie
1773 4041 1958 4099 Nonas

366 4126 680 4183 Decembris
717 4132 1049 4195 accenditur,
1086 4116 1236 4187 facit
1278 4131 1567 4189 lunamin
1623 4135 1742 4189 Kal.
1793 4136 1953 4193 Mart.

366 4217 681 4271 vicesimam
728 4232 848 4274 esse
897 4227 951 4275 et
980 4229 1248 4287 octavam,
1287 4237 1411 4285 cum
1442 4224 1584 4279 hanc
1630 4225 1770 4280 ratio
1800 4242 1958 4298 argu-

366 4306 535 4363 menti
567 4308 875 4363 vicesimam
903 4327 1099 4366 nonam
1132 4320 1261 4367 tunc
1298 4314 1535 4371 existere
1574 4317 1782 4387 doceat.
1824 4302 1971 4376 Item.

366 4414 511 4454 anno
557 4399 767 4455 decimo
811 4417 970 4467 nono,
1000 4404 1131 4474 quia
1157 4405 1281 4459 luna
1335 4409 1641 4465 embolismi
1683 4413 1843 4467 tertio
1868 4414 1954 4468 die

366 4488 642 4543 Nonarum
694 4490 1004 4547 Martiarum
1056 4495 1265 4567 incipit,
1320 4498 1466 4568 cogit
1506 4500 1689 4556 lunam
1736 4503 1792 4558 in
1833 4504 1951 4558 Kal.
1984 4476 2035 4536 D

368 4580 491 4636 Maii
522 4583 841 4637 vicesimam
886 4593 1133 4640 octavam
1180 4591 1516 4658 computari,
1549 4606 1671 4647 cum
1700 4594 1955 4650 vicesima

370 4686 510 4726 nona
566 4674 864 4728 secundum
916 4678 1217 4746 argumenti
1248 4679 1657 4738 calculationem
1700 4695 1949 4740 canatur.

367 4762 671 4818 Notandum
703 4773 882 4819 autem
914 4762 1057 4835 quod
1082 4768 1189 4847 hoc
1219 4783 1597 4840 argumentum
1637 4790 1667 4828 a
1707 4774 1954 4845 Septem-

370 4851 488 4906 brio
531 4854 749 4927 quidam
780 4856 1062 4925 incipiant,
1101 4868 1362 4927 ponentes
1399 4862 1571 4918 eidem
1616 4860 1955 4936 Septembrio

372 4942 648 5011 regulares
682 4945 938 5014 quinque,
975 4945 1233 5006 Octobrio
1261 4967 1315 5017 v,
1346 4952 1670 5011 Novembrio
1710 4974 1805 5024 vn,
1852 4960 1956 5015 De-

371 5031 611 5104 cembrio
642 5047 739 5098 vn,
770 5044 896 5101 etc.,
932 5046 991 5091 ut
1021 5054 1182 5107 supra
1230 5056 1329 5097 nos
1359 5045 1655 5113 posuimus.
1688 5046 1839 5114 Quod
1876 5032 1954 5113 ob

373 5122 756 5178 auctoritatem
818 5124 1193 5197 IEgyptiorum
1272 5134 1673 5192 rationabiliter
1729 5154 1956 5209 prorsus

373 5222 567 5285 agunt;
611 5222 671 5270 ut
719 5230 748 5268 a
777 5216 972 5284 quibus
1002 5219 1151 5289 origo
1184 5228 1530 5295 computandi
1580 5240 1793 5300 sumpta
1837 5240 1955 5297 est,

376 5320 561 5360 eorum
592 5321 807 5377 quoque
834 5307 886 5360 in
928 5314 1287 5378 computando
1317 5318 1446 5372 anni
1472 5320 1798 5389 principium
1838 5324 1960 5378 imi-

377 5404 578 5482 tentur.
614 5395 807 5464 Verum
840 5400 959 5455 aliis
987 5404 1165 5471 aptius
1202 5408 1367 5464 multo
1396 5420 1451 5467 et
1483 5416 1786 5482 expeditius
1811 5416 1958 5472 vide-

378 5481 547 5541 tur’ut
572 5493 1009 5560 computationis,
1040 5485 1301 5564 quantum
1331 5516 1435 5556 non
1468 5481 1765 5563 necessitas
1791 5511 1959 5567 ratio—

379 5576 463 5631 uis
488 5578 771 5649 obsistit,a
801 5585 1067 5657 principio
1101 5588 1227 5643 anni
1265 5590 1369 5657 sui,
1400 5594 1562 5649 etiam
1592 5599 1957 5668 apueroma-

1041 2672 1238 2733 quarta
1282 2674 1367 2719 est
1410 2664 1537 2725 luna
1582 2665 1637 2721 in
1684 2658 1988 2724 Kalendas.

2042 1837 2273 1908 tertiam
2326 1836 2513 1906 feriam
2550 1856 2561 1890 :
2601 1838 2703 1893 hoc
2735 1839 2935 1893 etenim
2974 1838 3093 1896 illos
3123 1840 3313 1897 ordine
3346 1843 3641 1912 percurrit.

2053 1928 2219 1999 Cujus
2248 1928 2437 1985 circuli
2469 1928 2590 1985 talis
2619 1937 2704 1985 est
2739 1946 2932 1992 cursus
2967 1940 3026 1984 ut
3052 1946 3386 2002 quaecunque
3416 1931 3645 2002 bissexti

2054 2037 2197 2078 anno
2251 2031 2377 2077 sunt
2427 2030 2835 2090 concurrentes,
2898 2023 3027 2097 ipsa:
3069 2033 3125 2078 et
3172 2032 3297 2081 ante
3337 2024 3643 2096 quinquen-

2052 2112 2203 2167 nium
2241 2110 2470 2178 fuerint,
2526 2121 2580 2168 et
2628 2122 2749 2183 post
2791 2128 2887 2168 sex
2924 2129 3096 2169 annos
3146 2114 3337 2169 futurae
3370 2116 3482 2171 sint
3523 2130 3644 2187 qua

2051 2204 2228 2274 primo
2258 2211 2378 2274 post
2418 2202 2713 2257 bissextum
2746 2218 2889 2259 anno
2916 2214 3042 2259 sunt
3067 2206 3258 2261 eadem
3289 2213 3344 2261 et
3372 2216 3499 2262 ante
3541 2222 3641 2261 an-

2053 2312 2153 2373 nos
2180 2295 2429 2351 undecim
2463 2296 2776 2351 transierint
2798 2335 2814 2362 ,
2864 2304 2919 2351 et
2948 2306 3070 2368 post
3115 2313 3211 2353 sex
3259 2300 3487 2354 redeant
3524 2314 3647 2378 qua!

2056 2387 2292 2443 secundo
2327 2392 2449 2457 post
2496 2386 2795 2441 bissextum
2849 2389 3040 2441 eadem
3087 2397 3143 2442 et
3187 2396 3312 2444 ante
3351 2402 3523 2444 annos
3561 2403 3647 2444 se-

2053 2489 2203 2549 ptem
2254 2477 2455 2533 fuerint
2496 2488 2549 2533 et
2580 2486 2700 2548 post
2729 2476 2976 2533 undecim
3014 2478 3259 2534 redeant.
3305 2478 3437 2547 Quae
3486 2480 3647 2537 tertio

2054 2577 2180 2640 post
2206 2568 2528 2633 bissextum,
2554 2568 2682 2643 ipsae
2708 2578 2762 2622 et
2788 2575 2913 2622 ante
2942 2581 3036 2622 sex
3062 2583 3231 2623 annos
3255 2558 3645 2645 praeterierint,

2055 2672 2112 2717 et
2137 2669 2264 2733 post
2288 2662 2540 2732 quinque
2559 2670 2919 2715 revertantur.
2968 2660 3037 2715 Et
3082 2659 3241 2729 hujus
3277 2662 3411 2717 ordo
3440 2663 3647 2718 discre-

2063 2753 2227 2809 tionis
2281 2760 2503 2806 cunctos
2557 2762 2821 2807 annorum
2873 2752 3198 2807 vertentium
3265 2752 3645 2824 cOmplectitur

2067 2845 2202 2900 dies.
2244 2844 2387 2898 Drsc.
2425 2842 2677 2912 Nunquid
2722 2842 2810 2897 hic
2863 2830 3097 2897 circulus
3148 2851 3462 2913 epactarum
3516 2844 3646 2900 solis

2059 2933 2557 2989 decennovennales
2585 2933 2813 2988 circulos
2836 2932 3014 3005 aliquo
3042 2933 3200 2989 modo
3224 2935 3476 2989 ordinat?
3504 2935 3643 2991 Hac.

2055 3022 2251 3078 Etiam.
2281 3010 2417 3078 Nam
2443 3022 2601 3091 hujus
2621 3023 2739 3095 gyri
2769 3023 2978 3088 solaris,
3008 3021 3100 3095 qui
3128 3025 3317 3093 viginti
3340 3034 3465 3080 octo
3491 3027 3645 3095 annis

2057 3115 2352 3185 peragitur,
2395 3113 2731 3175 causafacit
2766 3114 3262 3170 decennovennales
3303 3115 3535 3171 circulos
3575 3116 3654 3169 vi-

2055 3205 2185 3275 ginti
2202 3215 2326 3259 octo
2351 3204 2548 3259 debere
2563 3204 2819 3275 compleri
2833 3206 3147 3276 priusquam
3175 3206 3315 3261 idem
3346 3222 3444 3277 per
3466 3206 3647 3263 omnia

2055 3296 2326 3366 paschalis
2355 3296 2715 3351 observantiae
2742 3312 2935 3352 cursus
2971 3298 3023 3351 in
3051 3313 3109 3352 sc
3141 3300 3317 3368 ipsum
3348 3299 3557 3365 redeat,
3585 3307 3645 3353 ut

2060 3388 2239 3443 omnis
2267 3388 2521 3441 nimirum
2554 3386 2715 3458 hujus
2740 3388 2929 3444 circuli
2960 3404 3134 3444 annus
3148 3397 3310 3460 caput
3334 3390 3521 3445 circuli
3553 3390 3645 3445 de—

2057 3479 2471 3537 cennovennalis
2486 3481 2751 3548 instituat,
2771 3482 3010 3551 itemque
3030 3499 3201 3537 annus
3215 3484 3443 3554 quisque
3459 3482 3644 3539 circuli

2059 3571 2539 3627 decennovennalis
2568 3571 2727 3641 hujus
2753 3582 2911 3643 caput
2940 3585 3281 3646 assequatur,
3310 3592 3377 3639 ac
3404 3592 3501 3647 per
3538 3577 3643 3637 hoc

2059 3670 2171 3718 tota
2223 3664 2492 3733 paschalis
2520 3664 2878 3720 observantiae
2908 3666 3077 3721 series
3113 3682 3221 3722 non
3273 3668 3453 3723 minus
3481 3668 3640 3738 quin-

2059 3740 2485 3825 gentis'triginta
2524 3753 2733 3811 duobus
2760 3754 3079 3824 explicetur.

2520 3916 2523 3923 .
2607 3869 2835 3926 CAPUT
2874 3870 3081 3927 LXXII.

2356 3959 2730 4029 Argumentum
2758 3960 2823 4015 de
2850 3962 3044 4031 spartis
3071 3961 3351 4017 talaribus.

2129 4069 2274 4125 DlSC.
2306 4068 2362 4125 Si
2394 4071 2612 4141 aliquod
2637 4073 2707 4127 sit
2738 4080 3115 4144 argumentum
3166 4074 3231 4129 de
3259 4074 3470 4145 epactis
3499 4075 3642 4131 'sola-

2059 4161 2231 4225 ribus,
2277 4170 2403 4232 peto
2432 4171 2491 4217 ut
2534 4162 2798 4232 proferas.
2842 4162 2982 4219 Msa.
3029 4161 3087 4219 Si
3117 4165 3199 4220 vis
3240 4163 3517 4233 conjicere
3556 4180 3641 4220 ar-

2059 4262 2314 4327 gumento
2338 4254 2483 4323 quod
2525 4255 2635 4309 sint
2664 4255 2993 4325 adjectiones
3018 4256 3167 4321 solis,
3196 4256 3250 4312 id
3286 4267 3393 4321 est,
3420 4272 3644 4312 concur-

2060 4355 2241 4402 rentes
2270 4349 2579 4417 septimanae
2609 4349 2743 4415 dies,
2791 4365 2944 4406 sume
2971 4366 3143 4407 annos
3175 4352 3242 4407 ab
3269 4352 3645 4409 incarnatione

2063 4437 2276 4492 Domini
2311 4446 2443 4507 quot
2485 4438 2705 4505 fuerint,
2758 4450 2821 4496 ut
2865 4452 2993 4512 puta
3023 4444 3082 4497 in
3136 4446 3390 4514 praesenti
3435 4461 3643 4501 ncccxx

2061 4544 2159 4599 per
2187 4529 2535 4585 indictionem
2569 4533 2778 4587 tertiam
2816 4534 3115 4602 decimam,
3149 4545 3202 4591 et
3240 4552 3508 4592 annorum
3551 4540 3648 4608 qui

2065 4618 2266 4672 fuerint
2289 4628 2537 4688 quartam
2560 4630 2771 4689 partem
2798 4638 3013 4694 semper
3041 4626 3233 4696 adjice,
3273 4626 3327 4681 id
3361 4636 3464 4693 est,
3501 4642 3649 4683 nunc

2060 4711 2320 4766 ducentos
2349 4711 2608 4783 quinque,
2647 4714 2773 4784 quia
2808 4725 3003 4785 quarto
3028 4733 3169 4773 anno
3198 4733 3411 4787 semper
3436 4717 3650 4775 bissex-

2060 4810 2148 4856 tus
2173 4800 2333 4870 adjici
2380 4802 2536 4857 solet.
2589 4803 2699 4859 Nec
2727 4806 2883 4861 aliter
2906 4806 3103 4864 divisio
3131 4825 3227 4879 per
3272 4810 3648 4879 septenarium

2056 4898 2174 4945 rata
2212 4891 2339 4956 erit,
2373 4892 2478 4947 nisi
2507 4894 2804 4950 bissextilis
2839 4898 2957 4953 dies
2984 4899 3311 4970 adjiciatur.
3364 4898 3463 4953 H-is
3513 4915 3647 4970 ergo

2055 4980 2275 5045 additis,
2310 4981 2444 5035 ﬁunt
2479 4984 2641 5038 simul
2682 4987 2826 5063 mille
2868 4988 3055 5059 viginti
3088 4991 3346 5060 quinque.
3387 4989 3482 5045 His
3511 4990 3644 5045 item

2056 5070 2194 5127 adde
2236 5080 2489 5139 quatuor,
2539 5075 2667 5143 quia
2697 5086 2931 5147 quatuor
2980 5089 3366 5136 concurrentes
3422 5080 3646 5135 fuerunt

2056 5173 2121 5214 eo
2151 5173 2293 5213 anno
2345 5163 2562 5230 quando
2594 5164 2896 5224 incarnatio
2937 5170 3147 5226 Domini
3191 5170 3334 5227 facta
3361 5180 3475 5237 est,
3507 5171 3649 5228 fiunt

2060 5256 2205 5311 mille
2232 5256 2426 5327 viginti
2462 5267 2689 5324 noVem;
2729 5261 2907 5316 divide
2951 5262 3095 5318 hunc
3141 5277 3428 5317 numerum
3466 5269 3642 5316 totum

2060 5360 2157 5414 per
2211 5348 2412 5418 septies
2464 5349 2669 5405 centies
2710 5364 2723 5403 :
2776 5367 2905 5422 ergo
2964 5355 3171 5423 septeni
3244 5362 3372 5408 sunt
3435 5355 3645 5424 septin-

2060 5438 2225 5506 genti.
2273 5439 2407 5494 ltem
2460 5440 2779 5513 quadragies
2829 5448 3036 5514 septeni
3066 5462 3293 5512 cccxxx,
3331 5454 3387 5501 et
3435 5446 3644 5515 septies

2059 5527 2266 5595 septeni
2293 5544 2437 5582 xux.
2470 5528 2641 5601 Junge
2675 5546 2803 5603 ergo
2841 5534 2937 5588 bos
2968 5552 3241 5605 numeros,
3270 5538 3325 5623 id
3348 5545 3431 5593 est
3462 5550 3561 5591 occ
3587 5544 3646 5591 et

2060 5631 2271 5670 ccrxxx
2306 5631 2370 5671 ac
2396 5634 2539 5684 xmx,
2575 5620 2706 5675 fiunt
2735 5638 2903 5678 xxxix
2933 5642 2946 5691 ;
2972 5627 3025 5687 tt
3050 5630 3171 5698 quia
3201 5620 3335 5685 nihil
3369 5636 3641 5694 remanet,
