3948 6318
268 206 374 264 709

1532 193 1727 249 LIBER
1770 192 1857 246 DE
1895 189 2239 247 COMPUTO.

3414 184 3510 239 7I’l

267 327 471 390 septem
516 322 642 371 sunt
682 320 1081 373 concurrentes.
1140 314 1365 381 Quando
1416 320 1593 365 autem
1636 306 1838 375 aliquid
1865 312 1913 370 Α
1943 304 2189 373 inquiris,
2229 311 2285 357 et
2327 315 2449 356 cum
2481 300 2716 366 noveris,
2766 299 2906 355 adde
2931 297 3120 355 feriam
3166 311 3285 367 quce
3308 284 3522 361 l‘uitdte

267 404 618 467 remanserit.
663 404 776 472 ipso
821 417 1048 462 numero
1084 405 1333 461 ostendet
1366 411 1495 472 quot
1539 400 1647 454 sint
1688 396 1832 465 ejus—

263 504 387 559 dem
437 497 562 552 anni
616 510 1023 554 concurrentes.
1080 499 1223 552 DISC.
1257 495 1409 550 Unde
1447 508 1576 563 ergo
1608 504 1837 545 concur-

266 600 449 647 rentes
487 590 602 643 ista:
632 593 981 646 nascunturt‘
1005 589 1142 644 MAG.
1177 588 1255 641 Ex
1282 600 1389 639 uno
1418 598 1544 654 ergo
1585 581 1837 653 [numero

268 684 377 755 illo]
407 682 496 751 qui
539 682 593 739 in
623 701 762 740 anno
785 684 944 740 solari
975 696 1138 751 super
1175 677 1560 749 quinquaginta
1608 682 1663 727 et
1701 673 1837 727 duas

266 776 632 836 hebdomadas
675 784 935 833 remanet.
987 774 1123 841 Quia
1156 786 1327 825 annus
1362 768 1492 823 solis
1521 766 1709 821 eadem
1751 764 1839 819 die

264 886 369 939 qua
409 869 618 939 incipit,
647 867 831 923 eadem
862 865 1064 929 ﬁnitur,
1095 862 1194 917 nisi
1226 860 1497 916 biSsextus
1520 855 1747 910 eveniat.
1776 851 1836 907 Si

264 967 445 1013 autem
483 956 775 1012 hissextilis
827 968 998 1007 annus
1046 952 1168 1013 erit,
1217 948 1454 1003 secundo
1492 945 1580 999 die
1629 941 1834 997 ﬁnitur.

265 1037 669 1117 Verbi'gratia:
723 1057 957 1114 prmsens
1001 1055 1174 1094 annus
1201 1038 1428 1107 primam
1464 1034 1605 1089 diem
1652 1030 1843 1087 habuit

265 1138 646 1194 Dominicam:
687 1144 741 1190 et
782 1134 904 1203 quia
940 1132 1210 1186 bissextus
1256 1124 1567 1189 intervenit,
1610 1119 1840 1177 novissi-

265 1245 410 1284 mam
443 1228 582 1283 dieui
613 1224 828 1280 habebit
855 1220 1143 1276 secundam
1173 1216 1385 1271 feriam.

825 1331 1048 1387 CAPUT
1087 1327 1315 1383 LXXIII.

750 1404 821 1459 De
862 1400 1053 1472 regulis
1091 1399 1369 1453 solaribus.

336 1502 481 1567 Drsc.
524 1497 816 1569 Regulares
856 1495 1016 1564 igitur
1068 1491 1158 1561 qui
1209 1489 1462 1543 dicuntur
1508 1486 1575 1540 ad
1624 1489 1842 1552 epactas

260 1592 389 1647 solis
418 1589 631 1660 adjecti,
659 1587 797 1641 unde
820 1583 1151 1639 nascuntur?
1177 1580 1313 1636 Mss.
1346 1578 1423 1631 Ex
1438 1589 1663 1630 numero
1691 1572 1840 1627 vide-

260 1683 389 1738 licet
414 1682 501 1736 illo
529 1680 617 1750 qui
654 1679 792 1732 ultra
821 1673 1185 1745 septenarium
1212 1667 1443 1725 excedit.
1478 1665 1610 1719 Nam
1637 1663 1842 1718 Januaa

1939 395 2299 449 Kalendarum
2329 391 2726 455 Januariarum;
2745 390 2863 446 etsi
2897 390 3188 445 bissextilis
3218 393 3394 444 annus
3415 400 3517 455 est,

1937 485 2105 540 etiam
2152 484 2377 539 bissexti
2414 483 2576 549 diem,
2622 492 2913 552 postquam
2938 482 3230 548 transierit,
3261 498 3521 554 augmen-

1939 583 2055 630 tare
2083 584 2389 629 memento:
2424 574 2625 643 partire
2648 562 2831 628 o'mnia
2873 587 2971 643 per
3002 581 3228 642 septem,
3275 584 3330 629 et
3375 574 3520 644 quod

1938 670 2202 728 remanet,
2258 664 2398 717 diem
2431 663 2527 716 tibi
2574 663 2889 733 septimana:
2934 678 3053 732 quae
3084 664 3173 728 sit,
3213 664 3518 735 ubicunque

1938 753 2158 822 quieris,
2186 753 2440 807 ostendit.
2474 753 2625 819 Quod
2660 755 2732 806 ita
2778 754 2949 809 solum
2981 755 3098 809 sine
3137 755 3319 828 labore
3345 758 3518 811 currit

1940 853 2337 913 argumentum,
2370 844 2414 898 si
2447 858 2733 897 numerum
2769 846 3032 911 mensium
3060 845 3394 917 singulorum
3421 862 3517 917 per

1939 935 2205 991 Kalendas
2251 936 2430 989 Nonas
2477 945 2531 989 et
2562 935 2684 990 Idus
2731 937 3042 990 memoriter
3069 938 3360 993 decantare
3388 955 3516 994 cou-

1939 1041 2158 1082 suescas
2187 1027 2279 1080 ita.
2310 1024 2597 1080 Januarius
2625 1026 2675 1079 in
2708 1026 2957 1081 Kalendis
2982 1042 3224 1093 cccrxvr,
3256 1030 3308 1082 in
3335 1029 3516 1085 Nonas

1939 1136 2011 1183 vi,
2044 1120 2096 1173 in
2125 1119 2248 1174 Idus
2278 1136 2394 1173 xui.
2426 1119 2754 1185 Februarius
2776 1119 2829 1173 in
2856 1118 3111 1174 Kalendis
3142 1135 3312 1187 xxxii,
3338 1122 3391 1177 in
3416 1122 3515 1178 No-

1940 1227 2037 1266 nas
2071 1228 2256 1277 xxxvr,
2296 1212 2349 1265 in
2384 1212 2507 1267 Idus
2544 1227 2687 1266 xuv.
2739 1210 2961 1267 Martius
3004 1213 3058 1265 in
3115 1211 3365 1269 Kalendis
3413 1232 3511 1279 Lx,

1940 1304 1994 1357 in
2030 1302 2211 1359 Nonas
2244 1318 2391 1363 Lm,
2440 1304 2493 1357 in
2546 1302 2668 1357 ldus
2702 1319 2885 1357 Lxxtv.
2916 1302 3115 1373 Aprilis
3162 1305 3214 1359 in
3264 1305 3515 1361 Kalendis

1940 1409 2051 1458 xei,
2092 1394 2156 1448 in
2197 1393 2340 1449 'Non.
2389 1410 2513 1458 xcv,
2544 1395 2597 1447 in
2645 1394 2765 1448 Idus
2801 1410 2915 1448 cur.
2966 1384 3134 1449 Maius
3163 1395 3215 1448 in
3262 1396 3514 1453 Kalendis

1941 1500 2085 1552 cxxi,
2122 1486 2175 1540 in
2213 1486 2348 1541 Non.
2381 1501 2565 1552 cxxvu,
2597 1485 2650 1540 in
2696 1472 2821 1540 ldus
2860 1500 3019 1547 cxxv,
3070 1485 3261 1541 Junius
3315 1488 3368 1541 iu
3411 1489 3513 1543 Ka-

1943 1580 2119 1634 lendis
2155 1594 2286 1644 cur,
2341 1580 2397 1632 in
2440 1577 2578 1632 Non.
2604 1562 2761 1644 cun,
2792 1578 2843 1631 in
2870 1564 2994 1632 Idus
3022 1591 3197 1631 ccxxv.
3247 1579 3418 1634 Julius
3459 1581 3513 1634 in

1944 1670 2194 1725 Kalendis
2238 1686 2473 1735 CLxxxtt,
2505 1670 2558 1723 in
2586 1668 2722 1724 Non.
2768 1685 3064 1737 cuxxvm,
3093 1672 3145 1725 in
3178 1671 3300 1725 Idus
3328 1687 3509 1727 cxcm.

260 1778 375 1831 rius
425 1769 595 1828 habet'
641 1770 915 1840 regulares
969 1768 1117 1830 duos,
1173 1761 1500 1818 Februarius
1559 1759 1795 1828 quinque
1823 1796 1837 1820 ,
1867 1732 1914 1791 Β
1943 1763 2214 1833 Augustus
2244 1761 2295 1814 in
2320 1732 2573 1814 Kalendis
2590 1774 2773 1824 ecxut,
2805 1760 2856 1812 in
2883 1732 3063 1814 Nonas
3086 1776 3293 1824 ccxvu,
3321 1762 3371 1814 in
3394 1761 3517 1816 ldus

260 1869 489 1924 Martius
518 1866 775 1937 quinque,
823 1860 1021 1932 Aprilis
1049 1872 1236 1922 unum,
1283 1854 1453 1911 Maius
1491 1862 1617 1906 tres.
1647 1850 1838 1904 Junius

259 1975 375 2022 sex,
423 1957 595 2011 Julius
642 1968 842 2017 unum,
895 1951 1167 2019 Augustus
1214 1950 1471 2014 quatuor,
1524 1940 1842 2010 September

259 2059 487 2120 septem,
516 2045 744 2102 October
765 2044 918 2107 duos,
945 2039 1246 2095 Nov’ember
1269 2035 1523 2106 quinque,
1547 2033 1840 2087 December

259 2148 485 2209 septem.
520 2134 813 2205 Regnl'ares
842 2145 1073 2200 namque
1102 2130 1192 2184 isti
1224 2130 1328 2183 hoc
1367 2124 1671 2211 specialiter
1703 2122 1840 2175 indi-

260 2241 406 2295 cant,
435 2236 599 2298 quota
632 2226 703 2279 sit
740 2223 872 2279 feria
902 2237 1000 2291 per
1028 2218 1295 2275 Kalendas
1324 2217 1654 2289 singulorum
1685 2228 1837 2267 men—

260 2323 399 2377 sium
426 2336 491 2375 eo
520 2331 658 2371 anno
685 2330 790 2385 quo
816 2322 1019 2383 septem
1045 2319 1429 2367 concurrentes
1457 2306 1676 2376 ascripti
1715 2312 1841 2360 sunt

258 2418 394 2473 dies.
441 2413 662 2470 (laeteris
704 2404 833 2464 vero
862 2406 1017 2463 annis
1056 2406 1208 2461 addis
1248 2408 1653 2462 concurrentes,
1684 2404 1839 2468 quot-

260 2514 391 2577 quot
422 2504 473 2559 in
498 2500 747 2573 prmsetiti
768 2484 965 2552 fuerint
995 2494 1258 2559 adnotati,
1290 2492 1356 2547 ad
1386 2490 1663 2562 regulares
1686 2503 1839 2543 men-

261 2601 400 2655 sium
429 2596 779 2667 singulorum.
816 2593 881 2646 Et
919 2592 991 2644 ita
1023 2590 1163 2643 diem
1209 2586 1567 2639 Kalendarum
1596 2583 1711 2637 sine
1753 2596 1839 2634 er-

262 2706 387 2747 rore
434 2702 647 2758 semper
676 2684 935 2739 invenies.
984 2676 1098 2734 Iloc
1128 2687 1333 2732 tantum
1383 2689 1589 2729 memor
1634 2681 1749 2727 esto
1781 2678 1839 2725 ut

262 2799 384 2839 cum
412 2778 723 2836 imminente
770 2790 908 2830 anno
937 2770 1201 2827 bissextili
1233 2782 1369 2822 unus
1401 2763 1835 2821 concurrentium

262 2870 696 2929 intermittendus
724 2876 808 2922 est
835 2865 967 2928 dies,
999 2879 1063 2917 eo
1094 2871 1275 2915 tamen
1310 2871 1537 2912 numero
1562 2869 1722 2924 quem
1758 2854 1838 2906 in-

264 2966 613 3021 termissurus
642 2976 699 3015 es
729 2958 984 3012 Januario
1016 2950 1417 3018 Februarioque
1463 2948 1653 3010 utaris,
1704 2950 1759 2998 at
1783 2943 1837 2998 in

262 3055 518 3111 Kalendis
548 3053 776 3123 primum
807 3046 1007 3100 Martiis
1034 3058 1131 3113 per
1160 3039 1306 3093 illum
1349 3037 1438 3106 qui
1470 3034 1673 3090 circulo
1702 3047 1833 3087 con-

267 3152 467 3205 tinetur
512 3146 637 3201 solis
692 3151 1002 3211 computare
1052 3134 1297 3204 incipias.
1348 3132 1479 3187 Cum
1523 3143 1651 3198 ergo
1692 3126 1836 3181 diem

267 3242 671 3301 Kalendarum,
716 3234 862 3289 verbi
919 3229 1087 3301 gratia
1143 3224 1552 3286 Januariarum,
1606 3230 1847 3289 quterere

265 3337 368 3399 vis,
402 3333 575 3387 dicis:
629 3325 915 3382 Januarius
964 3322 1129 3383 duos;
1175 3316 1313 3371 adde
1340 3318 1728 3369 concurrentes
1764 3324 1848 3363 se-

264 3428 519 3499 ptimana:
553 3422 666 3477 dies
716 3418 809 3487 qui
844 3414 1041 3471 fuerint
1085 3424 1227 3464 anno
1281 3421 1387 3477 quo
1440 3411 1741 3483 computas,
1788 3407 1850 3454 ut

266 3490 398 3589 puta
438 3526 579 3579 tres;
614 3510 749 3564 ﬁunt
798 3507 1073 3576 quinque:
1107 3500 1293 3571 quinta
1325 3496 1459 3552 feria
1488 3495 1693 3549 intrant
1736 3490 1847 3545 Ka-

266 3587 436 3663 lendae
470 3601 756 3661 Januariae.
809 3598 938 3652 Item
989 3607 1129 3648 anno
1173 3590 1265 3660 qui
1310 3602 1405 3643 sex
1433 3587 1596 3641 habet
1623 3597 1850 3639 concur-

269 3706 470 3762 rentes,
504 3708 660 3749 sume
691 3691 923 3761 quinque
948 3684 1220 3756 regulares
1247 3679 1447 3736 mensis
1475 3676 1673 3739 Martii,
1714 3673 1851 3727 adde

1942 1861 2133 1907 ccxxv.
2198 1849 2520 1919 September
2567 1850 2621 1903 in
2670 1849 2925 1918 Kalendis
2970 1866 3193 1918 ccxuv,
3247 1852 3300 1905 in
3354 1852 3488 1907 Non.

1940 1956 2198 2024 ccxcovm,
2230 1941 2283 1993 in
2315 1941 2439 1994 ldus
2466 1953 2640 1994 CCLVI.
2668 1938 2902 1994 October
2936 1941 2989 1994 in
3020 1941 3272 1996 Kalendis
3300 1956 3512 2009 ccxuv,

1941 2034 1996 2086 in
2057 2033 2196 2088 Non.
2250 2047 2458 2086 cccxxx
2489 2071 2503 2096 ,
2544 2032 2597 2084 in
2657 2030 2781 2086 Idus
2836 2045 3161 2086 CCLXXXVIII.
3213 2031 3517 2087 November

1941 2125 1997 2179 in
2050 2123 2303 2178 Kalendis
2362 2138 2511 2187 cccv,
2574 2123 2628 2176 in
2667 2121 2803 2177 Non.
2860 2138 3058 2188 CCCIX,
3120 2124 3176 2177 in
3239 2122 3362 2178 Idus
3422 2140 3515 2181 ccc

1941 2225 1995 2272 et
2044 2231 2139 2271 vn.
2202 2216 2498 2271 December
2551 2215 2604 2268 in
2643 2214 2895 2269 Kalendis
2959 2230 3229 2281 cccxxxv,
3283 2219 3336 2269 in
3378 2216 3513 2270 Non.

1940 2324 2225 2373 cccxxxtx,
2256 2310 2310 2362 in
2349 2307 2471 2362 ldus
2499 2323 2761 2363 cccxcvu.
2794 2306 2849 2361 Si
2879 2322 3009 2380 ergo
3051 2308 3133 2363 vis
3160 2309 3331 2379 scire,
3368 2311 3516 2365 verbi

1940 2400 2132 2468 gratia,
2180 2412 2320 2452 anno
2355 2405 2639 2467 praesente,
2690 2406 2853 2467 quota
2883 2384 2968 2452 est
3014 2397 3138 2450 luna
3170 2398 3223 2451 in
3268 2387 3519 2455 Kalendis

1939 2486 2186 2557 Augusti,
2217 2485 2380 2539 dicito
2407 2503 2419 2537 :
2451 2484 2725 2554 Augustus
2760 2484 2815 2537 in
2863 2484 3114 2539 Kalendis
3144 2500 3337 2551 ccxm;
3382 2487 3519 2542 adde

1941 2579 2083 2633 diem
2104 2578 2457 2643 bissextilem,
2482 2579 2607 2646 quia
2638 2577 2907 2632 bissextus
2933 2577 3037 2631 hoc
3059 2592 3199 2632 anno
3223 2576 3341 2631 fuit.
3368 2580 3519 2636 Adde

1940 2680 1995 2726 et
2021 2672 2202 2726 lunam
2231 2674 2446 2727 tertiam
2475 2673 2762 2738 decimam,
2793 2687 2911 2738 quae
2940 2672 3040 2726 fuit
3061 2674 3113 2727 in
3160 2674 3411 2728 Kalendis
3434 2674 3521 2739 Ja-

1940 2766 2146 2831 nuarii;
2197 2764 2332 2819 ﬁunt
2371 2778 2618 2829 ccxxvu;
2669 2766 2927 2819 subtrahe
2975 2779 3161 2827 unum,
3213 2765 3335 2832 quia
3376 2764 3518 2819 diem

1939 2856 2300 2911 Kalendarum
2329 2853 2707 2908 Januariarum
2748 2854 2831 2908 bis
2886 2852 3251 2907 adnumerasti
3284 2853 3337 2906 in
3373 2854 3519 2922 prin-

1940 2949 2082 3019 cipio
2108 2947 2316 3002 dierum
2347 2946 2472 3000 anni
2510 2954 2564 3000 et
2594 2946 2647 2998 in
2686 2944 3037 2999 luminatiOne
3074 2945 3275 2999 mensis
3321 2942 3522 2998 Janua—

1942 3046 2025 3110 rii,
2073 3044 2210 3098 ﬁunt
2247 3058 2439 3107 ccxxv,
2469 3041 2673 3111 partire
2699 3052 2794 3110 per
2832 3038 2920 3095 ιη
2951 3056 2965 3095 :
3001 3049 3101 3094 ter'
3124 3055 3234 3103 ιη,
3261 3054 3475 3093 ccxxvu
3504 3044 3516 3092 ὲ

1946 3144 1999 3188 et
2027 3143 2309 3189 remanent
2353 3131 2787 3196 “vnn-recide
2829 3146 2931 3196 xx,
2972 3136 3029 3184 et
3076 3138 3353 3183 remanent
3392 3144 3424 3182 x
3464 3136 3521 3183 et

1945 3240 2042 3279 vrn
2074 3242 2086 3278 :
2115 3223 2241 3278 tolle
2264 3223 2616 3286 bIsseXtilem,
2645 3237 2803 3291 quem
2830 3222 2881 3275 in
2914 3220 3038 3275 luna
3063 3220 3345 3275 Februarii
3370 3235 3520 3274 men-

1946 3318 2022 3372 sis
2070 3310 2340 3380 addidisti,
2374 3324 2427 3369 et
2468 3323 2672 3369 restant
2720 3315 2903 3369 decem
2930 3322 2984 3368 et
3010 3322 3211 3383 septem
3243 3331 3255 3364 :
3294 3300 3518 3381 septima

1948 3407 2155 3462 decima
2181 3414 2265 3459 est
2288 3404 2415 3457 luna
2445 3418 2586 3457 anno
2613 3404 2866 3473 praesenti
2903 3402 2955 3456 in
2988 3402 3237 3455 Kalendis
3268 3401 3514 3471 Augusti.

1948 3497 2081 3551 Item
2114 3498 2161 3551 si
2198 3496 2280 3550 vis
2319 3496 2461 3550 scire
2476 3502 2647 3563 quota
2696 3494 2768 3547 sit
2804 3492 2937 3548 feria
2966 3493 3018 3545 in
3059 3491 3188 3561 ipsis
3230 3491 3519 3555 Kalendis,

1948 3589 2115 3643 dicito
2139 3606 2153 3641 :
2180 3589 2455 3659 Augustus
2477 3587 2529 3639 in
2557 3584 2829 3648 Kalendis,
2851 3577 3037 3649 ccx'm,
3057 3583 3313 3636 subtrahe
3334 3596 3525 3648 unum,

1948 3690 2004 3735 et
2034 3680 2169 3735 adde
2195 3680 2384 3733 feriam
2413 3690 2531 3747 quae
2568 3676 2667 3731 fuit
2693 3675 2747 3728 in
2781 3673 3033 3728 Kalendis
3060 3672 3320 3736 Januarii,
3349 3672 3402 3725 id
3420 3679 3526 3736 est;

270 3795 649 3847 concurrentes
680 3798 792 3848 SCX,
843 3780 978 3834 ﬁlim
1001 3776 1285 3839 undeCim;
1340 3771 1461 3826 ιοιίθ
1490 3778 1716 3839 septem.
1764 3781 1849 3820 νϐ’
1948 3774 2208 3841 primam;
2239 3770 2376 3825 adde
2395 3777 2449 3823 et
2469 3769 2609 3823 diem
2635 3766 2989 3831 bissextilem,
3017 3764 3151 3817 ﬁunt
3178 3764 3309 3818 item
3330 3778 3521 3829 ccxiv;

268 3886 488 3936 manent
518 3884 779 3948 quatuor:
813 3877 1004 3941 quarta
1034 3867 1167 3922 feria
1190 3872 1314 3919 sunt
1342 3860 1591 3945 Kalends;
1620 3858 1844 3913 Martia).

795 3984 1017 4040 CAPUT
1067 3980 1299 4036 LXXIV.

304 4064 677 4133 Argumentum
721 4058 784 4111 de
824 4055 949 4111 solis
978 4064 1024 4107 et
1050 4052 1189 4106 [unm
1214 4066 1373 4105 cursu
1405 4064 1496 4119 per
1520 4048 1630 4101 dies
1663 4048 1810 4100 anni.

344 4159 487 4213 Disc.
522 4151 776 4221 Nunquid
805 4148 948 4202 aliud
977 4152 1351 4216 argumentum
1390 4141 1457 4195 de
1483 4139 1686 4209 epactis
1712 4138 1850 4193 sola-

270 4248 421 4303 ribus
448 4242 656 4301 exstat?
685 4241 825 4296 MAG.
868 4237 1001 4293 Illud
1045 4236 1229 4304 utique
1269 4246 1367 4304 pro
1395 4238 1711 4302 argumento
1754 4244 1851 4298 po-

269 4345 407 4391 nunt
431 4334 572 4405 quod
612 4339 777 4402 quota
821 4329 995 4383 fuerat
1025 4325 1159 4382 feria
1207 4324 1260 4377 in
1290 4336 1431 4377 nono
1460 4320 1577 4374 Kal.
1612 4319 1809 4388 Aprilis
1832 4359 1846 4383 ,
1928 4376 1929 4379 η

270 4436 349 4482 tot
383 4404 765 4480 concurrentes
798 4426 955 4473 erunt
986 4430 1081 4485 per
1111 4411 1350 4484 singulos
1402 4424 1590 4465 annos.
1625 4408 1731 4462 Sed
1765 4404 1850 4461 est
1874 4436 1926 4497 Β

269 4525 426 4572 vetus
454 4520 825 4585 argumentum
857 4523 960 4561 non
1007 4503 1165 4560 modo
1205 4504 1270 4558 de
1312 4499 1673 4555 Kalendarum
1700 4538 1715 4564 ,
1756 4512 1850 4552 ve—
1874 4476 1924 4497 υ

272 4624 391 4665 rum
421 4614 476 4661 et
505 4608 569 4661 de
599 4599 960 4673 quorumlibet
992 4597 1097 4651 intr
1123 4611 1135 4625 ν
1169 4592 1436 4649 Kalendas
1465 4591 1674 4645 dierum
1721 4588 1845 4641 luna

270 4698 357 4753 vel
386 4697 519 4752 feria
564 4689 924 4763 dignoscenda
962 4694 1254 4757 repertum,
1303 4680 1597 4751 aliquando
1631 4678 1847 4747 quidem

235 4836 244 4845 .
273 4786 493 4857 gravius
540 4784 606 4838 ad
634 4780 967 4842 discendum,
1014 4775 1107 4831 sed
1139 4772 1403 4842 majorum
1434 4770 1588 4825 nobis
1614 4767 1850 4822 auctori-

275 4885 385 4932 tate
414 4873 793 4930 contraditum.
826 4869 880 4923 Si
928 4882 1055 4938 ergo
1097 4865 1180 4920 vis
1213 4864 1353 4919 scire
1382 4863 1484 4918 hoc
1511 4862 1595 4917 vel
1627 4861 1719 4915 illo
1760 4859 1849 4914 die

274 4978 439 5040 quota
474 4967 545 5021 sit
568 4966 715 5029 luna,
753 4969 1000 5029 computa
1030 4958 1143 5012 dies
1169 4971 1198 5010 a
1229 4954 1493 5025 principio
1521 4952 1721 5006 mensis
1753 4948 1847 5003 Ja-

276 5061 453 5117 nuarii
482 5072 649 5127 usque
698 5056 751 5108 in
783 5055 920 5108 diem
952 5051 1016 5105 de
1043 5064 1149 5117 quo
1176 5046 1421 5116 inquiris.
1456 5043 1521 5097 Et
1564 5056 1685 5096 cum
1713 5040 1850 5095 scie-

281 5157 359 5209 ris
382 5170 396 5218 ;
432 5152 567 5206 adde
593 5149 752 5203 etiam
784 5145 921 5198 luna:
946 5157 1063 5211 qua:
1091 5138 1251 5193 fuerit
1292 5136 1344 5189 in
1371 5132 1625 5188 Kalendis
1652 5128 1851 5184 Janua-

282 5244 409 5305 riis;
462 5239 661 5309 partire
710 5235 888 5289 omnia
916 5246 1009 5301 per
1051 5226 1438 5297 quinquaginta
1466 5234 1680 5283 novem,
1717 5225 1770 5272 et
1807 5217 1854 5271 si

280 5333 511 5403 amplius
575 5327 777 5399 triginti
830 5320 1238 5380 remanserint,
1305 5314 1429 5368 tolle
1488 5310 1739 5378 triginta;
1797 5316 1852 5361 et

283 5424 426 5498 quod
460 5432 719 5492 superest,
752 5421 863 5486 ipsa
890 5423 972 5468 est
1000 5414 1123 5465 luna
1154 5410 1259 5463 diei
1284 5422 1441 5477 quem
1476 5405 1691 5475 quieris.
1714 5403 1848 5456 Item

284 5495 331 5572 si
363 5516 444 5569 vis
474 5512 611 5567 scire
640 5510 741 5562 hoc
770 5506 853 5560 vel
880 5504 969 5556 illo
996 5502 1081 5555 die
1110 5506 1271 5568 quota
1314 5498 1381 5549 sit
1414 5495 1567 5555 feria,
1598 5500 1848 5559 computa

283 5611 401 5665 dies
450 5624 478 5661 a
520 5599 769 5657 Kalendis
815 5593 1084 5650 Januariis
1125 5603 1293 5658 usque
1343 5586 1397 5640 in
1447 5586 1586 5639 diem
1630 5583 1694 5637 de
1741 5596 1847 5649 quo

1948 3864 2151 3935 partire
2193 3862 2373 3915 omnia
2403 3874 2498 3929 per
2523 3866 2727 3927 septem
2774 3873 2787 3909 :
2821 3857 3004 3910 tricies
3052 3854 3278 3924 septeni,
3307 3869 3428 3918 cex,
3471 3862 3527 3907 et

1950 3962 2230 4009 remanent
2258 3959 2488 4022 quatuor
2523 3969 2535 4004 :
2572 3958 2767 4019 quarta
2798 3946 2934 4003 feria
2964 3954 3047 4001 est
3092 3946 3145 3999 in
3184 3944 3302 3999 Kal.
3343 3946 3525 4015 Augu-

1950 4053 2081 4100 stas.

2480 4132 2719 4189 CAPUT
2752 4130 2961 4186 LXXV:

2022 4251 2155 4305 Item
2188 4256 2552 4319 argumentum
2580 4262 2672 4316 per
2696 4244 2807 4298 dies
2834 4242 3024 4297 mensis
3054 4241 3118 4296 de
3146 4242 3326 4295 eadem
3359 4256 3430 4294 re.

2020 4365 2292 4436 Adjiciunt
2316 4372 2369 4417 et
2417 4361 2561 4415 aliud
2608 4368 2983 4430 argumentum
3018 4372 3116 4427 per
3164 4357 3277 4411 dies
3326 4356 3526 4410 mensis

2014 4459 2246 4514 cundum
2270 4455 2437 4510 solem
2466 4464 2519 4508 et
2548 4454 2843 4507 secundum
2870 4450 3049 4505 lunam
3076 4450 3167 4502 ita.
3194 4447 3253 4503 Si
3283 4449 3364 4503 vis
3386 4449 3525 4504 scire

1952 4560 2115 4623 quota
2148 4551 2217 4605 sit
2251 4549 2384 4603 feria
2404 4589 2418 4614 ,
2466 4547 2531 4601 de
2557 4536 2902 4614 quocunque
2929 4542 3016 4595 die
3044 4541 3314 4610 inquirere
3340 4540 3525 4594 volue-

1951 4646 2045 4707 ris,
2078 4644 2264 4713 accipe
2292 4641 2407 4697 dies
2455 4639 2623 4709 ipsius
2667 4635 2869 4694 mensis
2892 4631 3218 4703 prieteritos,
3261 4641 3315 4685 et
3360 4645 3524 4687 unum

1950 4750 2164 4807 semper
2187 4734 2461 4789 subtrahe.
2489 4731 2639 4787 Adde
2665 4741 2733 4801 ,ει
2761 4742 3043 4784 numerum
3073 4733 3234 4795 quota
3262 4722 3424 4778 fuerit
3450 4722 3526 4778 l'e-

1952 4831 2033 4884 ria
2067 4830 2120 4883 in
2151 4827 2406 4882 Kalendis
2439 4824 2606 4894 ipsius
2636 4810 2856 4885 mensis,
2889 4818 3090 4887 partire
3111 4814 3292 4869 omnia
3320 4826 3413 4883 per
3436 4828 3523 4867 se-

1948 4931 2115 4991 ptem,
2148 4928 2203 4973 et
2226 4925 2356 4987 quot
2384 4913 2762 4976 remanserint,
2794 4919 2903 4964 tota
2943 4907 3076 4961 feria
3106 4906 3210 4960 erit
3249 4904 3389 4959 illius
3419 4903 3523 4958 diei

1953 5016 2018 5069 de
2049 5028 2155 5083 quo
2189 5009 2441 5079 inquiris,
2469 5016 2524 5061 et
2548 5006 2671 5060 luna
2702 5002 2967 5059 similiter.
3002 4998 3059 5053 Si
3098 4999 3181 5053 vis
3206 4999 3344 5051 scire
3364 5010 3524 5065 quota

1951 5108 2077 5161 luna
2126 5115 2209 5159 est
2258 5105 2310 5157 in
2342 5113 2663 5169 unaquaque
2699 5096 2784 5151 die
2814 5093 3088 5165 prmsenti,
3134 5089 3323 5159 collige
3366 5086 3526 5141 simul

1954 5206 2171 5268 epactas
2199 5209 2319 5264 qua:
2362 5191 2582 5246 fuerunt
2626 5188 2677 5241 in
2724 5184 2980 5239 Kalendis
3008 5180 3205 5237 mensis
3238 5178 3525 5247 cujuscun-

1956 5305 2061 5361 que
2085 5287 2321 5343 volueris
2350 5294 2409 5338 et
2435 5284 2549 5337 dies
2575 5278 2775 5335 mensis
2804 5276 2943 5329 illius
2971 5287 3137 5343 usque
3186 5271 3239 5323 in
3285 5282 3520 5338 praesen—

1953 5359 2061 5439 tem
2094 5379 2392 5451 quamlibet
2423 5376 2595 5437 diem;
2650 5370 2856 5425 dimitte
2906 5379 3114 5435 semper
3171 5376 3369 5424 unum,
3420 5359 3523 5413 hoc

1952 5488 2051 5543 est,
2084 5449 2231 5529 illum
2259 5472 2400 5525 diem
2435 5465 2821 5528 Kalendarum,
2870 5459 2992 5527 quia
3022 5456 3170 5510 illum
3201 5449 3515 5521 computasti

1951 5588 2072 5628 cutn
2101 5565 2325 5636 epactis,
2353 5575 2421 5614 ne
2461 5558 2653 5611 iterum
2680 5545 2875 5609 debeas
2916 5555 3224 5617 computare
3253 5557 3373 5597 cum
3410 5539 3505 5592 die
