3948 6330
408 255 501 309 7H

1046 247 1107 301 Β.
1152 245 1398 301 RABANI
1439 244 1654 301 MAURI
1693 243 2004 300 ARCHIEP.
2047 241 2349 300 MOGU'NT.
2391 243 2671 300 OPERUM
2712 243 2886 299 PARS
2921 244 2958 297 l.

3534 246 3640 300 7i?

396 370 498 425 bus
529 365 726 421 mensis
756 381 769 417 :
799 370 853 418 et
880 362 924 417 si
956 361 1044 416 ille
1073 361 1271 416 mensis
1306 360 1632 414 tricesimam
1664 357 1842 411 lunam
1869 355 1960 409 de-
1989 363 2036 424 Α
2063 371 2186 410 vum
2224 355 2617 411 embolismum.
2664 355 2942 409 Hendecas
2980 370 3188 426 quoque
3225 357 3360 427 cycli
3404 356 3632 418 lunaris,

395 460 486 513 bet
510 457 729 518 habere,
777 453 984 508 dimitte
1010 452 1263 521 triginta;
1313 457 1406 502 aut
1453 449 1497 501 si
1525 446 1836 500 vicesimam
1883 458 1975 498 no-

401 561 523 600 nam
575 544 752 597 lunam
801 543 935 597 solet
979 541 1198 603 habere,
1250 537 1458 591 dimitte
1503 534 1688 604 viginti
1737 548 1969 586 novem:

401 643 595 703 quotus
623 647 880 686 numerus
910 628 1247 690 remanserit,
1284 633 1392 678 tota
1433 625 1536 678 erit
1567 631 1754 692 epacta
1788 624 1839 676 in
1885 622 1973 675 illa

400 726 503 780 die.
540 723 595 777 Si
627 731 804 776 autem
835 721 978 773 illum
1010 730 1291 771 numerum
1340 724 1675 783 cpactarum,
1705 729 1825 782 qua:
1853 728 1976 766 cur-

401 825 526 870 runt
555 816 607 868 in
654 812 901 866 Kalendis
940 808 1203 862 mensium
1235 815 1288 860 et
1318 806 1548 870 dierum,
1580 806 1844 859 mensium
1877 819 1976 856 nu—

400 921 583 959 merus
629 903 784 958 simul
831 915 933 954 non
965 899 1271 969 pervenerit
1319 897 1386 952 ad
1415 897 1634 968 triginta
1667 894 1748 948 vel
1785 892 1974 963 viginti

400 1008 613 1057 novem,
651 999 846 1062 quotus
872 1003 1128 1043 numerus
1159 986 1343 1051 fuerit,
1387 993 1500 1039 tota
1525 985 1631 1038 erit
1667 983 1790 1036 luna
1839 995 1974 1049 pra:-

400 1099 544 1138 SCIIS.

945 1192 1170 1249 CAPUT
1205 1191 1435 1246 LXXVI.

403 1334 478 1388 De
505 1333 670 1388 reditu
694 1342 741 1385 et
757 1340 993 1401 computo
1012 1325 1282 1447 ail'ticulrjri
1308 1332 1642 1390 utrarumque
1670 1325 1968 1388 epactarum

990 1413 1047 1447 so
1071 1413 1114 1447 τε
1139 1405 1184 1447 et
1235 1409 1369 1446 una'.

990 1405 1114 1449 δοιῡδ
1139 1405 1184 1448 ει
1215 1405 1369 1446 tuna'.

471 1532 614 1584 Disc.
648 1527 782 1594 Quia
813 1527 877 1581 de
897 1525 1099 1595 epactis
1127 1524 1254 1578 solis
1279 1533 1335 1577 et
1353 1522 1493 1576 lunae
1516 1537 1620 1575 non
1645 1534 1830 1589 parum
1855 1516 1967 1586 jam

401 1619 620 1682 dixisti,
669 1625 910 1685 superest
957 1623 1015 1668 u‘t
1050 1613 1316 1683 quomodo
1364 1609 1638 1665 articulari
1681 1609 1970 1677 digitorum

400 1720 650 1780 computo
680 1709 1001 1763 conveniant
1035 1707 1200 1762 dicas.
1245 1703 1384 1759 MAG.
1418 1702 1642 1770 Quidam
1673 1710 1875 1766 autem,
1902 1700 1970 1754 ob
1999 1702 2044 1760 Β

400 1801 773 1870 compendium
812 1796 1131 1862 calculandi,
1174 1795 1452 1864 utriusque
1496 1793 1686 1847 sideris
1725 1792 1966 1846 ordinem

397 1891 603 1950 circuli,
638 1899 691 1942 et
721 1889 914 1943 solaris
939 1887 1186 1942 videlicet
1208 1895 1262 1940 et
1289 1886 1512 1950 lunaris,
1553 1885 1883 1938 transferunt
1913 1883 1970 1936 in

400 1982 670 2036 articulos.
700 1979 834 2034 Nam
879 1980 1002 2047 quia
1056 1993 1246 2032 manus
1292 1978 1523 2030 humana
1581 1976 1835 2030 articulos
1869 1977 1966 2029 ha-

398 2074 488 2128 bet
517 2071 778 2140 adiunctis
809 2072 1073 2142 unguibus
1097 2070 1280 2124 decem
1302 2077 1355 2122 et
1381 2083 1592 2131 novem,
1633 2067 1858 2138 singulis
1885 2066 1971 2121 his

399 2164 636 2234 singulos
683 2172 929 2232 aptantes
974 2176 1160 2224 annos,
1205 2159 1446 2213 lunarem
1488 2173 1706 2213 cursum
1747 2159 1800 2212 in
1839 2157 1970 2212 lmva

400 2267 560 2305 manu
591 2251 916 2306 intrinsecus
954 2265 986 2303 a
1034 2249 1211 2304 radice
1254 2247 1464 2317 pollicis
1509 2247 1793 2323 incipiunt,
1835 2257 1890 2302 et
1917 2248 1971 2300 in

401 2357 576 2411 ungue
618 2343 840 2397 minoris
873 2342 1024 2412 digiti
1057 2338 1396 2396 intrinsecus
1433 2340 1682 2395 eumdem
1726 2353 1973 2394 consum-

401 2445 566 2487 mant.
601 2432 730 2486 item
765 2435 889 2502 quia
915 2447 1105 2486 manus
1138 2433 1278 2486 bina;
1303 2431 1580 2494 articulos,
1608 2432 1848 2500 exceptis
1873 2446 1974 2484 un-

401 2521 622 2592 guibus,
655 2521 853 2575 habent
881 2521 1068 2591 viginti
1102 2529 1244 2584 octo,
1275 2520 1360 2573 his
1385 2519 1624 2588 singulos
1659 2534 1828 2573 annos
1855 2519 1969 2572 sin-

403 2611 539 2682 gulis
561 2619 767 2681 aptant,
799 2612 1112 2666 inchoantes
1139 2625 1168 2663 a
1200 2609 1423 2663 minimo
1445 2608 1590 2662 laws:
1618 2608 1784 2679 digito
1803 2648 1817 2672 ,
1847 2619 1900 2662 et
1919 2609 1973 2662 in

402 2702 605 2754 dextrae
651 2700 839 2769 pollice
880 2699 1227 2768 complentes,
1273 2714 1380 2754 non
1419 2707 1478 2752 ut
1519 2699 1574 2751 in
1615 2697 1786 2752 lunari
1825 2698 1977 2768 cyclo

403 2793 643 2863 singulos
673 2809 735 2847 ex
767 2793 954 2848 ordine
984 2793 1178 2862 digitos
1199 2791 1568 2860 expedientes,
1597 2789 1688 2845 sed
1724 2789 1979 2844 ob'ratio—

401 2897 532 2935 nem
567 2882 885 2950 quadrantis
927 2897 1022 2952 per
1062 2889 1352 2950 quaternos
1387 2888 1752 2935 transversum
1787 2880 1979 2950 digitos

401 2971 812 3041 quadriennium
841 2987 1000 3026 omne
1021 2971 1317 3041 signantes,
1346 2971 1420 3025 ita
1445 2979 1506 3024 ut
1531 2970 1874 3025 minimorum
1895 2971 1977 3026 bis

403 3060 543 3113 terni
565 3059 777 3115 articuli
796 3061 1080 3131 digitorum
1103 3059 1322 3116 totidem
1343 3057 1646 3114 bissextiles
1670 3058 1979 3115 contineant
2005 3043 2049 3106 C

404 3165 594 3216 annos,
628 3151 752 3206 item
778 3151 1144 3222 proximorum
1173 3166 1203 3205 a
1225 3150 1463 3205 minimis
1489 3151 1571 3205 bis
1601 3151 1738 3205 terni
1766 3152 1976 3207 articuli

404 3242 689 3313 digitorum
710 3245 985 3312 proximos
1015 3244 1083 3298 ab
1115 3244 1200 3299 his
1229 3244 1396 3311 ternis
1425 3242 1675 3297 hissextis
1702 3258 1871 3299 annos
1894 3253 1976 3297 to-

404 3333 566 3388 tidem
606 3333 890 3403 explicent,
922 3334 1142 3388 secuudi
1181 3333 1428 3388 similiter
1453 3331 1725 3387 secundos
1753 3342 1808 3387 et
1834 3335 1978 3388 tertii

403 3422 553 3492 digiti
576 3423 761 3477 tertios
785 3423 1003 3478 totidem
1025 3438 1194 3479 annos
1218 3439 1369 3494 aequa
1391 3424 1601 3479 ratione
1619 3423 1978 3494 complectan-

405 3520 516 3576 tur,
540 3527 700 3582 porro
725 3513 983 3581 septimus
1005 3500 1296 3590 bissextilis
1318 3528 1437 3568 cum
1464 3513 1636 3568 tribus
1660 3529 1717 3569 se
1751 3528 1979 3584 sequen-

407 3603 547 3658 tibus
573 3605 729 3658 annis
751 3605 835 3660 bis
858 3595 1013 3660 binos
1035 3607 1138 3660 sibi
1157 3607 1407 3675 pollicum
1435 3607 1674 3662 vindicet
1700 3607 1976 3662 articulos.

404 3693 529 3748 Haec
570 3695 682 3749 sive
721 3697 822 3750 hoc
862 3695 976 3750 sive
1007 3696 1112 3751 alio
1143 3699 1372 3766 quisque
1418 3697 1520 3752 sibi
1565 3697 1857 3752 calculator
1892 3710 1982 3753 0r-

405 3785 590 3841 dinare
634 3785 860 3842 voluerit
895 3787 1071 3849 modo,
1105 3787 1458 3843 nihilominus
1497 3789 1755 3844 circulum
1781 3789 1981 3844 utrius-

406 3893 511 3946 que
569 3878 760 3933 sideris
796 3879 1024 3934 libenter
1061 3881 1275 3948 capient
1323 3894 1533 3934 manus.
1588 3878 1692 3934 Sed
1739 3880 1982 3934 inumera

408 3969 566 4038 hujus
592 3969 902 4040 disciplinae,
940 3972 1078 4026 sicut
1106 3981 1162 4026 et
1188 3981 1504 4028 ceterarum
1527 3973 1724 4028 artium
1747 4013 1762 4038 ,
1792 3974 1983 4029 melius

406 4060 540 4114 vivae
574 4061 721 4116 vocis
760 4061 993 4132 alloquio
1031 4077 1191 4131 quam
1234 4063 1357 4133 styli
1398 4064 1662 4136 signantis
1698 4064 1983 4120 traduntur

407 4151 601 4206 olllcio.

935 4263 1161 4322 CAPUT
1188 4264 1443 4320 LXXVII.

964 4392 1042 4448 De
1059 4393 1200 4464 cyclo
1219 4393 1416 4449 lunari.

483 4522 626 4577 Disc.
654 4521 798 4593 Cycli
823 4522 1025 4578 lunaris
1047 4523 1186 4590 volo,
1201 4531 1256 4578 et
1278 4524 1546 4582 inhianter
1565 4526 1740 4597 cupio,
1765 4542 1794 4580 a
1817 4535 1867 4580 te
1892 4543 1980 4582 ra-

415 4613 614 4668 tionem
666 4612 869 4667 audire.
927 4612 1065 4667 MAG.
1127 4613 1322 4684 Cyclus
1372 4631 1502 4685 ergo
1548 4616 1751 4671 lunaris
1795 4618 1981 4686 quinta

416 4693 634 4771 regione
669 4689 853 4754 circuli
881 4701 1365 4758 decennovennalis
1395 4704 1698 4768 includitur,
1732 4720 1761 4758 a
1790 4716 1984 4775 quarto

413 4790 529 4860 ejus
563 4791 844 4862 incipiens,
870 4801 926 4846 et
956 4793 1115 4847 tertio
1143 4793 1440 4863 completur
1470 4795 1522 4848 in
1547 4809 1718 4860 anno;
1744 4797 1833 4864 qui
1862 4811 1985 4864 pro-

413 4883 526 4951 prie
555 4881 914 4938 Romanorum
947 4892 1031 4937 est
1049 4923 1064 4948 ,
1096 4892 1152 4938 et
1180 4883 1246 4938 ad
1271 4898 1507 4938 mensem
1527 4882 1840 4938 Ianuarium
1867 4898 1988 4954 per-

345 5039 350 5045 _
417 4973 612 5026 tinens.
652 4972 787 5026 Nam
830 4975 969 5028 sicut
1023 4988 1194 5029 annus
1233 4972 1458 5042 quisque
1505 4973 1988 5030 decennovennalis

416 5061 602 5116 circuli
643 5069 862 5131 propter
909 5062 1130 5131 legalem
1173 5061 1520 5116 Hebraeorum
1558 5063 1988 5118 observationem

417 5167 446 5203 a
483 5151 719 5220 paschali
758 5166 942 5206 mense
974 5153 1218 5218 inchoat,
1247 5152 1551 5222 ibidemque
1588 5152 1800 5218 ﬁnitur,
1833 5154 1904 5207 ita
1933 5161 1989 5208 et

419 5245 505 5298 hic
526 5244 891 5299 Romanorum
932 5245 1264 5300 institutione
1302 5262 1331 5299 a
1359 5246 1480 5300 luna
1516 5246 1756 5302 Januarii
1784 5249 1984 5304 mensis

419 5335 657 5400 inchoat,
691 5343 854 5404 atque
895 5335 966 5389 ibi
1014 5334 1228 5389 desinit.
1287 5334 1436 5391 Sicut
1469 5338 1588 5402 ille,
1639 5341 1719 5394 sic
1761 5348 1817 5394 et
1861 5341 1984 5403 iste,

419 5426 648 5494 primum
693 5435 748 5482 et
800 5426 1096 5481 secundum
1145 5441 1454 5482 communes
1507 5443 1707 5493 annos,
1767 5429 1984 5483 tertium

422 5515 581 5570 habet
609 5517 1002 5584 embolismum,
1029 5528 1280 5589 quartum
1302 5528 1356 5573 et
1378 5520 1622 5588 quintum
1651 5532 1985 5576 communes.

425 5611 1070 5697 scxtumrembolismum,
1115 5613 1398 5682 septimum
1441 5629 1801 5680 communem,
1839 5623 1988 5670 octa-

2077 448 2246 502 instar
2286 447 2771 502 decennovennalis
2807 445 3012 511 circuli,
3054 456 3258 516 septem
3287 462 3457 501 annos
3487 461 3636 500 com-

2075 554 2263 594 munes
2291 548 2344 594 et
2391 547 2619 608 quatuor
2659 537 3003 592 embolismos
3034 541 3287 593 continet.
3340 539 3408 592 Et
3444 537 3642 592 habent

2075 643 2385 684 communes
2423 629 2546 682 anni
2589 641 2802 683 menses
2846 627 3059 682 lunares
3099 629 3402 693 duodecim,
3449 629 3502 683 id
3535 637 3640 691 est,

2077 723 2190 776 dies
2219 729 2490 776 trecentos
2519 721 2904 791 quinquaginta
2933 729 3180 788 quatuor,
3217 721 3513 776 embolismi
3544 737 3641 773 au-

2077 820 2182 867 tem
2223 827 2434 866 menses
2460 811 2736 876 tredecim,
2763 812 2876 865 dies
2899 811 3146 865 videlicet
3167 820 3436 868 trecentos
3458 822 3643 866 octua—

2075 902 2222 970 ginta
2254 909 2501 969 quatuor,
2536 912 2731 970 praeter
2761 917 2922 954 unum
2952 902 3209 956 duntaxat
3241 905 3524 973 septimum
3548 904 3642 956 de-

2075 993 2272 1044 cimum
2303 992 2437 1062 cycli
2468 991 2626 1059 hujus
2661 1006 2859 1045 annum
2879 1031 2894 1055 ,
2923 991 3012 1060 qui
3041 1001 3124 1046 est
3162 993 3649 1048 decennovennalis

2075 1082 2299 1149 primus,
2333 1083 2385 1134 in
2421 1098 2522 1150 qua
2562 1097 2699 1136 unus
2728 1083 2843 1137 dies
2884 1083 3089 1137 ratione
3121 1083 3289 1137 saltus
3319 1084 3524 1137 lunaris
3564 1085 3646 1136 in-

2076 1173 2266 1241 tercipi
2275 1182 2378 1226 tur.
2405 1172 2706 1227 Notandum
2731 1181 2911 1226 autem
2937 1173 3078 1242 quod
3101 1173 3308 1242 primus
3329 1173 3466 1243 cycli
3495 1173 3650 1225 luna-

2076 1263 2151 1316 ris
2179 1277 2351 1316 annus
2371 1264 2490 1318 idco
2513 1263 2566 1316 in
2586 1275 2780 1332 quarto
2801 1263 3278 1318 decennovennalis
3300 1262 3486 1317 circuli
3509 1278 3653 1315 anno

2075 1352 2279 1422 incipit,
2319 1354 2445 1422 quia
2482 1354 2712 1422 primam
2741 1354 2904 1408 habet
2932 1361 3058 1407 tunc
3099 1353 3278 1406 lunam
3306 1353 3358 1406 in
3398 1351 3653 1406 Kalendis

2073 1441 2358 1497 Ianuariis.
2399 1444 2466 1496 Et
2505 1444 2584 1497 sic
2617 1459 2716 1512 per
2742 1445 2952 1499 diversa
2981 1445 3096 1500 loca
3125 1445 3333 1499 caeteris
3363 1443 3520 1497 annis
3570 1441 3651 1496 ir:-

2079 1533 2311 1596 choans,
2353 1535 2568 1588 tandem
2619 1542 2755 1603 post
2799 1535 2984 1589 decem
3038 1545 3093 1590 et
3135 1550 3323 1591 novem
3375 1549 3548 1589 annos
3586 1536 3653 1589 ad

2078 1626 2326 1679 eumdem
2375 1624 2549 1680 locum
2580 1626 2889 1678 revertitur.

2577 1769 2802 1834 CAPUT
2847 1775 3119 1858 Lxxvut.

2466 1909 2838 1978 Argumentum
2873 1906 3075 1961 lunaris
3100 1909 3250 1977 cycli.

2141 2045 2286 2100 DISC.
2330 2042 2718 2114 Argumentum
2758 2039 2995 2109 ejusdem
3031 2040 3166 2110 cycli
3205 2039 3466 2109 exprime.
3507 2037 3644 2093 Hac.

2074 2135 2131 2191 Si
2155 2137 2239 2191 vis
2269 2150 2426 2190 nosse
2449 2133 2630 2205 cyclus
2649 2132 2788 2187 lunae
2811 2144 3074 2201 quantum
3102 2145 3300 2184 annum
3322 2139 3465 2200 agat,
3495 2145 3648 2184 sume

2074 2241 2248 2280 annos.
2280 2224 2512 2288 Domini,
2543 2231 2602 2278 ut
2641 2230 2770 2292 puta
2795 2236 3018 2276 ncccxx.
3060 2219 3156 2274 His
3198 2206 3454 2274 subtrahe
3497 2219 3646 2281 duos,

2074 2317 2196 2385 quia
2228 2315 2442 2386 quando
2480 2301 2737 2369 Dominus
2781 2313 3092 2368 incarnatus
3122 2318 3238 2375 est,
3283 2311 3388 2366 duo
3423 2311 3551 2365 anni
3587 2311 3651 2365 de

2075 2407 2224 2479 cyclo
2262 2405 2433 2461 lunari
2481 2405 2854 2460 remanserint.
2900 2401 3201 2457 Subtractis
3233 2418 3359 2472 ergo
3403 2402 3646 2466 duobus,

2075 2502 2358 2549 remanent
2392 2494 2683 2564 octingenti
2730 2494 2914 2548 decem
2946 2501 3001 2548 et
3022 2500 3162 2548 octo.
3197 2491 3304 2545 Hos
3330 2492 3534 2561 partire
3557 2506 3651 2560 per

2076 2585 2262 2640 decem
2281 2593 2337 2639 et
2362 2599 2590 2639 novem:
2621 2585 2940 2655 quadragies
2966 2585 3086 2639 deni
3117 2591 3171 2639 et
3198 2584 3410 2650 noveni,
3443 2599 3607 2638 ncccx
3633 2601 3648 2648 ;

2088 2675 2215 2728 item
2243 2685 2325 2728 ter
2355 2665 2477 2729 deni
2503 2682 2558 2728 et
2586 2675 2799 2739 noveni,
2827 2689 2946 2738 Lvi;
2980 2674 3072 2742 qui
3095 2673 3462 2743 superioribus
3480 2673 3650 2744 juncti

2078 2763 2283 2818 faciunt
2306 2778 2434 2819 nccc
2457 2772 2512 2818 et
2533 2779 2664 2830 xvu,
2687 2772 2740 2818 et
2765 2771 3008 2819 remanet
3030 2780 3168 2819 unus
3201 2781 3214 2816 :
3252 2765 3458 2835 primus
3481 2779 3654 2819 annus

2080 2867 2164 2912 est
2205 2855 2342 2927 cycli
2376 2855 2598 2912 lunaris.
2646 2855 2868 2922 Quoties
2907 2865 3086 2911 autem
3126 2855 3258 2910 nihil
3308 2857 3649 2922 remanserit,

2079 2959 2255 3001 nonus
2274 2945 2512 3002 decimus
2534 2957 2613 3002 est
2640 2960 2830 3000 annus.

2616 3099 2841 3155 CAPUT
2876 3099 3110 3154 LXXIX.

2079 3239 2451 3309 Argumentum
2489 3246 2647 3307 quota
2688 3237 2756 3293 sit
2802 3235 2928 3289 luna
2966 3237 3022 3289 in
3068 3234 3318 3291 Kalendis
3357 3236 3652 3292 Ianuariis.

2148 3374 2206 3430 Si
2235 3390 2362 3430 vero
2390 3375 2524 3430 velis
2562 3389 2719 3430 nosse
2743 3382 2905 3444 quota
2937 3373 3101 3429 fuerit
3133 3373 3252 3428 luna
3290 3373 3651 3430 Kalendarum

2076 3469 2476 3535 Ianuariarum,
2490 3469 2639 3523 verbi
2653 3469 2844 3537 gratia,
2863 3483 3003 3522 anno
3015 3465 3267 3536 praesenti
3280 3467 3652 3522 decennoven-

2078 3562 2189 3616 nali
2217 3569 2432 3631 quarto,
2471 3559 2646 3614 lunari
2687 3559 2882 3628 primo,
2925 3571 3077 3611 sume
3116 3556 3321 3628 cyclum
3364 3555 3504 3611 lunm
3543 3559 3653 3627 pri-

2079 3669 2257 3716 mum,
2291 3649 2586 3721 multiplica
2617 3663 2715 3718 per
2743 3647 3008 3702 undecim.
3041 3646 3306 3702 Undecies
3340 3661 3481 3702 unus
3519 3645 3659 3700 ﬁunt

2079 3745 2356 3812 undecim;
2399 3743 2536 3798 adde
2561 3757 2724 3795 unum
2758 3739 3076 3811 regularem,
3110 3739 3212 3794 hoc
3241 3746 3346 3803 est,
3372 3738 3512 3793 diem
3539 3736 3650 3791 Ka—

2080 3836 2360 3901 lendarum
2397 3830 2797 3895 Ianuariarum,
2829 3829 2965 3883 ﬁunt
2986 3828 3266 3883 duodecim
3294 3846 3306 3880 :
3335 3827 3652 3881 duodecima

2075 3923 2206 3976 luna
2247 3919 2349 3975 fuit
2382 3921 2436 3974 in
2472 3918 2722 3974 Kalendis
2761 3915 3050 3971 Ianuariis.
3087 3915 3220 3970 Item
3252 3915 3297 3970 si
3325 3915 3456 3970 velis
3491 3930 3652 3970 nosse

2080 4029 2222 4067 anno
2241 4011 2415 4079 lunari
2437 4011 2625 4080 quinto
2645 4015 2809 4079 quota
2839 4007 2910 4062 sit
2935 4007 3060 4061 luna
3089 4007 3142 4060 in
3166 4006 3419 4062 Kalendis
3443 4004 3650 4060 'Ianua-

2079 4105 2206 4169 riis,
2250 4101 2542 4172 multiplica
2577 4101 2813 4170 quinque
2854 4114 2951 4170 per
2999 4098 3279 4163 undecim,
3314 4097 3448 4152 ﬁunt
3493 4098 3651 4168 quin-

2080 4197 2337 4268 quaginta
2379 4194 2652 4264 quinque;
2700 4191 2835 4246 adde
2873 4205 3039 4245 unum
3078 4205 3294 4261 semper
3325 4190 3650 4261 regularem,

2082 4287 2218 4342 ﬁunt
2249 4283 2636 4357 quinquaginta
2664 4297 2794 4348 sex;
2835 4281 3037 4351 partire
3061 4295 3161 4350 per
3189 4281 3405 4352 triginta
3424 4321 3440 4346 ,
3480 4295 3654 4336 rema-

2007 4390 2059 4449 D
2085 4388 2216 4435 nent
2238 4379 2426 4450 viginti
2468 4393 2564 4432 sex
2599 4395 2611 4431 :
2643 4376 2898 4431 vicesima
2932 4383 3082 4431 sexta
3115 4382 3198 4429 est
3223 4374 3348 4429 luna
3378 4375 3430 4428 in
3461 4373 3656 4429 Kalen-

2087 4471 2171 4525 dis
2206 4468 2475 4524 Ianuariis
2505 4483 2646 4523 anno
2681 4467 2869 4537 quinto
2907 4467 3043 4538 cycli
3083 4467 3303 4522 lunaris.
3339 4465 3477 4522 item
3505 4481 3655 4522 sume

2086 4567 2292 4630 septem
2317 4597 2333 4625 ,
2385 4557 2676 4627 multiplica
2721 4572 2818 4626 per
2859 4557 3106 4611 undecim
3134 4596 3149 4622 ,
3207 4556 3340 4610 ﬁunt
3383 4555 3655 4626 octoginta

2086 4659 2210 4706 octo
2235 4665 2249 4715 ;
2282 4649 2418 4704 adde
2447 4663 2613 4703 unum
2638 4647 2959 4719 regularem,
2991 4655 3047 4702 et
3069 4646 3269 4717 partire
3289 4661 3386 4715 per
3413 4645 3652 4715 triginta,

2088 4747 2365 4795 remanent
2394 4737 2580 4809 viginti
2629 4753 2823 4793 novem
2870 4755 2882 4790 :
2929 4737 3182 4792 vicesima
3232 4752 3372 4791 nona
3409 4743 3494 4791 est
3531 4735 3655 4788 luna

2091 4833 2145 4886 in
2178 4831 2430 4886 Kalendis
2453 4845 2613 4900 supra
2649 4829 2866 4898 scriptis
2887 4844 3028 4882 anno
3051 4828 3182 4899 cycli
3213 4827 3417 4881 lunaris
3440 4832 3652 4880 octavo.

2093 4925 2325 4979 Tantum
2351 4937 2556 4978 memor
2585 4929 2702 4977 esto
2739 4920 2951 4976 decimo
2988 4920 3244 4989 septimo,
3287 4925 3478 4972 octavo
3507 4913 3652 4970 decio

2093 5019 2216 5083 mo',
2277 5023 2332 5070 et
2377 5015 2583 5070 decimo
2619 5025 2773 5068 ‘nono
2823 5011 2958 5083 cycli
2999 5010 3277 5065 memorati
3322 5023 3496 5071 anno,
3549 5020 3654 5061 non

2093 5102 2378 5174 unum,'ut
2417 5112 2470 5161 in
2513 5106 2750 5177 reliquis,
2791 5106 2886 5160 sed
2923 5105 3056 5159 duos
3085 5103 3316 5173 adjicere
3340 5099 3651 5171 regulares:

2092 5210 2148 5255 et
2175 5197 2354 5254 lunam
2389 5197 2749 5253 Kalendarum
2787 5194 3156 5250 Ianuariarum
3191 5193 3308 5247 sine
3343 5202 3526 5247 errore
3569 5201 3653 5242 re-

2088 5292 2283 5363 peries.
