3948 6334
204 291 310 347 713

753 397 977 454 CAPUT
1013 395 1222 451 LXXX.

513 533 592 590 De
613 544 802 600 quarta
829 535 1028 590 decima
1053 535 1176 586 luna
1211 531 1467 603 paschali.

276 670 425 726 Disc.
453 665 607 722 Nunc
623 665 758 736 jam,
791 631 845 724 iii
873 666 1045 731 fallor,
1080 665 1228 720 locus
1248 665 1451 735 expetit
1470 673 1525 720 et
1549 664 1684 719 ordo
1715 673 1775 719 ut

195 763 271 818 de
306 768 502 832 quarta
527 760 736 816 decima
779 761 902 816 luna
938 759 1150 830 pascha:
1189 759 1357 824 dicas,
1391 773 1510 828 quae
1537 767 1784 814 nostrum

199 850 414 906 Pascha
453 850 808 905 demonstrat.
857 850 996 906 Mtc.
1025 849 1191 921 Igitur
1237 850 1311 904 ita
1351 859 1436 905 est
1461 859 1521 904 ut
1560 849 1780 905 asseris.

201 941 408 997 Sextus
462 940 731 1012 saepedicti
792 940 978 997 circuli
1037 940 1186 996 locus
1229 941 1575 1011 amplectitur
1630 941 1786 995 lunas

197 1040 432 1102 quartas
468 1033 706 1088 decimas
745 1031 908 1101 primi
948 1032 1186 1097 mensis,
1223 1031 1418 1102 quibus
1459 1040 1671 1089 veteres
1700 1047 1786 1088 se-

197 1117 440 1177 cundum
473 1122 644 1194 legem
687 1121 856 1193 Moysi
891 1121 1094 1179 Pascha
1128 1121 1506 1190 celebrabant;
1547 1124 1785 1194 ipsaeque

195 1212 428 1269 Pascha
468 1214 681 1268 Domini
721 1212 865 1268 diem
908 1213 1157 1284 singulist
1182 1215 1337 1268 annis
1380 1213 1582 1284 absque
1633 1214 1782 1270 omni

198 1308 560 1378 ambiguitate
597 1307 974 1362 demonstrant
1009 1306 1349 1362 Christianis.
1390 1306 1633 1378 Namque
1661 1316 1784 1378 post

197 1410 456 1471 quartam
500 1399 762 1456 decimam
813 1400 995 1453 lunam
1041 1398 1319 1454 Dominica
1353 1398 1469 1455 dies
1521 1401 1781 1466 occurrit,

197 1493 320 1562 ipsa
373 1500 459 1546 est
502 1489 773 1560 paschalis
823 1490 1116 1545 Dominicie
1178 1490 1593 1546 resurrectionis
1644 1491 1779 1547 dies.

195 1583 333 1651 Quae
372 1583 588 1652 quidem
629 1590 822 1651 quarta
862 1581 1068 1636 decima
1103 1581 1227 1654 luna
1259 1580 1488 1651 primum
1521 1581 1576 1635 in
1615 1569 1782 1651 aequi»

195 1676 408 1737 uoctio,
441 1675 491 1728 id
525 1684 628 1738 est,
659 1658 715 1728 in
751 1672 1067 1729 duodecima
1101 1672 1459 1727 Kalendarum
1493 1673 1778 1743 Aprilium,

1473 283 1674 339 LIBER
1716 281 1802 337 DE
1840 281 2178 339 COMPUTO.

1813 395 2084 462 Amirum
2137 394 2421 450 undecimo
2479 392 2833 450 Kalendarum
2887 412 3047 468 supra
3099 408 3454 470 scriptarum,

3360 288 3459 344 7H

1887 487 2025 539 sicut
2064 501 2206 554 saepe
2249 483 2450 540 dictum
2483 494 2585 548 est,
2630 488 2881 556 proprius
2911 498 2993 543 est
3040 492 3276 545 omnium
3314 493 3460 548 locus

1885 580 2215 646 cpactarum.
2255 575 2350 630 Sin
2397 585 2578 631 autem
2617 578 2898 646 pauciores
2946 587 3073 633 sunt
3117 591 3335 650 epactae,
3383 585 3461 639 di-

1886 668 2062 721 mittat
2083 683 2176 722 eas
2205 683 2451 724 crescere
2482 684 2580 739 per
2611 669 2726 724 dies
2755 684 2924 738 usque
2950 671 3075 725 dum
3097 681 3345 742 quartum
3372 663 3464 730 de—

1885 759 2084 814 cimum
2118 759 2380 830 impleant
2403 777 2719 828 numerum;
2754 763 2907 817 etihl
2933 778 2993 817 se
3028 763 3209 819 lunam
3242 766 3462 822 Pascha:

1885 863 2136 924 quartam
2172 855 2439 910 decimam
2470 855 2671 911 habere
2695 871 2802 911 non
2836 855 3062 910 dubitet.
3096 857 3264 912 Porro
3281 859 3460 928 plures

1886 947 2239 1017 quindenario
2283 964 2510 1009 numero
2556 949 2602 1003 si
2647 951 2896 1005 habuerit
2954 960 3202 1022 epactas,
3261 961 3317 1008 et
3366 954 3462 1008 has

1886 1055 2059 1110 usque
2083 1042 2151 1096 ad
2175 1041 2512 1096 tricesimum
2539 1054 2839 1104 numerum,
2873 1042 2927 1096 id
2955 1051 3052 1106 est,
3087 1043 3253 1114 ipsius
3277 1046 3460 1099 termi-

1884 1147 2017 1188 num
2056 1132 2281 1199 mensis,
2315 1148 2412 1202 per
2450 1131 2566 1192 dies
2589 1146 2834 1187 crescere
2867 1133 3026 1187 sinat.
3069 1135 3132 1188 Et
3160 1135 3238 1190 sic
3263 1151 3293 1189 a
3326 1151 3460 1190 nova

1886 1225 2011 1278 iuna
2051 1224 2330 1290 inchoans,
2386 1236 2549 1294 atque
2587 1224 2866 1294 usquead
2908 1234 3155 1294 quartam
3201 1228 3463 1299 decimam

1885 1329 1955 1369 ex
1977 1311 2173 1370 ordine
2197 1330 2542 1386 percurrens,
2575 1317 2717 1382 diem
2750 1316 2890 1372 votis
2915 1317 3260 1387 paschalibus
3282 1329 3463 1388 aptum

1887 1413 1991 1467 rite
2016 1412 2265 1481 reperiet.
2307 1410 2415 1467 Sed
2445 1421 2497 1468 et
2531 1409 2639 1487 hoc.
2671 1412 2964 1466 notandum
2994 1413 3117 1482 quia
3151 1423 3345 1482 quarta
3377 1415 3468 1468 de~

1887 1500 2027 1554 cima
2055 1499 2178 1555 luna
2198 1542 2212 1566 ,
2243 1501 2286 1555 si
2319 1501 2622 1576 communis
2650 1509 2735 1556 est
2759 1516 2967 1565 anuus,
3000 1503 3244 1558 undecim
3277 1504 3466 1558 diebus

1885 1591 2067 1660 prius;
2111 1591 2154 1646 si
2185 1607 2310 1646 vero
2336 1592 2706 1666 embolismus,
2747 1593 2928 1647 decem
2964 1602 3019 1648 et
3059 1608 3251 1649 novem
3282 1596 3469 1651 diebus

1887 1684 2098 1740 tardius
2120 1701 2281 1755 quam
2303 1686 2642 1756 praecedente
2667 1701 2810 1741 anno
2836 1688 3125 1742 transierat
3149 1702 3363 1757 semper
3386 1703 3468 1743 re-

195 1767 447 1820 ultimum
493 1765 748 1819 vicesimo
792 1766 917 1819 anni
946 1765 1015 1819 ab
1044 1764 1170 1819 hinc
1201 1764 1306 1829 die,
1346 1765 1398 1820 id
1437 1773 1544 1830 est,
1588 1776 1783 1835 quarta
1813 1765 1860 1823 B
1888 1778 2004 1833 dire
2034 1779 2330 1841 consuevit,
2378 1785 2604 1848 excepto
2632 1794 2738 1832 uno
2777 1778 3042 1833 duntaxat
3074 1778 3248 1849 primo
3285 1779 3466 1833 circuli

195 1857 410 1911 decima
456 1855 818 1911 Kalendarum
861 1855 1152 1920 Maiarum,
1193 1871 1346 1910 suum
1394 1854 1616 1924 vespere
1663 1873 1787 1926 pro-

195 1962 414 2002 cessum
437 1948 489 2000 in
519 1948 679 2001 terris
701 1947 957 2001 ostendit.
989 1945 1194 2013 Quibus
1218 1947 1462 2001 terminis
1493 1963 1588 2018 per
1614 1964 1785 2004 annos

196 2039 370 2094 denos
419 2046 474 2093 et
505 2049 766 2093 'novenos
804 2037 966 2109 legali
1012 2045 1251 2107 tempore
1286 2039 1558 2106 paschalis
1598 2041 1787 2094 obser-

196 2117 400 2184 vantia:
433 2129 708 2184 discursus
755 2138 969 2184 constat
1007 2145 1126 2184 esse
1165 2130 1601 2198 comprehensus.
1634 2131 1700 2184 Et
1739 2132 1785 2186 si

200 2221 324 2277 ﬁeri
347 2222 520 2293 possit
546 2229 604 2276 ut
638 2223 826 2277 eadem
861 2223 1111 2277 omnibus
1138 2222 1294 2277 annis
1321 2223 1531 2277 sabbati
1554 2224 1638 2277 die
1661 2223 1788 2277 luna

193 2324 395 2384 quarta
444 2315 654 2370 decima
703 2304 1036 2385 contigisset,
1085 2314 1217 2370 nihil
1267 2324 1464 2370 nostra:
1515 2316 1786 2391 paschalis

195 2406 563 2465 observantiae
588 2396 800 2475 témpus
828 2421 858 2459 a
890 2405 1046 2476 legali
1069 2405 1420 2475 discreparet.
1446 2404 1579 2460 Nam
1606 2415 1660 2460 et
1682 2406 1786 2475 ipsi

189 2498 356 2568 juxta
399 2497 532 2567 legis
567 2496 746 2551 edicta
775 2511 990 2565 semper
1018 2504 1210 2566 quarta
1233 2492 1438 2551 decim'a
1468 2495 1592 2549 luna
1621 2496 1785 2564 primi

198 2587 408 2641 mensis
431 2587 498 2640 ad
528 2601 806 2656 vesperam
839 2585 1177 2640 immolantes
1205 2594 1259 2640 et
1287 2584 1634 2641 comedentes
1660 2587 1783 2655 agni

195 2666 465 2732 immolati
493 2692 712 2731 carnem
732 2717 747 2742 ,
783 2676 1204 2747 sanguinemque
1241 2675 1384 2729 illius
1421 2677 1488 2730 ad
1520 2675 1783 2744 repellen-

197 2769 334 2824 dum
377 2770 853 2842 exterminatorem
897 2768 1096 2823 nostris
1133 2768 1376 2838 postibus
1419 2777 1783 2837 aspergentes,

199 2861 257 2916 id
290 2870 397 2926 est,
426 2861 680 2930 baptismi
707 2868 763 2915 et
793 2859 1126 2930 paschalium
1156 2859 1493 2914 celebrantes
1520 2859 1783 2914 solemnia

198 2951 517 3016 missarum,
553 2951 849 3022 spiritalem
881 2966 1254 3021 superaremus
1283 2951 1598 3022 Egyptum,
1624 2961 1787 3021 atque

200 3040 556 3096 illucescente
609 3057 765 3096 mane
813 3043 866 3096 in
921 3043 1044 3096 luna
1090 3043 1275 3112 quinta
1329 3043 1532 3097 decima
1584 3043 1787 3098 mensis

1887 1869 2375 1924 decennovennalis
2415 1885 2595 1935 anno,
2650 1870 2704 1923 in
2749 1885 2894 1940 quo,
2935 1880 3156 1940 propter
3187 1870 3467 1936 rationem

1885 1961 2058 2016 saltus
2091 1962 2328 2024 lunaris,
2361 1963 2642 2018 duodecim
2674 1963 2865 2018 diebus
2896 1964 3214 2018 annotinum
3246 1979 3463 2018 cursum

1887 2069 2209 2124 percurrere
2236 2054 2388 2108 solet.
2426 2054 2722 2121 Quaerenda
2745 2063 2828 2108 est
2850 2053 3014 2124 igitur
3041 2055 3294 2109 nativitas
3331 2054 3470 2108 lunae

1888 2155 2095 2214 quartae
2139 2146 2360 2200 decimae
2391 2145 2457 2198 ab
2492 2153 2685 2200 octavo
2727 2145 2912 2200 Iduum
2959 2145 3270 2200 Martiarum
3301 2159 3470 2214 usque

1889 2239 1944 2292 in
1968 2235 2152 2293 Nonas
2173 2237 2393 2307 Aprilis,
2415 2253 2534 2307 qua:
2552 2237 2722 2306 primi
2744 2237 2948 2292 mensis
2973 2251 3230 2293 novorum
3259 2236 3470 2291 initium

1885 2329 2140 2383 ostendit.
2173 2327 2214 2381 A
2245 2327 2563 2385 duodecimo
2588 2343 2718 2382 vero
2734 2328 2858 2388 .Kal.
2891 2327 3091 2398 Aprilis
3119 2342 3287 2397 usque
3309 2343 3469 2398 quar-

1889 2427 2001 2473 tum
2036 2419 2300 2472 decimum
2338 2418 2456 2472 Kal.
2503 2418 2654 2481 Maii,
2699 2421 2750 2472 in
2790 2434 3112 2489 quacunque
3141 2428 3334 2488 quarta
3376 2421 3467 2476 de-

1888 2509 2028 2563 cima
2069 2508 2193 2563 luna
2236 2508 2552 2571 occurrerit,
2597 2509 2713 2578 ipsa
2755 2507 2820 2562 ad
2851 2508 3266 2566 celebrationem
3297 2512 3469 2565 sancti

1885 2598 2108 2654 Pascha:
2135 2604 2409 2670 perducet.

2407 2730 2634 2786 CAPUT
2672 2731 2810 2786 LXX
2821 2731 2927 2788 XII.

2310 2837 2441 2892 Item
2480 2837 2628 2893 aliud
2665 2849 3049 2910 argumentum.

1957 2948 2054 3004 Est
2089 2948 2252 3003 etiam
2290 2949 2392 3003 alia
2435 2951 2575 3023 ratio
2618 2951 2852 3020 qualiter
2895 2951 3159 3007 terminus
3198 2953 3465 3021 paschalis

1890 3040 2119 3095 inveniri
2140 3042 2330 3111 possit.
2361 3042 2584 3097 Martius
2609 3044 2775 3098 habet
2802 3043 3080 3114 regulares
3110 3044 3331 3116 triginta.
3351 3059 3466 3108 sex,

199 3138 445 3209 ejusdem
459 3139 692 3209 primum
707 3155 1018 3211 azymorum
1040 3139 1177 3194 diem
1199 3139 1540 3203 intraremus,
1558 3149 1788 3210 septem-
1813 3115 1859 3178 (ἶ
1875 3131 2090 3202 Aprilis
2110 3133 2329 3202 triginta
2354 3133 2609 3204 quinque.
2641 3133 2696 3188 Si
2722 3135 2803 3190 vis
2833 3135 3073 3193 invenire
3104 3115 3389 3190 terminum
3412 3136 3469 3191 in

199 3245 314 3299 que
369 3229 484 3284 dies
539 3228 780 3298 ejusdem
833 3228 1168 3285 celebritatis
1226 3230 1489 3300 legitimos
1540 3247 1570 3284 a
1630 3247 1788 3287 mane

197 3322 380 3392 quinti
415 3321 610 3382 decimi
639 3323 742 3376 diei
770 3337 939 3392 usque
967 3323 1018 3376 in
1047 3337 1328 3391 vesperam
1361 3309 1598 3376 vicesimi
1628 3324 1788 3394 primi

199 3415 411 3486 mensis
441 3415 631 3483 ipsius,
663 3415 715 3468 id
755 3424 838 3469 est
858 3455 872 3480 ,
905 3430 933 3466 a
961 3413 1246 3469 Dominico
1274 3413 1496 3469 Pascha:
1533 3429 1702 3483 usque
1732 3415 1784 3469 in

203 3506 543 3561 Dominicum
603 3515 853 3561 octavum
913 3506 1134 3560 Pascha:
1201 3505 1380 3560 debita
1439 3505 1787 3560 veneratione

200 3600 764 3672 cOmpleremuered
793 3601 1050 3672 quoniam
1081 3600 1219 3656 lunae
1245 3601 1360 3655 dies
1398 3602 1584 3686 eadem
1613 3601 1788 3655 diver-

199 3702 296 3749 sas
331 3694 647 3764 septimanae
679 3695 984 3750 devolvitur
1018 3695 1069 3749 in
1119 3693 1310 3772 ferias,
1347 3694 1400 3748 id
1434 3703 1548 3758 est,
1599 3703 1657 3748 ut
1694 3695 1786 3763 qui

197 3793 426 3854 propter
449 3784 898 3840 resurrectionem
924 3785 1096 3848 nostri
1119 3785 1492 3854 Redemptoris
1520 3786 1574 3840 in
1587 3785 1787 3851 ,Domi-

201 3878 388 3932 nicum
411 3878 554 3932 diem
581 3877 803 3933 Pascha:
835 3879 1046 3933 initium
1076 3878 1652 3943 reservaredocemur,
1690 3877 1788 3930 ali-

198 3968 418 4038 quoties
453 3976 636 4023 nostra
675 3969 940 4024 festivitas
969 3969 1201 4038 septimo
1231 3977 1351 4037 post
1379 3968 1628 4039 legalium
1660 3983 1788 4037 azy-

201 4045 420 4113 morum
456 4059 735 4113 exordium
764 4059 850 4115 die
876 4057 1063 4114 sumat
1085 4059 1410 4129 ingressum.
1445 4057 1561 4113 Non
1604 4068 1785 4113 tamen

202 4163 448 4219 unquam
463 4149 748 4220 contingat
768 4158 826 4204 ut
848 4163 952 4204 non
974 4157 1156 4204 nostra
1179 4149 1492 4204 solemnitas
1513 4150 1786 4220 paschalis

199 4237 441 4308 aliquem
465 4237 714 4307 legalium
739 4238 961 4294 Pascha!
983 4240 1213 4305 dierum,
1245 4255 1386 4310 saepe
1409 4249 1586 4295 autem
1610 4241 1786 4295 omnis

201 4330 351 4383 intra
379 4344 444 4384 se
467 4329 876 4398 complectatur.
1632 4322 1637 4327 ’

737 4459 965 4516 CAPUT
1012 4460 1246 4514 LXXXI.

349 4570 722 4638 Argumentum
750 4570 813 4623 de
843 4569 1023 4622 eadem
1054 4568 1179 4623 [una
1209 4581 1394 4641 quarta
1421 4573 1638 4626 decium.

280 4680 424 4735 DISC.
464 4680 596 4734 Cum
637 4691 843 4751 quartae
875 4682 1097 4736 decima:
1133 4683 1270 4737 luna:
1309 4685 1568 4739 rationem
1605 4684 1784 4749 dares,

203 4767 464 4842 exspecto
519 4775 661 4842 quod
710 4773 1041 4842 argumentis
1093 4789 1211 4828 eam
1259 4775 1581 4843 comprobes
1627 4783 1786 4843 atque

195 4864 518 4920 conﬁrmes.
561 4865 697 4922 MAG.
757 4866 996 4934 Denique
1049 4865 1364 4933 multiplicia
1410 4867 1531 4920 inde
1571 4874 1788 4920 exstant

205 4961 548 5023 argumenta.
582 4953 686 5008 Sed
713 4954 946 5023 primum
967 4954 1577 5024 oportetcalculatorem
1603 4970 1789 5024 quem-
1825 4996 1838 5006 .

207 5059 318 5111 que
359 5044 588 5113 peritum
637 5055 858 5114 quartas
897 5047 1131 5100 decimas
1171 5045 1324 5100 lunas
1365 5047 1520 5115 primi
1565 5049 1789 5108 mensis.

207 5137 352 5189 sicut
390 5143 444 5191 et
474 5144 690 5203 epactas
732 5134 869 5189 lunm
903 5152 1137 5198 annuas,
1184 5136 1417 5190 retinere
1456 5150 1785 5190 memoriter.

207 5227 319 5282 Sed
348 5237 402 5282 et
432 5228 475 5281 si
507 5228 627 5294 quis
657 5228 753 5281 has
777 5242 990 5295 quoque
1016 5235 1331 5296 argumento
1371 5228 1612 5280 invenire
1643 5233 1787 5280 Gesn-

207 5320 385 5384 derat,
419 5319 598 5376 videat
626 5329 757 5388 quot
787 5321 895 5374 sint
938 5329 1137 5388 epactas
1185 5319 1402 5374 lunares
1432 5319 1555 5373 anni
1605 5317 1785 5386 cujus-

210 5426 426 5481 cunque
453 5422 766 5483 computare
805 5413 1050 5468 voluerit.
1088 5414 1154 5468 Et
1193 5414 1237 5468 si
1265 5415 1478 5485 quidem
1523 5425 1786 5485 quatuor-

210 5500 388 5556 decim
427 5500 510 5555 vel
556 5503 858 5571 quindecim
910 5512 1052 5567 sunt,
1103 5504 1382 5558 undecima
1429 5504 1785 5559 Kalendarum

212 5591 478 5660 Aprilium
511 5591 592 5644 vel
623 5593 934 5646 duodecima
965 5593 1323 5648 Kalendarum
1354 5597 1664 5650 earumdem
1703 5596 1789 5650 die

211 5690 464 5754 quartam
497 5683 756 5738 decimam
788 5685 966 5737 lunam
996 5686 1179 5739 venire
1211 5694 1512 5754 cognoscat.
1545 5686 1680 5750 Quia
1708 5685 1788 5736 ni-

463 5773 736 5834 pATROL.
794 5774 981 5834 CVII.

1812 4463 1862 4521 D

1814 4505 1859 4546 τ’
1894 4515 2175 4559 remanent.
2201 4505 2387 4572 viginti
2424 4505 2529 4558 duo
2562 4523 2574 4556 :
2610 4505 2863 4558 vicesima
2892 4506 2976 4557 die
3009 4506 3239 4559 secunda
3266 4506 3470 4560 mensis

1890 3223 2084 3280 Martio
2117 3232 2211 3279 aut
2245 3225 2458 3295 Aprile,
2485 3226 2754 3284 subtrahe
2778 3227 2843 3281 de
2875 3227 3008 3296 ipsis
3035 3227 3373 3300 regularibus
3415 3229 3469 3283 in

1889 3331 1996 3384 quo
2042 3330 2226 3370 mense
2275 3331 2306 3370 e
2356 3317 2564 3371 duobus
2599 3305 2914 3386 computare
2949 3318 3027 3372 vis
3063 3327 3311 3388 epactam
3349 3335 3470 3390 qua:

1889 3406 2077 3461 eodem
2105 3421 2246 3461 anno
2273 3407 2475 3471 currit;
2508 3416 2561 3461 et
2583 3407 2626 3460 si
2653 3407 2772 3476 plus
2801 3408 3017 3478 triginta
3046 3408 3318 3476 habueris,
3342 3411 3468 3467 tolle

1888 3500 2050 3552 etiam
2087 3499 2336 3568 triginta;
2364 3508 2422 3553 et
2448 3499 2636 3567 quanti
2676 3498 3066 3568 superfuerunt,
3102 3499 3469 3558 totidem‘dies

1891 3589 2028 3643 infra
2070 3590 2243 3662 ipsum
2274 3604 2514 3644 mensem
2548 3588 2772 3642 habebis
2795 3589 3106 3664 terminum.
3145 3589 3304 3645 Verbi
3340 3605 3466 3663 gra-

1889 3681 1964 3734 tia
2003 3699 2014 3733 :
2053 3696 2195 3734 anno
2230 3681 2478 3748 praesenti
2525 3681 2790 3735 terminus
2813 3680 3087 3750 paschalis
3118 3679 3228 3736 fuit
3275 3692 3470 3752 quarto

1889 3770 2029 3826 Non.
2057 3770 2288 3841 Aprilis;
2317 3771 2522 3825 mensis
2543 3770 2744 3840 Aprilis
2768 3771 2930 3826 habet
2953 3771 3467 3843 regulares'triginta

1888 3864 2124 3939 quinque
2159 3881 2170 3914 :
2204 3861 2327 3915 tolle
2352 3877 2416 3916 ex
2446 3861 2530 3916 his
2561 3869 2806 3930 epactam
2833 3877 2952 3930 qua:
2982 3863 3082 3917 hoc
3106 3876 3246 3918 anno
3286 3870 3386 3928 est,
3417 3861 3468 3915 id

1885 3964 1972 4009 est
2007 3962 2138 4018 tres,
2172 3965 2224 4009 et
2257 3965 2538 4009 remanent
2575 3956 2796 4026 triginta
2837 3957 2974 4020 duo;
3008 3957 3194 4026 recide
3227 3958 3464 4027 triginta,

1887 4056 1941 4101 et
1970 4055 2179 4102 restant
2206 4047 2312 4101 duo
2338 4066 2349 4099 :
2382 4050 2616 4102 secunda
2655 4049 2740 4102 die
2769 4049 2968 4103 mensis
3000 4049 3199 4119 Aprilis
3233 4049 3334 4103 fuit
3365 4059 3470 4106 ter-

1889 4140 2067 4194 minus
2091 4140 2379 4208 paschalis.
2413 4140 2544 4194 Item
2568 4155 2709 4195 anno
2729 4139 2932 4206 futuro,
2959 4143 3175 4211 quando
3200 4145 3465 4198 terminus

1887 4228 2156 4300 paschalis
2176 4231 2282 4283 erit
2303 4245 2357 4282 xi
2383 4229 2501 4283 Kal.
2532 4229 2749 4298 Aprilis,
2776 4230 2850 4284 ita
2870 4241 3187 4301 argumento
3212 4234 3470 4302 conjicies

1889 4322 2035 4376 illum
2069 4341 2080 4376 :
2116 4320 2342 4376 Martius
2385 4322 2547 4376 habet
2578 4311 2854 4392 regulares
2891 4324 3110 4391 triginta
3142 4339 3271 4388 sex;
3315 4325 3471 4379 auter

1891 4415 1958 4468 ab
1986 4416 2064 4470 eis
2093 4421 2339 4484 epactam
2378 4414 2548 4484 ipsius
2585 4415 2730 4480 anui,
2776 4415 2877 4468 hoc
2915 4425 2996 4468 est
3034 4417 3465 4483 quatuordecim,

1893 4596 2066 4651 Martii
2094 4597 2196 4649 erit
2219 4595 2482 4648 terminus
2516 4594 2942 4662 paschalis’anno
2970 4592 3168 4648 futuro.
3203 4593 3257 4648 Si
3287 4603 3467 4649 autem

1892 4685 2078 4738 feriam
2117 4691 2433 4752 argumento
2477 4680 2935 4752 comprehendere
2972 4681 3108 4735 velis
3142 4683 3194 4735 in
3225 4698 3329 4752 qua
3361 4693 3469 4737 ter-

1894 4779 2069 4832 minus
2105 4776 2375 4846 paschalis
2424 4783 2654 4840 constet,
2705 4790 2857 4829 sume
2902 4775 3175 4844 regulares
3231 4776 3466 4845 ipsorum

1892 4870 2156 4923 mensium
2194 4868 2262 4921 ad
2288 4868 2389 4922 hoc
2420 4865 2710 4936 dispositos
2729 4873 2833 4929 ,πει
2872 4866 2951 4920 sic
2977 4867 3092 4919 sine
3121 4881 3306 4926 errore
3341 4866 3470 4919 illud

1896 4960 2150 5030 reperies.
2196 4957 2332 5025 Quia
2383 4957 2608 5011 Martius
2656 4955 2820 5011 habet
2873 4956 3149 5026 regulares
3191 4965 3464 5026 quatuor,

1894 5051 2092 5115 Aprilis
2119 5065 2247 5104 vero
2288 5059 2523 5120 septem,
2555 5058 2698 5113 tene,
2729 5047 2993 5118 conjunge
3031 5047 3150 5102 illos
3177 5048 3244 5102 ad
3281 5065 3484 5103 nume--

1895 5160 2013 5197 rum
2041 5143 2250 5196 dierum
2273 5142 2474 5196 mensis
2496 5141 2636 5195 illius
2657 5141 2722 5194 de
2745 5154 2851 5209 quo
2874 5139 3122 5209 inquiris,
3147 5155 3282 5209 quos
3303 5141 3467 5195 habet

1895 5249 2066 5302 usque
2081 5234 2146 5288 ad
2171 5233 2458 5288 terminum
2478 5228 2786 5301 paschalem
2798 5271 2811 5294 ,
2829 5227 2994 5299 junge
3006 5239 3064 5284 et
3081 5239 3469 5285 concurrentes

1895 5323 2054 5378 simul
2077 5365 2090 5386 ,
2113 5322 2326 5393 partire
2353 5321 2533 5376 omnia
2565 5334 2664 5390 per
2689 5320 3050 5389 septenarium
3077 5335 3357 5374 numerum
3375 5359 3389 5383 ,
3417 5329 3472 5374 et

1891 5421 2023 5482 quot
2055 5411 2406 5474 remanserit,
2436 5408 2558 5462 talis
2591 5407 2724 5462 feria
2757 5410 2899 5472 erit;
2944 5409 2987 5462 si
3017 5417 3195 5462 autem
3226 5409 3356 5462 nihil
3386 5424 3469 5462 re-

1895 5503 2177 5565 manserit,
2212 5501 2498 5556 sabbatum
2529 5493 2633 5556 εει.
2677 5498 2839 5554 Verbi
2885 5499 3057 5570 gratia
3097 5518 3108 5551 :
3149 5514 3290 5553 anno
3332 5514 3469 5567 pra:-

1895 5590 2033 5644 senti
2073 5598 2194 5643 tene
2226 5590 2360 5642 duos
2389 5589 2504 5643 dies
2530 5589 2731 5642 mensis
2755 5586 2973 5658 Aprilis,
2995 5585 3161 5657 junge
3195 5587 3468 5656 regulares

1895 5689 2098 5748 septem
2146 5678 2313 5748 ipsius
2363 5682 2562 5734 mensis
2620 5688 2671 5731 et
2720 5687 3132 5730 concurrentem
3183 5677 3465 5743 septimum

2994 5767 3072 5826 23
