3948 6318
459 269 558 322 εις

1126 270 1181 327 Β.
1229 270 1477 328 “All-LVI
1516 274 1733 331 MACRI
1771 275 2084 332 ARCIIIEI’.
2131 276 2434 332 MOGL‘NT.
2477 280 2757 336 OPERUM
2793 282 2967 340 PARR
3006 284 3068 339 1.·

3605 292 3707 345 7m

457 386 737 454 persentis
764 401 909 449 aunt,
938 385 1069 440 iiunt
1091 389 1398 453 sexdecim;
1429 388 1803 442 divideonmia
1829 402 1923 454 per
1942 400 2033 439 sc-
2062 392 2107 450 Λ
2138 387 2254 441 sine
2284 387 2444 475 dubio
2469 390 2736 457 paschalis
2764 390 2883 444 festi
2911 393 3142 447 crit.-Ita
3171 402 3225 450 et
3243 410 3575 467 qurecunque
3604 404 3705 455 Du-

454 486 602 545 ptcm
634 492 645 528 :
681 476 763 529 bis
787 487 1014 545 septem,
1046 480 1478 548 quatuordecim,
1511 489 1561 531 et
1587 484 1868 530 remanent
1887 475 1994 529 duo
2020 493 2032 528 :

455 568 690 623 secunda
716 567 851 623 i'cria
884 567 983 623 fuit
1003 571 1271 625 annohoc
1299 570 1562 625 terminus
1591 569 1877 637 paschalis.
1904 568 2036 622 Item

452 675 600 713 anno
641 660 885 729 proxime
920 659 1098 714 futuro
1141 669 1261 714 tene
1289 658 1473 729 viginti
1518 658 1658 713 duos
1684 659 1800 713 dies
1834 657 2037 713 mensis

454 748 634 803 Martii
660 751 751 821 qui
777 761 900 805 sunt
930 757 1098 820 uSque
1125 750 1190 804 ad
1216 750 1504 804 terminum
1526 749 1867 821 paschalem;
1901 750 2038 803 adde

452 848 511 893 et
541 841 817 911 regulares
847 848 1077 908 quatuor
1113 849 1167 895 et
1196 848 1611 896 concurr’eutem
1645 855 1809 897 unum
1848 840 1938 907 qui
1982 840 2034 892 in

460 937 576 1005 ipso
616 944 697 989 est
744 950 902 1000 anno,
947 934 1081 988 iiunt
1110 934 1269 989 simul
1315 935 1501 1004 viginti
1543 944 1786 1004 septem;
1834 933 2037 1002 partire

458 1044 557 1097 per
578 1037 778 1095 septem
807 1045 818 1078 :
856 1033 935 1080 ter
952 1037 1177 1097 septem,
1208 1026 1392 1097 viginti
1414 1035 1467 1078 et
1491 1040 1649 1087 unus,
1675 1034 1729 1077 et
1754 1031 2037 1077 remanent

459 1132 551 1171 se:
580 1135 591 1169 :
622 1125 771 1171 sexta
802 1115 934 1169 fet-ia
957 1116 1063 1170 erit
1084 1118 1347 1171 terminus
1371 1113 1639 1182 paschalis
1664 1128 1805 1167 anno
1832 1112 2031 1167 futuro.

459 1210 603 1264 DISC.
663 1208 919 1279 Nunquid
980 1208 1195 1276 aliquod
1253 1206 1377 1261 inde
1429 1213 1608 1259 exstat
1658 1202 2035 1275 argumentum

460 1303 600 1357 unde
638 1302 763 1358 sciri
804 1302 972 1370 possit
998 1307 1182 1353 utrum
1222 1299 1276 1353 in
1319 1296 1515 1353 Martio
1549 1305 1643 1352 aut
1672 1298 1723 1359 in
1766 1296 1934 1367 Aprili
1965 1296 2037 1350 sit

459 1393 721 1448 terminus
748 1389 1050 1462 paschalis?
1076 1388 1215 1444 lita.
1246 1388 1324 1444 Ex
1348 1388 1552 1459 epactis
1577 1387 1762 1456 utique
1783 1384 2036 1440 facillime

458 1497 752 1555 agnoscere
798 1481 1018 1552 poteris,
1062 1495 1295 1550 quarum
1334 1481 1552 1550 proprie
1586 1478 1736 1533 locus
1770 1486 1851 1532 est
1889 1477 1941 1531 in
1978 1493 2032 1530 λι

458 1573 572 1628 Kal.
616 1573 836 1643 Aprilis,
882 1582 1062 1626 utrum
1110 1572 1163 1625 in
1196 1569 1388 1624 Martio
1433 1586 1499 1625 an
1535 1571 1586 1623 in
1613 1569 1797 1639 Aprile
1837 1578 2031 1638 quarta

447 1651 665 1719 'decima
711 1662 834 1717 luna
872 1663 1086 1718 eveniat
1132 1680 1155 1714 >
1183 1662 1308 1731 quia
1355 1666 1399 1715 si
1443 1660 1563 1731 plus
1602 1660 1910 1731 quindecim
1942 1666 2035 1713 aut

2139 476 2337 530 miniea
2390 489 2635 531 assecuta
2695 477 2855 533 fuerit
2914 482 3203 536 secundam
3266 486 3447 539 lunam
3509 493 3707 545 mensis

2141 567 2346 631 Martii,
2379 570 2591 624 initium
2630 571 2735 625 erit
2763 571 3217 643 Quadragesimm.
3250 576 3316 630 Et
3343 578 3483 633 sicut
3516 592 3704 649 quarta

2138 659 2347 715 decima
2390 661 2514 715 luna
2541 663 2819 732 paschalis
2850 664 3011 719 habet
3054 667 3238 722 deCem
3276 680 3331 725 et
3363 686 3558 726 novem
3595 671 3706 727 dies

2138 753 2282 806 inter
2312 753 2453 808 duos,
2477 768 2689 809 menses
2709 754 2845 808 solis
2873 770 2969 823 per
2996 757 3179 811 decem
3208 767 3264 813 et
3291 775 3482 816 novem
3521 777 3707 823 annos,

2136 842 2228 911 qui
2257 843 2511 897 dicuntur
2538 844 2765 899 termini.
2787 846 3083 914 paschales,
3113 846 3215 902 hoc
3244 858 3357 913 est,
3386 851 3524 905 Non.
3556 854 3709 922 Apri-

2133 933 2233 997 lis,
2261 948 2357 989 vut
2390 934 2506 989 Kal.
2537 936 2768 1005 Aprilis,
2806 946 2861 991 et
2891 937 3118 1007 reliqua,
3166 939 3245 994 sic
3272 943 3435 996 etiam
3465 946 3711 997 acccnsio

2138 1022 2276 1078 luna:
2298 1026 2459 1093 primi
2487 1028 2686 1079 mensis
2711 1043 2807 1095 per
2828 1028 3011 1082 decem
3035 1038 3090 1085 et
3109 1045 3296 1085 novem
3324 1033 3439 1087 dies
3462 1036 3591 1089 suis
3611 1038 3715 1090 dis-

2137 1123 2348 1179 curret;
2392 1115 2481 1184 qui
2537 1125 2662 1176 sunt
2710 1117 2916 1172 decima
2966 1120 3083 1173 Kal.
3120 1122 3346 1190 Aprilis,
3396 1136 3592 1192 quarto
3639 1127 3712 1181 id.

2138 1205 2429 1271 Martii,»et
2462 1207 2685 1276 reliqua.
2720 1207 2821 1268 Tot
2843 1209 3007 1265 etiam
3038 1213 3298 1267 terminos
3456 1217 3641 1271 decem
3663 1220 3719 1271 ct

2136 1312 2331 1355 novem
2365 1298 2481 1353 dies
2511 1299 2717 1353 mensis
2742 1299 2906 1354 habet
2938 1303 3172 1355 secunda
3202 1303 3323 1357 luna
3360 1305 3533 1360 Martii
3567 1324 3717 1361 men-

2135 1387 2234 1453 sis,
2261 1403 2292 1442 a
2323 1403 2429 1457 qua
2453 1388 2727 1459 regulatur
2750 1390 2958 1444 initium
2989 1391 3440 1463 Quadragcsimm,
3475 1398 3580 1451 hoc
3608 1409 3715 1460 est,

2136 1487 2330 1535 octavo
2359 1477 2477 1533 Kal.
2517 1479 2714 1545 Martii,
2757 1482 2915 1536 tertio
2947 1480 3023 1535 Id.
3066 1481 3367 1546 Februarii,
3403 1495 3458 1540 et
3486 1488 3714 1555 reliqua.

2137 1570 2204 1624 Et
2244 1569 2538 1625 secundum
2575 1571 2820 1625 ordinem
2847 1586 2954 1641 quo
2996 1572 3180 1642 scripti
3213 1583 3341 1628 sunt
3371 1577 3586 1629 termini
3622 1593 3719 1646 pa-

2137 1661 2348 1716 schales
2376 1662 2561 1719 decem
2588 1670 2642 1715 et
2675 1677 2893 1725 novem,
2928 1664 3005 1718 sic
3043 1650 3112 1717 et.
3132 1665 3718 1723 tcrminiaccensionis

461 1757 638 1810 minus
676 1756 916 1828 quinque
958 1753 1165 1824 epactis
1205 1753 1493 1817 habueris,
1537 1753 1588 1806 in
1619 1752 1892 1821 praedictis
1925 1750 2035 1805 Ka-

2138 1759 2279 1814 iunte
2306 1760 2462 1830 primi
2511 1761 2711 1817 mensis
2748 1762 2932 1816 decem
2968 1772 3023 1817 et
3061 1778 3250 1817 novem
3291 1771 3345 1817 ct
3380 1766 3596 1820 termini
3629 1781 3716 1820 se-

459 1846 630 1901 lendis
652 1844 856 1915 Aprilis
871 1854 1061 1914 quarta
1094 1843 1301 1898 dt-cima
1333 1842 1458 1896 luna
1486 1842 1794 1910 deputatur.
1821 1830 1878 1894 Si
1909 1855 2036 1895 vero

456 1937 635 1989 minus
695 1934 1000 2004 quindecim
1057 1941 1151 1987 aut
1203 1932 1325 2002 plus
1369 1933 1604 2002 quinque
1668 1932 1854 1995 babes,
1913 1947 2034 1986 cmn

404 2035 408 2039 ‘
447 2028 670 2083 Martio.
700 2026 841 2081 Disc.
869 2026 1020 2096 Ipsos
1051 2039 1183 2096 ergo
1210 2024 1488 2096 regulares
1517 2038 1656 2093 quos
1685 2023 1867 2079 dixisti
1890 2022 2035 2102 Mar-

446 2123 532 2177 tio
568 2135 689 2176 esse
729 2119 948 2191 triginta
992 2132 1110 2184 sex,
1155 2118 1328 2188 Aprili
1362 2131 1493 2171 vero
1524 2115 1746 2184 triginta
1776 2116 2033 2184 quinque,
2076 2168 2079 2172 .

455 2212 648 2269 vellem
676 2219 742 2279 ut
778 2223 1004 2266 cnarres
1039 2208 1181 2263 unde
1211 2205 1649 2278 venirent..hltc.
1686 2205 1767 2259 Ex
1803 2204 2037 2259 auctori—

458 2313 569 2369 tate
618 2302 1026 2375 Egyptiorum,
1071 2300 1161 2371 qui
1212 2299 1449 2369 quinque
1498 2298 1612 2353 dies
1657 2311 1795 2366 quos
1837 2311 2037 2375 epago-

460 2411 647 2453 menos
667 2403 883 2458 vocant,
905 2402 1026 2463 post
1048 2391 1208 2446 linem
1233 2387 1509 2445 novissimi
1534 2386 2036 2457 mensisadjiciunt.

457 2492 533 2545 Ita
556 2488 699 2544 enim
727 2486 814 2541 hic
842 2486 1082 2555 quinque
1108 2483 1224 2538 dies
1249 2480 1317 2536 ad
1354 2494 1637 2537 numerum
1667 2478 1875 2537 dierum
1903 2491 2042 2547 quos

457 2590 685 2651 uterque
722 2577 925 2632 mensis
953 2576 1116 2630 habet
1142 2573 1474 2644 adjiciuntur
1496 2609 1513 2635 ,
1549 2568 1799 2625 videlicet
1823 2567 2037 2641 Martio,

458 2673 549 2742 qui
594 2670 816 2742 triginta
863 2676 918 2722 et
962 2680 1153 2733 unum,
1200 2672 1257 2720 et
1298 2662 1495 2734 Aprili,
1536 2660 1629 2732 qui
1670 2660 1889 2732 triginta
1924 2658 2039 2714 dies

458 2764 718 2829 continet,
742 2770 823 2827 ut,
851 2759 1045 2815 ablatis
1068 2758 1276 2829 epactis
1306 2754 1545 2825 ejusdem
1569 2754 1696 2808 anni
1728 2753 1795 2807 de
1822 2767 1931 2822 quo
1953 2752 2037 2805 in-

458 2856 652 2929 quiris,
688 2862 871 2910 certus
904 2859 1181 2906 remaneat
1204 2863 1463 2904 numerus
1485 2833 1576 2917 qui
1614 2844 1904 2909 terminum
1938 2858 2038 2915 pa-

458 2945 695 3002 schaiem
732 2944 1084 2999 demonstret.
1128 2938 1292 2995 Verbi
1322 2937 1494 3009 gratia
1520 2954 1533 2989 :
1558 2934 1735 3005 primo
1763 2948 1908 2988 anno
1929 2933 2040 2986 cir-

455 3039 559 3094 culi
603 3033 1092 3094 decennovcnnalis
1136 3031 1279 3101 quod
1320 3029 1629 3085 tricesimus
1660 3035 1750 3081 est
1776 3040 2037 3081 numerus

456 3136 771 3201 epactarum
816 3126 997 3183 recide
1037 3139 1069 3178 a
1098 3119 1435 3193 regularibus
1461 3118 1663 3189 Aprilis
1696 3117 1900 3172 mensis
1940 3115 2036 3169 tri-

456 3225 627 3295 ginta,
667 3228 947 3277 remanent
971 3219 1210 3289 quinque
1246 3236 1260 3271 :
1290 3216 1481 3287 quinta
1507 3213 1595 3269 die
1622 3213 1863 3284 ejusdem
1887 3227 2037 3266 men-

458 3315 533 3369 sis
556 3322 639 3369 est
658 3311 931 3368 terminus
954 3307 1244 3382 paschalis.

983 3460 1210 3519 CAPUT
1237 3460 1517 3517 LXXXIII.

460 3596 593 3650 Item
630 3595 777 3649 aliud
814 3604 1178 3665 argumentum
1207 3594 1272 3648 dc
1309 3594 1546 3648 terminis
1585 3590 1953 3665 paschalibus,
1981 3565 2031 3665 ξε

527 3668 591 3719 de
638 3662 947 3735 “censione
978 3664 1119 3735 (ante
1150 3664 1306 3735 primi
1345 3665 1558 3727 mensis,
1586 3662 1754 3735 elude
1796 3662 2029 3735 terminis

526 3733 1105 3860 zzzgzggoctimalibus,
1150 3730 1379 3806 qualiter
1422 3730 1759 3801 concordiam
1796 3730 1933 3785 inter
1976 3747 2032 3784 se

521 3932 682 3988 Sicut
723 3933 1002 4004 regulatur
1026 3932 1304 3988 Dominica
1344 3932 1460 3987 dies
1498 3931 1617 3987 festi
1649 3931 1921 4003 paschalis
1962 3932 2031 3985 ad

443 4034 708 4093 quartam
739 4024 1001 4078 decimam
1026 4024 1218 4089 ,lunam
1250 4022 1410 4094 primi
1441 4024 1678 4089 mensis,
1718 4023 1791 4089 ita
1822 4022 2033 4076 initium

462 4115 895 4186 Quadragesimte
938 4115 1212 4185 regulatur
1263 4125 1320 4172 et
1368 4117 1693 4170 observatur
1743 4116 2037 4170 secundum

450 4208 642 4262 lunam
694 4210 896 4265 mensis
940 4209 1136 4263 Martii.
1179 4206 1523 4278 Quaecunque
1568 4208 1711 4261 enim
1760 4207 2041 4262 Dominica

456 4307 645 4354 secuta
674 4298 835 4357 fuerit
863 4310 1110 4369 quartam
1134 4299 1396 4353 decimam
1420 4296 1599 4352 lunam
1624 4297 1785 4370 primi
1812 4296 2038 4366 mensis,
2065 4286 2117 4347 D

2140 1851 2326 1905 cundae
2342 1850 2481 1904 iuhne
2502 1851 2686 1906 decem
2710 1859 2763 1905 ct
2791 1868 2981 1906 novem
3002 1853 3103 1908 sibi
3130 1855 3358 1910 invicem
3387 1858 3718 1925 respondent

2138 1951 2193 1995 et
2224 1942 2548 1995 conveniunt
2579 1950 2636 1996 ct
2668 1942 2719 1996 in
2754 1942 2874 1996 luna
2914 1952 2965 1996 et
3003 1944 3056 1997 in
3095 1944 3226 2003 feria
3268 1956 3319 2000 et
3359 1945 3411 1999 in
3454 1946 3719 2014 regulari-

2137 2030 2257 2084 bus.
2303 2028 2457 2085 Sicut
2482 2030 2623 2085 enim
2657 2030 2780 2085 luna
2810 2032 3079 2100 paschalis
3116 2034 3279 2088 habet
3307 2034 3493 2088 decem
3523 2044 3579 2088 et
3618 2050 3717 2089 no-
3774 2055 3788 2075 ι

2137 2135 2256 2174 vem
2285 2119 2590 2189 regulares,
2623 2121 2715 2190 qui
2742 2122 2900 2175 simul
2938 2131 2994 2176 et
3024 2135 3405 2178 concurrentes
3431 2124 3719 2193 cujuslibet

2138 2211 2265 2265 anni
2307 2212 2599 2279 praesentis-
2631 2212 2904 2282 conjuncti
2952 2213 3325 2269 demonstrant
3363 2214 3518 2270 diem.
3548 2216 3718 2284 septi-

2138 2317 2308 2357 mantr
2343 2303 2396 2356 iu
2425 2312 2619 2373 quarta
2659 2304 2863 2359 decima
2895 2303 3017 2358 luna
3044 2306 3319 2376 paschali,
3352 2308 3423 2361 ita
3463 2308 3604 2369 idem
3629 2324 3716 2363 re-

2138 2395 2352 2467 gulares
2398 2396 2641 2451 terminis
2688 2397 2827 2450 initii
2880 2394 3204 2468 superpositi
3241 2407 3292 2452 et
3322 2409 3715 2455 concurrentes

2137 2487 2420 2555 pnesentis
2464 2486 2749 2553 cujuslibet
2788 2488 2915 2541 anni
2951 2490 3322 2557 demonstrant
3368 2490 3511 2544 diem
3551 2492 3717 2559 septi-

2140 2588 2320 2631 mante“
2344 2576 2396 2629 in
2420 2578 2655 2631 secunda
2683 2576 2811 2633 luna
2849 2578 3481 2650 initio-Quadragcsimae.
3510 2582 3714 2635 Notan-

2139 2666 2265 2721 dum
2294 2676 2475 2722 tamen
2503 2668 2643 2736 quod
2670 2661 3157 2739 quadragesimalis
3184 2673 3467 2735 terminus,
3494 2676 3715 2743 quando

2137 2766 2269 2812 ante
2290 2766 2498 2812 sextum
2528 2757 2643 2811 Kal.
2683 2758 2903 2815 Martias
2928 2759 3111 2824 fuerit,
3140 2769 3195 2814 et
3223 2761 3495 2817 bissextus
3520 2763 3713 2818 eodem

2138 2862 2282 2901 anno
2311 2848 2570 2911 evenerit,
2603 2862 2709 2901 non
2748 2850 2999 2903 observat
3024 2851 3341 2933 praescripta
3380 2851 3493 2907 loca
3528 2853 3713 2907 terrui-

2140 2956 2357 3005 norum,
2398 2952 2617 3010 propter
2650 2941 2945 2995 bissextum
2974 2942 3027 2995 in
3060 2941 3205 3005 luna,
3240 2959 3401 3011 quem
3437 2943 3714 2999 februario

2141 3032 2263 3085 addi
2292 3031 2490 3086 debere
2527 3032 2777 3086 diximus.
2824 3032 2889 3085 Et
2913 3032 2983 3087 ob
3016 3033 3118 3088 hoc
3144 3034 3197 3086 in
3224 3045 3535 3105 sequentem
3564 3034 3709 3088 diem

2143 3118 2642 3184 tranferendusest,
2669 3127 2728 3173 ut
2752 3121 3043 3175 concordet
3064 3138 3184 3175 cum
3212 3122 3442 3176 termino
3468 3123 3713 3190 paschali

2142 3212 2193 3265 in
2233 3208 2385 3267 feria.
2426 3209 2587 3267 Verbi
2631 3211 2803 3279 gratia
2839 3228 2853 3263 :
2890 3210 2943 3264 in
2978 3212 3226 3280 praesenti
3266 3227 3408 3266 anno
3452 3212 3714 3267 terminus

2141 3298 2593 3369 Quadragesimze,
2624 3300 2715 3368 qui
2739 3300 3079 3370 conscriptus
3099 3310 3183 3356 est
3204 3302 3257 3355 in
3288 3302 3570 3355 undecimo
3590 3301 3707 3355 Kal.

2143 3388 2396 3454 Martias,
2432 3388 2729 3443 translatus
2759 3400 2837 3444 est
2870 3390 2920 3443 in
2952 3390 3068 3444 Kal.
3102 3390 3325 3446 Martias
3348 3401 3569 3461 preptcr
3601 3392 3714 3445 bis-

2141 3491 2353 3535 sextum
2374 3520 2388 3544 ,
2424 3494 2583 3549 quem
2614 3479 2669 3535 in
2709 3480 2832 3535 luna
2862 3481 3061 3536 mensis
3087 3480 3364 3535 Februarii
3396 3483 3712 3536 duodecimo

2137 3572 2253 3628 Kal.
2299 3573 2518 3627 Martias
2556 3573 2902 3628 inseruimus.
2949 3572 3058 3628 lIos
3090 3583 3270 3627 autem
3302 3574 3563 3628 terminos
3583 3589 3715 3642 qua-

2137 3663 2550 3734 dragesimales,
2588 3670 2643 3718 et
2676 3653 3048 3717 accensionem
3094 3662 3232 3717 luna:
3278 3663 3436 3732 primi
3484 3664 3712 3727 mensis,
3785 3662 3791 3668 ’

2137 3764 2192 3811 et
2223 3755 2482 3810 terminos
2503 3754 2804 3824 paschales,
2835 3762 2890 3808 et
2911 3769 3098 3807 eorum
3128 3754 3417 3822 regulares,
3448 3765 3500 3809 et
3526 3756 3712 3808 termi-

2139 3864 2237 3903 nos
2281 3848 2644 3919 rogationum,
2691 3847 2780 3915 qui
2819 3854 2946 3901 sunt
2983 3847 3036 3899 in
3072 3846 3330 3900 vicesima
3371 3846 3546 3914 prima
3582 3846 3714 3900 luna

2134 3939 2343 3997 mensis
2372 3937 2516 4002 Maii,
2558 3946 2611 3992 et
2632 3937 2698 3990 ad
2726 3944 2939 3990 aetatem
2970 3935 3107 3989 luna:
3132 3935 3186 3988 in
3214 3944 3454 4003 tempore
3479 3935 3713 3987 lctanio-

2143 4046 2260 4084 rum
2293 4037 2349 4083 et
2374 4026 2713 4093 ascensionis
2750 4025 2959 4079 Domini
2987 4024 3382 4087 inveniendam,
3416 4024 3716 4092 promptis«

2142 4120 2263 4175 simi
2286 4119 2544 4173 existunt.
2578 4116 2701 4171 Haec
2735 4124 2915 4171 tamen
2939 4115 3117 4179 omnia
3151 4112 3386 4181 subjecta
3416 4113 3714 4182 descriptio

2143 4210 2473 4265 demonstrat
2503 4206 2985 4277 congruentissime
3006 4220 3101 4276 per
3123 4204 3240 4267 illas
3266 4202 3601 4258 cohunellas.

2107 5086 2318 5097 ...σοον-.-
