  <div class='ocr_page' id='page_1' title='image "/cluster/home/n/w/nwhite01/storage/ocr_20150623/107/uva.x000827064/365.png"; bbox 0 0 3948 6328; ppageno 0'>
   <div class='ocr_carea' id='block_1_1' title="bbox 485 360 587 417">
    <p class='ocr_par' dir='ltr' id='par_1_1' title="bbox 485 360 587 417">
     <span class='ocr_line' id='line_1_1' title="bbox 485 360 587 417; baseline 0.01 -2"><span class='ocrx_word' id='word_1_1' title='bbox 485 360 587 417; x_wconf 65' lang='grc'><strong>719</strong></span> 
     </span>
    </p>
   </div>
   <div class='ocr_carea' id='block_1_2' title="bbox 977 467 1538 525">
    <p class='ocr_par' dir='ltr' id='par_1_2' title="bbox 977 467 1538 525">
     <span class='ocr_line' id='line_1_2' title="bbox 977 467 1538 525; baseline -0.004 -1"><span class='ocrx_word' id='word_1_2' title='bbox 977 467 1206 525; x_wconf 80' lang='lat' dir='ltr'><strong>CAPUT</strong></span> <span class='ocrx_word' id='word_1_3' title='bbox 1253 468 1538 523; x_wconf 74' lang='lat' dir='ltr'><strong>LXXXIV.</strong></span> 
     </span>
    </p>
   </div>
   <div class='ocr_carea' id='block_1_3' title="bbox 475 561 2057 632">
    <p class='ocr_par' dir='ltr' id='par_1_3' title="bbox 475 561 2057 632">
     <span class='ocr_line' id='line_1_3' title="bbox 475 561 2057 632; baseline -0.008 -8"><span class='ocrx_word' id='word_1_4' title='bbox 475 568 610 625; x_wconf 67' lang='lat' dir='ltr'><strong>Item</strong></span> <span class='ocrx_word' id='word_1_5' title='bbox 661 565 726 620; x_wconf 85' lang='lat' dir='ltr'><strong>de</strong></span> <span class='ocrx_word' id='word_1_6' title='bbox 764 561 948 618; x_wconf 80' lang='lat' dir='ltr'><strong>eadem</strong></span> <span class='ocrx_word' id='word_1_7' title='bbox 1004 578 1060 623; x_wconf 75' lang='lat' dir='ltr'><strong>re</strong></span> <span class='ocrx_word' id='word_1_8' title='bbox 1114 572 1478 632; x_wconf 70' lang='lat' dir='ltr'><strong>argumentum</strong></span> <span class='ocrx_word' id='word_1_9' title='bbox 1533 561 1761 615; x_wconf 75' lang='lat' dir='ltr'><strong>renibus</strong></span> <span class='ocrx_word' id='word_1_10' title='bbox 1823 573 2057 629; x_wconf 82' lang='lat' dir='ltr'><strong>compre-</strong></span> 
     </span>
    </p>
   </div>
   <div class='ocr_carea' id='block_1_4' title="bbox 1149 633 1386 686">
    <p class='ocr_par' dir='ltr' id='par_1_4' title="bbox 1149 633 1386 686">
     <span class='ocr_line' id='line_1_4' title="bbox 1149 633 1386 686; baseline 0 -2"><span class='ocrx_word' id='word_1_11' title='bbox 1149 633 1386 686; x_wconf 80' lang='lat' dir='ltr'><strong>hensum.</strong></span> 
     </span>
    </p>
   </div>
   <div class='ocr_carea' id='block_1_5' title="bbox 548 737 2058 814">
    <p class='ocr_par' dir='ltr' id='par_1_5' title="bbox 548 737 2058 814">
     <span class='ocr_line' id='line_1_5' title="bbox 548 737 2058 814; baseline -0.006 -14"><span class='ocrx_word' id='word_1_12' title='bbox 548 744 662 801; x_wconf 84' lang='lat' dir='ltr'><strong>llus</strong></span> <span class='ocrx_word' id='word_1_13' title='bbox 700 743 916 814; x_wconf 85' lang='lat' dir='ltr'><strong>quidem</strong></span> <span class='ocrx_word' id='word_1_14' title='bbox 968 742 1274 814; x_wconf 71' lang='lat' dir='ltr'><strong>regulares,</strong></span> <span class='ocrx_word' id='word_1_15' title='bbox 1329 741 1419 809; x_wconf 88' lang='lat' dir='ltr'><strong>qui</strong></span> <span class='ocrx_word' id='word_1_16' title='bbox 1470 739 1722 809; x_wconf 83' lang='lat' dir='ltr'><strong>superius</strong></span> <span class='ocrx_word' id='word_1_17' title='bbox 1764 737 2058 809; x_wconf 74' lang='lat' dir='ltr'><strong>conscripti</strong></span> 
     </span>
    </p>
   </div>
   <div class='ocr_carea' id='block_1_6' title="bbox 479 823 2062 900">
    <p class='ocr_par' dir='ltr' id='par_1_6' title="bbox 479 823 2062 900">
     <span class='ocr_line' id='line_1_6' title="bbox 479 823 2062 900; baseline -0.004 -11"><span class='ocrx_word' id='word_1_18' title='bbox 479 844 627 899; x_wconf 83' lang='lat' dir='ltr'><strong>sunt,</strong></span> <span class='ocrx_word' id='word_1_19' title='bbox 656 833 817 889; x_wconf 88' lang='lat' dir='ltr'><strong>simul</strong></span> <span class='ocrx_word' id='word_1_20' title='bbox 841 849 963 888; x_wconf 93' lang='lat' dir='ltr'><strong>cum</strong></span> <span class='ocrx_word' id='word_1_21' title='bbox 996 831 1242 886; x_wconf 87' lang='lat' dir='ltr'><strong>terminis</strong></span> <span class='ocrx_word' id='word_1_22' title='bbox 1276 829 1648 900; x_wconf 66' lang='lat' dir='ltr'><strong>paschalibus,</strong></span> <span class='ocrx_word' id='word_1_23' title='bbox 1685 830 1906 900; x_wconf 84' lang='lat' dir='ltr'><strong>quidam</strong></span> <span class='ocrx_word' id='word_1_24' title='bbox 1936 823 2062 883; x_wconf 72' lang='lat' dir='ltr'><strong>ver—</strong></span> 
     </span>
    </p>
   </div>
   <div class='ocr_carea' id='block_1_7' title="bbox 477 919 2059 993">
    <p class='ocr_par' dir='ltr' id='par_1_7' title="bbox 477 919 2059 993">
     <span class='ocr_line' id='line_1_7' title="bbox 477 919 2059 993; baseline -0.003 -16"><span class='ocrx_word' id='word_1_25' title='bbox 477 925 627 979; x_wconf 82' lang='lat' dir='ltr'><strong>sibus</strong></span> <span class='ocrx_word' id='word_1_26' title='bbox 672 921 1096 993; x_wconf 81' lang='lat' dir='ltr'><strong>comprehendit,</strong></span> <span class='ocrx_word' id='word_1_27' title='bbox 1146 931 1254 989; x_wconf 87' lang='lat' dir='ltr'><strong>quo</strong></span> <span class='ocrx_word' id='word_1_28' title='bbox 1279 919 1492 974; x_wconf 73' lang='lat' dir='ltr'><strong>facilius</strong></span> <span class='ocrx_word' id='word_1_29' title='bbox 1529 919 1925 976; x_wconf 77' lang='lat' dir='ltr'><strong>in-eantatiOne</strong></span> <span class='ocrx_word' id='word_1_30' title='bbox 1962 934 2059 988; x_wconf 76' lang='lat' dir='ltr'><strong>pa-</strong></span> 
     </span>
    </p>
   </div>
   <div class='ocr_carea' id='block_1_8' title="bbox 446 1014 1262 1088">
    <p class='ocr_par' dir='ltr' id='par_1_8' title="bbox 446 1014 1262 1088">
     <span class='ocr_line' id='line_1_8' title="bbox 446 1014 1262 1088; baseline -0.005 -18"><span class='ocrx_word' id='word_1_31' title='bbox 446 1034 448 1036; x_wconf 67' lang='lat'><strong>&#39;</strong></span> <span class='ocrx_word' id='word_1_32' title='bbox 482 1017 616 1071; x_wconf 87' lang='lat' dir='ltr'><strong>riter</strong></span> <span class='ocrx_word' id='word_1_33' title='bbox 647 1018 1105 1088; x_wconf 75' lang='lat' dir='ltr'><strong>dignoscerentur,</strong></span> <span class='ocrx_word' id='word_1_34' title='bbox 1142 1014 1215 1068; x_wconf 83' lang='lat' dir='ltr'><strong>ita</strong></span> <span class='ocrx_word' id='word_1_35' title='bbox 1248 1030 1262 1066; x_wconf 90' lang='lat'><strong>:</strong></span> 
     </span>
    </p>
   </div>
   <div class='ocr_carea' id='block_1_9' title="bbox 629 1098 1468 1176">
    <p class='ocr_par' dir='ltr' id='par_1_9' title="bbox 629 1098 1468 1176">
     <span class='ocr_line' id='line_1_9' title="bbox 629 1098 1468 1176; baseline -0.008 -11"><span class='ocrx_word' id='word_1_36' title='bbox 629 1109 764 1164; x_wconf 91' lang='lat' dir='ltr'><strong>Non.</strong></span> <span class='ocrx_word' id='word_1_37' title='bbox 804 1106 1004 1176; x_wconf 80' lang='lat' dir='ltr'><strong>Aprilis</strong></span> <span class='ocrx_word' id='word_1_38' title='bbox 1033 1113 1232 1160; x_wconf 74' lang='lat' dir='ltr'><strong>norunt</strong></span> <span class='ocrx_word' id='word_1_39' title='bbox 1254 1098 1468 1175; x_wconf 75' lang='lat' dir='ltr'><strong>quinos.</strong></span> 
     </span>
    </p>
   </div>
   <div class='ocr_carea' id='block_1_10' title="bbox 621 1193 1644 1262">
    <p class='ocr_par' dir='ltr' id='par_1_10' title="bbox 621 1193 1644 1262">
     <span class='ocr_line' id='line_1_10' title="bbox 621 1193 1644 1262; baseline -0.009 -8"><span class='ocrx_word' id='word_1_40' title='bbox 621 1199 835 1254; x_wconf 69' lang='lat' dir='ltr'><strong>Oetenre</strong></span> <span class='ocrx_word' id='word_1_41' title='bbox 865 1196 1132 1251; x_wconf 76' lang='lat' dir='ltr'><strong>Kalendas</strong></span> <span class='ocrx_word' id='word_1_42' title='bbox 1160 1195 1265 1250; x_wconf 84' lang='lat' dir='ltr'><strong>assi</strong></span> <span class='ocrx_word' id='word_1_43' title='bbox 1294 1193 1644 1262; x_wconf 75' lang='lat' dir='ltr'><strong>depromunt.</strong></span> 
     </span>
    </p>
   </div>
   <div class='ocr_carea' id='block_1_11' title="bbox 621 1286 1345 1361">
    <p class='ocr_par' dir='ltr' id='par_1_11' title="bbox 621 1286 1345 1361">
     <span class='ocr_line' id='line_1_11' title="bbox 621 1286 1345 1361; baseline -0.008 -17"><span class='ocrx_word' id='word_1_44' title='bbox 621 1291 744 1345; x_wconf 79' lang='lat' dir='ltr'><strong>ldus</strong></span> <span class='ocrx_word' id='word_1_45' title='bbox 768 1288 969 1359; x_wconf 77' lang='lat' dir='ltr'><strong>Aprilis</strong></span> <span class='ocrx_word' id='word_1_46' title='bbox 993 1289 1155 1343; x_wconf 88' lang='lat' dir='ltr'><strong>etiam</strong></span> <span class='ocrx_word' id='word_1_47' title='bbox 1179 1286 1345 1361; x_wconf 75' lang='lat' dir='ltr'><strong>sexis.</strong></span> 
     </span>
    </p>
   </div>
   <div class='ocr_carea' id='block_1_12' title="bbox 623 1375 1661 1449">
    <p class='ocr_par' dir='ltr' id='par_1_12' title="bbox 623 1375 1661 1449">
     <span class='ocr_line' id='line_1_12' title="bbox 623 1375 1661 1449; baseline -0.004 -16"><span class='ocrx_word' id='word_1_48' title='bbox 623 1379 790 1436; x_wconf 71' lang='lat' dir='ltr'><strong>Nona:</strong></span> <span class='ocrx_word' id='word_1_49' title='bbox 816 1386 1091 1449; x_wconf 66' lang='lat' dir='ltr'><strong>quartana:</strong></span> <span class='ocrx_word' id='word_1_50' title='bbox 1126 1392 1358 1446; x_wconf 87' lang='lat' dir='ltr'><strong>namque</strong></span> <span class='ocrx_word' id='word_1_51' title='bbox 1385 1375 1661 1446; x_wconf 88' lang='lat' dir='ltr'><strong>dipondio.</strong></span> 
     </span>
    </p>
   </div>
   <div class='ocr_carea' id='block_1_13' title="bbox 623 1466 1528 1538">
    <p class='ocr_par' dir='ltr' id='par_1_13' title="bbox 623 1466 1528 1538">
     <span class='ocr_line' id='line_1_13' title="bbox 623 1466 1528 1538; baseline -0.007 -13"><span class='ocrx_word' id='word_1_52' title='bbox 623 1471 757 1527; x_wconf 87' lang='lat' dir='ltr'><strong>ltem</strong></span> <span class='ocrx_word' id='word_1_53' title='bbox 787 1470 1013 1524; x_wconf 75' lang='lat' dir='ltr'><strong>undamn</strong></span> <span class='ocrx_word' id='word_1_54' title='bbox 1041 1467 1284 1522; x_wconf 63' lang='lat' dir='ltr'><strong>ambiunt</strong></span> <span class='ocrx_word' id='word_1_55' title='bbox 1311 1466 1528 1538; x_wconf 72' lang='lat' dir='ltr'><strong>Quinos.</strong></span> 
     </span>
    </p>
   </div>
   <div class='ocr_carea' id='block_1_14' title="bbox 624 1558 1478 1634">
    <p class='ocr_par' dir='ltr' id='par_1_14' title="bbox 624 1558 1478 1634">
     <span class='ocr_line' id='line_1_14' title="bbox 624 1558 1478 1634; baseline -0.007 -16"><span class='ocrx_word' id='word_1_56' title='bbox 624 1566 865 1634; x_wconf 76' lang='lat' dir='ltr'><strong>Quatuor</strong></span> <span class='ocrx_word' id='word_1_57' title='bbox 889 1558 1013 1616; x_wconf 81' lang='lat' dir='ltr'><strong>ldus</strong></span> <span class='ocrx_word' id='word_1_58' title='bbox 1035 1559 1255 1630; x_wconf 91' lang='lat' dir='ltr'><strong>capiunt</strong></span> <span class='ocrx_word' id='word_1_59' title='bbox 1277 1567 1478 1614; x_wconf 90' lang='lat' dir='ltr'><strong>ternos.</strong></span> 
     </span>
    </p>
   </div>
   <div class='ocr_carea' id='block_1_15' title="bbox 625 1651 1558 1711">
    <p class='ocr_par' dir='ltr' id='par_1_15' title="bbox 625 1651 1558 1711">
     <span class='ocr_line' id='line_1_15' title="bbox 625 1651 1558 1711; baseline -0.008 0"><span class='ocrx_word' id='word_1_60' title='bbox 625 1656 828 1711; x_wconf 84' lang='lat' dir='ltr'><strong>Ternas</strong></span> <span class='ocrx_word' id='word_1_61' title='bbox 852 1653 1118 1708; x_wconf 84' lang='lat' dir='ltr'><strong>Kalendas</strong></span> <span class='ocrx_word' id='word_1_62' title='bbox 1149 1651 1366 1706; x_wconf 88' lang='lat' dir='ltr'><strong>titulant</strong></span> <span class='ocrx_word' id='word_1_63' title='bbox 1394 1665 1558 1706; x_wconf 65' lang='lat' dir='ltr'><strong>senas.</strong></span> 
     </span>
    </p>
   </div>
   <div class='ocr_carea' id='block_1_16' title="bbox 623 1742 1621 1814">
    <p class='ocr_par' dir='ltr' id='par_1_16' title="bbox 623 1742 1621 1814">
     <span class='ocr_line' id='line_1_16' title="bbox 623 1742 1621 1814; baseline -0.005 -14"><span class='ocrx_word' id='word_1_64' title='bbox 623 1748 866 1814; x_wconf 83' lang='lat' dir='ltr'><strong>Quatuor</strong></span> <span class='ocrx_word' id='word_1_65' title='bbox 894 1745 1044 1800; x_wconf 63' lang='lat' dir='ltr'><strong>deum</strong></span> <span class='ocrx_word' id='word_1_66' title='bbox 1066 1743 1266 1798; x_wconf 85' lang='lat' dir='ltr'><strong>cubant</strong></span> <span class='ocrx_word' id='word_1_67' title='bbox 1290 1742 1344 1797; x_wconf 90' lang='lat' dir='ltr'><strong>in</strong></span> <span class='ocrx_word' id='word_1_68' title='bbox 1376 1742 1621 1812; x_wconf 87' lang='lat' dir='ltr'><strong>quadris.</strong></span> 
     </span>
    </p>
   </div>
   <div class='ocr_carea' id='block_1_17' title="bbox 626 1830 1522 1909">
    <p class='ocr_par' dir='ltr' id='par_1_17' title="bbox 626 1830 1522 1909">
     <span class='ocr_line' id='line_1_17' title="bbox 626 1830 1522 1909; baseline -0.009 -15"><span class='ocrx_word' id='word_1_69' title='bbox 626 1837 891 1909; x_wconf 86' lang='lat' dir='ltr'><strong>Septenas</strong></span> <span class='ocrx_word' id='word_1_70' title='bbox 908 1830 1040 1891; x_wconf 52' lang='lat' dir='ltr'><strong>&#39;ldus</strong></span> <span class='ocrx_word' id='word_1_71' title='bbox 1071 1842 1270 1905; x_wconf 71' lang='lat' dir='ltr'><strong>septas</strong></span> <span class='ocrx_word' id='word_1_72' title='bbox 1285 1833 1522 1905; x_wconf 86' lang='lat' dir='ltr'><strong>elegunt.</strong></span> 
     </span>
    </p>
   </div>
   <div class='ocr_carea' id='block_1_18' title="bbox 627 1925 1564 1995">
    <p class='ocr_par' dir='ltr' id='par_1_18' title="bbox 627 1925 1564 1995">
     <span class='ocr_line' id='line_1_18' title="bbox 627 1925 1564 1995; baseline -0.01 -9"><span class='ocrx_word' id='word_1_73' title='bbox 627 1930 782 1986; x_wconf 68' lang='lat' dir='ltr'><strong>Sena:</strong></span> <span class='ocrx_word' id='word_1_74' title='bbox 802 1927 1064 1995; x_wconf 62' lang='lat' dir='ltr'><strong>ﬁalendae</strong></span> <span class='ocrx_word' id='word_1_75' title='bbox 1090 1925 1324 1980; x_wconf 83' lang='lat' dir='ltr'><strong>sortium</strong></span> <span class='ocrx_word' id='word_1_76' title='bbox 1346 1929 1564 1978; x_wconf 64' lang='lat' dir='ltr'><strong>‘ternos.</strong></span> 
     </span>
    </p>
   </div>
   <div class='ocr_carea' id='block_1_19' title="bbox 627 2014 1436 2088">
    <p class='ocr_par' dir='ltr' id='par_1_19' title="bbox 627 2014 1436 2088">
     <span class='ocr_line' id='line_1_19' title="bbox 627 2014 1436 2088; baseline -0.007 -15"><span class='ocrx_word' id='word_1_77' title='bbox 627 2020 806 2075; x_wconf 74' lang='lat' dir='ltr'><strong>Denas</strong></span> <span class='ocrx_word' id='word_1_78' title='bbox 831 2025 1084 2088; x_wconf 85' lang='lat' dir='ltr'><strong>septenas</strong></span> <span class='ocrx_word' id='word_1_79' title='bbox 1108 2014 1436 2070; x_wconf 83' lang='lat' dir='ltr'><strong>danamassi.</strong></span> 
     </span>
    </p>
   </div>
   <div class='ocr_carea' id='block_1_20' title="bbox 625 2104 1612 2175">
    <p class='ocr_par' dir='ltr' id='par_1_20' title="bbox 625 2104 1612 2175">
     <span class='ocr_line' id='line_1_20' title="bbox 625 2104 1612 2175; baseline -0.01 -10"><span class='ocrx_word' id='word_1_80' title='bbox 625 2110 806 2165; x_wconf 87' lang='lat' dir='ltr'><strong>Pridie</strong></span> <span class='ocrx_word' id='word_1_81' title='bbox 831 2106 1102 2164; x_wconf 78' lang='lat' dir='ltr'><strong>Nonarum</strong></span> <span class='ocrx_word' id='word_1_82' title='bbox 1126 2120 1288 2175; x_wconf 83' lang='lat' dir='ltr'><strong>porro</strong></span> <span class='ocrx_word' id='word_1_83' title='bbox 1310 2104 1612 2174; x_wconf 80' lang='lat' dir='ltr'><strong>quaternis.</strong></span> 
     </span>
    </p>
   </div>
   <div class='ocr_carea' id='block_1_21' title="bbox 626 2195 1696 2271">
    <p class='ocr_par' dir='ltr' id='par_1_21' title="bbox 626 2195 1696 2271">
     <span class='ocr_line' id='line_1_21' title="bbox 626 2195 1696 2271; baseline -0.008 -14"><span class='ocrx_word' id='word_1_84' title='bbox 626 2201 859 2257; x_wconf 63' lang='lat' dir='ltr'><strong>Novena‘.</strong></span> <span class='ocrx_word' id='word_1_85' title='bbox 886 2205 1144 2252; x_wconf 89' lang='lat' dir='ltr'><strong>notantur</strong></span> <span class='ocrx_word' id='word_1_86' title='bbox 1175 2207 1407 2271; x_wconf 85' lang='lat' dir='ltr'><strong>namque</strong></span> <span class='ocrx_word' id='word_1_87' title='bbox 1438 2195 1696 2264; x_wconf 84' lang='lat' dir='ltr'><strong>septenis.</strong></span> 
     </span>
    </p>
   </div>
   <div class='ocr_carea' id='block_1_22' title="bbox 627 2289 1499 2362">
    <p class='ocr_par' dir='ltr' id='par_1_22' title="bbox 627 2289 1499 2362">
     <span class='ocr_line' id='line_1_22' title="bbox 627 2289 1499 2362; baseline -0.01 -11"><span class='ocrx_word' id='word_1_88' title='bbox 627 2295 838 2350; x_wconf 83' lang='lat' dir='ltr'><strong>Pridias</strong></span> <span class='ocrx_word' id='word_1_89' title='bbox 869 2293 989 2351; x_wconf 89' lang='lat' dir='ltr'><strong>ldus</strong></span> <span class='ocrx_word' id='word_1_90' title='bbox 1018 2290 1272 2362; x_wconf 85' lang='lat' dir='ltr'><strong>panditur</strong></span> <span class='ocrx_word' id='word_1_91' title='bbox 1300 2289 1499 2358; x_wconf 86' lang='lat' dir='ltr'><strong>quinis.</strong></span> 
     </span>
    </p>
   </div>
   <div class='ocr_carea' id='block_1_23' title="bbox 628 2381 1586 2455">
    <p class='ocr_par' dir='ltr' id='par_1_23' title="bbox 628 2381 1586 2455">
     <span class='ocr_line' id='line_1_23' title="bbox 628 2381 1586 2455; baseline -0.007 -15"><span class='ocrx_word' id='word_1_92' title='bbox 628 2385 827 2455; x_wconf 78' lang='lat' dir='ltr'><strong>Aprilis</strong></span> <span class='ocrx_word' id='word_1_93' title='bbox 852 2382 1119 2442; x_wconf 75' lang='lat' dir='ltr'><strong>Kalendas</strong></span> <span class='ocrx_word' id='word_1_94' title='bbox 1147 2396 1288 2434; x_wconf 83' lang='lat' dir='ltr'><strong>unus</strong></span> <span class='ocrx_word' id='word_1_95' title='bbox 1311 2381 1586 2449; x_wconf 79' lang='lat' dir='ltr'><strong>exprimit.</strong></span> 
     </span>
    </p>
   </div>
   <div class='ocr_carea' id='block_1_24' title="bbox 524 2473 1894 2543">
    <p class='ocr_par' dir='ltr' id='par_1_24' title="bbox 524 2473 1894 2543">
     <span class='ocr_line' id='line_1_24' title="bbox 524 2473 1894 2543; baseline -0.011 -10"><span class='ocrx_word' id='word_1_96' title='bbox 524 2484 528 2489; x_wconf 80' lang='grc'><em>’</em></span> <span class='ocrx_word' id='word_1_97' title='bbox 629 2479 912 2533; x_wconf 71' lang='lat' dir='ltr'><strong>Duodcnas</strong></span> <span class='ocrx_word' id='word_1_98' title='bbox 942 2487 1175 2543; x_wconf 86' lang='lat' dir='ltr'><strong>namque</strong></span> <span class='ocrx_word' id='word_1_99' title='bbox 1202 2473 1359 2527; x_wconf 85' lang='lat' dir='ltr'><strong>docte</strong></span> <span class='ocrx_word' id='word_1_100' title='bbox 1389 2473 1690 2542; x_wconf 86' lang='lat' dir='ltr'><strong>quaternis.</strong></span> <span class='ocrx_word' id='word_1_101' title='bbox 1793 2529 1814 2537; x_wconf 64' lang='lat'><em>_</em></span> <span class='ocrx_word' id='word_1_102' title='bbox 1889 2511 1894 2518; x_wconf 90' lang='lat'><strong>.</strong></span> 
     </span>
    </p>
   </div>
   <div class='ocr_carea' id='block_1_25' title="bbox 629 2566 1690 2640">
    <p class='ocr_par' dir='ltr' id='par_1_25' title="bbox 629 2566 1690 2640">
     <span class='ocr_line' id='line_1_25' title="bbox 629 2566 1690 2640; baseline -0.004 -14"><span class='ocrx_word' id='word_1_103' title='bbox 629 2569 878 2640; x_wconf 82' lang='lat' dir='ltr'><strong>Speciem</strong></span> <span class='ocrx_word' id='word_1_104' title='bbox 903 2567 1146 2638; x_wconf 80' lang='lat' dir='ltr'><strong>quintam</strong></span> <span class='ocrx_word' id='word_1_105' title='bbox 1176 2581 1458 2636; x_wconf 85' lang='lat' dir='ltr'><strong>speramus</strong></span> <span class='ocrx_word' id='word_1_106' title='bbox 1481 2566 1690 2622; x_wconf 85' lang='lat' dir='ltr'><strong>duobus</strong></span> 
     </span>
    </p>
   </div>
   <div class='ocr_carea' id='block_1_26' title="bbox 536 2660 1782 2734">
    <p class='ocr_par' dir='ltr' id='par_1_26' title="bbox 536 2660 1782 2734">
     <span class='ocr_line' id='line_1_26' title="bbox 536 2660 1782 2734; baseline -0.009 -13"><span class='ocrx_word' id='word_1_107' title='bbox 536 2677 539 2679; x_wconf 78' lang='lat'><em>‘</em></span> <span class='ocrx_word' id='word_1_108' title='bbox 631 2665 918 2734; x_wconf 71' lang='lat' dir='ltr'><strong>Quaternas</strong></span> <span class='ocrx_word' id='word_1_109' title='bbox 946 2663 1200 2717; x_wconf 64' lang='lat' dir='ltr'><strong>Kalendas</strong></span> <span class='ocrx_word' id='word_1_110' title='bbox 1224 2662 1460 2730; x_wconf 90' lang='lat' dir='ltr'><strong>quinque</strong></span> <span class='ocrx_word' id='word_1_111' title='bbox 1475 2660 1782 2715; x_wconf 79' lang='lat' dir='ltr'><strong>coniciunt.</strong></span> 
     </span>
    </p>
   </div>
   <div class='ocr_carea' id='block_1_27' title="bbox 565 2749 2069 2827">
    <p class='ocr_par' dir='ltr' id='par_1_27' title="bbox 565 2749 2069 2827">
     <span class='ocr_line' id='line_1_27' title="bbox 565 2749 2069 2827; baseline -0.005 -16"><span class='ocrx_word' id='word_1_112' title='bbox 565 2757 658 2812; x_wconf 87' lang='lat' dir='ltr'><strong>llis</strong></span> <span class='ocrx_word' id='word_1_113' title='bbox 685 2771 815 2827; x_wconf 86' lang='lat' dir='ltr'><strong>ergo</strong></span> <span class='ocrx_word' id='word_1_114' title='bbox 844 2754 1183 2826; x_wconf 87' lang='lat' dir='ltr'><strong>regularibus</strong></span> <span class='ocrx_word' id='word_1_115' title='bbox 1213 2749 1419 2807; x_wconf 82' lang='lat' dir='ltr'><strong>additis</strong></span> <span class='ocrx_word' id='word_1_116' title='bbox 1452 2750 1576 2806; x_wconf 85' lang='lat' dir='ltr'><strong>anni</strong></span> <span class='ocrx_word' id='word_1_117' title='bbox 1599 2750 1896 2821; x_wconf 55' lang='lat' dir='ltr'><strong>praesentis</strong></span> <span class='ocrx_word' id='word_1_118' title='bbox 1937 2764 2069 2804; x_wconf 86' lang='lat' dir='ltr'><strong>con-</strong></span> 
     </span>
    </p>
   </div>
   <div class='ocr_carea' id='block_1_28' title="bbox 491 2842 2069 2914">
    <p class='ocr_par' dir='ltr' id='par_1_28' title="bbox 491 2842 2069 2914">
     <span class='ocr_line' id='line_1_28' title="bbox 491 2842 2069 2914; baseline -0.006 -10"><span class='ocrx_word' id='word_1_119' title='bbox 491 2846 859 2910; x_wconf 81' lang='lat' dir='ltr'><strong>currentibus,</strong></span> <span class='ocrx_word' id='word_1_120' title='bbox 902 2853 1120 2914; x_wconf 82' lang='lat' dir='ltr'><strong>totaque</strong></span> <span class='ocrx_word' id='word_1_121' title='bbox 1165 2858 1374 2898; x_wconf 89' lang='lat' dir='ltr'><strong>summa</strong></span> <span class='ocrx_word' id='word_1_122' title='bbox 1420 2843 1474 2897; x_wconf 88' lang='lat' dir='ltr'><strong>in</strong></span> <span class='ocrx_word' id='word_1_123' title='bbox 1495 2851 1717 2911; x_wconf 75' lang='lat' dir='ltr'><strong>septem</strong></span> <span class='ocrx_word' id='word_1_124' title='bbox 1761 2842 2069 2905; x_wconf 73' lang='lat' dir='ltr'><strong>distributa,</strong></span> 
     </span>
    </p>
   </div>
   <div class='ocr_carea' id='block_1_29' title="bbox 490 2930 2074 3008">
    <p class='ocr_par' dir='ltr' id='par_1_29' title="bbox 490 2930 2074 3008">
     <span class='ocr_line' id='line_1_29' title="bbox 490 2930 2074 3008; baseline -0.006 -15"><span class='ocrx_word' id='word_1_125' title='bbox 490 2946 686 3008; x_wconf 84' lang='lat' dir='ltr'><strong>quotus</strong></span> <span class='ocrx_word' id='word_1_126' title='bbox 712 2950 968 2991; x_wconf 87' lang='lat' dir='ltr'><strong>numerus</strong></span> <span class='ocrx_word' id='word_1_127' title='bbox 1011 2932 1356 2997; x_wconf 83' lang='lat' dir='ltr'><strong>remanserit,</strong></span> <span class='ocrx_word' id='word_1_128' title='bbox 1403 2939 1516 2986; x_wconf 88' lang='lat' dir='ltr'><strong>tota</strong></span> <span class='ocrx_word' id='word_1_129' title='bbox 1563 2930 1698 2985; x_wconf 75' lang='lat' dir='ltr'><strong>feria</strong></span> <span class='ocrx_word' id='word_1_130' title='bbox 1735 2931 1844 2984; x_wconf 89' lang='lat' dir='ltr'><strong>erit</strong></span> <span class='ocrx_word' id='word_1_131' title='bbox 1875 2931 1930 2984; x_wconf 91' lang='lat' dir='ltr'><strong>in</strong></span> <span class='ocrx_word' id='word_1_132' title='bbox 1965 2939 2074 2984; x_wconf 81' lang='lat' dir='ltr'><strong>ter-</strong></span> 
     </span>
    </p>
   </div>
   <div class='ocr_carea' id='block_1_30' title="bbox 494 3023 2073 3098">
    <p class='ocr_par' dir='ltr' id='par_1_30' title="bbox 494 3023 2073 3098">
     <span class='ocr_line' id='line_1_30' title="bbox 494 3023 2073 3098; baseline -0.006 -14"><span class='ocrx_word' id='word_1_133' title='bbox 494 3029 644 3084; x_wconf 86' lang='lat' dir='ltr'><strong>mino</strong></span> <span class='ocrx_word' id='word_1_134' title='bbox 667 3025 926 3098; x_wconf 78' lang='lat' dir='ltr'><strong>paschali.</strong></span> <span class='ocrx_word' id='word_1_135' title='bbox 953 3023 1010 3079; x_wconf 91' lang='lat' dir='ltr'><strong>Si</strong></span> <span class='ocrx_word' id='word_1_136' title='bbox 1036 3031 1214 3078; x_wconf 83' lang='lat' dir='ltr'><strong>autem</strong></span> <span class='ocrx_word' id='word_1_137' title='bbox 1246 3029 1416 3077; x_wconf 83' lang='lat' dir='ltr'><strong>totum</strong></span> <span class='ocrx_word' id='word_1_138' title='bbox 1440 3028 1722 3076; x_wconf 80' lang='lat' dir='ltr'><strong>numerum</strong></span> <span class='ocrx_word' id='word_1_139' title='bbox 1743 3035 1843 3090; x_wconf 86' lang='lat' dir='ltr'><strong>por</strong></span> <span class='ocrx_word' id='word_1_140' title='bbox 1863 3028 2073 3089; x_wconf 79' lang='lat' dir='ltr'><strong>septem</strong></span> 
     </span>
    </p>
   </div>
   <div class='ocr_carea' id='block_1_31' title="bbox 496 3111 2063 3192">
    <p class='ocr_par' dir='ltr' id='par_1_31' title="bbox 496 3111 2063 3192">
     <span class='ocr_line' id='line_1_31' title="bbox 496 3111 2063 3192; baseline -0.01 -15"><span class='ocrx_word' id='word_1_141' title='bbox 496 3122 728 3192; x_wconf 88' lang='lat' dir='ltr'><strong>partitus</strong></span> <span class='ocrx_word' id='word_1_142' title='bbox 757 3117 937 3183; x_wconf 83' lang='lat' dir='ltr'><strong>fuerit,</strong></span> <span class='ocrx_word' id='word_1_143' title='bbox 970 3116 1195 3171; x_wconf 85' lang='lat' dir='ltr'><strong>sabbato</strong></span> <span class='ocrx_word' id='word_1_144' title='bbox 1222 3114 1330 3169; x_wconf 89' lang='lat' dir='ltr'><strong>erit</strong></span> <span class='ocrx_word' id='word_1_145' title='bbox 1359 3113 1453 3181; x_wconf 89' lang='lat' dir='ltr'><strong>ille</strong></span> <span class='ocrx_word' id='word_1_146' title='bbox 1484 3112 1748 3167; x_wconf 90' lang='lat' dir='ltr'><strong>terminus</strong></span> <span class='ocrx_word' id='word_1_147' title='bbox 1774 3111 2063 3178; x_wconf 87' lang='lat' dir='ltr'><strong>paschalis.</strong></span> 
     </span>
    </p>
   </div>
   <div class='ocr_carea' id='block_1_32' title="bbox 1149 343 2077 409">
    <p class='ocr_par' dir='ltr' id='par_1_32' title="bbox 1149 345 2077 409">
     <span class='ocr_line' id='line_1_32' title="bbox 1149 345 2077 409; baseline -0.004 -2"><span class='ocrx_word' id='word_1_148' title='bbox 1149 353 1216 409; x_wconf 83' lang='grc' dir='ltr'><strong>Β.</strong></span> <span class='ocrx_word' id='word_1_149' title='bbox 1248 351 1504 408; x_wconf 76' lang='lat' dir='ltr'><strong>RABANI</strong></span> <span class='ocrx_word' id='word_1_150' title='bbox 1545 350 1762 408; x_wconf 76' lang='lat' dir='ltr'><strong>MAURI</strong></span> <span class='ocrx_word' id='word_1_151' title='bbox 1801 345 2077 405; x_wconf 60' lang='lat' dir='ltr'><strong>summa</strong></span> 
     </span>
    </p>
   </div>
   <div class='ocr_carea' id='block_1_33' title="bbox 2177 343 3090 409">
    <p class='ocr_par' dir='ltr' id='par_1_33' title="bbox 2177 346 3090 406">
     <span class='ocr_line' id='line_1_33' title="bbox 2177 346 3090 406; baseline 0.002 -4"><span class='ocrx_word' id='word_1_152' title='bbox 2177 346 2467 405; x_wconf 73' lang='lat' dir='ltr'><strong>IOGUNT.</strong></span> <span class='ocrx_word' id='word_1_153' title='bbox 2510 347 2795 405; x_wconf 71' lang='lat' dir='ltr'><strong>OPERUM</strong></span> <span class='ocrx_word' id='word_1_154' title='bbox 2833 350 3012 405; x_wconf 75' lang='lat' dir='ltr'><strong>PARS</strong></span> <span class='ocrx_word' id='word_1_155' title='bbox 3050 351 3090 406; x_wconf 89' lang='grc' dir='ltr'><strong>Ι.</strong></span> 
     </span>
    </p>
   </div>
   <div class='ocr_carea' id='block_1_34' title="bbox 3631 353 3736 407">
    <p class='ocr_par' dir='ltr' id='par_1_34' title="bbox 3631 353 3736 407">
     <span class='ocr_line' id='line_1_34' title="bbox 3631 353 3736 407; baseline -0.01 0"><span class='ocrx_word' id='word_1_156' title='bbox 3631 353 3736 407; x_wconf 75' lang='lat'><strong>720</strong></span> 
     </span>
    </p>
   </div>
   <div class='ocr_carea' id='block_1_35' title="bbox 2080 465 3744 535">
    <p class='ocr_par' dir='ltr' id='par_1_35' title="bbox 2080 465 3744 535">
     <span class='ocr_line' id='line_1_35' title="bbox 2080 465 3744 535; baseline 0.005 -17"><span class='ocrx_word' id='word_1_157' title='bbox 2080 470 2129 528; x_wconf 80' lang='grc' dir='ltr'><strong>Α</strong></span> <span class='ocrx_word' id='word_1_158' title='bbox 2158 479 2302 519; x_wconf 87' lang='lat' dir='ltr'><strong>anno</strong></span> <span class='ocrx_word' id='word_1_159' title='bbox 2327 465 2395 520; x_wconf 92' lang='lat' dir='ltr'><strong>de</strong></span> <span class='ocrx_word' id='word_1_160' title='bbox 2436 480 2544 534; x_wconf 90' lang='lat' dir='ltr'><strong>quo</strong></span> <span class='ocrx_word' id='word_1_161' title='bbox 2583 465 2810 535; x_wconf 91' lang='lat' dir='ltr'><strong>inquiris</strong></span> <span class='ocrx_word' id='word_1_162' title='bbox 2839 475 2970 534; x_wconf 91' lang='lat' dir='ltr'><strong>quot</strong></span> <span class='ocrx_word' id='word_1_163' title='bbox 2999 476 3200 535; x_wconf 66' lang='lat' dir='ltr'><strong>epactze</strong></span> <span class='ocrx_word' id='word_1_164' title='bbox 3230 469 3339 524; x_wconf 89' lang='lat' dir='ltr'><strong>sint</strong></span> <span class='ocrx_word' id='word_1_165' title='bbox 3383 469 3438 523; x_wconf 90' lang='lat' dir='ltr'><strong>in</strong></span> <span class='ocrx_word' id='word_1_166' title='bbox 3485 467 3744 528; x_wconf 77' lang='lat' dir='ltr'><strong>Kalendis</strong></span> 
     </span>
    </p>
   </div>
   <div class='ocr_carea' id='block_1_36' title="bbox 2159 553 3742 624">
    <p class='ocr_par' dir='ltr' id='par_1_36' title="bbox 2159 553 3742 624">
     <span class='ocr_line' id='line_1_36' title="bbox 2159 553 3742 624; baseline 0.004 -15"><span class='ocrx_word' id='word_1_167' title='bbox 2159 553 2468 620; x_wconf 82' lang='lat' dir='ltr'><strong>Januariis;</strong></span> <span class='ocrx_word' id='word_1_168' title='bbox 2499 564 2554 608; x_wconf 92' lang='lat' dir='ltr'><strong>et</strong></span> <span class='ocrx_word' id='word_1_169' title='bbox 2596 562 2758 624; x_wconf 87' lang='lat' dir='ltr'><strong>quota</strong></span> <span class='ocrx_word' id='word_1_170' title='bbox 2790 555 2912 608; x_wconf 90' lang='lat' dir='ltr'><strong>luna</strong></span> <span class='ocrx_word' id='word_1_171' title='bbox 2948 555 3141 621; x_wconf 78' lang='lat' dir='ltr'><strong>fuerit,</strong></span> <span class='ocrx_word' id='word_1_172' title='bbox 3185 565 3267 612; x_wconf 88' lang='lat' dir='ltr'><strong>tot</strong></span> <span class='ocrx_word' id='word_1_173' title='bbox 3310 559 3427 614; x_wconf 89' lang='lat' dir='ltr'><strong>dies</strong></span> <span class='ocrx_word' id='word_1_174' title='bbox 3450 559 3504 613; x_wconf 90' lang='lat' dir='ltr'><strong>in</strong></span> <span class='ocrx_word' id='word_1_175' title='bbox 3545 557 3742 616; x_wconf 68' lang='lat' dir='ltr'><strong>lartio</strong></span> 
     </span>
    </p>
   </div>
   <div class='ocr_carea' id='block_1_37' title="bbox 2160 649 3742 722">
    <p class='ocr_par' dir='ltr' id='par_1_37' title="bbox 2160 649 3742 722">
     <span class='ocr_line' id='line_1_37' title="bbox 2160 649 3742 722; baseline 0.008 -23"><span class='ocrx_word' id='word_1_176' title='bbox 2160 661 2345 702; x_wconf 82' lang='lat' dir='ltr'><strong>mense</strong></span> <span class='ocrx_word' id='word_1_177' title='bbox 2365 662 2398 702; x_wconf 83' lang='lat' dir='ltr'><strong>a</strong></span> <span class='ocrx_word' id='word_1_178' title='bbox 2429 649 2534 704; x_wconf 84' lang='lat' dir='ltr'><strong>line</strong></span> <span class='ocrx_word' id='word_1_179' title='bbox 2567 659 2714 705; x_wconf 91' lang='lat' dir='ltr'><strong>retro</strong></span> <span class='ocrx_word' id='word_1_180' title='bbox 2748 653 3054 707; x_wconf 80' lang='lat' dir='ltr'><strong>subtrahas.</strong></span> <span class='ocrx_word' id='word_1_181' title='bbox 3100 653 3168 707; x_wconf 85' lang='lat' dir='ltr'><strong>Et</strong></span> <span class='ocrx_word' id='word_1_182' title='bbox 3203 655 3292 708; x_wconf 93' lang='lat' dir='ltr'><strong>ubi</strong></span> <span class='ocrx_word' id='word_1_183' title='bbox 3325 656 3627 722; x_wconf 89' lang='lat' dir='ltr'><strong>deveneris,</strong></span> <span class='ocrx_word' id='word_1_184' title='bbox 3666 658 3742 712; x_wconf 90' lang='lat' dir='ltr'><strong>ibi</strong></span> 
     </span>
    </p>
   </div>
   <div class='ocr_carea' id='block_1_38' title="bbox 2159 733 3740 808">
    <p class='ocr_par' dir='ltr' id='par_1_38' title="bbox 2159 733 3740 808">
     <span class='ocr_line' id='line_1_38' title="bbox 2159 733 3740 808; baseline 0.009 -21"><span class='ocrx_word' id='word_1_185' title='bbox 2159 733 2369 789; x_wconf 87' lang='lat' dir='ltr'><strong>initium</strong></span> <span class='ocrx_word' id='word_1_186' title='bbox 2403 738 2565 808; x_wconf 89' lang='lat' dir='ltr'><strong>primi</strong></span> <span class='ocrx_word' id='word_1_187' title='bbox 2607 740 2809 794; x_wconf 89' lang='lat' dir='ltr'><strong>mensis</strong></span> <span class='ocrx_word' id='word_1_188' title='bbox 2849 740 3122 807; x_wconf 79' lang='lat' dir='ltr'><strong>invenies;</strong></span> <span class='ocrx_word' id='word_1_189' title='bbox 3154 745 3392 803; x_wconf 79' lang='lat' dir='ltr'><strong>exceptis</strong></span> <span class='ocrx_word' id='word_1_190' title='bbox 3419 746 3596 800; x_wconf 86' lang='lat' dir='ltr'><strong>tribus</strong></span> <span class='ocrx_word' id='word_1_191' title='bbox 3623 763 3740 800; x_wconf 87' lang='lat' dir='ltr'><strong>em-</strong></span> 
     </span>
    </p>
   </div>
   <div class='ocr_carea' id='block_1_39' title="bbox 2157 825 3744 902">
    <p class='ocr_par' dir='ltr' id='par_1_39' title="bbox 2157 825 3744 902">
     <span class='ocr_line' id='line_1_39' title="bbox 2157 825 3744 902; baseline 0.006 -23"><span class='ocrx_word' id='word_1_192' title='bbox 2157 825 2428 892; x_wconf 89' lang='lat' dir='ltr'><strong>bolismis,</strong></span> <span class='ocrx_word' id='word_1_193' title='bbox 2462 827 2514 882; x_wconf 89' lang='lat' dir='ltr'><strong>id</strong></span> <span class='ocrx_word' id='word_1_194' title='bbox 2545 837 2647 892; x_wconf 86' lang='lat' dir='ltr'><strong>est,</strong></span> <span class='ocrx_word' id='word_1_195' title='bbox 2676 830 2732 883; x_wconf 92' lang='lat' dir='ltr'><strong>in</strong></span> <span class='ocrx_word' id='word_1_196' title='bbox 2767 829 3062 884; x_wconf 84' lang='lat' dir='ltr'><strong>novissimo</strong></span> <span class='ocrx_word' id='word_1_197' title='bbox 3106 831 3426 888; x_wconf 90' lang='lat' dir='ltr'><strong>embolismo</strong></span> <span class='ocrx_word' id='word_1_198' title='bbox 3460 834 3744 902; x_wconf 82' lang='lat' dir='ltr'><strong>ogdoadis,</strong></span> 
     </span>
    </p>
   </div>
   <div class='ocr_carea' id='block_1_40' title="bbox 2158 916 3745 990">
    <p class='ocr_par' dir='ltr' id='par_1_40' title="bbox 2158 916 3745 990">
     <span class='ocr_line' id='line_1_40' title="bbox 2158 916 3745 990; baseline 0.009 -22"><span class='ocrx_word' id='word_1_199' title='bbox 2158 925 2213 968; x_wconf 89' lang='lat' dir='ltr'><strong>et</strong></span> <span class='ocrx_word' id='word_1_200' title='bbox 2235 916 2409 985; x_wconf 90' lang='lat' dir='ltr'><strong>primo</strong></span> <span class='ocrx_word' id='word_1_201' title='bbox 2437 918 2755 974; x_wconf 85' lang='lat' dir='ltr'><strong>embolismo</strong></span> <span class='ocrx_word' id='word_1_202' title='bbox 2784 919 3131 984; x_wconf 87' lang='lat' dir='ltr'><strong>hendecadis,</strong></span> <span class='ocrx_word' id='word_1_203' title='bbox 3156 923 3220 975; x_wconf 86' lang='lat' dir='ltr'><strong>et</strong></span> <span class='ocrx_word' id='word_1_204' title='bbox 3239 923 3535 978; x_wconf 80' lang='lat' dir='ltr'><strong>novissimo</strong></span> <span class='ocrx_word' id='word_1_205' title='bbox 3557 926 3745 990; x_wconf 45' lang='lat' dir='ltr'><strong>embo‘</strong></span> 
     </span>
    </p>
   </div>
   <div class='ocr_carea' id='block_1_41' title="bbox 2158 1007 3745 1071">
    <p class='ocr_par' dir='ltr' id='par_1_41' title="bbox 2158 1007 3745 1071">
     <span class='ocr_line' id='line_1_41' title="bbox 2158 1007 3745 1071; baseline 0.003 -5"><span class='ocrx_word' id='word_1_206' title='bbox 2158 1007 2318 1066; x_wconf 81' lang='lat' dir='ltr'><strong>lismo</strong></span> <span class='ocrx_word' id='word_1_207' title='bbox 2375 1009 2716 1067; x_wconf 79' lang='lat' dir='ltr'><strong>hendecadis.</strong></span> <span class='ocrx_word' id='word_1_208' title='bbox 2766 1012 2823 1065; x_wconf 88' lang='lat' dir='ltr'><strong>ln</strong></span> <span class='ocrx_word' id='word_1_209' title='bbox 2880 1011 3177 1068; x_wconf 79' lang='lat' dir='ltr'><strong>novissimo</strong></span> <span class='ocrx_word' id='word_1_210' title='bbox 3228 1013 3375 1068; x_wconf 86' lang='lat' dir='ltr'><strong>enim</strong></span> <span class='ocrx_word' id='word_1_211' title='bbox 3420 1017 3745 1071; x_wconf 78' lang='lat' dir='ltr'><strong>embolismo</strong></span> 
     </span>
    </p>
   </div>
   <div class='ocr_carea' id='block_1_42' title="bbox 2157 1102 3745 1178">
    <p class='ocr_par' dir='ltr' id='par_1_42' title="bbox 2157 1102 3745 1178">
     <span class='ocr_line' id='line_1_42' title="bbox 2157 1102 3745 1178; baseline 0.004 -21"><span class='ocrx_word' id='word_1_212' title='bbox 2157 1102 2418 1171; x_wconf 84' lang='lat' dir='ltr'><strong>ogdoadis</strong></span> <span class='ocrx_word' id='word_1_213' title='bbox 2444 1103 2662 1158; x_wconf 79' lang='lat' dir='ltr'><strong>initium</strong></span> <span class='ocrx_word' id='word_1_214' title='bbox 2693 1106 2851 1174; x_wconf 89' lang='lat' dir='ltr'><strong>primi</strong></span> <span class='ocrx_word' id='word_1_215' title='bbox 2877 1106 3086 1161; x_wconf 86' lang='lat' dir='ltr'><strong>mensis</strong></span> <span class='ocrx_word' id='word_1_216' title='bbox 3131 1106 3184 1162; x_wconf 86' lang='lat' dir='ltr'><strong>in</strong></span> <span class='ocrx_word' id='word_1_217' title='bbox 3218 1105 3386 1170; x_wconf 81' lang='lat' dir='ltr'><strong>Nonis</strong></span> <span class='ocrx_word' id='word_1_218' title='bbox 3423 1108 3628 1178; x_wconf 71' lang='lat' dir='ltr'><strong>Aprilis</strong></span> <span class='ocrx_word' id='word_1_219' title='bbox 3656 1110 3745 1163; x_wconf 87' lang='lat' dir='ltr'><strong>in-</strong></span> 
     </span>
    </p>
   </div>
   <div class='ocr_carea' id='block_1_43' title="bbox 2158 1193 3748 1268">
    <p class='ocr_par' dir='ltr' id='par_1_43' title="bbox 2158 1193 3748 1268">
     <span class='ocr_line' id='line_1_43' title="bbox 2158 1193 3748 1268; baseline 0.006 -22"><span class='ocrx_word' id='word_1_220' title='bbox 2158 1193 2390 1247; x_wconf 78' lang='lat' dir='ltr'><strong>venitur.</strong></span> <span class='ocrx_word' id='word_1_221' title='bbox 2420 1193 2475 1248; x_wconf 84' lang='lat' dir='ltr'><strong>ln</strong></span> <span class='ocrx_word' id='word_1_222' title='bbox 2515 1195 2692 1265; x_wconf 85' lang='lat' dir='ltr'><strong>primo</strong></span> <span class='ocrx_word' id='word_1_223' title='bbox 2713 1203 2892 1250; x_wconf 90' lang='lat' dir='ltr'><strong>autem</strong></span> <span class='ocrx_word' id='word_1_224' title='bbox 2921 1196 3265 1264; x_wconf 77' lang='lat' dir='ltr'><strong>bendecadze,</strong></span> <span class='ocrx_word' id='word_1_225' title='bbox 3298 1198 3352 1252; x_wconf 92' lang='lat' dir='ltr'><strong>in</strong></span> <span class='ocrx_word' id='word_1_226' title='bbox 3379 1209 3574 1268; x_wconf 81' lang='lat' dir='ltr'><strong>quarto</strong></span> <span class='ocrx_word' id='word_1_227' title='bbox 3606 1199 3748 1255; x_wconf 90' lang='lat' dir='ltr'><strong>Non.</strong></span> 
     </span>
    </p>
   </div>
   <div class='ocr_carea' id='block_1_44' title="bbox 2158 1282 3751 1352">
    <p class='ocr_par' dir='ltr' id='par_1_44' title="bbox 2158 1282 3751 1352">
     <span class='ocr_line' id='line_1_44' title="bbox 2158 1282 3751 1352; baseline 0.005 -16"><span class='ocrx_word' id='word_1_228' title='bbox 2158 1282 2361 1352; x_wconf 84' lang='lat' dir='ltr'><strong>Aprilis</strong></span> <span class='ocrx_word' id='word_1_229' title='bbox 2391 1285 2683 1341; x_wconf 81' lang='lat' dir='ltr'><strong>invenitur.</strong></span> <span class='ocrx_word' id='word_1_230' title='bbox 2713 1286 2768 1340; x_wconf 93' lang='lat' dir='ltr'><strong>ln</strong></span> <span class='ocrx_word' id='word_1_231' title='bbox 2809 1286 2997 1340; x_wconf 89' lang='lat' dir='ltr'><strong>ultimo</strong></span> <span class='ocrx_word' id='word_1_232' title='bbox 3024 1303 3156 1342; x_wconf 90' lang='lat' dir='ltr'><strong>vero</strong></span> <span class='ocrx_word' id='word_1_233' title='bbox 3189 1290 3511 1344; x_wconf 86' lang='lat' dir='ltr'><strong>embolismo</strong></span> <span class='ocrx_word' id='word_1_234' title='bbox 3545 1290 3751 1344; x_wconf 82' lang='lat' dir='ltr'><strong>hende-</strong></span> 
     </span>
    </p>
   </div>
   <div class='ocr_carea' id='block_1_45' title="bbox 2161 1375 3750 1450">
    <p class='ocr_par' dir='ltr' id='par_1_45' title="bbox 2161 1375 3750 1450">
     <span class='ocr_line' id='line_1_45' title="bbox 2161 1375 3750 1450; baseline 0.003 -20"><span class='ocrx_word' id='word_1_235' title='bbox 2161 1375 2332 1442; x_wconf 84' lang='lat' dir='ltr'><strong>cadis,</strong></span> <span class='ocrx_word' id='word_1_236' title='bbox 2379 1376 2436 1431; x_wconf 89' lang='lat' dir='ltr'><strong>in</strong></span> <span class='ocrx_word' id='word_1_237' title='bbox 2491 1378 2728 1433; x_wconf 84' lang='lat' dir='ltr'><strong>secundo</strong></span> <span class='ocrx_word' id='word_1_238' title='bbox 2782 1377 2918 1432; x_wconf 91' lang='lat' dir='ltr'><strong>Non.</strong></span> <span class='ocrx_word' id='word_1_239' title='bbox 2967 1377 3168 1448; x_wconf 71' lang='lat' dir='ltr'><strong>Aprilis</strong></span> <span class='ocrx_word' id='word_1_240' title='bbox 3215 1381 3536 1450; x_wconf 83' lang='lat' dir='ltr'><strong>principium</strong></span> <span class='ocrx_word' id='word_1_241' title='bbox 3588 1381 3750 1450; x_wconf 86' lang='lat' dir='ltr'><strong>primi</strong></span> 
     </span>
    </p>
   </div>
   <div class='ocr_carea' id='block_1_46' title="bbox 2161 1467 3714 1542">
    <p class='ocr_par' dir='ltr' id='par_1_46' title="bbox 2161 1467 3714 1542">
     <span class='ocr_line' id='line_1_46' title="bbox 2161 1467 3714 1542; baseline 0.005 -22"><span class='ocrx_word' id='word_1_242' title='bbox 2161 1467 2365 1524; x_wconf 85' lang='lat' dir='ltr'><strong>mensis</strong></span> <span class='ocrx_word' id='word_1_243' title='bbox 2391 1467 2714 1524; x_wconf 71' lang='lat' dir='ltr'><strong>invenietur.</strong></span> <span class='ocrx_word' id='word_1_244' title='bbox 2759 1468 2882 1524; x_wconf 66' lang='lat' dir='ltr'><strong>H330</strong></span> <span class='ocrx_word' id='word_1_245' title='bbox 2911 1471 3218 1526; x_wconf 79' lang='lat' dir='ltr'><strong>observatio</strong></span> <span class='ocrx_word' id='word_1_246' title='bbox 3248 1486 3526 1542; x_wconf 83' lang='lat' dir='ltr'><strong>nunquam</strong></span> <span class='ocrx_word' id='word_1_247' title='bbox 3553 1470 3714 1527; x_wconf 82' lang='lat' dir='ltr'><strong>fallit.</strong></span> 
     </span>
    </p>
   </div>
   <div class='ocr_carea' id='block_1_47' title="bbox 2673 1577 3237 1635">
    <p class='ocr_par' dir='ltr' id='par_1_47' title="bbox 2673 1577 3237 1635">
     <span class='ocr_line' id='line_1_47' title="bbox 2673 1577 3237 1635; baseline 0.002 -1"><span class='ocrx_word' id='word_1_248' title='bbox 2673 1577 2900 1634; x_wconf 86' lang='lat' dir='ltr'><strong>CAPUT</strong></span> <span class='ocrx_word' id='word_1_249' title='bbox 2952 1579 3237 1635; x_wconf 69' lang='lat' dir='ltr'><strong>LXXXVI.</strong></span> 
     </span>
    </p>
   </div>
   <div class='ocr_carea' id='block_1_48' title="bbox 2464 1647 3328 1707">
    <p class='ocr_par' dir='ltr' id='par_1_48' title="bbox 2464 1647 3328 1707">
     <span class='ocr_line' id='line_1_48' title="bbox 2464 1647 3328 1707; baseline 0.008 -7"><span class='ocrx_word' id='word_1_250' title='bbox 2464 1650 2466 1652; x_wconf 72' lang='grc'>’</span> <span class='ocrx_word' id='word_1_251' title='bbox 2562 1647 2634 1701; x_wconf 83' lang='lat' dir='ltr'><strong>De</strong></span> <span class='ocrx_word' id='word_1_252' title='bbox 2663 1649 2746 1702; x_wconf 80' lang='lat' dir='ltr'><strong>die</strong></span> <span class='ocrx_word' id='word_1_253' title='bbox 2772 1648 3049 1703; x_wconf 74' lang='grc' dir='ltr'><strong>Ποιηίηὶεο</strong></span> <span class='ocrx_word' id='word_1_254' title='bbox 3086 1649 3328 1707; x_wconf 64' lang='lat' dir='ltr'><strong>Parcius.</strong></span> 
     </span>
    </p>
   </div>
   <div class='ocr_carea' id='block_1_49' title="bbox 2235 1740 3748 1812">
    <p class='ocr_par' dir='ltr' id='par_1_49' title="bbox 2235 1740 3748 1812">
     <span class='ocr_line' id='line_1_49' title="bbox 2235 1740 3748 1812; baseline 0.004 -18"><span class='ocrx_word' id='word_1_255' title='bbox 2235 1740 2380 1796; x_wconf 77' lang='lat' dir='ltr'><strong>Drsc.</strong></span> <span class='ocrx_word' id='word_1_256' title='bbox 2433 1740 2511 1795; x_wconf 85' lang='lat' dir='ltr'><strong>De</strong></span> <span class='ocrx_word' id='word_1_257' title='bbox 2545 1748 2733 1796; x_wconf 91' lang='lat' dir='ltr'><strong>nostro</strong></span> <span class='ocrx_word' id='word_1_258' title='bbox 2766 1756 2895 1812; x_wconf 89' lang='lat' dir='ltr'><strong>ergo</strong></span> <span class='ocrx_word' id='word_1_259' title='bbox 2930 1741 3139 1796; x_wconf 79' lang='lat' dir='ltr'><strong>Pascha</strong></span> <span class='ocrx_word' id='word_1_260' title='bbox 3187 1743 3343 1799; x_wconf 82' lang='lat' dir='ltr'><strong>valde</strong></span> <span class='ocrx_word' id='word_1_261' title='bbox 3386 1744 3640 1800; x_wconf 79' lang='lat' dir='ltr'><strong>desidem</strong></span> <span class='ocrx_word' id='word_1_262' title='bbox 3683 1754 3748 1800; x_wconf 89' lang='lat' dir='ltr'><strong>ut</strong></span> 
     </span>
    </p>
   </div>
   <div class='ocr_carea' id='block_1_50' title="bbox 2092 1826 3753 1901">
    <p class='ocr_par' dir='ltr' id='par_1_50' title="bbox 2092 1826 3753 1901">
     <span class='ocr_line' id='line_1_50' title="bbox 2092 1826 3753 1901; baseline -0.001 -14"><span class='ocrx_word' id='word_1_263' title='bbox 2092 1827 2140 1887; x_wconf 91' lang='lat' dir='ltr'><strong>B</strong></span> <span class='ocrx_word' id='word_1_264' title='bbox 2169 1830 2380 1901; x_wconf 86' lang='lat' dir='ltr'><strong>plenam</strong></span> <span class='ocrx_word' id='word_1_265' title='bbox 2431 1831 2698 1886; x_wconf 80' lang='lat' dir='ltr'><strong>rationem</strong></span> <span class='ocrx_word' id='word_1_266' title='bbox 2741 1826 2963 1886; x_wconf 73' lang='lat' dir='ltr'><strong>reddas.</strong></span> <span class='ocrx_word' id='word_1_267' title='bbox 3020 1831 3172 1900; x_wconf 80' lang='lat' dir='ltr'><strong>Quia</strong></span> <span class='ocrx_word' id='word_1_268' title='bbox 3207 1832 3420 1896; x_wconf 88' lang='lat' dir='ltr'><strong>taliter,</strong></span> <span class='ocrx_word' id='word_1_269' title='bbox 3478 1841 3538 1888; x_wconf 78' lang='lat' dir='ltr'><strong>ut</strong></span> <span class='ocrx_word' id='word_1_270' title='bbox 3589 1849 3753 1898; x_wconf 79' lang='lat' dir='ltr'><strong>reor,</strong></span> 
     </span>
    </p>
   </div>
   <div class='ocr_carea' id='block_1_51' title="bbox 2169 1922 3752 1995">
    <p class='ocr_par' dir='ltr' id='par_1_51' title="bbox 2169 1922 3752 1995">
     <span class='ocr_line' id='line_1_51' title="bbox 2169 1922 3752 1995; baseline 0.001 -17"><span class='ocrx_word' id='word_1_271' title='bbox 2169 1935 2376 1995; x_wconf 68' lang='lat' dir='ltr'><strong>quarta:</strong></span> <span class='ocrx_word' id='word_1_272' title='bbox 2428 1925 2651 1981; x_wconf 65' lang='lat' dir='ltr'><strong>decimae</strong></span> <span class='ocrx_word' id='word_1_273' title='bbox 2683 1924 2822 1979; x_wconf 72' lang='lat' dir='ltr'><strong>lunaa</strong></span> <span class='ocrx_word' id='word_1_274' title='bbox 2875 1925 3084 1994; x_wconf 77' lang='lat' dir='ltr'><strong>antiqui</strong></span> <span class='ocrx_word' id='word_1_275' title='bbox 3136 1925 3384 1982; x_wconf 83' lang='lat' dir='ltr'><strong>videlicet</strong></span> <span class='ocrx_word' id='word_1_276' title='bbox 3436 1922 3752 1990; x_wconf 56' lang='lat' dir='ltr'><strong>{Judzorum</strong></span> 
     </span>
    </p>
   </div>
   <div class='ocr_carea' id='block_1_52' title="bbox 2172 2011 3752 2078">
    <p class='ocr_par' dir='ltr' id='par_1_52' title="bbox 2172 2011 3752 2078">
     <span class='ocr_line' id='line_1_52' title="bbox 2172 2011 3752 2078; baseline -0.001 -9"><span class='ocrx_word' id='word_1_277' title='bbox 2172 2014 2389 2069; x_wconf 71' lang='lat' dir='ltr'><strong>Pascha:</strong></span> <span class='ocrx_word' id='word_1_278' title='bbox 2421 2014 2683 2069; x_wconf 84' lang='lat' dir='ltr'><strong>rationem</strong></span> <span class='ocrx_word' id='word_1_279' title='bbox 2723 2011 2928 2068; x_wconf 82' lang='lat' dir='ltr'><strong>utiliter</strong></span> <span class='ocrx_word' id='word_1_280' title='bbox 2953 2022 3198 2072; x_wconf 82' lang='lat' dir='ltr'><strong>tenemus</strong></span> <span class='ocrx_word' id='word_1_281' title='bbox 3221 2014 3264 2067; x_wconf 91' lang='lat' dir='ltr'><strong>si</strong></span> <span class='ocrx_word' id='word_1_282' title='bbox 3297 2011 3506 2068; x_wconf 83' lang='lat' dir='ltr'><strong>Pascha</strong></span> <span class='ocrx_word' id='word_1_283' title='bbox 3529 2028 3752 2078; x_wconf 86' lang='lat' dir='ltr'><strong>verum,</strong></span> 
     </span>
    </p>
   </div>
   <div class='ocr_carea' id='block_1_53' title="bbox 2169 2090 3751 2173">
    <p class='ocr_par' dir='ltr' id='par_1_53' title="bbox 2169 2090 3751 2173">
     <span class='ocr_line' id='line_1_53' title="bbox 2169 2090 3751 2173; baseline -0.001 -15"><span class='ocrx_word' id='word_1_284' title='bbox 2169 2101 2825 2173; x_wconf 76' lang='lat' dir='ltr'><strong>secundumApostOlmn,</strong></span> <span class='ocrx_word' id='word_1_285' title='bbox 2853 2103 2995 2173; x_wconf 87' lang='lat' dir='ltr'><strong>quod</strong></span> <span class='ocrx_word' id='word_1_286' title='bbox 3021 2090 3340 2160; x_wconf 66' lang='lat' dir='ltr'><strong>immolatus</strong></span> <span class='ocrx_word' id='word_1_287' title='bbox 3369 2111 3454 2157; x_wconf 89' lang='lat' dir='ltr'><strong>est</strong></span> <span class='ocrx_word' id='word_1_288' title='bbox 3475 2101 3751 2166; x_wconf 80' lang='lat' dir='ltr'><strong>Christus,</strong></span> 
     </span>
    </p>
   </div>
   <div class='ocr_carea' id='block_1_54' title="bbox 2171 2181 3749 2268">
    <p class='ocr_par' dir='ltr' id='par_1_54' title="bbox 2171 2181 3749 2268">
     <span class='ocr_line' id='line_1_54' title="bbox 2171 2181 3749 2268; baseline 0.001 -20"><span class='ocrx_word' id='word_1_289' title='bbox 2171 2196 2435 2250; x_wconf 85' lang='lat' dir='ltr'><strong>veraciter</strong></span> <span class='ocrx_word' id='word_1_290' title='bbox 2478 2205 2532 2250; x_wconf 90' lang='lat' dir='ltr'><strong>et</strong></span> <span class='ocrx_word' id='word_1_291' title='bbox 2583 2211 2820 2263; x_wconf 89' lang='lat' dir='ltr'><strong>congrua</strong></span> <span class='ocrx_word' id='word_1_292' title='bbox 2871 2181 3128 2268; x_wconf 76' lang='lat' dir='ltr'><strong>religione</strong></span> <span class='ocrx_word' id='word_1_293' title='bbox 3177 2199 3551 2251; x_wconf 78' lang='lat' dir='ltr'><strong>observemus.</strong></span> <span class='ocrx_word' id='word_1_294' title='bbox 3609 2195 3749 2252; x_wconf 57' lang='lat' dir='ltr'><strong>Mss.</strong></span> 
     </span>
    </p>
   </div>
   <div class='ocr_carea' id='block_1_55' title="bbox 2171 2286 3756 2360">
    <p class='ocr_par' dir='ltr' id='par_1_55' title="bbox 2171 2286 3756 2360">
     <span class='ocr_line' id='line_1_55' title="bbox 2171 2286 3756 2360; baseline 0.002 -20"><span class='ocrx_word' id='word_1_295' title='bbox 2171 2287 2246 2340; x_wconf 91' lang='lat' dir='ltr'><strong>Ita</strong></span> <span class='ocrx_word' id='word_1_296' title='bbox 2273 2293 2357 2340; x_wconf 89' lang='lat' dir='ltr'><strong>est</strong></span> <span class='ocrx_word' id='word_1_297' title='bbox 2401 2295 2461 2340; x_wconf 92' lang='lat' dir='ltr'><strong>ut</strong></span> <span class='ocrx_word' id='word_1_298' title='bbox 2496 2286 2899 2358; x_wconf 85' lang='lat' dir='ltr'><strong>asseris;_quia</strong></span> <span class='ocrx_word' id='word_1_299' title='bbox 2931 2287 3052 2344; x_wconf 81' lang='lat' dir='ltr'><strong>linis</strong></span> <span class='ocrx_word' id='word_1_300' title='bbox 3101 2288 3235 2360; x_wconf 82' lang='lat' dir='ltr'><strong>legis</strong></span> <span class='ocrx_word' id='word_1_301' title='bbox 3261 2288 3514 2344; x_wconf 85' lang='lat' dir='ltr'><strong>Christus</strong></span> <span class='ocrx_word' id='word_1_302' title='bbox 3557 2298 3644 2343; x_wconf 87' lang='lat' dir='ltr'><strong>est</strong></span> <span class='ocrx_word' id='word_1_303' title='bbox 3686 2290 3756 2343; x_wconf 85' lang='lat' dir='ltr'><strong>ad</strong></span> 
     </span>
    </p>
   </div>
   <div class='ocr_carea' id='block_1_56' title="bbox 2159 2377 3753 2452">
    <p class='ocr_par' dir='ltr' id='par_1_56' title="bbox 2159 2377 3753 2452">
     <span class='ocr_line' id='line_1_56' title="bbox 2159 2377 3753 2452; baseline 0.003 -22"><span class='ocrx_word' id='word_1_304' title='bbox 2159 2377 2431 2445; x_wconf 76' lang='lat' dir='ltr'><strong>justitiam</strong></span> <span class='ocrx_word' id='word_1_305' title='bbox 2458 2379 2606 2433; x_wconf 85' lang='lat' dir='ltr'><strong>omni</strong></span> <span class='ocrx_word' id='word_1_306' title='bbox 2645 2379 2904 2435; x_wconf 87' lang='lat' dir='ltr'><strong>credenti.</strong></span> <span class='ocrx_word' id='word_1_307' title='bbox 2946 2379 3185 2449; x_wconf 85' lang='lat' dir='ltr'><strong>Septimo</strong></span> <span class='ocrx_word' id='word_1_308' title='bbox 3214 2393 3344 2452; x_wconf 84' lang='lat' dir='ltr'><strong>ergo</strong></span> <span class='ocrx_word' id='word_1_309' title='bbox 3371 2381 3753 2436; x_wconf 78' lang='lat' dir='ltr'><strong>decenmven-</strong></span> 
     </span>
    </p>
   </div>
   <div class='ocr_carea' id='block_1_57' title="bbox 2173 2472 3754 2544">
    <p class='ocr_par' dir='ltr' id='par_1_57' title="bbox 2173 2472 3754 2544">
     <span class='ocr_line' id='line_1_57' title="bbox 2173 2472 3754 2544; baseline 0.001 -18"><span class='ocrx_word' id='word_1_310' title='bbox 2173 2472 2313 2527; x_wconf 89' lang='lat' dir='ltr'><strong>nalis</strong></span> <span class='ocrx_word' id='word_1_311' title='bbox 2357 2473 2543 2529; x_wconf 83' lang='lat' dir='ltr'><strong>circuli</strong></span> <span class='ocrx_word' id='word_1_312' title='bbox 2578 2474 2734 2529; x_wconf 89' lang='lat' dir='ltr'><strong>titulo</strong></span> <span class='ocrx_word' id='word_1_313' title='bbox 2758 2475 2874 2530; x_wconf 82' lang='lat' dir='ltr'><strong>dies</strong></span> <span class='ocrx_word' id='word_1_314' title='bbox 2918 2474 3479 2530; x_wconf 74' lang='lat' dir='ltr'><strong>Pascbze&#39;Dominicus</strong></span> <span class='ocrx_word' id='word_1_315' title='bbox 3503 2489 3754 2544; x_wconf 84' lang='lat' dir='ltr'><strong>compre-</strong></span> 
     </span>
    </p>
   </div>
   <div class='ocr_carea' id='block_1_58' title="bbox 2173 2564 3760 2636">
    <p class='ocr_par' dir='ltr' id='par_1_58' title="bbox 2173 2564 3760 2636">
     <span class='ocr_line' id='line_1_58' title="bbox 2173 2564 3760 2636; baseline 0.001 -19"><span class='ocrx_word' id='word_1_316' title='bbox 2173 2564 2447 2631; x_wconf 87' lang='lat' dir='ltr'><strong>henditur,</strong></span> <span class='ocrx_word' id='word_1_317' title='bbox 2485 2567 2575 2636; x_wconf 90' lang='lat' dir='ltr'><strong>qui</strong></span> <span class='ocrx_word' id='word_1_318' title='bbox 2613 2567 2679 2622; x_wconf 89' lang='lat' dir='ltr'><strong>de</strong></span> <span class='ocrx_word' id='word_1_319' title='bbox 2707 2567 2985 2621; x_wconf 85' lang='lat' dir='ltr'><strong>Dominica</strong></span> <span class='ocrx_word' id='word_1_320' title='bbox 3025 2566 3194 2620; x_wconf 86' lang='lat' dir='ltr'><strong>nostri</strong></span> <span class='ocrx_word' id='word_1_321' title='bbox 3237 2564 3539 2620; x_wconf 87' lang='lat' dir='ltr'><strong>Salvatoris</strong></span> <span class='ocrx_word' id='word_1_322' title='bbox 3577 2581 3760 2620; x_wconf 85' lang='lat' dir='ltr'><strong>resur-</strong></span> 
     </span>
    </p>
   </div>
   <div class='ocr_carea' id='block_1_59' title="bbox 2175 2656 3756 2728">
    <p class='ocr_par' dir='ltr' id='par_1_59' title="bbox 2175 2656 3756 2728">
     <span class='ocr_line' id='line_1_59' title="bbox 2175 2656 3756 2728; baseline -0.001 -16"><span class='ocrx_word' id='word_1_323' title='bbox 2175 2659 2418 2717; x_wconf 89' lang='lat' dir='ltr'><strong>rectione</strong></span> <span class='ocrx_word' id='word_1_324' title='bbox 2459 2675 2493 2713; x_wconf 84' lang='lat' dir='ltr'><strong>a</strong></span> <span class='ocrx_word' id='word_1_325' title='bbox 2545 2659 2772 2714; x_wconf 81' lang='lat' dir='ltr'><strong>mortuis</strong></span> <span class='ocrx_word' id='word_1_326' title='bbox 2820 2659 3101 2714; x_wconf 74' lang='lat' dir='ltr'><strong>exordium</strong></span> <span class='ocrx_word' id='word_1_327' title='bbox 3137 2658 3302 2728; x_wconf 86' lang='lat' dir='ltr'><strong>cepit.</strong></span> <span class='ocrx_word' id='word_1_328' title='bbox 3353 2656 3487 2712; x_wconf 88' lang='lat' dir='ltr'><strong>Nam</strong></span> <span class='ocrx_word' id='word_1_329' title='bbox 3540 2673 3664 2711; x_wconf 89' lang='lat' dir='ltr'><strong>cum</strong></span> <span class='ocrx_word' id='word_1_330' title='bbox 3701 2659 3756 2712; x_wconf 91' lang='lat' dir='ltr'><strong>in</strong></span> 
     </span>
    </p>
   </div>
   <div class='ocr_carea' id='block_1_60' title="bbox 2174 2745 3760 2820">
    <p class='ocr_par' dir='ltr' id='par_1_60' title="bbox 2174 2745 3760 2820">
     <span class='ocr_line' id='line_1_60' title="bbox 2174 2745 3760 2820; baseline 0.001 -17"><span class='ocrx_word' id='word_1_331' title='bbox 2174 2745 2363 2804; x_wconf 61' lang='lat' dir='ltr'><strong>Veteri</strong></span> <span class='ocrx_word' id='word_1_332' title='bbox 2416 2748 2767 2806; x_wconf 78' lang='lat' dir='ltr'><strong>Testamento</strong></span> <span class='ocrx_word' id='word_1_333' title='bbox 2824 2745 2995 2804; x_wconf 85' lang='lat' dir='ltr'><strong>tribus</strong></span> <span class='ocrx_word' id='word_1_334' title='bbox 3045 2758 3487 2820; x_wconf 83' lang='lat' dir='ltr'><strong>argumentorum</strong></span> <span class='ocrx_word' id='word_1_335' title='bbox 3541 2749 3760 2805; x_wconf 90' lang='lat' dir='ltr'><strong>indiciis</strong></span> 
     </span>
    </p>
   </div>
   <div class='ocr_carea' id='block_1_61' title="bbox 2172 2839 3758 2911">
    <p class='ocr_par' dir='ltr' id='par_1_61' title="bbox 2172 2839 3758 2911">
     <span class='ocr_line' id='line_1_61' title="bbox 2172 2839 3758 2911; baseline 0 -15"><span class='ocrx_word' id='word_1_336' title='bbox 2172 2839 2427 2911; x_wconf 76' lang='lat' dir='ltr'><strong>paschale</strong></span> <span class='ocrx_word' id='word_1_337' title='bbox 2454 2850 2664 2911; x_wconf 87' lang='lat' dir='ltr'><strong>tempus</strong></span> <span class='ocrx_word' id='word_1_338' title='bbox 2699 2841 2770 2898; x_wconf 77' lang='lat' dir='ltr'><strong>sit</strong></span> <span class='ocrx_word' id='word_1_339' title='bbox 2810 2841 3086 2896; x_wconf 78' lang='lat' dir='ltr'><strong>observari</strong></span> <span class='ocrx_word' id='word_1_340' title='bbox 3125 2847 3473 2911; x_wconf 62' lang='lat' dir='ltr'><strong>praeceptum,</strong></span> <span class='ocrx_word' id='word_1_341' title='bbox 3501 2840 3758 2896; x_wconf 66' lang='lat' dir='ltr'><strong>videlicet</strong></span> 
     </span>
    </p>
   </div>
   <div class='ocr_carea' id='block_1_62' title="bbox 2177 2933 3758 3004">
    <p class='ocr_par' dir='ltr' id='par_1_62' title="bbox 2177 2933 3758 3004">
     <span class='ocr_line' id='line_1_62' title="bbox 2177 2933 3758 3004; baseline 0.002 -19"><span class='ocrx_word' id='word_1_342' title='bbox 2177 2939 2237 2985; x_wconf 92' lang='lat' dir='ltr'><strong>ut</strong></span> <span class='ocrx_word' id='word_1_343' title='bbox 2260 2939 2381 3002; x_wconf 86' lang='lat' dir='ltr'><strong>post</strong></span> <span class='ocrx_word' id='word_1_344' title='bbox 2404 2933 2804 3002; x_wconf 66' lang='lat' dir='ltr'><strong>aequinoctium,</strong></span> <span class='ocrx_word' id='word_1_345' title='bbox 2837 2942 2895 2988; x_wconf 89' lang='lat' dir='ltr'><strong>ut</strong></span> <span class='ocrx_word' id='word_1_346' title='bbox 2910 2945 3107 2989; x_wconf 82' lang='lat' dir='ltr'><strong>mense</strong></span> <span class='ocrx_word' id='word_1_347' title='bbox 3136 2935 3333 3004; x_wconf 81' lang='lat' dir='ltr'><strong>primo,</strong></span> <span class='ocrx_word' id='word_1_348' title='bbox 3366 2941 3423 2986; x_wconf 87' lang='lat' dir='ltr'><strong>ut</strong></span> <span class='ocrx_word' id='word_1_349' title='bbox 3453 2935 3610 2988; x_wconf 90' lang='lat' dir='ltr'><strong>tertia</strong></span> <span class='ocrx_word' id='word_1_350' title='bbox 3641 2933 3758 3002; x_wconf 86' lang='lat' dir='ltr'><strong>ejus</strong></span> 
     </span>
    </p>
   </div>
   <div class='ocr_carea' id='block_1_63' title="bbox 2176 3020 3758 3103">
    <p class='ocr_par' dir='ltr' id='par_1_63' title="bbox 2176 3020 3758 3103">
     <span class='ocr_line' id='line_1_63' title="bbox 2176 3020 3758 3103; baseline 0.001 -27"><span class='ocrx_word' id='word_1_351' title='bbox 2176 3020 2498 3103; x_wconf 75' lang='lat' dir='ltr'><strong>septimana,</strong></span> <span class='ocrx_word' id='word_1_352' title='bbox 2535 3023 2714 3089; x_wconf 84' lang='lat' dir='ltr'><strong>idest,</strong></span> <span class='ocrx_word' id='word_1_353' title='bbox 2752 3038 2791 3078; x_wconf 69' lang='grc' dir='ltr'>ι</span> <span class='ocrx_word' id='word_1_354' title='bbox 2822 3034 3045 3093; x_wconf 79' lang='lat' dir='ltr'><strong>vespera</strong></span> <span class='ocrx_word' id='word_1_355' title='bbox 3089 3033 3294 3092; x_wconf 67' lang='lat' dir='ltr'><strong>quartae</strong></span> <span class='ocrx_word' id='word_1_356' title='bbox 3331 3023 3556 3078; x_wconf 70' lang='lat' dir='ltr'><strong>ﬂerimte</strong></span> <span class='ocrx_word' id='word_1_357' title='bbox 3587 3040 3758 3094; x_wconf 88' lang='lat' dir='ltr'><strong>usque</strong></span> 
     </span>
    </p>
   </div>
   <div class='ocr_carea' id='block_1_64' title="bbox 2180 3114 3756 3185">
    <p class='ocr_par' dir='ltr' id='par_1_64' title="bbox 2180 3114 3756 3185">
     <span class='ocr_line' id='line_1_64' title="bbox 2180 3114 3756 3185; baseline -0.001 -16"><span class='ocrx_word' id='word_1_358' title='bbox 2180 3115 2233 3169; x_wconf 91' lang='lat' dir='ltr'><strong>in</strong></span> <span class='ocrx_word' id='word_1_359' title='bbox 2263 3129 2563 3185; x_wconf 87' lang='lat' dir='ltr'><strong>vesperam,</strong></span> <span class='ocrx_word' id='word_1_360' title='bbox 2585 3116 2635 3170; x_wconf 92' lang='lat' dir='ltr'><strong>id</strong></span> <span class='ocrx_word' id='word_1_361' title='bbox 2671 3125 2753 3171; x_wconf 89' lang='lat' dir='ltr'><strong>est</strong></span> <span class='ocrx_word' id='word_1_362' title='bbox 2774 3116 3060 3170; x_wconf 88' lang='lat' dir='ltr'><strong>terminum</strong></span> <span class='ocrx_word' id='word_1_363' title='bbox 3092 3115 3361 3169; x_wconf 67' lang='lat' dir='ltr'><strong>vicesimae</strong></span> <span class='ocrx_word' id='word_1_364' title='bbox 3382 3115 3573 3184; x_wconf 66' lang='lat' dir='ltr'><strong>prima:</strong></span> <span class='ocrx_word' id='word_1_365' title='bbox 3612 3114 3756 3170; x_wconf 84' lang='lat' dir='ltr'><strong>cele-</strong></span> 
     </span>
    </p>
   </div>
   <div class='ocr_carea' id='block_1_65' title="bbox 493 3175 3760 3277">
    <p class='ocr_par' dir='ltr' id='par_1_65' title="bbox 493 3175 3760 3277">
     <span class='ocr_line' id='line_1_65' title="bbox 493 3175 3760 3277; baseline -0.002 -10"><span class='ocrx_word' id='word_1_366' title='bbox 493 3175 648 3266; x_wconf 81' lang='lat' dir='ltr'><strong>Scias</strong></span> <span class='ocrx_word' id='word_1_367' title='bbox 675 3217 852 3262; x_wconf 91' lang='lat' dir='ltr'><strong>autem</strong></span> <span class='ocrx_word' id='word_1_368' title='bbox 881 3175 1098 3261; x_wconf 83' lang='lat' dir='ltr'><strong>eosdem</strong></span> <span class='ocrx_word' id='word_1_369' title='bbox 1126 3203 1403 3275; x_wconf 77' lang='lat' dir='ltr'><strong>regulares</strong></span> <span class='ocrx_word' id='word_1_370' title='bbox 1435 3178 1555 3256; x_wconf 86' lang='lat' dir='ltr'><strong>esse</strong></span> <span class='ocrx_word' id='word_1_371' title='bbox 1580 3201 1634 3254; x_wconf 93' lang='lat' dir='ltr'><strong>in</strong></span> <span class='ocrx_word' id='word_1_372' title='bbox 1663 3201 1910 3255; x_wconf 89' lang='lat' dir='ltr'><strong>terminis</strong></span> <span class='ocrx_word' id='word_1_373' title='bbox 1946 3216 2077 3269; x_wconf 84' lang='lat' dir='ltr'><strong>qua-</strong></span> <span class='ocrx_word' id='word_1_374' title='bbox 2104 3175 2148 3237; x_wconf 67' lang='grc' dir='ltr'>Ο</span> <span class='ocrx_word' id='word_1_375' title='bbox 2179 3175 2391 3270; x_wconf 73' lang='lat' dir='ltr'><strong>bretur,</strong></span> <span class='ocrx_word' id='word_1_376' title='bbox 2421 3213 2611 3274; x_wconf 88' lang='lat' dir='ltr'><strong>quarta</strong></span> <span class='ocrx_word' id='word_1_377' title='bbox 2654 3206 2706 3258; x_wconf 92' lang='lat' dir='ltr'><strong>in</strong></span> <span class='ocrx_word' id='word_1_378' title='bbox 2750 3204 2986 3274; x_wconf 84' lang='lat' dir='ltr'><strong>ejusdem</strong></span> <span class='ocrx_word' id='word_1_379' title='bbox 3022 3175 3398 3261; x_wconf 78' lang='lat' dir='ltr'><strong>observatione</strong></span> <span class='ocrx_word' id='word_1_380' title='bbox 3438 3206 3623 3277; x_wconf 84' lang='lat' dir='ltr'><strong>regula</strong></span> <span class='ocrx_word' id='word_1_381' title='bbox 3674 3213 3760 3261; x_wconf 89' lang='lat' dir='ltr'><strong>est</strong></span> 
     </span>
    </p>
   </div>
   <div class='ocr_carea' id='block_1_66' title="bbox 493 3291 2076 3374">
    <p class='ocr_par' dir='ltr' id='par_1_66' title="bbox 493 3291 2076 3374">
     <span class='ocr_line' id='line_1_66' title="bbox 493 3291 2076 3374; baseline -0.008 -17"><span class='ocrx_word' id='word_1_382' title='bbox 493 3299 962 3374; x_wconf 86' lang='lat' dir='ltr'><strong>dragesimalibus,</strong></span> <span class='ocrx_word' id='word_1_383' title='bbox 991 3303 1047 3351; x_wconf 89' lang='lat' dir='ltr'><strong>et</strong></span> <span class='ocrx_word' id='word_1_384' title='bbox 1066 3297 1182 3351; x_wconf 90' lang='lat' dir='ltr'><strong>dies</strong></span> <span class='ocrx_word' id='word_1_385' title='bbox 1201 3292 1542 3349; x_wconf 88' lang='lat' dir='ltr'><strong>accensionis</strong></span> <span class='ocrx_word' id='word_1_386' title='bbox 1559 3291 1714 3346; x_wconf 76' lang='lat' dir='ltr'><strong>luna:</strong></span> <span class='ocrx_word' id='word_1_387' title='bbox 1737 3291 1898 3360; x_wconf 82' lang='lat' dir='ltr'><strong>primi</strong></span> <span class='ocrx_word' id='word_1_388' title='bbox 1926 3301 2076 3345; x_wconf 86' lang='lat' dir='ltr'><strong>men-</strong></span> 
     </span>
    </p>
   </div>
   <div class='ocr_carea' id='block_1_67' title="bbox 496 3383 2074 3458">
    <p class='ocr_par' dir='ltr' id='par_1_67' title="bbox 496 3383 2074 3458">
     <span class='ocr_line' id='line_1_67' title="bbox 496 3383 2074 3458; baseline -0.008 -8"><span class='ocrx_word' id='word_1_389' title='bbox 496 3394 588 3452; x_wconf 77' lang='lat' dir='ltr'><strong>sis,</strong></span> <span class='ocrx_word' id='word_1_390' title='bbox 617 3401 674 3449; x_wconf 88' lang='lat' dir='ltr'><strong>et</strong></span> <span class='ocrx_word' id='word_1_391' title='bbox 696 3390 959 3447; x_wconf 89' lang='lat' dir='ltr'><strong>terminus</strong></span> <span class='ocrx_word' id='word_1_392' title='bbox 983 3386 1273 3458; x_wconf 82' lang='lat' dir='ltr'><strong>paschalis.</strong></span> <span class='ocrx_word' id='word_1_393' title='bbox 1305 3385 1402 3439; x_wconf 86' lang='lat' dir='ltr'><strong>Est</strong></span> <span class='ocrx_word' id='word_1_394' title='bbox 1442 3392 1620 3439; x_wconf 86' lang='lat' dir='ltr'><strong>autem</strong></span> <span class='ocrx_word' id='word_1_395' title='bbox 1667 3383 1889 3453; x_wconf 70' lang='lat' dir='ltr'><strong>aequalis</strong></span> <span class='ocrx_word' id='word_1_396' title='bbox 1917 3383 2074 3448; x_wconf 69' lang='lat' dir='ltr'><strong>ratio,</strong></span> 
     </span>
    </p>
   </div>
   <div class='ocr_carea' id='block_1_68' title="bbox 497 3473 2073 3555">
    <p class='ocr_par' dir='ltr' id='par_1_68' title="bbox 497 3473 2073 3555">
     <span class='ocr_line' id='line_1_68' title="bbox 497 3473 2073 3555; baseline -0.009 -14"><span class='ocrx_word' id='word_1_397' title='bbox 497 3494 555 3542; x_wconf 89' lang='lat' dir='ltr'><strong>et</strong></span> <span class='ocrx_word' id='word_1_398' title='bbox 575 3483 800 3555; x_wconf 75' lang='lat' dir='ltr'><strong>mqualis</strong></span> <span class='ocrx_word' id='word_1_399' title='bbox 824 3479 1134 3537; x_wconf 88' lang='lat' dir='ltr'><strong>observatio</strong></span> <span class='ocrx_word' id='word_1_400' title='bbox 1160 3478 1300 3532; x_wconf 92' lang='lat' dir='ltr'><strong>inter</strong></span> <span class='ocrx_word' id='word_1_401' title='bbox 1321 3476 1698 3532; x_wconf 87' lang='lat' dir='ltr'><strong>accensionem</strong></span> <span class='ocrx_word' id='word_1_402' title='bbox 1738 3475 1879 3529; x_wconf 74' lang='lat' dir='ltr'><strong>luna:</strong></span> <span class='ocrx_word' id='word_1_403' title='bbox 1910 3473 2073 3544; x_wconf 90' lang='lat' dir='ltr'><strong>primi</strong></span> 
     </span>
    </p>
   </div>
   <div class='ocr_carea' id='block_1_69' title="bbox 498 3562 2079 3640">
    <p class='ocr_par' dir='ltr' id='par_1_69' title="bbox 498 3562 2079 3640">
     <span class='ocr_line' id='line_1_69' title="bbox 498 3562 2079 3640; baseline -0.009 -9"><span class='ocrx_word' id='word_1_404' title='bbox 498 3573 704 3631; x_wconf 79' lang='lat' dir='ltr'><strong>mensis</strong></span> <span class='ocrx_word' id='word_1_405' title='bbox 735 3579 790 3628; x_wconf 89' lang='lat' dir='ltr'><strong>et</strong></span> <span class='ocrx_word' id='word_1_406' title='bbox 829 3577 1075 3640; x_wconf 76' lang='lat' dir='ltr'><strong>quartam</strong></span> <span class='ocrx_word' id='word_1_407' title='bbox 1116 3566 1385 3623; x_wconf 80' lang='lat' dir='ltr'><strong>decimam</strong></span> <span class='ocrx_word' id='word_1_408' title='bbox 1433 3564 1616 3620; x_wconf 87' lang='lat' dir='ltr'><strong>lunam</strong></span> <span class='ocrx_word' id='word_1_409' title='bbox 1663 3562 1973 3633; x_wconf 82' lang='lat' dir='ltr'><strong>paschalem</strong></span> <span class='ocrx_word' id='word_1_410' title='bbox 2022 3570 2079 3616; x_wconf 83' lang='lat' dir='ltr'><strong>ot</strong></span> 
     </span>
    </p>
   </div>
   <div class='ocr_carea' id='block_1_70' title="bbox 499 3649 2080 3733">
    <p class='ocr_par' dir='ltr' id='par_1_70' title="bbox 499 3649 2080 3733">
     <span class='ocr_line' id='line_1_70' title="bbox 499 3649 2080 3733; baseline -0.008 -12"><span class='ocrx_word' id='word_1_411' title='bbox 499 3649 712 3721; x_wconf 87' lang='lat' dir='ltr'><strong>initium</strong></span> <span class='ocrx_word' id='word_1_412' title='bbox 767 3655 1212 3733; x_wconf 64' lang='lat' dir='ltr'><strong>quadragesimae.</strong></span> <span class='ocrx_word' id='word_1_413' title='bbox 1241 3657 1408 3713; x_wconf 84' lang='lat' dir='ltr'><strong>&#39;Sicut</strong></span> <span class='ocrx_word' id='word_1_414' title='bbox 1461 3657 1896 3712; x_wconf 12' lang='lat' dir='ltr'><strong>enimaaccensio</strong></span> <span class='ocrx_word' id='word_1_415' title='bbox 1939 3655 2080 3709; x_wconf 63' lang='lat' dir='ltr'><strong>luna</strong></span> 
     </span>
    </p>
   </div>
   <div class='ocr_carea' id='block_1_71' title="bbox 495 3745 2078 3827">
    <p class='ocr_par' dir='ltr' id='par_1_71' title="bbox 495 3745 2078 3827">
     <span class='ocr_line' id='line_1_71' title="bbox 495 3745 2078 3827; baseline -0.006 -16"><span class='ocrx_word' id='word_1_416' title='bbox 495 3756 657 3827; x_wconf 90' lang='lat' dir='ltr'><strong>primi</strong></span> <span class='ocrx_word' id='word_1_417' title='bbox 693 3753 893 3810; x_wconf 85' lang='lat' dir='ltr'><strong>mensis</strong></span> <span class='ocrx_word' id='word_1_418' title='bbox 936 3751 1190 3807; x_wconf 84' lang='lat' dir='ltr'><strong>discurrit</strong></span> <span class='ocrx_word' id='word_1_419' title='bbox 1230 3750 1376 3804; x_wconf 86' lang='lat' dir='ltr'><strong>inter</strong></span> <span class='ocrx_word' id='word_1_420' title='bbox 1401 3748 1590 3820; x_wconf 83' lang='lat' dir='ltr'><strong>viginti</strong></span> <span class='ocrx_word' id='word_1_421' title='bbox 1621 3756 1677 3802; x_wconf 83' lang='lat' dir='ltr'><strong>et</strong></span> <span class='ocrx_word' id='word_1_422' title='bbox 1715 3759 1912 3802; x_wconf 86' lang='lat' dir='ltr'><strong>novem</strong></span> <span class='ocrx_word' id='word_1_423' title='bbox 1941 3745 2078 3812; x_wconf 84' lang='lat' dir='ltr'><strong>dies,</strong></span> 
     </span>
    </p>
   </div>
   <div class='ocr_carea' id='block_1_72' title="bbox 497 3835 2081 3910">
    <p class='ocr_par' dir='ltr' id='par_1_72' title="bbox 497 3835 2081 3910">
     <span class='ocr_line' id='line_1_72' title="bbox 497 3835 2081 3910; baseline -0.007 -8"><span class='ocrx_word' id='word_1_424' title='bbox 497 3848 603 3902; x_wconf 86' lang='lat' dir='ltr'><strong>hoc</strong></span> <span class='ocrx_word' id='word_1_425' title='bbox 655 3854 820 3910; x_wconf 86' lang='lat' dir='ltr'><strong>cst,a</strong></span> <span class='ocrx_word' id='word_1_426' title='bbox 877 3842 1044 3899; x_wconf 80' lang='lat' dir='ltr'><strong>Nonis</strong></span> <span class='ocrx_word' id='word_1_427' title='bbox 1089 3841 1266 3896; x_wconf 74' lang='lat' dir='ltr'><strong>Martii</strong></span> <span class='ocrx_word' id='word_1_428' title='bbox 1315 3839 1581 3910; x_wconf 89' lang='lat' dir='ltr'><strong>usque-in</strong></span> <span class='ocrx_word' id='word_1_429' title='bbox 1619 3840 1858 3895; x_wconf 85' lang='lat' dir='ltr'><strong>secundo</strong></span> <span class='ocrx_word' id='word_1_430' title='bbox 1900 3835 2081 3892; x_wconf 80' lang='lat' dir='ltr'><strong>Nonas</strong></span> 
     </span>
    </p>
   </div>
   <div class='ocr_carea' id='block_1_73' title="bbox 495 3925 2082 4008">
    <p class='ocr_par' dir='ltr' id='par_1_73' title="bbox 495 3925 2082 4008">
     <span class='ocr_line' id='line_1_73' title="bbox 495 3925 2082 4008; baseline -0.005 -17"><span class='ocrx_word' id='word_1_431' title='bbox 495 3935 718 4008; x_wconf 77' lang='lat' dir='ltr'><strong>Aprilis,</strong></span> <span class='ocrx_word' id='word_1_432' title='bbox 761 3935 835 3989; x_wconf 86' lang='lat' dir='ltr'><strong>ita</strong></span> <span class='ocrx_word' id='word_1_433' title='bbox 863 3935 1036 4005; x_wconf 87' lang='lat' dir='ltr'><strong>prima</strong></span> <span class='ocrx_word' id='word_1_434' title='bbox 1063 3932 1189 3986; x_wconf 90' lang='lat' dir='ltr'><strong>luna</strong></span> <span class='ocrx_word' id='word_1_435' title='bbox 1211 3931 1374 4001; x_wconf 86' lang='lat' dir='ltr'><strong>primi</strong></span> <span class='ocrx_word' id='word_1_436' title='bbox 1402 3928 1604 3984; x_wconf 88' lang='lat' dir='ltr'><strong>mensis</strong></span> <span class='ocrx_word' id='word_1_437' title='bbox 1627 3930 1703 3984; x_wconf 86' lang='lat' dir='ltr'><strong>ab</strong></span> <span class='ocrx_word' id='word_1_438' title='bbox 1727 3937 1920 3983; x_wconf 90' lang='lat' dir='ltr'><strong>octavo</strong></span> <span class='ocrx_word' id='word_1_439' title='bbox 1945 3925 2082 3983; x_wconf 77' lang='lat' dir='ltr'><strong>&#39;ldus</strong></span> 
     </span>
    </p>
   </div>
   <div class='ocr_carea' id='block_1_74' title="bbox 499 4020 2084 4097">
    <p class='ocr_par' dir='ltr' id='par_1_74' title="bbox 499 4020 2084 4097">
     <span class='ocr_line' id='line_1_74' title="bbox 499 4020 2084 4097; baseline -0.006 -13"><span class='ocrx_word' id='word_1_440' title='bbox 499 4029 680 4084; x_wconf 73' lang='lat' dir='ltr'><strong>Martii</strong></span> <span class='ocrx_word' id='word_1_441' title='bbox 727 4041 898 4097; x_wconf 84' lang='lat' dir='ltr'><strong>usque</strong></span> <span class='ocrx_word' id='word_1_442' title='bbox 941 4025 1007 4080; x_wconf 87' lang='lat' dir='ltr'><strong>ad</strong></span> <span class='ocrx_word' id='word_1_443' title='bbox 1054 4022 1233 4080; x_wconf 81' lang='lat' dir='ltr'><strong>Nonas</strong></span> <span class='ocrx_word' id='word_1_444' title='bbox 1275 4023 1475 4094; x_wconf 81' lang='lat' dir='ltr'><strong>Aprilis</strong></span> <span class='ocrx_word' id='word_1_445' title='bbox 1524 4021 1789 4075; x_wconf 86' lang='lat' dir='ltr'><strong>variatur.</strong></span> <span class='ocrx_word' id='word_1_446' title='bbox 1837 4020 1907 4074; x_wconf 86' lang='lat' dir='ltr'><strong>Et</strong></span> <span class='ocrx_word' id='word_1_447' title='bbox 1942 4020 2084 4075; x_wconf 88' lang='lat' dir='ltr'><strong>sicut</strong></span> 
     </span>
    </p>
   </div>
   <div class='ocr_carea' id='block_1_75' title="bbox 497 4107 2081 4185">
    <p class='ocr_par' dir='ltr' id='par_1_75' title="bbox 497 4107 2081 4185">
     <span class='ocr_line' id='line_1_75' title="bbox 497 4107 2081 4185; baseline -0.006 -14"><span class='ocrx_word' id='word_1_448' title='bbox 497 4117 645 4173; x_wconf 82' lang='lat' dir='ltr'><strong>enim</strong></span> <span class='ocrx_word' id='word_1_449' title='bbox 693 4122 884 4185; x_wconf 83' lang='lat' dir='ltr'><strong>quarta</strong></span> <span class='ocrx_word' id='word_1_450' title='bbox 909 4113 1119 4168; x_wconf 86' lang='lat' dir='ltr'><strong>decima</strong></span> <span class='ocrx_word' id='word_1_451' title='bbox 1161 4112 1287 4165; x_wconf 88' lang='lat' dir='ltr'><strong>luna</strong></span> <span class='ocrx_word' id='word_1_452' title='bbox 1319 4109 1590 4181; x_wconf 86' lang='lat' dir='ltr'><strong>paschalis</strong></span> <span class='ocrx_word' id='word_1_453' title='bbox 1627 4110 1771 4163; x_wconf 89' lang='lat' dir='ltr'><strong>inter</strong></span> <span class='ocrx_word' id='word_1_454' title='bbox 1801 4107 1989 4177; x_wconf 88' lang='lat' dir='ltr'><strong>viginti</strong></span> <span class='ocrx_word' id='word_1_455' title='bbox 2023 4114 2081 4161; x_wconf 90' lang='lat' dir='ltr'><strong>et</strong></span> 
     </span>
    </p>
   </div>
   <div class='ocr_carea' id='block_1_76' title="bbox 503 4200 2082 4271">
    <p class='ocr_par' dir='ltr' id='par_1_76' title="bbox 503 4200 2082 4271">
     <span class='ocr_line' id='line_1_76' title="bbox 503 4200 2082 4271; baseline -0.006 -7"><span class='ocrx_word' id='word_1_456' title='bbox 503 4223 696 4264; x_wconf 89' lang='lat' dir='ltr'><strong>novem</strong></span> <span class='ocrx_word' id='word_1_457' title='bbox 724 4206 840 4262; x_wconf 91' lang='lat' dir='ltr'><strong>dies</strong></span> <span class='ocrx_word' id='word_1_458' title='bbox 868 4205 1141 4269; x_wconf 81' lang='lat' dir='ltr'><strong>discurrit,</strong></span> <span class='ocrx_word' id='word_1_459' title='bbox 1173 4203 1227 4259; x_wconf 89' lang='lat' dir='ltr'><strong>id</strong></span> <span class='ocrx_word' id='word_1_460' title='bbox 1251 4211 1353 4268; x_wconf 88' lang='lat' dir='ltr'><strong>est,</strong></span> <span class='ocrx_word' id='word_1_461' title='bbox 1375 4217 1407 4257; x_wconf 85' lang='lat' dir='ltr'><strong>a</strong></span> <span class='ocrx_word' id='word_1_462' title='bbox 1435 4203 1757 4261; x_wconf 83' lang='lat' dir='ltr'><strong>duodecimo</strong></span> <span class='ocrx_word' id='word_1_463' title='bbox 1774 4200 2082 4271; x_wconf 78' lang='lat' dir='ltr'><strong>-Kal.Apri-</strong></span> 
     </span>
    </p>
   </div>
   <div class='ocr_carea' id='block_1_77' title="bbox 502 4291 2083 4371">
    <p class='ocr_par' dir='ltr' id='par_1_77' title="bbox 502 4291 2083 4371">
     <span class='ocr_line' id='line_1_77' title="bbox 502 4291 2083 4371; baseline -0.004 -16"><span class='ocrx_word' id='word_1_464' title='bbox 502 4301 573 4357; x_wconf 84' lang='lat' dir='ltr'><strong>lis</strong></span> <span class='ocrx_word' id='word_1_465' title='bbox 603 4315 772 4371; x_wconf 89' lang='lat' dir='ltr'><strong>usque</strong></span> <span class='ocrx_word' id='word_1_466' title='bbox 808 4297 877 4354; x_wconf 88' lang='lat' dir='ltr'><strong>ad</strong></span> <span class='ocrx_word' id='word_1_467' title='bbox 914 4306 1169 4368; x_wconf 82' lang='lat' dir='ltr'><strong>quartum</strong></span> <span class='ocrx_word' id='word_1_468' title='bbox 1203 4297 1469 4350; x_wconf 85' lang='lat' dir='ltr'><strong>decimum</strong></span> <span class='ocrx_word' id='word_1_469' title='bbox 1504 4291 1622 4348; x_wconf 71' lang='lat' dir='ltr'><strong>Kal.</strong></span> <span class='ocrx_word' id='word_1_470' title='bbox 1653 4293 1804 4359; x_wconf 73' lang='lat' dir='ltr'><strong>Maii,</strong></span> <span class='ocrx_word' id='word_1_471' title='bbox 1853 4293 2083 4363; x_wconf 88' lang='lat' dir='ltr'><strong>ita-ergo</strong></span> 
     </span>
    </p>
   </div>
   <div class='ocr_carea' id='block_1_78' title="bbox 499 4376 2084 4457">
    <p class='ocr_par' dir='ltr' id='par_1_78' title="bbox 499 4376 2084 4457">
     <span class='ocr_line' id='line_1_78' title="bbox 499 4376 2084 4457; baseline -0.004 -10"><span class='ocrx_word' id='word_1_472' title='bbox 499 4401 562 4447; x_wconf 85' lang='lat' dir='ltr'><strong>et</strong></span> <span class='ocrx_word' id='word_1_473' title='bbox 588 4391 837 4447; x_wconf 86' lang='lat' dir='ltr'><strong>accensio</strong></span> <span class='ocrx_word' id='word_1_474' title='bbox 864 4391 1002 4445; x_wconf 74' lang='lat' dir='ltr'><strong>lunae</strong></span> <span class='ocrx_word' id='word_1_475' title='bbox 1041 4389 1179 4444; x_wconf 89' lang='lat' dir='ltr'><strong>initii</strong></span> <span class='ocrx_word' id='word_1_476' title='bbox 1203 4376 1796 4457; x_wconf 62' lang='lat' dir='ltr'><strong>quadragesimaailnter</strong></span> <span class='ocrx_word' id='word_1_477' title='bbox 1814 4385 2002 4456; x_wconf 76' lang='lat' dir='ltr'><strong>viginti</strong></span> <span class='ocrx_word' id='word_1_478' title='bbox 2027 4393 2084 4440; x_wconf 83' lang='lat' dir='ltr'><strong>et</strong></span> 
     </span>
    </p>
   </div>
   <div class='ocr_carea' id='block_1_79' title="bbox 504 4474 2078 4551">
    <p class='ocr_par' dir='ltr' id='par_1_79' title="bbox 504 4474 2078 4551">
     <span class='ocr_line' id='line_1_79' title="bbox 504 4474 2078 4551; baseline -0.007 -13"><span class='ocrx_word' id='word_1_479' title='bbox 504 4490 700 4538; x_wconf 69' lang='lat' dir='ltr'><strong>noVem</strong></span> <span class='ocrx_word' id='word_1_480' title='bbox 730 4481 844 4551; x_wconf 82' lang='lat' dir='ltr'><strong>dies</strong></span> <span class='ocrx_word' id='word_1_481' title='bbox 863 4480 1126 4544; x_wconf 70' lang='lat' dir='ltr'><strong>variatur,</strong></span> <span class='ocrx_word' id='word_1_482' title='bbox 1158 4479 1261 4532; x_wconf 91' lang='lat' dir='ltr'><strong>hoc</strong></span> <span class='ocrx_word' id='word_1_483' title='bbox 1287 4483 1449 4541; x_wconf 88' lang='lat' dir='ltr'><strong>est,-a</strong></span> <span class='ocrx_word' id='word_1_484' title='bbox 1483 4474 1649 4531; x_wconf 73' lang='lat' dir='ltr'><strong>Nonis</strong></span> <span class='ocrx_word' id='word_1_485' title='bbox 1678 4474 1958 4530; x_wconf 75' lang='lat' dir='ltr'><strong>Februarii</strong></span> <span class='ocrx_word' id='word_1_486' title='bbox 1985 4489 2078 4528; x_wconf 86' lang='lat' dir='ltr'><strong>us-</strong></span> 
     </span>
    </p>
   </div>
   <div class='ocr_carea' id='block_1_80' title="bbox 507 4549 2111 4646">
    <p class='ocr_par' dir='ltr' id='par_1_80' title="bbox 507 4549 2111 4646">
     <span class='ocr_line' id='line_1_80' title="bbox 507 4549 2111 4646; baseline -0.006 -18"><span class='ocrx_word' id='word_1_487' title='bbox 507 4587 612 4646; x_wconf 87' lang='lat' dir='ltr'><strong>que</strong></span> <span class='ocrx_word' id='word_1_488' title='bbox 640 4573 695 4628; x_wconf 88' lang='lat' dir='ltr'><strong>in</strong></span> <span class='ocrx_word' id='word_1_489' title='bbox 724 4549 884 4626; x_wconf 81' lang='lat' dir='ltr'><strong>tertio</strong></span> <span class='ocrx_word' id='word_1_490' title='bbox 919 4570 1051 4625; x_wconf 72' lang='lat' dir='ltr'><strong>Non.</strong></span> <span class='ocrx_word' id='word_1_491' title='bbox 1087 4569 1274 4624; x_wconf 81' lang='lat' dir='ltr'><strong>Martii</strong></span> <span class='ocrx_word' id='word_1_492' title='bbox 1319 4569 1593 4623; x_wconf 80' lang='lat' dir='ltr'><strong>discurrit.</strong></span> <span class='ocrx_word' id='word_1_493' title='bbox 1636 4562 1730 4622; x_wconf 81' lang='lat' dir='ltr'><strong>[lle</strong></span> <span class='ocrx_word' id='word_1_494' title='bbox 1765 4575 1945 4624; x_wconf 84' lang='lat' dir='ltr'><strong>autem</strong></span> <span class='ocrx_word' id='word_1_495' title='bbox 1975 4549 2111 4620; x_wconf 34' lang='lat' dir='ltr'><strong>ter-7</strong></span> 
     </span>
    </p>
   </div>
   <div class='ocr_carea' id='block_1_81' title="bbox 509 4651 2083 4732">
    <p class='ocr_par' dir='ltr' id='par_1_81' title="bbox 509 4651 2083 4732">
     <span class='ocr_line' id='line_1_81' title="bbox 509 4651 2083 4732; baseline -0.005 -12"><span class='ocrx_word' id='word_1_496' title='bbox 509 4665 689 4721; x_wconf 85' lang='lat' dir='ltr'><strong>minus</strong></span> <span class='ocrx_word' id='word_1_497' title='bbox 713 4651 1192 4732; x_wconf 79' lang='lat' dir='ltr'><strong>quadragesimalis</strong></span> <span class='ocrx_word' id='word_1_498' title='bbox 1224 4661 1292 4714; x_wconf 90' lang='lat' dir='ltr'><strong>ab</strong></span> <span class='ocrx_word' id='word_1_499' title='bbox 1326 4661 1557 4730; x_wconf 90' lang='lat' dir='ltr'><strong>septimo</strong></span> <span class='ocrx_word' id='word_1_500' title='bbox 1578 4659 1654 4714; x_wconf 86' lang='lat' dir='ltr'><strong>Id.</strong></span> <span class='ocrx_word' id='word_1_501' title='bbox 1692 4659 1975 4715; x_wconf 89' lang='lat' dir='ltr'><strong>Februarii</strong></span> <span class='ocrx_word' id='word_1_502' title='bbox 2000 4660 2083 4713; x_wconf 87' lang='lat' dir='ltr'><strong>in-</strong></span> 
     </span>
    </p>
   </div>
   <div class='ocr_carea' id='block_1_82' title="bbox 510 4752 2086 4829">
    <p class='ocr_par' dir='ltr' id='par_1_82' title="bbox 510 4752 2086 4829">
     <span class='ocr_line' id='line_1_82' title="bbox 510 4752 2086 4829; baseline -0.006 -15"><span class='ocrx_word' id='word_1_503' title='bbox 510 4760 643 4829; x_wconf 82' lang='lat' dir='ltr'><strong>cipit</strong></span> <span class='ocrx_word' id='word_1_504' title='bbox 674 4771 845 4828; x_wconf 87' lang='lat' dir='ltr'><strong>usque</strong></span> <span class='ocrx_word' id='word_1_505' title='bbox 867 4754 934 4809; x_wconf 88' lang='lat' dir='ltr'><strong>ad</strong></span> <span class='ocrx_word' id='word_1_506' title='bbox 963 4752 1142 4809; x_wconf 79' lang='lat' dir='ltr'><strong>Nonas</strong></span> <span class='ocrx_word' id='word_1_507' title='bbox 1166 4753 1402 4808; x_wconf 75' lang='lat' dir='ltr'><strong>Martias.</strong></span> <span class='ocrx_word' id='word_1_508' title='bbox 1441 4752 1642 4823; x_wconf 80' lang='lat' dir='ltr'><strong>Viginti</strong></span> <span class='ocrx_word' id='word_1_509' title='bbox 1673 4761 1727 4808; x_wconf 92' lang='lat' dir='ltr'><strong>et</strong></span> <span class='ocrx_word' id='word_1_510' title='bbox 1752 4766 1944 4806; x_wconf 90' lang='lat' dir='ltr'><strong>novem</strong></span> <span class='ocrx_word' id='word_1_511' title='bbox 1971 4753 2086 4806; x_wconf 88' lang='lat' dir='ltr'><strong>dies</strong></span> 
     </span>
    </p>
   </div>
   <div class='ocr_carea' id='block_1_83' title="bbox 512 4843 2084 4908">
    <p class='ocr_par' dir='ltr' id='par_1_83' title="bbox 512 4843 2084 4908">
     <span class='ocr_line' id='line_1_83' title="bbox 512 4843 2084 4908; baseline -0.008 -1"><span class='ocrx_word' id='word_1_512' title='bbox 512 4863 636 4908; x_wconf 86' lang='lat' dir='ltr'><strong>sunt</strong></span> <span class='ocrx_word' id='word_1_513' title='bbox 677 4851 816 4905; x_wconf 88' lang='lat' dir='ltr'><strong>inter</strong></span> <span class='ocrx_word' id='word_1_514' title='bbox 846 4848 977 4902; x_wconf 85' lang='lat' dir='ltr'><strong>istos</strong></span> <span class='ocrx_word' id='word_1_515' title='bbox 1002 4844 1436 4900; x_wconf 61' lang='lat' dir='ltr'><strong>duos-terminos.</strong></span> <span class='ocrx_word' id='word_1_516' title='bbox 1469 4843 1562 4898; x_wconf 91' lang='lat' dir='ltr'><strong>Sic</strong></span> <span class='ocrx_word' id='word_1_517' title='bbox 1589 4845 1752 4898; x_wconf 87' lang='lat' dir='ltr'><strong>etiam</strong></span> <span class='ocrx_word' id='word_1_518' title='bbox 1781 4851 1838 4897; x_wconf 83' lang='lat' dir='ltr'><strong>et</strong></span> <span class='ocrx_word' id='word_1_519' title='bbox 1866 4843 2084 4897; x_wconf 89' lang='lat' dir='ltr'><strong>termini</strong></span> 
     </span>
    </p>
   </div>
   <div class='ocr_carea' id='block_1_84' title="bbox 508 4929 2081 5011">
    <p class='ocr_par' dir='ltr' id='par_1_84' title="bbox 508 4929 2081 5011">
     <span class='ocr_line' id='line_1_84' title="bbox 508 4929 2081 5011; baseline -0.006 -16"><span class='ocrx_word' id='word_1_520' title='bbox 508 4940 867 5011; x_wconf 79' lang='lat' dir='ltr'><strong>Rogationum</strong></span> <span class='ocrx_word' id='word_1_521' title='bbox 893 4937 1037 4991; x_wconf 89' lang='lat' dir='ltr'><strong>inter</strong></span> <span class='ocrx_word' id='word_1_522' title='bbox 1068 4929 1256 5004; x_wconf 77' lang='lat' dir='ltr'><strong>viginti</strong></span> <span class='ocrx_word' id='word_1_523' title='bbox 1283 4943 1336 4988; x_wconf 90' lang='lat' dir='ltr'><strong>et</strong></span> <span class='ocrx_word' id='word_1_524' title='bbox 1375 4947 1566 4987; x_wconf 89' lang='lat' dir='ltr'><strong>novem</strong></span> <span class='ocrx_word' id='word_1_525' title='bbox 1597 4934 1714 4988; x_wconf 89' lang='lat' dir='ltr'><strong>dies</strong></span> <span class='ocrx_word' id='word_1_526' title='bbox 1741 4933 2081 4996; x_wconf 85' lang='lat' dir='ltr'><strong>discurrunt,</strong></span> 
     </span>
    </p>
   </div>
   <div class='ocr_carea' id='block_1_85' title="bbox 516 5019 2077 5094">
    <p class='ocr_par' dir='ltr' id='par_1_85' title="bbox 516 5019 2077 5094">
     <span class='ocr_line' id='line_1_85' title="bbox 516 5019 2077 5094; baseline -0.004 -10"><span class='ocrx_word' id='word_1_527' title='bbox 516 5019 620 5085; x_wconf 76' lang='lat' dir='ltr'><strong>hoc</strong></span> <span class='ocrx_word' id='word_1_528' title='bbox 645 5039 749 5094; x_wconf 85' lang='lat' dir='ltr'><strong>est,</strong></span> <span class='ocrx_word' id='word_1_529' title='bbox 787 5045 814 5082; x_wconf 91' lang='lat' dir='ltr'><strong>a</strong></span> <span class='ocrx_word' id='word_1_530' title='bbox 847 5028 1059 5083; x_wconf 83' lang='lat' dir='ltr'><strong>decimo</strong></span> <span class='ocrx_word' id='word_1_531' title='bbox 1087 5033 1238 5080; x_wconf 78' lang='lat' dir='ltr'><strong>serto</strong></span> <span class='ocrx_word' id='word_1_532' title='bbox 1264 5024 1378 5077; x_wconf 81' lang='lat' dir='ltr'><strong>Kal.</strong></span> <span class='ocrx_word' id='word_1_533' title='bbox 1409 5023 1534 5077; x_wconf 76' lang='lat' dir='ltr'><strong>Maii</strong></span> <span class='ocrx_word' id='word_1_534' title='bbox 1577 5039 1748 5093; x_wconf 89' lang='lat' dir='ltr'><strong>usque</strong></span> <span class='ocrx_word' id='word_1_535' title='bbox 1789 5040 1932 5079; x_wconf 90' lang='lat' dir='ltr'><strong>nono</strong></span> <span class='ocrx_word' id='word_1_536' title='bbox 1961 5023 2077 5078; x_wconf 84' lang='lat' dir='ltr'><strong>Kal.</strong></span> 
     </span>
    </p>
   </div>
   <div class='ocr_carea' id='block_1_86' title="bbox 508 5119 716 5174">
    <p class='ocr_par' dir='ltr' id='par_1_86' title="bbox 508 5119 716 5174">
     <span class='ocr_line' id='line_1_86' title="bbox 508 5119 716 5174; baseline -0.01 0"><span class='ocrx_word' id='word_1_537' title='bbox 508 5119 716 5174; x_wconf 71' lang='lat' dir='ltr'><strong>lunias.</strong></span> 
     </span>
    </p>
   </div>
   <div class='ocr_carea' id='block_1_87' title="bbox 519 5199 1551 5256">
    <p class='ocr_par' dir='ltr' id='par_1_87' title="bbox 519 5199 1551 5256">
     <span class='ocr_line' id='line_1_87' title="bbox 519 5199 1551 5256; baseline -0.006 3"><span class='ocrx_word' id='word_1_538' title='bbox 519 5212 521 5214; x_wconf 77' lang='grc'>’</span> <span class='ocrx_word' id='word_1_539' title='bbox 1034 5201 1256 5256; x_wconf 67' lang='lat' dir='ltr'><strong>CAPUT</strong></span> <span class='ocrx_word' id='word_1_540' title='bbox 1294 5199 1551 5254; x_wconf 71' lang='lat' dir='ltr'><strong>LXXXV.</strong></span> 
     </span>
    </p>
   </div>
   <div class='ocr_carea' id='block_1_88' title="bbox 548 5280 2045 5368">
    <p class='ocr_par' dir='ltr' id='par_1_88' title="bbox 548 5280 2045 5368">
     <span class='ocr_line' id='line_1_88' title="bbox 548 5280 2045 5368; baseline -0.004 -18"><span class='ocrx_word' id='word_1_541' title='bbox 548 5300 922 5368; x_wconf 58' lang='lat' dir='ltr'><strong>Argumentum</strong></span> <span class='ocrx_word' id='word_1_542' title='bbox 948 5292 1023 5348; x_wconf 73' lang='grc' dir='ltr'><strong>’συ</strong></span> <span class='ocrx_word' id='word_1_543' title='bbox 1047 5280 1398 5352; x_wconf 66' lang='lat' dir='ltr'><strong>inveniendum</strong></span> <span class='ocrx_word' id='word_1_544' title='bbox 1427 5293 1635 5345; x_wconf 77' lang='lat' dir='ltr'><strong>initium</strong></span> <span class='ocrx_word' id='word_1_545' title='bbox 1647 5292 1811 5360; x_wconf 68' lang='lat' dir='ltr'><strong>.primi</strong></span> <span class='ocrx_word' id='word_1_546' title='bbox 1836 5294 2045 5345; x_wconf 73' lang='lat' dir='ltr'><strong>mensis.</strong></span> 
     </span>
    </p>
   </div>
   <div class='ocr_carea' id='block_1_89' title="bbox 585 5378 2085 5455">
    <p class='ocr_par' dir='ltr' id='par_1_89' title="bbox 585 5378 2085 5455">
     <span class='ocr_line' id='line_1_89' title="bbox 585 5378 2085 5455; baseline -0.007 -10"><span class='ocrx_word' id='word_1_547' title='bbox 585 5390 732 5444; x_wconf 80' lang='lat' dir='ltr'><strong>Disc.</strong></span> <span class='ocrx_word' id='word_1_548' title='bbox 763 5385 818 5441; x_wconf 89' lang='lat' dir='ltr'><strong>Si</strong></span> <span class='ocrx_word' id='word_1_549' title='bbox 843 5381 1056 5455; x_wconf 80' lang='lat' dir='ltr'><strong>aliquod</strong></span> <span class='ocrx_word' id='word_1_550' title='bbox 1081 5378 1445 5442; x_wconf 69' lang='lat' dir='ltr'><strong>adhuc&#39;restet</strong></span> <span class='ocrx_word' id='word_1_551' title='bbox 1467 5390 1842 5453; x_wconf 75' lang='lat' dir='ltr'><strong>argumentum</strong></span> <span class='ocrx_word' id='word_1_552' title='bbox 1875 5384 1941 5438; x_wconf 91' lang='lat' dir='ltr'><strong>de</strong></span> <span class='ocrx_word' id='word_1_553' title='bbox 1979 5394 2085 5436; x_wconf 86' lang='lat' dir='ltr'><strong>ter-</strong></span> 
     </span>
    </p>
   </div>
   <div class='ocr_carea' id='block_1_90' title="bbox 514 5476 2092 5552">
    <p class='ocr_par' dir='ltr' id='par_1_90' title="bbox 514 5476 2092 5552">
     <span class='ocr_line' id='line_1_90' title="bbox 514 5476 2092 5552; baseline -0.006 -13"><span class='ocrx_word' id='word_1_554' title='bbox 514 5485 662 5540; x_wconf 85' lang='lat' dir='ltr'><strong>mino</strong></span> <span class='ocrx_word' id='word_1_555' title='bbox 690 5479 958 5552; x_wconf 78' lang='lat' dir='ltr'><strong>pasclrali,</strong></span> <span class='ocrx_word' id='word_1_556' title='bbox 988 5492 1056 5532; x_wconf 92' lang='lat' dir='ltr'><strong>ne</strong></span> <span class='ocrx_word' id='word_1_557' title='bbox 1080 5484 1152 5540; x_wconf 88' lang='lat' dir='ltr'><strong>te,</strong></span> <span class='ocrx_word' id='word_1_558' title='bbox 1180 5489 1334 5543; x_wconf 75' lang='lat' dir='ltr'><strong>rogo,</strong></span> <span class='ocrx_word' id='word_1_559' title='bbox 1356 5476 1546 5530; x_wconf 66' lang='lat' dir='ltr'><strong>madeat</strong></span> <span class='ocrx_word' id='word_1_560' title='bbox 1571 5476 1803 5530; x_wconf 82' lang='lat' dir='ltr'><strong>edicere.</strong></span> <span class='ocrx_word' id='word_1_561' title='bbox 1843 5478 1978 5538; x_wconf 66' lang='lat' dir='ltr'><strong>Mm.</strong></span> <span class='ocrx_word' id='word_1_562' title='bbox 1995 5477 2092 5532; x_wconf 85' lang='lat' dir='ltr'><strong>Est</strong></span> 
     </span>
    </p>
   </div>
   <div class='ocr_carea' id='block_1_91' title="bbox 517 5559 2086 5644">
    <p class='ocr_par' dir='ltr' id='par_1_91' title="bbox 517 5559 2086 5644">
     <span class='ocr_line' id='line_1_91' title="bbox 517 5559 2086 5644; baseline -0.005 -16"><span class='ocrx_word' id='word_1_563' title='bbox 517 5589 646 5644; x_wconf 89' lang='lat' dir='ltr'><strong>ergo</strong></span> <span class='ocrx_word' id='word_1_564' title='bbox 678 5573 745 5628; x_wconf 91' lang='lat' dir='ltr'><strong>de</strong></span> <span class='ocrx_word' id='word_1_565' title='bbox 773 5559 1112 5626; x_wconf 78' lang='lat' dir='ltr'><strong>inchoatione</strong></span> <span class='ocrx_word' id='word_1_566' title='bbox 1135 5566 1293 5636; x_wconf 90' lang='lat' dir='ltr'><strong>primi</strong></span> <span class='ocrx_word' id='word_1_567' title='bbox 1336 5567 1532 5621; x_wconf 88' lang='lat' dir='ltr'><strong>mensis</strong></span> <span class='ocrx_word' id='word_1_568' title='bbox 1556 5566 1664 5621; x_wconf 90' lang='lat' dir='ltr'><strong>tale</strong></span> <span class='ocrx_word' id='word_1_569' title='bbox 1691 5576 2086 5637; x_wconf 87' lang='lat' dir='ltr'><strong>argumentum.</strong></span> 
     </span>
    </p>
   </div>
   <div class='ocr_carea' id='block_1_92' title="bbox 521 5655 2092 5730">
    <p class='ocr_par' dir='ltr' id='par_1_92' title="bbox 521 5655 2092 5730">
     <span class='ocr_line' id='line_1_92' title="bbox 521 5655 2092 5730; baseline -0.006 -9"><span class='ocrx_word' id='word_1_570' title='bbox 521 5665 578 5722; x_wconf 90' lang='lat' dir='ltr'><strong>Si</strong></span> <span class='ocrx_word' id='word_1_571' title='bbox 604 5664 750 5719; x_wconf 89' lang='lat' dir='ltr'><strong>enim</strong></span> <span class='ocrx_word' id='word_1_572' title='bbox 778 5661 909 5716; x_wconf 89' lang='lat' dir='ltr'><strong>velis</strong></span> <span class='ocrx_word' id='word_1_573' title='bbox 945 5671 1236 5730; x_wconf 88' lang='lat' dir='ltr'><strong>agnoscere</strong></span> <span class='ocrx_word' id='word_1_574' title='bbox 1269 5655 1479 5708; x_wconf 90' lang='lat' dir='ltr'><strong>initium</strong></span> <span class='ocrx_word' id='word_1_575' title='bbox 1525 5656 1684 5724; x_wconf 90' lang='lat' dir='ltr'><strong>primi</strong></span> <span class='ocrx_word' id='word_1_576' title='bbox 1726 5659 1945 5721; x_wconf 85' lang='lat' dir='ltr'><strong>mensis,</strong></span> <span class='ocrx_word' id='word_1_577' title='bbox 1989 5659 2092 5712; x_wconf 87' lang='lat' dir='ltr'><strong>hoc</strong></span> 
     </span>
    </p>
   </div>
   <div class='ocr_carea' id='block_1_93' title="bbox 519 5745 2089 5824">
    <p class='ocr_par' dir='ltr' id='par_1_93' title="bbox 519 5745 2089 5824">
     <span class='ocr_line' id='line_1_93' title="bbox 519 5745 2089 5824; baseline -0.006 -14"><span class='ocrx_word' id='word_1_578' title='bbox 519 5764 623 5819; x_wconf 82' lang='lat' dir='ltr'><strong>est,</strong></span> <span class='ocrx_word' id='word_1_579' title='bbox 650 5755 736 5810; x_wconf 90' lang='lat' dir='ltr'><strong>ubi</strong></span> <span class='ocrx_word' id='word_1_580' title='bbox 777 5751 1096 5824; x_wconf 87' lang='lat' dir='ltr'><strong>principium</strong></span> <span class='ocrx_word' id='word_1_581' title='bbox 1134 5749 1205 5821; x_wconf 77' lang='lat' dir='ltr'><strong>sit</strong></span> <span class='ocrx_word' id='word_1_582' title='bbox 1233 5746 1372 5800; x_wconf 73' lang='lat' dir='ltr'><strong>luna:</strong></span> <span class='ocrx_word' id='word_1_583' title='bbox 1401 5745 1695 5814; x_wconf 80' lang='lat' dir='ltr'><strong>paschalis,</strong></span> <span class='ocrx_word' id='word_1_584' title='bbox 1732 5747 1876 5801; x_wconf 79' lang='lat' dir='ltr'><strong>scias</strong></span> <span class='ocrx_word' id='word_1_585' title='bbox 1901 5748 2089 5802; x_wconf 88' lang='lat' dir='ltr'><strong>eodem</strong></span> 
     </span>
    </p>
   </div>
   <div class='ocr_carea' id='block_1_94' title="bbox 2179 3295 3756 3368">
    <p class='ocr_par' dir='ltr' id='par_1_94' title="bbox 2179 3295 3756 3368">
     <span class='ocr_line' id='line_1_94' title="bbox 2179 3295 3756 3368; baseline 0.001 -18"><span class='ocrx_word' id='word_1_586' title='bbox 2179 3295 2335 3350; x_wconf 76' lang='lat' dir='ltr'><strong>nobis</strong></span> <span class='ocrx_word' id='word_1_587' title='bbox 2364 3303 2603 3366; x_wconf 83' lang='lat' dir='ltr'><strong>tempore</strong></span> <span class='ocrx_word' id='word_1_588' title='bbox 2619 3296 2923 3351; x_wconf 71' lang='lat' dir='ltr'><strong>‘Douiinicae</strong></span> <span class='ocrx_word' id='word_1_589' title='bbox 2955 3298 3370 3352; x_wconf 76' lang='lat' dir='ltr'><strong>reshrrectionis</strong></span> <span class='ocrx_word' id='word_1_590' title='bbox 3395 3299 3670 3368; x_wconf 86' lang='lat' dir='ltr'><strong>imposita,</strong></span> <span class='ocrx_word' id='word_1_591' title='bbox 3697 3307 3756 3351; x_wconf 87' lang='lat' dir='ltr'><strong>ut</strong></span> 
     </span>
    </p>
   </div>
   <div class='ocr_carea' id='block_1_95' title="bbox 2181 3384 3751 3456">
    <p class='ocr_par' dir='ltr' id='par_1_95' title="bbox 2181 3384 3751 3456">
     <span class='ocr_line' id='line_1_95' title="bbox 2181 3384 3751 3456; baseline 0.003 -19"><span class='ocrx_word' id='word_1_592' title='bbox 2181 3399 2304 3438; x_wconf 89' lang='lat' dir='ltr'><strong>cum</strong></span> <span class='ocrx_word' id='word_1_593' title='bbox 2354 3386 2674 3454; x_wconf 60' lang='lat' dir='ltr'><strong>aequinoctio</strong></span> <span class='ocrx_word' id='word_1_594' title='bbox 2729 3384 3045 3441; x_wconf 85' lang='lat' dir='ltr'><strong>transcenso</strong></span> <span class='ocrx_word' id='word_1_595' title='bbox 3091 3387 3273 3440; x_wconf 81' lang='lat' dir='ltr'><strong>lunam</strong></span> <span class='ocrx_word' id='word_1_596' title='bbox 3318 3387 3481 3456; x_wconf 85' lang='lat' dir='ltr'><strong>primi</strong></span> <span class='ocrx_word' id='word_1_597' title='bbox 3516 3389 3751 3450; x_wconf 82' lang='lat' dir='ltr'><strong>mensis,</strong></span> 
     </span>
    </p>
   </div>
   <div class='ocr_carea' id='block_1_96' title="bbox 2178 3476 3756 3545">
    <p class='ocr_par' dir='ltr' id='par_1_96' title="bbox 2178 3476 3756 3545">
     <span class='ocr_line' id='line_1_96' title="bbox 2178 3476 3756 3545; baseline 0.004 -17"><span class='ocrx_word' id='word_1_598' title='bbox 2178 3484 2430 3542; x_wconf 89' lang='lat' dir='ltr'><strong>quartam</strong></span> <span class='ocrx_word' id='word_1_599' title='bbox 2461 3476 2721 3530; x_wconf 89' lang='lat' dir='ltr'><strong>decimam</strong></span> <span class='ocrx_word' id='word_1_600' title='bbox 2753 3491 2977 3545; x_wconf 86' lang='lat' dir='ltr'><strong>vespere</strong></span> <span class='ocrx_word' id='word_1_601' title='bbox 3003 3487 3182 3532; x_wconf 90' lang='lat' dir='ltr'><strong>ortum</strong></span> <span class='ocrx_word' id='word_1_602' title='bbox 3227 3478 3404 3533; x_wconf 80' lang='lat' dir='ltr'><strong>facere</strong></span> <span class='ocrx_word' id='word_1_603' title='bbox 3436 3479 3756 3545; x_wconf 88' lang='lat' dir='ltr'><strong>viderimus,</strong></span> 
     </span>
    </p>
   </div>
   <div class='ocr_carea' id='block_1_97' title="bbox 2179 3569 3754 3641">
    <p class='ocr_par' dir='ltr' id='par_1_97' title="bbox 2179 3569 3754 3641">
     <span class='ocr_line' id='line_1_97' title="bbox 2179 3569 3754 3641; baseline 0.004 -19"><span class='ocrx_word' id='word_1_604' title='bbox 2179 3583 2287 3622; x_wconf 87' lang='lat' dir='ltr'><strong>non</strong></span> <span class='ocrx_word' id='word_1_605' title='bbox 2318 3569 2938 3625; x_wconf 63' lang='lat' dir='ltr'><strong>statim‘adnfacieudum</strong></span> <span class='ocrx_word' id='word_1_606' title='bbox 2978 3572 3182 3626; x_wconf 81' lang='lat' dir='ltr'><strong>Pascha</strong></span> <span class='ocrx_word' id='word_1_607' title='bbox 3227 3572 3587 3641; x_wconf 78' lang='lat' dir='ltr'><strong>pmsiliamus,</strong></span> <span class='ocrx_word' id='word_1_608' title='bbox 3636 3573 3754 3636; x_wconf 87' lang='lat' dir='ltr'><strong>sed,</strong></span> 
     </span>
    </p>
   </div>
   <div class='ocr_carea' id='block_1_98' title="bbox 2182 3657 3757 3741">
    <p class='ocr_par' dir='ltr' id='par_1_98' title="bbox 2182 3657 3757 3741">
     <span class='ocr_line' id='line_1_98' title="bbox 2182 3657 3757 3741; baseline 0.004 -29"><span class='ocrx_word' id='word_1_609' title='bbox 2182 3657 2524 3714; x_wconf 82' lang='lat' dir='ltr'><strong>Bominicum</strong></span> <span class='ocrx_word' id='word_1_610' title='bbox 2553 3661 2714 3725; x_wconf 84' lang='lat' dir='ltr'><strong>diem,</strong></span> <span class='ocrx_word' id='word_1_611' title='bbox 2739 3677 2846 3731; x_wconf 84' lang='lat' dir='ltr'><strong>quo</strong></span> <span class='ocrx_word' id='word_1_612' title='bbox 2875 3662 2988 3732; x_wconf 80' lang='lat' dir='ltr'><strong>ipse</strong></span> <span class='ocrx_word' id='word_1_613' title='bbox 3008 3661 3234 3728; x_wconf 81' lang='lat' dir='ltr'><strong>Pascha,</strong></span> <span class='ocrx_word' id='word_1_614' title='bbox 3265 3663 3439 3741; x_wconf 80' lang='lat' dir='ltr'><strong>idest,</strong></span> <span class='ocrx_word' id='word_1_615' title='bbox 3469 3664 3757 3718; x_wconf 85' lang='lat' dir='ltr'><strong>transitum</strong></span> 
     </span>
    </p>
   </div>
   <div class='ocr_carea' id='block_1_99' title="bbox 2183 3747 3758 3824">
    <p class='ocr_par' dir='ltr' id='par_1_99' title="bbox 2183 3747 3758 3824">
     <span class='ocr_line' id='line_1_99' title="bbox 2183 3747 3758 3824; baseline 0.005 -22"><span class='ocrx_word' id='word_1_616' title='bbox 2183 3747 2249 3803; x_wconf 90' lang='lat' dir='ltr'><strong>de</strong></span> <span class='ocrx_word' id='word_1_617' title='bbox 2277 3758 2452 3805; x_wconf 83' lang='lat' dir='ltr'><strong>morte</strong></span> <span class='ocrx_word' id='word_1_618' title='bbox 2479 3751 2548 3806; x_wconf 89' lang='lat' dir='ltr'><strong>ad</strong></span> <span class='ocrx_word' id='word_1_619' title='bbox 2577 3747 2767 3817; x_wconf 86' lang='lat' dir='ltr'><strong>vitam,</strong></span> <span class='ocrx_word' id='word_1_620' title='bbox 2817 3754 2882 3807; x_wconf 90' lang='lat' dir='ltr'><strong>de</strong></span> <span class='ocrx_word' id='word_1_621' title='bbox 2913 3750 3261 3823; x_wconf 79' lang='lat' dir='ltr'><strong>corruptione</strong></span> <span class='ocrx_word' id='word_1_622' title='bbox 3289 3754 3355 3808; x_wconf 88' lang='lat' dir='ltr'><strong>ad</strong></span> <span class='ocrx_word' id='word_1_623' title='bbox 3394 3755 3758 3824; x_wconf 78' lang='lat' dir='ltr'><strong>incorruptio-</strong></span> 
     </span>
    </p>
   </div>
   <div class='ocr_carea' id='block_1_100' title="bbox 2181 3840 3752 3918">
    <p class='ocr_par' dir='ltr' id='par_1_100' title="bbox 2181 3840 3752 3918">
     <span class='ocr_line' id='line_1_100' title="bbox 2181 3840 3752 3918; baseline 0.004 -26"><span class='ocrx_word' id='word_1_624' title='bbox 2181 3851 2325 3900; x_wconf 85' lang='lat' dir='ltr'><strong>nem.</strong></span> <span class='ocrx_word' id='word_1_625' title='bbox 2350 3840 2415 3894; x_wconf 93' lang='lat' dir='ltr'><strong>de</strong></span> <span class='ocrx_word' id='word_1_626' title='bbox 2439 3847 2594 3910; x_wconf 61' lang='lat' dir='ltr'><strong>p‘mna</strong></span> <span class='ocrx_word' id='word_1_627' title='bbox 2622 3842 2688 3896; x_wconf 89' lang='lat' dir='ltr'><strong>ad</strong></span> <span class='ocrx_word' id='word_1_628' title='bbox 2725 3842 2947 3915; x_wconf 63' lang='lat' dir='ltr'><strong>gloriam</strong></span> <span class='ocrx_word' id='word_1_629' title='bbox 2985 3846 3313 3914; x_wconf 78' lang='lat' dir='ltr'><strong>resurgendo</strong></span> <span class='ocrx_word' id='word_1_630' title='bbox 3337 3843 3519 3901; x_wconf 79' lang='lat' dir='ltr'><strong>tacere</strong></span> <span class='ocrx_word' id='word_1_631' title='bbox 3559 3845 3752 3918; x_wconf 84' lang='lat' dir='ltr'><strong>digna-</strong></span> 
     </span>
    </p>
   </div>
   <div class='ocr_carea' id='block_1_101' title="bbox 2182 3933 3757 4006">
    <p class='ocr_par' dir='ltr' id='par_1_101' title="bbox 2182 3933 3757 4006">
     <span class='ocr_line' id='line_1_101' title="bbox 2182 3933 3757 4006; baseline 0.005 -23"><span class='ocrx_word' id='word_1_632' title='bbox 2182 3937 2269 3984; x_wconf 91' lang='lat' dir='ltr'><strong>tus</strong></span> <span class='ocrx_word' id='word_1_633' title='bbox 2294 3938 2396 3995; x_wconf 84' lang='lat' dir='ltr'><strong>est,</strong></span> <span class='ocrx_word' id='word_1_634' title='bbox 2429 3940 2827 4001; x_wconf 68' lang='lat' dir='ltr'><strong>exspectantes,</strong></span> <span class='ocrx_word' id='word_1_635' title='bbox 2877 3933 2930 3987; x_wconf 91' lang='lat' dir='ltr'><strong>in</strong></span> <span class='ocrx_word' id='word_1_636' title='bbox 2978 3934 3094 4004; x_wconf 89' lang='lat' dir='ltr'><strong>ipso</strong></span> <span class='ocrx_word' id='word_1_637' title='bbox 3125 3936 3339 3990; x_wconf 85' lang='lat' dir='ltr'><strong>tandem</strong></span> <span class='ocrx_word' id='word_1_638' title='bbox 3379 3948 3628 4006; x_wconf 68' lang='lat' dir='ltr'><strong>congrua:</strong></span> <span class='ocrx_word' id='word_1_639' title='bbox 3656 3935 3757 3990; x_wconf 78' lang='lat' dir='ltr'><strong>Pa-</strong></span> 
     </span>
    </p>
   </div>
   <div class='ocr_carea' id='block_1_102' title="bbox 2183 4019 3760 4098">
    <p class='ocr_par' dir='ltr' id='par_1_102' title="bbox 2183 4019 3760 4098">
     <span class='ocr_line' id='line_1_102' title="bbox 2183 4019 3760 4098; baseline 0.004 -26"><span class='ocrx_word' id='word_1_640' title='bbox 2183 4019 2328 4074; x_wconf 72' lang='lat' dir='ltr'><strong>scha:</strong></span> <span class='ocrx_word' id='word_1_641' title='bbox 2377 4019 2632 4075; x_wconf 89' lang='lat' dir='ltr'><strong>solemnia</strong></span> <span class='ocrx_word' id='word_1_642' title='bbox 2671 4022 3024 4078; x_wconf 89' lang='lat' dir='ltr'><strong>celebremus.</strong></span> <span class='ocrx_word' id='word_1_643' title='bbox 3058 4023 3209 4091; x_wconf 87' lang='lat' dir='ltr'><strong>Quod</strong></span> <span class='ocrx_word' id='word_1_644' title='bbox 3252 4026 3297 4080; x_wconf 90' lang='lat' dir='ltr'><strong>si</strong></span> <span class='ocrx_word' id='word_1_645' title='bbox 3332 4026 3456 4098; x_wconf 87' lang='lat' dir='ltr'><strong>quis</strong></span> <span class='ocrx_word' id='word_1_646' title='bbox 3497 4025 3760 4094; x_wconf 88' lang='lat' dir='ltr'><strong>objecerit</strong></span> 
     </span>
    </p>
   </div>
   <div class='ocr_carea' id='block_1_103' title="bbox 2183 4111 3754 4187">
    <p class='ocr_par' dir='ltr' id='par_1_103' title="bbox 2183 4111 3754 4187">
     <span class='ocr_line' id='line_1_103' title="bbox 2183 4111 3754 4187; baseline 0.003 -23"><span class='ocrx_word' id='word_1_647' title='bbox 2183 4125 2287 4165; x_wconf 91' lang='lat' dir='ltr'><strong>non</strong></span> <span class='ocrx_word' id='word_1_648' title='bbox 2319 4111 2633 4181; x_wconf 76' lang='lat' dir='ltr'><strong>:equinoctii</strong></span> <span class='ocrx_word' id='word_1_649' title='bbox 2671 4114 3008 4180; x_wconf 85' lang='lat' dir='ltr'><strong>memoriam,</strong></span> <span class='ocrx_word' id='word_1_650' title='bbox 3043 4115 3135 4169; x_wconf 91' lang='lat' dir='ltr'><strong>sed</strong></span> <span class='ocrx_word' id='word_1_651' title='bbox 3167 4123 3374 4169; x_wconf 88' lang='lat' dir='ltr'><strong>tantum</strong></span> <span class='ocrx_word' id='word_1_652' title='bbox 3415 4115 3576 4187; x_wconf 86' lang='lat' dir='ltr'><strong>primi</strong></span> <span class='ocrx_word' id='word_1_653' title='bbox 3604 4129 3754 4170; x_wconf 63' lang='lat' dir='ltr'><strong>meno</strong></span> 
     </span>
    </p>
   </div>
   <div class='ocr_carea' id='block_1_104' title="bbox 2183 4201 3750 4276">
    <p class='ocr_par' dir='ltr' id='par_1_104' title="bbox 2183 4201 3750 4276">
     <span class='ocr_line' id='line_1_104' title="bbox 2183 4201 3750 4276; baseline 0.001 -19"><span class='ocrx_word' id='word_1_654' title='bbox 2183 4201 2261 4257; x_wconf 83' lang='lat' dir='ltr'><strong>sis</strong></span> <span class='ocrx_word' id='word_1_655' title='bbox 2302 4209 2357 4257; x_wconf 85' lang='lat' dir='ltr'><strong>et</strong></span> <span class='ocrx_word' id='word_1_656' title='bbox 2403 4201 2574 4256; x_wconf 67' lang='lat' dir='ltr'><strong>tertia:</strong></span> <span class='ocrx_word' id='word_1_657' title='bbox 2607 4201 2662 4256; x_wconf 91' lang='lat' dir='ltr'><strong>in</strong></span> <span class='ocrx_word' id='word_1_658' title='bbox 2702 4217 2767 4258; x_wconf 88' lang='lat' dir='ltr'><strong>eo</strong></span> <span class='ocrx_word' id='word_1_659' title='bbox 2805 4204 3118 4274; x_wconf 71' lang='lat' dir='ltr'><strong>septimm</strong></span> <span class='ocrx_word' id='word_1_660' title='bbox 3153 4205 3399 4275; x_wconf 75' lang='lat' dir='ltr'><strong>posuisse</strong></span> <span class='ocrx_word' id='word_1_661' title='bbox 3442 4205 3750 4276; x_wconf 71' lang='lat' dir='ltr'><strong>leg-iterum,</strong></span> 
     </span>
    </p>
   </div>
   <div class='ocr_carea' id='block_1_105' title="bbox 2184 4281 3758 4366">
    <p class='ocr_par' dir='ltr' id='par_1_105' title="bbox 2184 4281 3758 4366">
     <span class='ocr_line' id='line_1_105' title="bbox 2184 4281 3758 4366; baseline 0.002 -21"><span class='ocrx_word' id='word_1_662' title='bbox 2184 4290 2469 4360; x_wconf 74' lang='lat' dir='ltr'><strong>seiatquia</strong></span> <span class='ocrx_word' id='word_1_663' title='bbox 2498 4281 2609 4346; x_wconf 73' lang='lat' dir='ltr'><strong>etsi</strong></span> <span class='ocrx_word' id='word_1_664' title='bbox 2643 4292 3032 4360; x_wconf 66' lang='lat' dir='ltr'><strong>‘wquinoetium</strong></span> <span class='ocrx_word' id='word_1_665' title='bbox 3055 4294 3388 4349; x_wconf 78' lang='lat' dir='ltr'><strong>nominatim</strong></span> <span class='ocrx_word' id='word_1_666' title='bbox 3425 4310 3531 4350; x_wconf 79' lang='lat' dir='ltr'><strong>non</strong></span> <span class='ocrx_word' id='word_1_667' title='bbox 3575 4295 3758 4366; x_wconf 78' lang='lat' dir='ltr'><strong>expri-</strong></span> 
     </span>
    </p>
   </div>
   <div class='ocr_carea' id='block_1_106' title="bbox 2183 4372 3753 4457">
    <p class='ocr_par' dir='ltr' id='par_1_106' title="bbox 2183 4372 3753 4457">
     <span class='ocr_line' id='line_1_106' title="bbox 2183 4372 3753 4457; baseline 0.004 -23"><span class='ocrx_word' id='word_1_668' title='bbox 2183 4379 2300 4445; x_wconf 84' lang='lat' dir='ltr'><strong>mit,</strong></span> <span class='ocrx_word' id='word_1_669' title='bbox 2340 4372 2405 4433; x_wconf 81' lang='lat' dir='ltr'><strong>in</strong></span> <span class='ocrx_word' id='word_1_670' title='bbox 2455 4381 2557 4436; x_wconf 89' lang='lat' dir='ltr'><strong>hoc</strong></span> <span class='ocrx_word' id='word_1_671' title='bbox 2604 4389 2780 4436; x_wconf 89' lang='lat' dir='ltr'><strong>tamen</strong></span> <span class='ocrx_word' id='word_1_672' title='bbox 2832 4383 2949 4452; x_wconf 77' lang='lat' dir='ltr'><strong>ipso</strong></span> <span class='ocrx_word' id='word_1_673' title='bbox 2982 4385 3124 4451; x_wconf 86' lang='lat' dir='ltr'><strong>quod</strong></span> <span class='ocrx_word' id='word_1_674' title='bbox 3168 4399 3198 4438; x_wconf 87' lang='lat' dir='ltr'><strong>a</strong></span> <span class='ocrx_word' id='word_1_675' title='bbox 3255 4384 3551 4454; x_wconf 82' lang='lat' dir='ltr'><strong>plenilunio</strong></span> <span class='ocrx_word' id='word_1_676' title='bbox 3593 4381 3753 4457; x_wconf 82' lang='lat' dir='ltr'><strong>primi</strong></span> 
     </span>
    </p>
   </div>
   <div class='ocr_carea' id='block_1_107' title="bbox 2183 4470 3759 4548">
    <p class='ocr_par' dir='ltr' id='par_1_107' title="bbox 2183 4470 3759 4548">
     <span class='ocr_line' id='line_1_107' title="bbox 2183 4470 3759 4548; baseline 0.004 -24"><span class='ocrx_word' id='word_1_677' title='bbox 2183 4471 2385 4526; x_wconf 86' lang='lat' dir='ltr'><strong>mensis</strong></span> <span class='ocrx_word' id='word_1_678' title='bbox 2402 4471 2604 4525; x_wconf 83' lang='lat' dir='ltr'><strong>Pascha</strong></span> <span class='ocrx_word' id='word_1_679' title='bbox 2617 4470 2926 4548; x_wconf 72' lang='lat' dir='ltr'><strong>faciendum</strong></span> <span class='ocrx_word' id='word_1_680' title='bbox 2949 4473 3208 4542; x_wconf 65' lang='lat' dir='ltr'><strong>praecipit,</strong></span> <span class='ocrx_word' id='word_1_681' title='bbox 3240 4474 3547 4543; x_wconf 62' lang='lat' dir='ltr'><strong>aequinoctii</strong></span> <span class='ocrx_word' id='word_1_682' title='bbox 3565 4485 3759 4530; x_wconf 82' lang='lat' dir='ltr'><strong>-trans-</strong></span> 
     </span>
    </p>
   </div>
   <div class='ocr_carea' id='block_1_108' title="bbox 2191 4561 3758 4635">
    <p class='ocr_par' dir='ltr' id='par_1_108' title="bbox 2191 4561 3758 4635">
     <span class='ocr_line' id='line_1_108' title="bbox 2191 4561 3758 4635; baseline 0.001 -17"><span class='ocrx_word' id='word_1_683' title='bbox 2191 4577 2411 4618; x_wconf 82' lang='lat' dir='ltr'><strong>censum</strong></span> <span class='ocrx_word' id='word_1_684' title='bbox 2438 4561 2677 4632; x_wconf 84' lang='lat' dir='ltr'><strong>plenarin</strong></span> <span class='ocrx_word' id='word_1_685' title='bbox 2720 4562 2927 4617; x_wconf 82' lang='lat' dir='ltr'><strong>ratione</strong></span> <span class='ocrx_word' id='word_1_686' title='bbox 2955 4562 3238 4633; x_wconf 82' lang='lat' dir='ltr'><strong>depromit.</strong></span> <span class='ocrx_word' id='word_1_687' title='bbox 3267 4562 3758 4635; x_wconf 62' lang='lat' dir='ltr'><strong>Quonim-absque</strong></span> 
     </span>
    </p>
   </div>
   <div class='ocr_carea' id='block_1_109' title="bbox 2191 4656 3760 4728">
    <p class='ocr_par' dir='ltr' id='par_1_109' title="bbox 2191 4656 3760 4728">
     <span class='ocr_line' id='line_1_109' title="bbox 2191 4656 3760 4728; baseline 0.003 -21"><span class='ocrx_word' id='word_1_688' title='bbox 2191 4656 2296 4708; x_wconf 86' lang='lat' dir='ltr'><strong>ulla</strong></span> <span class='ocrx_word' id='word_1_689' title='bbox 2323 4656 2593 4711; x_wconf 87' lang='lat' dir='ltr'><strong>dubietate</strong></span> <span class='ocrx_word' id='word_1_690' title='bbox 2620 4666 2831 4711; x_wconf 86' lang='lat' dir='ltr'><strong>constat</strong></span> <span class='ocrx_word' id='word_1_691' title='bbox 2855 4672 2972 4711; x_wconf 90' lang='lat' dir='ltr'><strong>eam</strong></span> <span class='ocrx_word' id='word_1_692' title='bbox 2999 4671 3118 4726; x_wconf 64' lang='lat' dir='ltr'><strong>quae</strong></span> <span class='ocrx_word' id='word_1_693' title='bbox 3143 4657 3317 4726; x_wconf 92' lang='lat' dir='ltr'><strong>primo</strong></span> <span class='ocrx_word' id='word_1_694' title='bbox 3343 4658 3570 4712; x_wconf 88' lang='lat' dir='ltr'><strong>transitu</strong></span> <span class='ocrx_word' id='word_1_695' title='bbox 3595 4659 3760 4728; x_wconf 59' lang='lat' dir='ltr'><strong>acqui-</strong></span> 
     </span>
    </p>
   </div>
   <div class='ocr_carea' id='block_1_110' title="bbox 2189 4745 3757 4823">
    <p class='ocr_par' dir='ltr' id='par_1_110' title="bbox 2189 4745 3757 4823">
     <span class='ocr_line' id='line_1_110' title="bbox 2189 4745 3757 4823; baseline 0.002 -25"><span class='ocrx_word' id='word_1_696' title='bbox 2189 4746 2368 4800; x_wconf 89' lang='lat' dir='ltr'><strong>noctio</strong></span> <span class='ocrx_word' id='word_1_697' title='bbox 2396 4745 2609 4814; x_wconf 91' lang='lat' dir='ltr'><strong>plenum</strong></span> <span class='ocrx_word' id='word_1_698' title='bbox 2635 4761 2787 4800; x_wconf 89' lang='lat' dir='ltr'><strong>suum</strong></span> <span class='ocrx_word' id='word_1_699' title='bbox 2816 4746 3028 4823; x_wconf 81' lang='lat' dir='ltr'><strong>globum</strong></span> <span class='ocrx_word' id='word_1_700' title='bbox 3057 4747 3372 4810; x_wconf 89' lang='lat' dir='ltr'><strong>ostenderit,</strong></span> <span class='ocrx_word' id='word_1_701' title='bbox 3407 4747 3568 4816; x_wconf 89' lang='lat' dir='ltr'><strong>primi</strong></span> <span class='ocrx_word' id='word_1_702' title='bbox 3611 4763 3757 4802; x_wconf 81' lang='lat' dir='ltr'><strong>men-</strong></span> 
     </span>
    </p>
   </div>
   <div class='ocr_carea' id='block_1_111' title="bbox 2187 4837 3754 4909">
    <p class='ocr_par' dir='ltr' id='par_1_111' title="bbox 2187 4837 3754 4909">
     <span class='ocr_line' id='line_1_111' title="bbox 2187 4837 3754 4909; baseline 0 -17"><span class='ocrx_word' id='word_1_703' title='bbox 2187 4839 2262 4892; x_wconf 65' lang='grc' dir='ltr'><strong>εἰς</strong></span> <span class='ocrx_word' id='word_1_704' title='bbox 2290 4838 2522 4894; x_wconf 78' lang='lat' dir='ltr'><strong>existere</strong></span> <span class='ocrx_word' id='word_1_705' title='bbox 2555 4837 2754 4892; x_wconf 86' lang='lat' dir='ltr'><strong>lunam.</strong></span> <span class='ocrx_word' id='word_1_706' title='bbox 2798 4838 3018 4905; x_wconf 72' lang='lat' dir='ltr'><strong>Quaties</strong></span> <span class='ocrx_word' id='word_1_707' title='bbox 3061 4854 3190 4909; x_wconf 85' lang='lat' dir='ltr'><strong>ergo</strong></span> <span class='ocrx_word' id='word_1_708' title='bbox 3233 4839 3374 4894; x_wconf 86' lang='lat' dir='ltr'><strong>diem</strong></span> <span class='ocrx_word' id='word_1_709' title='bbox 3419 4839 3754 4893; x_wconf 76' lang='lat' dir='ltr'><strong>Dominiwm</strong></span> 
     </span>
    </p>
   </div>
   <div class='ocr_carea' id='block_1_112' title="bbox 2188 4929 3756 4999">
    <p class='ocr_par' dir='ltr' id='par_1_112' title="bbox 2188 4929 3756 4999">
     <span class='ocr_line' id='line_1_112' title="bbox 2188 4929 3756 4999; baseline 0.001 -17"><span class='ocrx_word' id='word_1_710' title='bbox 2188 4944 2308 4983; x_wconf 80' lang='lat' dir='ltr'><strong>mox</strong></span> <span class='ocrx_word' id='word_1_711' title='bbox 2348 4930 2636 4984; x_wconf 82' lang='lat' dir='ltr'><strong>adventare</strong></span> <span class='ocrx_word' id='word_1_712' title='bbox 2679 4930 2866 4999; x_wconf 83' lang='lat' dir='ltr'><strong>quinta</strong></span> <span class='ocrx_word' id='word_1_713' title='bbox 2911 4929 3118 4984; x_wconf 86' lang='lat' dir='ltr'><strong>decima</strong></span> <span class='ocrx_word' id='word_1_714' title='bbox 3173 4931 3297 4985; x_wconf 90' lang='lat' dir='ltr'><strong>luna</strong></span> <span class='ocrx_word' id='word_1_715' title='bbox 3346 4931 3628 4996; x_wconf 86' lang='lat' dir='ltr'><strong>habemus,</strong></span> <span class='ocrx_word' id='word_1_716' title='bbox 3683 4929 3756 4984; x_wconf 91' lang='lat' dir='ltr'><strong>nil</strong></span> 
     </span>
    </p>
   </div>
   <div class='ocr_carea' id='block_1_113' title="bbox 2187 5022 3757 5092">
    <p class='ocr_par' dir='ltr' id='par_1_113' title="bbox 2187 5022 3757 5092">
     <span class='ocr_line' id='line_1_113' title="bbox 2187 5022 3757 5092; baseline 0.001 -17"><span class='ocrx_word' id='word_1_717' title='bbox 2187 5031 2429 5076; x_wconf 88' lang='lat' dir='ltr'><strong>nostrum</strong></span> <span class='ocrx_word' id='word_1_718' title='bbox 2465 5030 2672 5091; x_wconf 88' lang='lat' dir='ltr'><strong>tempus</strong></span> <span class='ocrx_word' id='word_1_719' title='bbox 2704 5022 2956 5090; x_wconf 87' lang='lat' dir='ltr'><strong>paschale</strong></span> <span class='ocrx_word' id='word_1_720' title='bbox 2993 5038 3022 5076; x_wconf 89' lang='lat' dir='ltr'><strong>a</strong></span> <span class='ocrx_word' id='word_1_721' title='bbox 3054 5022 3236 5092; x_wconf 88' lang='lat' dir='ltr'><strong>regula</strong></span> <span class='ocrx_word' id='word_1_722' title='bbox 3271 5023 3544 5090; x_wconf 90' lang='lat' dir='ltr'><strong>dissonat,</strong></span> <span class='ocrx_word' id='word_1_723' title='bbox 3571 5038 3757 5092; x_wconf 84' lang='lat' dir='ltr'><strong>quam-</strong></span> 
     </span>
    </p>
   </div>
   <div class='ocr_carea' id='block_1_114' title="bbox 2188 5111 3756 5182">
    <p class='ocr_par' dir='ltr' id='par_1_114' title="bbox 2188 5111 3756 5182">
     <span class='ocr_line' id='line_1_114' title="bbox 2188 5111 3756 5182; baseline 0.004 -19"><span class='ocrx_word' id='word_1_724' title='bbox 2188 5112 2269 5165; x_wconf 92' lang='lat' dir='ltr'><strong>vis</strong></span> <span class='ocrx_word' id='word_1_725' title='bbox 2298 5111 2415 5165; x_wconf 91' lang='lat' dir='ltr'><strong>aliis</strong></span> <span class='ocrx_word' id='word_1_726' title='bbox 2443 5121 2901 5166; x_wconf 88' lang='lat' dir='ltr'><strong>sacramentorum</strong></span> <span class='ocrx_word' id='word_1_727' title='bbox 2947 5113 3235 5182; x_wconf 87' lang='lat' dir='ltr'><strong>generibus</strong></span> <span class='ocrx_word' id='word_1_728' title='bbox 3260 5111 3499 5180; x_wconf 86' lang='lat' dir='ltr'><strong>ejusdem</strong></span> <span class='ocrx_word' id='word_1_729' title='bbox 3527 5112 3756 5169; x_wconf 66' lang='lat' dir='ltr'><strong>Pascha</strong></span> 
     </span>
    </p>
   </div>
   <div class='ocr_carea' id='block_1_115' title="bbox 2191 5201 3757 5268">
    <p class='ocr_par' dir='ltr' id='par_1_115' title="bbox 2191 5201 3757 5268">
     <span class='ocr_line' id='line_1_115' title="bbox 2191 5201 3757 5268; baseline 0 -11"><span class='ocrx_word' id='word_1_730' title='bbox 2191 5202 2446 5257; x_wconf 84' lang='lat' dir='ltr'><strong>solemnia</strong></span> <span class='ocrx_word' id='word_1_731' title='bbox 2493 5201 2750 5256; x_wconf 83' lang='lat' dir='ltr'><strong>colamus.</strong></span> <span class='ocrx_word' id='word_1_732' title='bbox 2780 5202 3013 5268; x_wconf 76' lang='lat' dir='ltr'><strong>Quoties</strong></span> <span class='ocrx_word' id='word_1_733' title='bbox 3056 5217 3185 5259; x_wconf 82' lang='lat' dir='ltr'><strong>vero</strong></span> <span class='ocrx_word' id='word_1_734' title='bbox 3214 5204 3449 5259; x_wconf 83' lang='lat' dir='ltr'><strong>secundo</strong></span> <span class='ocrx_word' id='word_1_735' title='bbox 3468 5203 3561 5258; x_wconf 81' lang='lat' dir='ltr'><strong>vel</strong></span> <span class='ocrx_word' id='word_1_736' title='bbox 3599 5204 3757 5258; x_wconf 82' lang='lat' dir='ltr'><strong>tertio</strong></span> 
     </span>
    </p>
   </div>
   <div class='ocr_carea' id='block_1_116' title="bbox 2191 5287 3751 5366">
    <p class='ocr_par' dir='ltr' id='par_1_116' title="bbox 2191 5287 3751 5366">
     <span class='ocr_line' id='line_1_116' title="bbox 2191 5287 3751 5366; baseline 0 -20"><span class='ocrx_word' id='word_1_737' title='bbox 2191 5293 2272 5348; x_wconf 87' lang='lat' dir='ltr'><strong>vel</strong></span> <span class='ocrx_word' id='word_1_738' title='bbox 2321 5294 2619 5363; x_wconf 68' lang='lat' dir='ltr'><strong>(primo-vel</strong></span> <span class='ocrx_word' id='word_1_739' title='bbox 2659 5294 2848 5362; x_wconf 86' lang='lat' dir='ltr'><strong>quinto</strong></span> <span class='ocrx_word' id='word_1_740' title='bbox 2872 5293 2955 5348; x_wconf 82' lang='lat' dir='ltr'><strong>vel</strong></span> <span class='ocrx_word' id='word_1_741' title='bbox 2989 5304 3143 5366; x_wconf 50' lang='lat' dir='ltr'><strong>serto</strong></span> <span class='ocrx_word' id='word_1_742' title='bbox 3174 5287 3258 5350; x_wconf 83' lang='lat' dir='ltr'><strong>vel</strong></span> <span class='ocrx_word' id='word_1_743' title='bbox 3304 5295 3533 5364; x_wconf 72' lang='lat' dir='ltr'><strong>septimo</strong></span> <span class='ocrx_word' id='word_1_744' title='bbox 3563 5294 3751 5348; x_wconf 84' lang='lat' dir='ltr'><strong>abhinc</strong></span> 
     </span>
    </p>
   </div>
   <div class='ocr_carea' id='block_1_117' title="bbox 2191 5381 3750 5452">
    <p class='ocr_par' dir='ltr' id='par_1_117' title="bbox 2191 5381 3750 5452">
     <span class='ocr_line' id='line_1_117' title="bbox 2191 5381 3750 5452; baseline -0.001 -15"><span class='ocrx_word' id='word_1_745' title='bbox 2191 5382 2276 5438; x_wconf 89' lang='lat' dir='ltr'><strong>die</strong></span> <span class='ocrx_word' id='word_1_746' title='bbox 2302 5385 2439 5438; x_wconf 84' lang='lat' dir='ltr'><strong>idem</strong></span> <span class='ocrx_word' id='word_1_747' title='bbox 2471 5383 2777 5438; x_wconf 78' lang='lat' dir='ltr'><strong>Deminicus</strong></span> <span class='ocrx_word' id='word_1_748' title='bbox 2806 5381 3104 5438; x_wconf 82' lang='lat' dir='ltr'><strong>occurrerit</strong></span> <span class='ocrx_word' id='word_1_749' title='bbox 3123 5423 3138 5448; x_wconf 90' lang='lat'><strong>,</strong></span> <span class='ocrx_word' id='word_1_750' title='bbox 3185 5399 3288 5439; x_wconf 83' lang='lat' dir='ltr'><strong>nec</strong></span> <span class='ocrx_word' id='word_1_751' title='bbox 3325 5384 3405 5437; x_wconf 90' lang='lat' dir='ltr'><strong>sic</strong></span> <span class='ocrx_word' id='word_1_752' title='bbox 3433 5382 3648 5452; x_wconf 82' lang='lat' dir='ltr'><strong>quidem</strong></span> <span class='ocrx_word' id='word_1_753' title='bbox 3677 5381 3750 5436; x_wconf 86' lang='lat' dir='ltr'><strong>le-</strong></span> 
     </span>
    </p>
   </div>
   <div class='ocr_carea' id='block_1_118' title="bbox 2193 5471 3750 5545">
    <p class='ocr_par' dir='ltr' id='par_1_118' title="bbox 2193 5471 3750 5545">
     <span class='ocr_line' id='line_1_118' title="bbox 2193 5471 3750 5545; baseline -0.002 -18"><span class='ocrx_word' id='word_1_754' title='bbox 2193 5489 2313 5545; x_wconf 88' lang='lat' dir='ltr'><strong>gem</strong></span> <span class='ocrx_word' id='word_1_755' title='bbox 2344 5483 2435 5528; x_wconf 85' lang='lat' dir='ltr'><strong>aut</strong></span> <span class='ocrx_word' id='word_1_756' title='bbox 2477 5475 2768 5542; x_wconf 80' lang='lat' dir='ltr'><strong>prophetas</strong></span> <span class='ocrx_word' id='word_1_757' title='bbox 2782 5474 3064 5536; x_wconf 85' lang='lat' dir='ltr'><strong>solvimus,</strong></span> <span class='ocrx_word' id='word_1_758' title='bbox 3099 5473 3190 5528; x_wconf 90' lang='lat' dir='ltr'><strong>sed</strong></span> <span class='ocrx_word' id='word_1_759' title='bbox 3231 5472 3553 5542; x_wconf 70' lang='lat' dir='ltr'><strong>evangelicae</strong></span> <span class='ocrx_word' id='word_1_760' title='bbox 3570 5471 3750 5542; x_wconf 79' lang='lat' dir='ltr'><strong>potius</strong></span> 
     </span>
    </p>
   </div>
   <div class='ocr_carea' id='block_1_119' title="bbox 2195 5559 3753 5634">
    <p class='ocr_par' dir='ltr' id='par_1_119' title="bbox 2195 5559 3753 5634">
     <span class='ocr_line' id='line_1_119' title="bbox 2195 5559 3753 5634; baseline -0.001 -18"><span class='ocrx_word' id='word_1_761' title='bbox 2195 5563 2380 5634; x_wconf 74' lang='lat' dir='ltr'><strong>gratia:</strong></span> <span class='ocrx_word' id='word_1_762' title='bbox 2411 5573 2744 5616; x_wconf 73' lang='lat' dir='ltr'><strong>sacramenta</strong></span> <span class='ocrx_word' id='word_1_763' title='bbox 2793 5563 3165 5630; x_wconf 89' lang='lat' dir='ltr'><strong>adimplemus.</strong></span> <span class='ocrx_word' id='word_1_764' title='bbox 3197 5559 3330 5627; x_wconf 87' lang='lat' dir='ltr'><strong>Quia</strong></span> <span class='ocrx_word' id='word_1_765' title='bbox 3378 5563 3518 5616; x_wconf 88' lang='lat' dir='ltr'><strong>enim</strong></span> <span class='ocrx_word' id='word_1_766' title='bbox 3553 5571 3606 5616; x_wconf 90' lang='lat' dir='ltr'><strong>et</strong></span> <span class='ocrx_word' id='word_1_767' title='bbox 3639 5559 3753 5614; x_wconf 75' lang='lat' dir='ltr'><strong>Sal-</strong></span> 
     </span>
    </p>
   </div>
   <div class='ocr_carea' id='block_1_120' title="bbox 2194 5652 3747 5722">
    <p class='ocr_par' dir='ltr' id='par_1_120' title="bbox 2194 5652 3747 5722">
     <span class='ocr_line' id='line_1_120' title="bbox 2194 5652 3747 5722; baseline -0.001 -16"><span class='ocrx_word' id='word_1_768' title='bbox 2194 5663 2349 5708; x_wconf 86' lang='lat' dir='ltr'><strong>vator</strong></span> <span class='ocrx_word' id='word_1_769' title='bbox 2379 5661 2580 5717; x_wconf 83' lang='lat' dir='ltr'><strong>noster,</strong></span> <span class='ocrx_word' id='word_1_770' title='bbox 2613 5653 2751 5707; x_wconf 91' lang='lat' dir='ltr'><strong>sicut</strong></span> <span class='ocrx_word' id='word_1_771' title='bbox 2791 5652 3118 5722; x_wconf 87' lang='lat' dir='ltr'><strong>Theophilus</strong></span> <span class='ocrx_word' id='word_1_772' title='bbox 3157 5654 3478 5708; x_wconf 86' lang='lat' dir='ltr'><strong>venerabilis</strong></span> <span class='ocrx_word' id='word_1_773' title='bbox 3529 5652 3747 5706; x_wconf 77' lang='lat' dir='ltr'><strong>Alexani</strong></span> 
     </span>
    </p>
   </div>
   <div class='ocr_carea' id='block_1_121' title="bbox 2196 5743 3753 5814">
    <p class='ocr_par' dir='ltr' id='par_1_121' title="bbox 2196 5743 3753 5814">
     <span class='ocr_line' id='line_1_121' title="bbox 2196 5743 3753 5814; baseline -0.004 -16"><span class='ocrx_word' id='word_1_774' title='bbox 2196 5744 2323 5798; x_wconf 74' lang='lat' dir='ltr'><strong>drize</strong></span> <span class='ocrx_word' id='word_1_775' title='bbox 2362 5745 2642 5813; x_wconf 73' lang='lat' dir='ltr'><strong>episcopus</strong></span> <span class='ocrx_word' id='word_1_776' title='bbox 2691 5743 2897 5807; x_wconf 87' lang='lat' dir='ltr'><strong>scribit,</strong></span> <span class='ocrx_word' id='word_1_777' title='bbox 2952 5751 3138 5812; x_wconf 82' lang='lat' dir='ltr'><strong>quarta</strong></span> <span class='ocrx_word' id='word_1_778' title='bbox 3171 5744 3375 5799; x_wconf 82' lang='lat' dir='ltr'><strong>decima</strong></span> <span class='ocrx_word' id='word_1_779' title='bbox 3418 5743 3632 5814; x_wconf 82' lang='lat' dir='ltr'><strong>quidem</strong></span> <span class='ocrx_word' id='word_1_780' title='bbox 3675 5750 3753 5794; x_wconf 79' lang='lat' dir='ltr'><strong>cst</strong></span> 
     </span>
    </p>
   </div>
  </div>
