3948 6370
205 393 300 447 7‘21

207 594 392 664 quinta
423 589 627 645 decima
675 596 852 640 autem
889 583 1210 646 cruciﬁxus,
1252 568 1345 636 die
1391 579 1547 635 tertia
1589 587 1772 632 resur-

208 682 367 744 rexit,
401 681 504 734 hoc
548 685 654 740 est,
699 674 922 745 septima
955 674 1159 728 decima
1192 672 1338 734 luna,
1390 684 1508 739 qua:
1549 676 1675 722 tunc
1717 667 1771 720 in

208 770 486 842 Dominica
514 767 600 821 die
633 766 845 820 videtur
882 765 1119 832 inventa,
1166 762 1323 816 sicuti
1356 776 1422 815 ex
1451 756 1769 828 Evangelia-

209 874 329 917 rum
359 858 735 915 observatione
759 855 1118 924 comperimus
1141 894 1156 918 ,
1192 853 1452 907 habemus
1480 864 1608 920 ergo
1634 847 1773 903 sola-

210 953 343 1006 tium
371 966 479 1021 quo
509 957 654 1005 recte
678 947 858 1003 facere
885 945 1088 1001 Pascha
1117 945 1403 1014 possimus,
1453 942 1665 997 etiamsi
1688 941 1771 996 di-

209 1041 342 1095 latio
372 1039 543 1094 luerit
567 1044 872 1098 consecuta,
903 1043 1128 1105 propter
1150 1034 1512 1088 incurrentem
1541 1029 1774 1084 necessi-

209 1139 400 1194 tatem,
432 1137 492 1183 ut
519 1128 566 1182 si
595 1135 787 1196 quarta
809 1124 1016 1179 decima
1046 1123 1202 1193 primi
1233 1121 1432 1175 mensis
1459 1120 1511 1174 iu
1547 1118 1773 1173 sabbato

208 1219 450 1274 evenerit
474 1219 622 1282 luna,
671 1222 764 1270 aut
784 1216 829 1269 si
860 1215 915 1268 in
955 1214 1074 1268 aliis
1111 1221 1234 1267 ante
1269 1212 1547 1266 sabbatum
1585 1209 1774 1264 diebus

207 1309 519 1378 septimanae
572 1305 846 1375 sequentis
903 1303 1204 1368 acciderit,
1265 1303 1381 1356 sine
1442 1301 1773 1356 dubitatione

212 1396 419 1450 Pascha
444 1393 813 1457 celebremus;
845 1392 890 1446 si
915 1406 1040 1446 vero
1060 1390 1114 1444 in
1144 1390 1477 1445 Bominicam
1499 1389 1770 1452 inciderit,

207 1484 432 1538 omnino
467 1483 522 1537 in
563 1483 916 1553 septimanam
965 1490 1276 1549 sequentem
1319 1478 1627 1535 di—ll'eramus
1653 1493 1777 1548 pro-

209 1560 333 1647 pter
351 1589 444 1631 eas
469 1588 603 1645 quas
627 1579 891 1628 testamur
925 1586 1137 1628 causas.
1182 1571 1423 1625 Primum
1450 1569 1665 1640 quidem
1707 1581 1776 1622 ne

209 1665 372 1724 tertia
414 1663 618 1719 decima
643 1661 767 1716 luna
798 1661 1014 1718 inventa
1051 1661 1105 1716 in
1145 1660 1354 1716 sabbati
1392 1660 1478 1716 die
1503 1659 1774 1714 solvamus

205 1751 493 1823 ieiunium,
520 1751 662 1822 quod
690 1755 1026 1820 consequens
1068 1764 1173 1804 non
1201 1757 1302 1814 est,
1344 1748 1487 1819 quod
1520 1762 1619 1802 nec
1660 1747 1774 1816 ipsa

211 1843 300 1899 lex
328 1843 599 1914 praecepit,
621 1843 854 1896 maxime
879 1856 1000 1896 cum
1027 1849 1083 1895 et
1115 1840 1292 1895 lumen
1316 1839 1483 1908 ipsius
1510 1838 1649 1891 lunae
1674 1837 1773 1891 im-
1802 1825 1848 1885 Β

211 1936 509 2011 perfectum
561 1935 736 1989 adhuc
779 1934 833 1988 in
874 1933 1092 2006 proprio
1139 1933 1296 2003 globo
1338 1946 1458 1987 esse
1504 1929 1771 1986 videatur.

211 2026 418 2082 Deinde
445 2040 513 2080 ne
538 2025 814 2080 Dominica
857 2025 944 2079 die
970 2023 1093 2078 l‘una
1120 2030 1311 2092 quarta
1339 2020 1546 2076 decima
1576 2021 1777 2074 consti-

214 2125 329 2172 tuta
371 2116 615 2187 ieiunare
659 2129 934 2186 cogamur,
985 2115 1316 2169 indecentem
1358 2127 1470 2167 rem
1507 2106 1775 2165 illicitam-

213 2224 321 2277 que
349 2207 624 2285 facientes.
665 2206 779 2263 Hoc
818 2208 962 2261 enim
996 2205 1408 2264 Maniehmomm
1457 2211 1604 2258 recte
1650 2217 1778 2257 con-

212 2298 442 2353 suetudo
475 2297 728 2367 possedit.
757 2297 1019 2364 Quoniam
1044 2297 1209 2366 igitur
1226 2311 1325 2352 nec
1349 2302 1540 2365 quarta
1562 2294 1779 2350 decima

213 2388 343 2442 luna
381 2389 628 2442 veniente
671 2388 728 2442 in
762 2387 1100 2442 Dominicum
1144 2386 1285 2442 diem
1317 2385 1568 2454 ieiunare
1614 2385 1777 2439 debe-

213 2495 359 2543 mus,
391 2462 566 2548 neque
599 2493 930 2547 consequens
956 2487 1120 2534 estut
1151 2479 1198 2533 si
1225 2479 1279 2532 in
1318 2476 1527 2533 sabbati
1566 2476 1656 2531 die
1675 2486 1782 2531 ter-

214 2570 798 2635 tia-decima'eveniat,
828 2549 1096 2625 solvamus
1135 2565 1418 2640 ieiunium,
1472 2569 1784 2640 necessario

213 2658 511 2712 asserimus
563 2658 666 2712 hoc
712 2659 764 2712 in
820 2659 1176 2728 septimanam
1224 2666 1536 2728 sequentem
1589 2658 1781 2714 debere

214 2747 440 2814 diﬂ'erri,
480 2748 619 2803 sicut
665 2749 826 2818 paulo
850 2749 1529 2819 superius-comprehendi,
1560 2745 1668 2803 non
1703 2755 1783 2802 ta-

216 2852 342 2918 men
384 2852 452 2893 er
493 2837 595 2893 hac
635 2836 894 2893 dilatione
933 2835 1377 2908 pravan'catione
1422 2838 1598 2907 aliqua
1639 2839 1783 2893 circa

215 2928 524 3000 paschalem
595 2928 860 2984 calculum
924 2928 1257 3000 perpetrata,
1321 2928 1781 2996 Quemadmodum

215 3018 625 3077 enimdecimus
652 3022 906 3088 numerus
933 3017 1304 3089 complectitur
1333 3019 1585 3088 primum,
1621 3016 1701 3072 sic
1728 3023 1784 3070 et

216 3113 435 3182 quoties
461 3119 654 3181 quarta
677 3111 885 3166 decima
907 3111 1034 3166 luna
1062 3108 1116 3164 in
1139 3110 1473 3164 Dominicum
1496 3107 1784 3163 incurrerit

217 3204 382 3269 diem,
415 3195 479 3263 eo
513 3203 654 3275 quod
699 3202 754 3256 in
774 3217 840 3257 eo
862 3199 1105 3272 ieiunare
1136 3216 1242 3256 non
1280 3201 1460 3265 liceat,
1510 3200 1564 3254 in
1593 3199 1770 3270 proxi-

216 3294 368 3350 mam
398 3296 749 3364 septimanam
779 3292 980 3350 differri
1003 3307 1222 3350 necesse
1250 3299 1336 3348 est
1372 3291 1511 3348 diem
1540 3289 1781 3346 Paschar.

215 3384 639 3438 Nulla-enimn
664 3383 765 3439 hoc
791 3384 1092 3439 imminutio
1133 3383 1250 3438 fieri
1294 3381 1513 3436 Pascha:
1551 3380 1784 3442 videtur,

219 3474 350 3542 quia
373 3474 473 3542 ipsi
498 3483 784 3543 sequentes
804 3473 917 3530 dies
940 3473 1366 3542 complectuntur
1386 3481 1444 3526 et
1462 3471 1713 3540 reliquos.

715 3584 942 3658 CAPUT
1001 3563 1300 3661 cxxxvu.

220 3657 416 3744 Opinio
443 3673 763 3728 diuersorum
792 3657 880 3728 ubi
909 3678 1132 3745 primum
1157 3657 1533 3745 [sitDominica
1572 3673 1680 3727 dies
1712 3687 1790 3724 re-

276 3743 283 3765 ⁵
571 3743 919 3798 εκγνεεεὶοηὶό
934 3745 1139 3798 Domini
1167 3743 1444 3798 celebrata.

300 3833 442 3889 DISC.
497 3834 600 3889 Ubi
653 3843 830 3888 autem
882 3835 1172 3889 Dominicze
1219 3831 1630 3888 resurrectionis
1677 3831 1790 3885 dies

219 3913 668 3994 primumJ‘uerit
717 3933 923 3979 certum
969 3924 1154 3978 haberi
1201 3924 1410 3978 vellem.
1451 3923 1588 3977 MAG.
1633 3920 1793 3976 Varie

224 4026 410 4070 autem
449 4016 500 4070 id
531 4015 780 4071 refertur.
835 4017 901 4070 Et
927 4017 1162 4085 quidem,
1189 4023 1247 4070 ut
1277 4031 1436 4085 supra
1476 4014 1793 4069 memoravi-

225 4121 372 4168 mus,
404 4106 619 4174 quidam
643 4114 835 4161 octavo
856 4107 1215 4162 Kalendarum
1243 4105 1525 4176 Aprilium,
1578 4105 1676 4159 sed
1702 4104 1792 4157 alii

223 4205 409 4277 sexto,
455 4197 695 4252 nonnulli
727 4197 917 4266 quinto
955 4197 1314 4252 Kalendarum
1353 4195 1662 4248 earumdem
1709 4193 1795 4246 die

227 4280 400 4343 fuisse
428 4296 755 4342 asseverant.
791 4287 891 4343 Ubi
925 4289 1214 4342 notandum
1248 4287 1372 4357 quia
1398 4286 1444 4340 si
1465 4293 1656 4339 octavo
1690 4281 1795 4336 Ka-

231 4379 517 4434 lendarum
562 4385 1007 4443 memoratarum,
1042 4387 1101 4432 ut
1135 4377 1468 4445 antiquiores
1508 4373 1790 4442 scripsere,

1484 375 1681 432 LIBER
1718 373 1804 427 DE
1841 365 2180 427 COMPUTO.

95 491 103 498 ’
181 477 331 557 ιιιιιιιι
363 498 611 560 traditus,
664 495 766 548 hoc
807 500 889 546 est
922 492 1108 560 quinta
1154 491 1242 545 die
1291 496 1416 560 post
1463 487 1764 546 sabbatum,
1795 488 1841 543 Α
1871 482 2012 536 sime.
2031 476 2326 533 cavendum
2358 491 2425 532 ne
2459 477 2598 531 hanc
2617 483 2767 531 sexta
2791 469 3168 540 (meimihma,
3211 478 3272 526 ut.
3310 470 3432 560 qui-

3333 356 3437 410 7'32

1873 570 2017 633 dant,
2039 575 2321 636 patratam'
2345 565 2736 630 continuando,
2780 580 2883 619 non
2924 563 3103 618 solum
3133 559 3437 618 imvitabile

1874 666 2071 713 nostra:
2094 656 2458 711 caiculationis
2484 656 2838 725 dispendium,
2866 655 2966 708 sed-
2979 662 3042 714 et
3058 651 3442 723 gravissimum.

1872 752 2151 807 catholica:
2174 742 2308 805 ildei‘
2325 749 2666 804 incurramus
2683 747 3002 820 periculum.

2356 860 2587 918 CAPUT
2615 857 2945 915 LXXXVRI.

1871 954 2329 1026 Argumentum'ad’
2337 952 2693 1008 inveniendum
2709 951 2844 1004 diem
2862 949 3184 1003 Dominicum
3198 943 3413 999 Pasclitr

1943 1049 2089 1104 Dise.
2138 1047 2389 1117 Nunquid
2428 1032 2512 1101 est
2558 1044 2779 1114 aliquod
2795 1043 2860 1097 de
2901 1039 3178 1095 Dominica
3213 1036 3434 1091 Pascha:

1874 1147 2286 1209 argumentum,
2324 1136 2463 1191 sicut
2501 1144 2555 1189 et
2595 1136 2660 1189 de
2695 1141 2884 1204 quarta
2907 1132 3112 1185 decima
3154 1129 3274 1182 luna
3315 1137 3434 1182 esse

1873 1221 2190 1284 ostendisti?
2219 1227 2358 1280 Man.
2394 1225 2526 1279 [llud
2566 1240 2662 1294 pro
2702 1231 3018 1293 argumento
3044 1228 3270 1291 ponunt,
3312 1219 3437 1287 quia

1873 1330 2002 1389 quot
2031 1320 2144 1375 dies
2173 1326 2302 1380 ante,
2323 1318 2494 1388 pridie
2522 1315 2646 1370 Idus
2676 1314 2873 1383 Aprilis
2912 1313 3168 1368 habueris
3205 1309 3430 1372 Pascha,

1875 1418 1954 1464 tot
1995 1395 2184 1465 diebus
2229 1417 2354 1463 ante
2392 1405 2656 1461 Kalendas
2700 1405 2914 1458 Martias
2961 1402 3184 1457 habebis
3224 1400 3439 1454 initium

1874 1499 2326 1569 Quadragesimaz.
2353 1496 2420 1552 Et
2445 1503 2576 1566 quot
2599 1495 2713 1550 dies
2744 1501 2865 1565 post
2894 1492 3064 1563 pridie
3086 1490 3209 1545 ldus
3238 1488 3438 1559 Aprilis

1874 1590 2126 1646 habueris
2151 1586 2356 1644 Pascha
2376 1627 2392 1652 ,
2424 1593 2505 1641 tot
2541 1586 2682 1640 idem
2711 1585 2898 1640 diebus
2933 1581 3202 1637 Kalendas
3221 1579 3441 1633 Martias

1873 1679 2096 1734 habebis
2108 1678 2317 1741 initium
2332 1676 2779 1746 Quadragesimae.
2794 1673 2862 1728 Et
2877 1673 2920 1729 si
2935 1672 3104 1743 pridie
3118 1671 3234 1725 idus
3246 1668 3441 1739 Aprilis

1875 1769 2078 1825 Pascha
2110 1764 2649 1831 habueris,Ka|endi‘s
2681 1764 2885 1819 Martiis
2912 1763 3121 1818 initium
3135 1760 3441 1828 Quadrage-

1873 1861 2021 1917 simte
2051 1858 2295 1914 habebis.
2327 1858 2469 1925 Quot
2501 1857 2616 1912 dies
2642 1863 2766 1911 ante
2793 1854 2911 1910 Kal.
2943 1853 3142 1925 Aprilis
3188 1849 3442 1906 habueris

1873 1950 2099 2013 Pascha,
2123 1958 2301 2004 tantos
2322 1948 2437 2003 dies
2456 1955 2581 2001 ante
2593 1946 2962 2002 duodecimum
2980 1943 3095 1999 Kal.
3113 1941 3331 1996 Martias
3347 1940 3442 1994 ha-

1874 2042 2025 2098 bebis
2048 2041 2258 2095 initium
2273 2036 2725 2107 Quadragesimaa.
2739 2035 2806 2090 Et
2826 2042 2957 2108 quot
2975 2033 3089 2088 dies
3113 2039 3233 2103 post
3254 2029 3443 2085 Kalen-

1875 2133 1971 2187 das
1983 2130 2181 2201 Aprilis
2206 2128 2456 2184 habueris
2477 2127 2702 2191 Pascha,
2736 2133 2813 2180 tot
2841 2122 3025 2179 diebus
3044 2130 3162 2192 post
3191 2117 3441 2174 duodeci-

1875 2236 2019 2276 mam
2046 2215 2559 2274 KalendasMartias
2582 2216 2803 2272 habebis
2837 2215 3050 2269 initium
3090 2209 3443 2281 Quadragesi-

1876 2329 1996 2369 mar.
2029 2313 2173 2368 Oisc.
2205 2311 2262 2381 In
2287 2320 2419 2382 quot
2443 2311 2630 2367 diebus
2667 2310 2847 2366 evenit
2879 2308 3032 2366 nobis
3049 2306 3263 2363 Pascha
3304 2305 3444 2361 cele-

1875 2404 2070 2461 brare?
2091 2405 2230 2461 me.
2256 2403 2496 2475 Triginta
2525 2409 2756 2473 quatuor
2772 2402 2858 2457 vel
2876 2402 3090 2474 triginta
3111 2400 3368 2471 quinque,
3392 2399 3443 2451 id

1877 2503 1992 2559 est,
2017 2493 2085 2548 ab
2104 2494 2387 2549 undecima
2411 2489 2704 2562 Kal.Aer.
2744 2505 2916 2560 usque
2936 2491 2988 2545 in
3024 2486 3437 2560 septimamKal.

1878 2583 2021 2638 Maii.
2047 2581 2114 2637 Et
2138 2583 2242 2638 hoc
2269 2582 2321 2636 in
2348 2579 2797 2648 decennovennaii
2826 2576 2977 2650 cyclo
2999 2578 3063 2632 lit
3077 2584 3295 2646 propter
3319 2589 3446 2630 con-

1880 2674 2116 2730 cordiam
2143 2681 2474 2741 epactarum.
2510 2671 2604 2728 Isti
2642 2671 2860 2743 triginta
2897 2670 3132 2742 quinque
3168 2668 3284 2724 dies
3319 2677 3445 2722 sunt

1879 2764 2006 2820 inde
2023 2750 2233 2836 quia‘ln
2255 2777 2441 2818 cccuv
2473 2762 2587 2818 dies
2613 2762 2736 2827 anni
2759 2774 3072 2818 communes
3093 2774 3125 2829 p
3150 2758 3446 2832 'ogrediun-

1881 2861 1988 2922 tur,
2037 2861 2094 2910 et
2130 2854 2256 2910 anni
2292 2854 2592 2910 embolismi
2641 2867 2809 2924 usque
2853 2852 2907 2907 in
2953 2850 3178 2908 trecenti
3201 2853 3204 2856 ’
3225 2862 3441 2911 Lxxxrv,

1880 2947 2006 3018 quia
2052 2946 2107 3002 in
2144 2945 2515 3003 communibus
2549 2945 2706 3000 annis
2729 2952 2853 2999 ante
2875 2937 3063 2999 cccuv
3097 2943 3213 2998 dies
3242 2939 3445 2997 Pascha

1882 3051 1990 3092 non
2016 3035 2144 3092 licet
2167 3035 2472 3100 celebrare,
2503 3049 2665 3105 supra
2699 3049 2829 3089 vero
2865 3032 3013 3088 licet.
3045 3033 3102 3088 in
3131 3029 3446 3088 embolismo

1884 3133 2062 3181 autem
2085 3127 2227 3180 anno
2255 3132 2381 3179 ante
2403 3126 2698 3180 cccuxxr'v
2726 3138 2834 3178 non
2864 3123 3018 3178 decet
3040 3119 3324 3186 celebrari,
3348 3133 3444 3173 su-

1881 3230 1979 3286 pra
1999 3229 2132 3270 vero
2169 3215 2341 3274 decet.
2367 3214 2476 3274 iste
2501 3228 2638 3284 ergo
2668 3227 2925 3268 numerus
2972 3205 3177 3267 dierum
3206 3210 3261 3264 in
3302 3222 3449 3265 com-
3520 3251 3523 3254 .

1885 3306 2135 3365 munibus
2157 3305 2313 3362 annis
2333 3313 2385 3362 et
2411 3303 2740 3361 embolismis
2766 3304 2821 3359 in
2846 3303 3210 3359 celebratione
3229 3300 3450 3356 Pascha:

1887 3396 2253 3453 observandus
2276 3403 2380 3451 est.

2409 3486 2634 3543 CAPUT
2661 3485 2940 3540 LXXXI-ll.

2273 3580 2348 3635 De
2375 3579 2500 3634 luna
2520 3578 2804 3634 Dominicw
2826 3577 3065 3632 Paschae.

1959 3672 2106 3727 DISC.
2159 3673 2234 3726 De
2269 3671 2458 3726 ultimo
2501 3671 2715 3724 tramite
2746 3667 3228 3725 decennovennalis
3265 3668 3451 3723 circuli

1890 3776 2052 3826 nunc,
2081 3761 2136 3814 ni
2161 3759 2339 3824 fallar,
2369 3761 2503 3814 ordo
2531 3759 2773 3829 exposcit
2799 3765 2858 3812 ut
2877 3758 3041 3814 dicas.
3077 3758 3213 3814 MAG.
3251 3747 3447 3814 Ultima

1890 3865 2021 3906 sane
2055 3848 2337 3903 memorati
2372 3848 2557 3903 circuli
2599 3857 2740 3902 meta
2764 3837 3072 3918 panduntur
3109 3848 3249 3902 lunze
3274 3846 3451 3900 Domi.

1893 3944 1998 3999 nici
2039 3943 2282 4009 Paschze,
2317 3950 2540 4014 propter
2568 3941 2860 3996 variantem
2906 3941 3144 4008 eiusdem
3190 3939 3464 3994 Dominici

1893 4046 2203 4097 occursum,
2241 4038 2446 4101 septem
2478 4029 2686 4084 dierum
2712 4029 2915 4083 ambitu
2944 4030 3177 4092 inclusae,
3209 4029 3259 4082 id
3290 4036 3391 4092 est,
3422 4043 3452 4081 a

1893 4124 2080 4192 quinta
2107 4121 2313 4176 decima
2337 4135 2507 4190 usque
2528 4120 2594 4174 ad
2619 4119 2931 4174 vicesimam
2955 4119 3204 4190 primam.
3229 4117 3328 4184 Qui
3354 4131 3454 4186 pro

1894 4220 2043 4267 certo
2086 4211 2201 4265 dies
2239 4208 2569 4265 creberrima
2611 4208 2742 4279 legis
2780 4216 2902 4262 sunt
2947 4207 3284 4262 adnotatione
3317 4220 3454 4275 pnn-

1896 4302 2008 4366 ﬁxi,
2041 4301 2252 4355 dicente
2288 4293 2516 4354 Domino
2546 4316 2560 4351 :
2591 4296 2771 4352 Primo
2797 4313 2987 4361 mense,
3032 4305 3220 4367 quarta
3252 4294 3454 4347 decima

1896 4390 1978 4443 die
2019 4389 2231 4451 mensis,
2275 4386 2549 4441 comedetis
2596 4402 2781 4460 azyma
2827 4401 2987 4456 usque
3030 4385 3099 4438 ad
3144 4384 3279 4436 diem
3321 4383 3449 4435 vice.

209 4471 566 4532 resurrectio
594 4469 803 4524 Domini
849 4467 991 4523 facta
1017 4477 1119 4533 est,
1163 4469 1381 4537 quintus
1407 4463 1666 4557 profecto
1689 4464 1796 4517 cir—
1819 4497 1873 4557 Β
1896 4478 2085 4531 “mum
2115 4476 2340 4546 primum
2365 4474 2598 4540 dum“.
2626 4474 2815 4528 ,ηεηείε
2842 4473 2911 4527 ad
2939 4487 3214 4543 “meum.
3251 4470 3455 4542 δεριεηι

233 4561 356 4617 culi-
390 4557 870 4615 decennovennalis
905 4567 1031 4613 tunc
1073 4558 1330 4629 agebatur
1373 4571 1543 4612 annus
1586 4556 1786 4612 habens

1899 4566 2078 4621 diebus
2117 4566 2484 4635 fermentatum
2531 4563 2650 4618 non'
2674 4564 2959 4618 invenietur
2999 4564 3053 4616 in
3092 4561 3330 4616 domibus
3373 4577 3459 4614 ve-

233 4657 623 4707 concurrentes
661 4657 866 4718 septem
910 4656 966 4702 et
1008 4647 1189 4702 lunam
1224 4655 1470 4717 quartam
1513 4647 1796 4714 decimam,

237 4741 382 4797 sicut
412 4751 626 4807 semper
642 4737 929 4792 undecimo
961 4736 1077 4790 Kal.
1109 4736 1326 4806 Aprilis.
1359 4734 1418 4790 Si
1443 4743 1625 4790 autem
1646 4743 1800 4789 sexto

237 4828 360 4884 Kal.
415 4825 610 4896 Aprilis
652 4825 912 4880 Dominus
956 4825 1273 4889 resurrexit,
1326 4824 1513 4878 tertius
1563 4824 1806 4878 decimus

238 4919 430 4974 circuli
456 4915 666 4988 prmfati
690 4931 863 4969 annus
890 4915 1115 4981 exstitit,
1159 4916 1394 4984 quinque
1434 4916 1635 4970 habens
1672 4929 1805 4969 con-

241 5016 526 5064 currentes
551 5013 606 5061 et
647 5005 827 5060 lunam
857 5013 1106 5074 quartam
1155 5003 1437 5070 decimam,
1489 5014 1550 5060 ut
1592 5019 1805 5074 semper

244 5116 390 5156 nono
417 5098 536 5152 Kal.
569 5098 788 5167 Aprilis.
831 5096 1000 5151 Porro
1021 5098 1066 5151 si
1094 5099 1283 5167 quinto
1316 5099 1681 5156 Kalendarum
1719 5115 1808 5155 su-

243 5205 341 5260 pra
401 5187 721 5258 scriptarum
770 5190 1097 5243 resurrectio
1145 5192 1413 5250 celebrata
1456 5207 1539 5253 est
1583 5196 1805 5260 Christi,

247 5280 516 5336 secundus
566 5280 753 5337 circuli
806 5283 1288 5341 decennovennalis
1340 5287 1576 5342 existens
1632 5303 1806 5345 annus

247 5381 635 5427 concurrentes
662 5372 891 5427 habebat
911 5383 1142 5444 quatuor
1178 5385 1236 5430 et
1264 5377 1438 5432 lunam
1476 5379 1686 5433 tertiam
1717 5379 1810 5433 de-

249 5460 471 5524 cimam,
507 5461 646 5515 sicut
670 5478 883 5532 semper
906 5473 1095 5520 octavo
1121 5465 1242 5520 Kal.
1260 5468 1480 5536 Aprilis.
1518 5468 1646 5534 Qua:
1675 5485 1813 5523 cun-

250 5560 340 5606 cta
370 5553 612 5621 septima:
633 5554 853 5610 decimae
893 5556 1046 5621 lunae,
1088 5565 1142 5611 et
1183 5558 1235 5611 in
1271 5572 1374 5627 qua
1415 5559 1502 5614 die
1535 5559 1814 5616 Dominico

251 5641 435 5711 primo
469 5650 826 5713 sacrosanctge
854 5645 1264 5702 resurrectionis
1299 5655 1422 5700 sunt
1456 5656 1573 5701 acta
1610 5656 1805 5717 myste.

257 5729 364 5788 ria.
415 5744 576 5787 cursu
617 5731 923 5803 panduntur
964 5733 1201 5788 indubia.
1249 5734 1476 5788 Tantum
1519 5735 1815 5803 diligentis-

1900 4658 2041 4712 stris.
2096 4653 2260 4722 Cujus
2306 4654 2471 4725 primi
2512 4653 2712 4708 mensis
2751 4659 3060 4721 septemque
3104 4650 3220 4719 eius
3253 4650 3458 4705 dierum

1903 4761 2217 4818 azymorum
2249 4760 2392 4799 nunc
2417 4743 2600 4814 regula
2624 4742 2746 4796 talis
2771 4752 2873 4805 est,
2901 4749 2962 4795 ut
3003 4756 3120 4810 quae
3147 4749 3269 4810 post
3292 4740 3459 4808 aequi-

1906 4837 2144 4891 noctium
2183 4835 2367 4904 quinta
2398 4833 2603 4888 decima
2629 4832 2754 4885 luna
2783 4832 3040 4895 occurrit,
3066 4829 3223 4899 primi
3258 4829 3464 4882 mensis

1909 4920 2256 4994 intelligatur.
2296 4923 2362 4976 Et
2391 4923 2505 4976 haec
2536 4934 2854 4990 quocunque
2893 4929 3093 4987 septem
3138 4919 3366 4983 dierum,
3409 4917 3464 4970 id

1908 5026 2009 5083 est,
2039 5033 2072 5070 a
2100 5017 2283 5086 quinta
2314 5015 2520 5070 decima
2547 5027 2715 5083 usque
2755 5013 2821 5066 ad
2859 5012 3167 5065 vicesimam
3213 5010 3461 5077 primam,

1909 5107 2142 5176 primum
2175 5103 2513 5158 Dominicum
2559 5101 2843 5171 acceperit.
2875 5099 3148 5154 Paschalis
3185 5098 3306 5152 festi
3334 5112 3457 5166 gan-

1911 5196 2015 5251 diis
2031 5203 2216 5264 aptum
2244 5193 2498 5264 porrigat.

2502 5281 2726 5338 CAPUT
2755 5281 2845 5336 XC

2056 5375 2426 5443 Argumentum
2462 5372 2530 5429 ad
2550 5372 2716 5442 ipsum
2742 5371 2919 5424 lunam
2944 5371 3320 5431 inveniendam.

1987 5466 2044 5520 Si
2070 5467 2150 5520 vis
2188 5479 2477 5535 agnoscere
2498 5471 2659 5533 quota
2692 5463 2814 5520 luna
2840 5461 3101 5517 festivitas
3137 5460 3353 5514 Paschte
3374 5473 3468 5513 oc-

1914 5562 2114 5619 currat,
2148 5554 2193 5608 si
2234 5554 2288 5607 in
2317 5552 2506 5607 Martio
2532 5565 2715 5608 mense
2741 5550 2943 5605 Pascha
2973 5549 3290 5612 celebretur,
3317 5562 3474 5602 eom-

1915 5656 2042 5717 puta
2078 5660 2293 5701 menses
2326 5661 2356 5700 a
2385 5645 2743 5717 Septembrio,
2785 5645 2887 5700 hoc
2923 5656 3025 5710 est,
3067 5643 3134 5697 ab
3164 5643 3316 5698 initio
3343 5645 3468 5696 anni

1916 5737 2206 5793 secundum
2238 5736 2538 5808 Egyptios,
2562 5751 2787 5806 quorum
2816 5736 3076 5791 rationem
3104 5735 3190 5791 hic
3228 5733 3470 5804 sequitur
