3948 6314
520 315 624 371 7‘33

1181 312 1242 367 B.
1286 310 1538 366 RABANI
1578 309 1797 366 MAURI
1833 306 2146 363 ARCHIEP.
2190 304 2497 359 MOGUNT.
2538 302 2817 358 OPERUM
2860 302 3036 359 PARS
3078 303 3115 358 I.

3655 306 3754 360 ηι

518 431 826 504 Dionysius,
855 442 1025 497 usque
1054 428 1120 482 ad
1145 421 1520 489 Februarium,
1555 425 1655 477 hoc
1680 429 1783 484 est,
1814 433 1983 484 usque
2015 415 2080 471 ad
2110 419 2157 475 A
2186 429 2399 468 crurum
2426 414 2586 468 etiam
2631 416 2773 466 nunc
2816 412 3067 468 Ecclesia:
3096 413 3425 468 consuetudo
3470 429 3576 468 non
3603 414 3753 482 igno-

520 524 680 578 linem
712 521 838 575 anni
862 520 1157 576 secundum
1186 520 1432 586 antiquos
1458 515 1728 569 Romanos
1753 526 1845 566 sex
1871 523 2083 564 menses

516 622 663 667 nunt.
697 612 794 666 His
822 626 1034 675 semper
1060 610 1230 679 adjice
1257 609 1389 662 duos
1432 605 1723 675 regulares.
1756 603 1914 657 Fiunt
1935 611 2078 658 octo.

515 704 666 758 Adde
690 711 930 777 epaetas,
962 702 1012 755 id
1039 709 1138 764 est,
1160 697 1486 768 adiectiones
1508 696 1743 751 lunares.
1772 694 1935 750 Verbi
1960 710 2085 765 gra-

516 793 593 847 tia
628 810 641 846 :
675 806 817 847 amm
861 791 1038 845 futuro
1086 797 1280 858 quarta
1328 786 1537 842 decima
1582 786 1911 850 indictione,
1969 800 2079 849 xw,

517 882 657 936 ﬁunt
677 880 862 950 viginti
892 866 1027 943 duo;
1056 878 1190 933 adde
1231 884 1284 943 et
1324 877 1439 932 dies
1468 877 1670 933 mensis
1710 874 1888 930 Martii
1914 888 2083 944 usque

520 972 572 1025 iu
615 969 947 1024 Dominicum
979 968 1217 1032 Paschae,
1257 966 1400 1037 quod
1443 966 1505 1021 ﬁt
1525 981 1668 1021 nono
1696 965 1813 1020 Kal.
1862 965 2079 1035 Aprilis,

519 1059 653 1115 ﬁunt
697 1056 853 1113 simul
896 1057 1245 1128 quadraginta
1281 1046 1407 1122 sex;
1458 1055 1584 1110 tolle
1630 1056 1869 1125 triginta,
1910 1070 2083 1109 rema-

518 1154 647 1202 nent
694 1146 963 1213 sexdecim
991 1154 1180 1202 :sexta
1229 1146 1437 1201 decima
1481 1145 1604 1201 luna
1636 1147 1742 1201 erit
1766 1146 1818 1199 in
1850 1144 2081 1211 Pascha,

518 1240 567 1293 id
597 1248 701 1305 est,
751 1255 892 1294 nono
934 1232 1053 1295 Kal.
1097 1237 1313 1308 Aprilis,
1354 1235 1567 1308 quando
1602 1235 1927 1291 resurrectio
1974 1234 2083 1290 Do-

517 1331 647 1397 mini
690 1331 1010 1386 celebratur.
1065 1327 1123 1383 Si
1166 1338 1347 1383 autem
1386 1328 1520 1383 velis
1572 1326 1870 1399 intelligere
1916 1335 2079 1396 quota

516 1422 641 1477 luna
670 1431 751 1478 est
778 1423 831 1477 in
862 1421 1089 1487 Pascha,
1129 1417 1561 1491 quandocun'que
1598 1421 1651 1474 in
1681 1419 1850 1489 Aprili
1884 1434 2080 1473 mense

516 1515 836 1579 celebratur,
865 1522 1114 1583 computa
1155 1527 1369 1567 menses
1398 1526 1429 1565 a
1460 1510 1778 1581 Septembre
1816 1525 1985 1579 usque
2011 1508 2082 1567 ad

514 1604 796 1669 Martium;
828 1602 974 1672 quia,
1004 1610 1062 1656 ut
1086 1600 1176 1655 alii
1202 1601 1510 1670 opinantur,
1555 1600 1985 1669 quandocunque
2024 1598 2078 1651 in

512 1694 682 1764 Aprili
728 1692 959 1767 Pascha
988 1691 1311 1763 celebratur,
1366 1690 1590 1746 Martius
1636 1689 1765 1762 ﬁnis
1803 1690 1928 1743 anni
1975 1695 2076 1743 est.

2184 505 2365 560 biliter
2386 506 2643 569 imitatur,
2667 518 2829 557 unam
2850 502 3098 557 videlicet
3130 513 3341 558 noctem
3372 503 3628 557 transitus
3658 503 3752 556 Do-

2185 596 2392 660 minici,
2423 596 2477 650 id
2519 604 2620 660 est,
2666 595 3079 649 resurrectionis
3116 594 3232 664 ejus
3277 610 3307 648 a
3355 594 3604 659 mortuis,
3648 609 3751 662 qua
3796 652 3803 655 _

2183 688 2377 757 impios
2418 687 2793 757 triumphando
2820 727 2834 751 ,
2874 686 3056 741 ﬁdeles
3106 686 3312 741 salvare
3352 687 3603 756 dignatus
3647 697 3747 747 est,

2182 778 2553 848 principaliter
2590 779 2884 832 observans
2920 776 2974 831 in
3020 775 3174 846 cujus
3211 784 3399 831 exortu
3429 770 3647 847 sanguis
3676 778 3751 844 ip-

2182 872 2314 937 sius,
2339 871 2585 926 videlicet
2627 870 2749 941 agni
2798 868 3149 933 immaculati,
3186 868 3411 938 populus
3456 870 3573 939 ejus
3604 867 3749 921 fonte

2182 960 2606 1030 regenerationis
2657 959 2895 1013 ablutum
2943 959 3163 1013 mundat
3200 958 3267 1012 ab
3311 958 3458 1011 omni
3504 967 3748 1027 peccato.

2183 1065 2248 1105 ac
2274 1050 2465 1104 deinde
2506 1049 2640 1102 alios
2680 1055 2884 1116 septem
2916 1046 3031 1102 dies
3077 1048 3129 1101 in
3158 1048 3473 1101 memoriam
3509 1044 3753 1113 ejusdem

2181 1139 2473 1196 Dominica:
2513 1139 2923 1203 resurrectionis
2950 1153 3183 1209 congrua
3216 1138 3503 1193 festivitate
3530 1137 3757 1203 subjun-

2182 1247 2333 1303 gens.
2361 1232 2556 1286 Verum
2597 1232 2721 1302 quia
2765 1231 2880 1300 ipsa
2911 1243 3124 1299 quoque
3160 1230 3273 1283 dies
3302 1229 3521 1284 Pascha
3570 1227 3757 1316 a'l’er-

2186 1332 2367 1378 mento
2395 1322 2644 1393 castigari
2666 1320 2990 1391 praecipitur,
3034 1321 3149 1374 haec
3172 1318 3443 1390 Evangelii
3472 1318 3758 1388 Scriptura

2184 1412 2467 1482 aliquando
2488 1412 2720 1482 primum
2736 1410 3063 1481 Azymorum
3083 1411 3441 1482 cognominat.
3461 1409 3528 1462 Et
3552 1410 3750 1477 primo,

2184 1499 2451 1570 inquiens,
2465 1498 2552 1553 die
2564 1497 2909 1567 Azymorum,
2925 1496 3137 1566 quando
3153 1496 3355 1552 Pascha
3370 1495 3747 1559 immolabant,

2184 1589 2368 1645 dicunt
2393 1589 2440 1644 ei
2468 1588 2755 1657 discipuli:
2793 1588 2908 1654 Quo
2945 1589 3017 1643 vis
3057 1605 3254 1653 eamus,
3299 1598 3347 1641 et
3367 1604 3613 1659 paremus
3658 1588 3756 1639 tibi

2184 1693 2239 1736 ut
2262 1682 2541 1736 manduces
2580 1679 2787 1735 Pascha
2808 1681 2834 1735 9
2877 1680 3006 1735 Item
3037 1680 3178 1736 diem
3208 1680 3450 1750 quintam
3487 1679 3754 1734 decimam

513 1785 738 1863 Quando
787 1790 967 1853 autem
1011 1782 1066 1837 in
1104 1782 1296 1863 Martio
1344 1778 1549 1835 Pascha
1606 1773 1894 1859 invenitur,
1956 1786 2084 1833 tunc
2111 1771 2157 1830 B
2187 1772 2384 1827 mensis
2429 1770 2628 1840 primi,
2679 1786 2708 1824 a
2758 1785 2859 1840 qua
2908 1781 3113 1839 septem
3150 1769 3263 1824 dies
3310 1768 3638 1841 Azymorum
3668 1770 3757 1821 in-

514 1858 737 1930 Martius
771 1874 978 1943 primus
1015 1862 1215 1927 mensis
1262 1871 1476 1928 dicitur.
1513 1872 1557 1923 A
1601 1858 1919 1938 Septembre
1954 1882 2083 1940 ergo

512 1979 681 2035 usque
697 1964 761 2019 ad
776 1963 1023 2018 Martium
1040 1970 1242 2032 septem
1265 1976 1476 2016 menses
1500 1967 1655 2025 sunt;
1676 1960 1765 2013 his
1787 1959 1921 2014 adde
1947 1973 2083 2013 sem-

507 2070 605 2125 per
632 2052 1086 2125 regularesduos,
1128 2054 1263 2107 ﬁunt
1308 2059 1429 2110 octo
1456 2065 1470 2103 :
1502 2050 1637 2105 adde
1665 2058 1884 2119 epaetas
1926 2048 2081 2103 luna-

509 2161 597 2201 res
626 2134 910 2215 cujuslibet
938 2145 1216 2215 praesentis
1243 2144 1390 2208 anui,
1412 2143 1562 2219 verbi
1594 2143 1788 2213 gratia,
1811 2139 1871 2195 ut
1894 2142 1946 2196 in
1980 2143 2083 2196 hoc

511 2253 654 2294 anno
681 2247 806 2293 sunt
832 2246 959 2300 tres,
1011 2237 1145 2291 ﬁunt
1170 2236 1483 2301 duodecim;
1518 2236 1653 2290 adde
1698 2244 1751 2289 et
1779 2234 1894 2289 dies
1928 2248 2079 2288 men-

508 2332 584 2385 sis
615 2330 817 2401 Aprilis
856 2331 945 2400 qui
974 2330 1085 2384 sint
1122 2344 1292 2399 usque
1318 2329 1373 2383 in
1399 2327 1604 2382 Pascha
1625 2367 1639 2392 ,
1689 2327 1791 2382 hoc
1820 2333 1903 2379 est
1926 2332 2080 2379 sexto

508 2421 633 2477 ldus
654 2421 887 2492 Aprilis;
917 2420 1051 2475 fiunt
1093 2419 1252 2475 simul
1277 2419 1508 2489 viginti:
1541 2418 1796 2472 vicesima
1826 2413 2082 2475 lunagfuit

510 2515 613 2570 hoc
641 2498 865 2569 anno‘in
895 2512 983 2568 die
1017 2510 1431 2567 resurrectionis
1458 2508 1691 2565 Domini.

1085 2623 1311 2680 CAPUT
1363 2619 1496 2676 XCI.

931 2693 1067 2750 Item
1096 2694 1241 2750 aliud
1276 2701 1655 2763 argumentum.

581 2787 887 2851 Notandum
918 2795 1097 2843 autem
1127 2785 1269 2856 quod
1299 2784 1473 2839 omnis
1500 2780 1768 2852 paschalis
1800 2778 1947 2843 luna,
1988 2792 2082 2831 eu-

506 2894 807 2949 tuseunque
848 2879 1023 2935 aetatis
1052 2886 1168 2943 est,
1203 2877 1249 2930 si
1280 2875 1518 2931 detrahis
1564 2872 1633 2931 ab
1673 2885 1735 2925 ea
1774 2869 2077 2933 duodecim,

407 2962 411 2967 ’
509 2976 603 3037 tiet
630 2976 725 3030 tibi
753 2981 883 3028 tetas
926 2970 1066 3027 luna:
1093 2984 1213 3040 quae
1246 2968 1307 3023 ﬁt
1339 2968 1393 3023 in
1432 2967 1584 3022 initio
1620 2961 2077 3032 Quadragesimaz.

510 3066 674 3122 Verbi
700 3065 872 3136 gratia
903 3082 916 3116 :
944 3062 991 3118 si
1034 3061 1220 3130 quinta
1267 3058 1472 3114 decima
1502 3055 1626 3110 luna
1668 3062 1751 3109 est
1784 3049 2079 3123 paschalis,

2185 1864 2402 1926 choant,
2433 1870 2650 1932 propter
2679 1862 2928 1917 viciniam
2968 1861 3222 1926 Paschae,
3252 1862 3469 1916 nomine
3501 1868 3661 1915 vocat
3687 1858 3755 1912 il-

2184 1954 2307 2021 lius,
2338 1970 2457 2009 cum
2499 1954 2628 2009 dicit
2657 1974 2670 2007 :
2696 1954 2785 2008 sed
2810 1955 3182 2009 manducarent
3214 1952 3439 2009 Pascha.
3467 1952 3587 2008 Non
3614 1935 3755 2021 quia

2184 2045 2283 2119 legi
2313 2045 2579 2100 contraria
2609 2052 2692 2099 est
2722 2044 3027 2114 evangelica
3057 2043 3353 2113 Scriptura,
3396 2044 3493 2098 sed
3514 2043 3639 2111 quia
3668 2058 3757 2097 sa-

2183 2146 2515 2192 cramentum
2546 2137 2685 2204 quod
2716 2137 2956 2201 decebat,
2987 2136 3089 2191 hoc
3123 2136 3277 2190 nobis
3304 2136 3562 2190 societate
3592 2150 3754 2188 voca-

2183 2216 2429 2281 bulorum
2480 2227 2721 2282 vivacius
2773 2226 3043 2282 inculcare
3099 2226 3326 2282 curavit.
3390 2225 3552 2293 salva
3607 2226 3753 2280 enim

2183 2319 2448 2373 subtiliori
2474 2318 2804 2375 discussione
2834 2333 3119 2388 possumus
3147 2318 3441 2388 intelligere
3468 2318 3611 2387 quod
3638 2333 3756 2387 my-

2184 2412 2315 2465 stica
2339 2410 2563 2465 Pascha:
2581 2409 2836 2465 solemnia
2863 2409 3053 2479 singuli
3079 2417 3327 2463 nostrum
3356 2408 3409 2462 in
3433 2406 3519 2461 die
3544 2408 3753 2476 baptis-

2183 2501 2341 2556 matis
2377 2501 2602 2571 egerint,
2651 2498 2943 2570 spiritalem
2982 2499 3230 2553 videlicet
3277 2498 3751 2553 exterminatorem

2185 2592 2335 2662 signo
2373 2591 2591 2661 pretiosi
2623 2591 2896 2661 sanguinis
2922 2591 3213 2655 evadendo,
3255 2588 3526 2659 spiritales
3570 2597 3754 2642 trans-

2181 2682 2356 2736 eundo
2389 2682 2659 2749 tenebras.
2710 2681 2844 2735 Toto
2882 2689 3060 2735 autem
3090 2681 3213 2734 vita:
3236 2680 3584 2750 proﬁcientes
3615 2688 3753 2733 tem-

2182 2785 2330 2839 pore,
2365 2771 2506 2840 quod
2533 2770 2783 2840 deinceps
2823 2770 2876 2823 in
2907 2771 3008 2824 hac
3029 2769 3462 2840 peregrinatione
3489 2769 3749 2838 gerimus,

2141 2865 2153 2877 ‘
2182 2868 2385 2931 septem
2420 2860 2533 2929 dies
2576 2860 2902 2930 Azymorum
2943 2859 3311 2923 celebremus,
3356 2858 3572 2928 quibus,
3611 2858 3753 2911 sicut

2179 2950 2466 3021 Apostolus
2494 2951 2700 3015 edocet,
2734 2965 2839 3005 non
2866 2950 2918 3003 in
2947 2949 3210 3004 fermento
3237 2948 3454 3003 malitia:
3478 2956 3535 3002 et
3562 2948 3757 3017 nequi-

2181 3041 2287 3104 tiae,
2315 3038 2410 3095 sed
2423 3040 2474 3095 in
2494 3041 2697 3109 azymis
2710 3039 3033 3094 sinceritatis
3046 3046 3101 3093 et
3116 3037 3358 3093 veritatis
3372 3034 3578 3107 epulari
3597 3037 3757 3091 debe-

511 3156 640 3211 tolle
664 3120 732 3210 de
751 3120 1382 3223 quindecim'duodecim,
1408 3157 1461 3202 et
1490 3120 1943 3202 remanent'tres:
1970 3151 2077 3196 ter—
2104 3127 2147 3188 C
2180 3147 2316 3187 mus.
2344 3132 2409 3186 Et
2436 3132 2560 3201 quia
2587 3120 2689 3184 nos
2706 3131 2758 3187 in
2780 3128 3063 3198 baptismo,
3085 3137 3141 3181 ut
3168 3128 3231 3183 de
3253 3134 3519 3197 potestate
3535 3125 3755 3180 Satanae

514 3246 584 3299 tia
624 3256 709 3300 est
749 3244 874 3297 luna
915 3242 969 3295 in
1016 3241 1173 3296 initio
1216 3237 1648 3307 Quadragesimae
1686 3249 1751 3290 eo
1784 3248 1925 3288 anno
1975 3246 2081 3299 quo

510 3336 699 3407 quinta
727 3334 933 3389 decima
957 3340 1042 3387 est
1065 3330 1190 3385 luna
1212 3330 1297 3385 die
1317 3327 1594 3383 Dominica
1622 3325 1861 3388 Paschze,
1892 3333 1946 3378 et
1972 3336 2078 3378 eae—

512 3440 627 3487 tera
660 3426 925 3485 similiter.

1071 3511 1298 3571 CAPUT
1342 3509 1497 3567 XCII.

784 3609 923 3676 Quid
951 3608 1103 3663 distet
1124 3608 1256 3661 inter
1289 3600 1495 3658 Pascha
1521 3610 1568 3655 et
1593 3600 1810 3673 Azyma.

588 3703 732 3759 Dtsc.
765 3703 963 3759 Verum
1002 3701 1127 3771 quia
1157 3699 1224 3754 de
1261 3698 1541 3767 utriusque
1582 3692 1805 3750 Pascha:
1851 3692 2079 3757 ratiOne,

517 3805 574 3851 et
595 3794 737 3849 illius
763 3792 970 3848 scilicet
1002 3790 1144 3861 quod
1174 3788 1465 3844 secundum
1492 3787 1666 3857 legem
1708 3791 1959 3855 quartam
1994 3784 2083 3839 de-

508 3886 711 3949 nimam
757 3882 936 3936 lunam
965 3880 1209 3952 proxima
1249 3876 1527 3933 Dominica
1556 3876 1611 3930 in
1655 3875 1969 3929 memoriam
1999 3885 2082 3927 re-

518 3971 871 4031 surrectionis
915 3970 1124 4026 Domini
1153 3968 1380 4033 colatur,
1408 3966 1540 4021 satis
1569 3964 1700 4020 mihi
1728 3964 1923 4027 fecisti,
1953 3971 2078 4033 peto

517 4072 579 4118 ut
599 4063 730 4132 quid
762 4063 902 4118 inter
919 4060 1125 4116 Pascha
1146 4068 1200 4115 et
1222 4058 1425 4130 Azyma
1450 4058 1612 4112 distet
1637 4056 1837 4111 edicas.
1870 4054 2080 4125 Legun-

521 4164 609 4207 tur
637 4154 753 4207 haec
777 4151 971 4221 saepius
998 4151 1050 4204 in
1080 4150 1184 4205 illis
1219 4149 1351 4203 locis
1391 4148 1482 4202 ubi
1512 4149 1577 4201 de
1610 4147 1828 4201 Paschae
1850 4147 2082 4216 primum

518 4244 894 4299 observatione
929 4238 1245 4311 diSpositum
1284 4247 1387 4293 est.
1412 4237 1552 4291 MAG.
1604 4238 1744 4306 Ergo
1772 4235 1924 4304 juxta
1952 4226 2082 4304 legis

519 4336 855 4405 Seripturam
880 4332 981 4386 alia
1012 4330 1253 4395 Pascha,
1281 4329 1383 4383 alia
1427 4328 1738 4383 solemnitas
1760 4336 1844 4381 est
1870 4342 2085 4396 azymo-

522 4440 660 4478 rum.
686 4422 804 4478 Una
829 4422 1023 4491 quippe
1047 4420 1163 4476 dies
1202 4418 1441 4483 Paschaa,
1482 4418 1535 4472 id
1560 4425 1641 4471 est
1672 4417 1954 4491 transitus,
1978 4423 2082 4478 est,

516 4520 707 4583 quarta
729 4510 934 4567 decima
956 4510 1200 4564 videlicet
1222 4508 1381 4579 primi
1403 4507 1622 4572 mensis;
1644 4506 1697 4560 iu
1721 4521 1825 4574 qua
1842 4489 2083 4574 vespera-

517 4611 700 4659 scente
728 4616 898 4672 agnus
945 4598 1208 4662 immolari
1240 4599 1424 4669 jussus
1462 4606 1566 4663 εει,
1596 4606 1654 4651 ει
1678 4612 1800 4651 mox
1827 4604 2084 4664 sequente

517 4704 675 4753 nocte
719 4692 970 4749 transivit
1015 4690 1271 4745 Dominus
1307 4688 1679 4758 Egyptiorum
1730 4685 2085 4756 primogenita

518 4786 845 4856 percutiens,
895 4791 950 4838 et
978 4782 1218 4852 signatas
1257 4779 1379 4847 agni
1419 4778 1675 4847 sanguine
1718 4778 1906 4832 domes
1947 4774 2085 4828 ﬁlio-

520 4892 636 4932 rum
656 4874 822 4931 lsrael
864 4873 1120 4929 liberans.
1154 4869 1452 4939 Sequentes
1478 4883 1606 4922 vero
1636 4868 1751 4921 dies
1771 4877 1999 4936 septem,
2031 4866 2083 4919 id

518 4978 625 5031 est,
664 4982 695 5021 a
729 4972 915 5036 quinta
948 4964 1154 5019 decima
1192 4975 1360 5030 usque
1408 4959 1473 5013 ad
1511 4958 1817 5013 vicesimam
1849 4958 2079 5025 primam

520 5058 721 5115 mensis
741 5055 1002 5125 ejusdem,
1031 5054 1353 5124 Azymorum
1380 5049 1597 5120 proprie
1635 5058 1919 5110 vocantur,
1947 5046 2085 5099 sicut

520 5149 641 5203 libri
688 5152 955 5201 testantur
997 5143 1146 5212 legis.
1199 5142 1264 5196 Et
1308 5141 1573 5210 Iosephus
1615 5139 1801 5195 scribit
1847 5138 1902 5190 in
1946 5135 2083 5190 libro

520 5239 913 5309 Autiquitatum
956 5241 1149 5302 quarto
1193 5233 1399 5286 decimo
1432 5232 1506 5285 ita
1553 5230 1782 5285 dicens:
1818 5247 1835 5277 α
1879 5225 2079 5293 Quarta

518 5330 727 5407 decima
754 5328 879 5382 luna
899 5322 1061 5395 primi
1092 5320 1292 5375 mensis
1319 5318 1487 5390 agnus
1518 5319 1848 5375 immolatur.
1881 5317 2079 5384 Quinta

518 5422 728 5478 decima
753 5426 931 5474 autem
959 5413 1198 5471 succedit
1241 5411 1503 5468 festivitas
1541 5412 1869 5483 Azymorum
1895 5449 1909 5474 ,
1961 5424 2081 5478 quae

518 5520 721 5582 septem
756 5510 945 5565 diebus
992 5504 1319 5563 celebratur.
1377 5499 1622 5557 Secunda
1670 5515 1802 5556 vero
1849 5498 2081 5569 Azymo-

521 5620 637 5659 rum
670 5604 779 5669 die,
799 5615 918 5672 qua
942 5609 1026 5655 est
1052 5606 1205 5654 sexta
1235 5603 1291 5651 et
1318 5592 1545 5657 decima,
1576 5590 1786 5662 frugum
1815 5588 2082 5659 primitias

522 5709 654 5763 quas
695 5700 900 5749 metunt
936 5687 1184 5745 oliorum.
1219 5707 1238 5740 ι
1267 5685 1434 5753 Quem
1464 5681 1707 5753 legalium
1751 5694 1953 5735 morem
2002 5693 2083 5733 sa-

2186 3224 2239 3278 iu
2265 3231 2470 3293 partem
2507 3222 2669 3277 sortis
2696 3229 3001 3277 sanctorum
3042 3219 3272 3273 transire
3313 3232 3597 3288 queamus,
3649 3216 3756 3271 sin-

2184 3316 2460 3371 ceritatem
2486 3322 2541 3369 et
2572 3314 2851 3369 veritatem
2875 3321 3059 3367 tenere
3101 3325 3319 3365 necesse
3362 3318 3476 3375 est,
3516 3309 3755 3376 itemque

2187 3415 2297 3462 toto
2324 3411 2523 3461 nostra:
2564 3402 3007 3474 peregrinationis
3046 3408 3305 3469 tempore,
3326 3396 3476 3469 quod
3507 3407 3757 3467 septena-

2188 3500 2264 3554 rio
2295 3499 2502 3554 dierum
2541 3511 2765 3550 numero
2791 3494 3041 3557 volvitur,
3078 3491 3389 3561 quotidiano
3417 3489 3662 3558 profectu
3689 3488 3755 3541 ad

2092 3640 2096 3653 ,
2188 3591 2406 3646 meliora
2449 3589 2681 3643 transire
2718 3585 3080 3656 praecipimur,
3114 3582 3283 3653 quasi
3338 3588 3393 3635 et
3444 3580 3497 3633 in
3542 3577 3754 3632 Pascha

2184 3680 2388 3750 azymis
2417 3679 2560 3733 vesci
2600 3686 2654 3732 et
2682 3677 2734 3731 in
2771 3677 2957 3731 diebus
2984 3674 3309 3745 Azymorum
3352 3671 3562 3725 Pascha
3597 3666 3757 3739 spiri-

2185 3774 2362 3828 taliter
2378 3787 2535 3843 agere
2563 3771 2955 3843 cognoscimur.

2663 3930 2668 3935 .
2744 3880 2967 3939 CAPUT
3007 3878 3185 3934 XCIII.

2462 3957 2540 4011 De
2569 3956 2785 4026 mystica
2820 3950 3202 4023 signiﬁcatione
3232 3944 3472 4000 Paschte.

2263 4050 2402 4105 ὓπερ.
2434 4047 2567 4115 Quia
2603 4046 2669 4101 de
2714 4042 2970 4114 mysterio
3025 4038 3246 4094 Pascha:
3290 4036 3469 4105 aliqua
3526 4031 3753 4091 dixisti.

2188 4150 2309 4212 peto
2333 4148 2391 4193 ut
2417 4139 2461 4192 si
2499 4136 2676 4209 aliqua
2705 4134 2880 4187 adhuc
2907 4129 3178 4199 supersint
3220 4126 3387 4180 dicas.
3438 4122 3579 4177 Msa.
3615 4119 3754 4175 Sunt

2188 4210 2390 4300 utique.
2451 4227 2585 4293 Quia
2638 4223 2885 4279 Aurelius
2928 4218 3255 4289 Augustinus
3301 4216 3355 4269 in
3408 4210 3636 4283 epistola
3686 4211 3751 4265 de

2187 4325 2393 4380 Pascha
2422 4322 2488 4376 ad
2514 4317 2827 4375 Ianuarium
2852 4308 3007 4383 plura'
3026 4312 3151 4366 hinc
3180 4307 3394 4371 retulit;
3422 4320 3543 4375 qua:
3573 4312 3749 4356 tamen

2189 4416 2275 4469 hic
2318 4407 2685 4467 tantummodo
2713 4414 3194 4463 commemorasse,
3246 4412 3349 4451 non
3389 4395 3621 4466 pleniter
3661 4406 3754 4461 po-

2112 4471 2161 4529 D
2188 4504 2377 4569 suisse,
2415 4509 2633 4572 propter
2658 4497 2975 4553 brevitatem
3010 4501 3207 4547 nostra:
3230 4484 3609 4572 disputationis
3628 4498 3752 4538 cen-

2184 4609 2382 4650 semus.
2421 4571 2673 4645 Primum
2700 4627 2715 4655 ,
2755 4584 2894 4655 quod
2938 4588 3059 4650 post
3087 4576 3517 4647 'mquinoctium,
3550 4571 3604 4624 id
3627 4576 3708 4622 est
3735 4607 3750 4629 ,

2182 4694 2302 4758 post
2324 4682 2603 4738 victoriam
2630 4678 2765 4732 lucis
2795 4676 2861 4730 de
2888 4674 3079 4727 umbra
3127 4667 3320 4731 noctis,
3369 4663 3579 4717 Pascha
3609 4658 3750 4758 cele-
3838 4684 3841 4685 ν

2185 4748 2410 4839 bratur,
2456 4770 2723 4843 signiﬁcat
2766 4766 2909 4847 quod
2955 4770 3077 4832 post
3111 4758 3392 4813 victoriam
3438 4750 3642 4808 Christi
3687 4748 3749 4802 de

2187 4874 2382 4928 morte,
2407 4862 2615 4916 Pascha
2654 4858 2755 4912 rite
2790 4855 3142 4911 celebramus.
3171 4849 3227 4903 In
3260 4859 3443 4922 mense
3465 4853 3746 4901 novorum,

2186 4956 2239 5009 id
2279 4963 2381 5019 est,
2418 4953 2473 5006 in
2500 4949 2737 5005 novitate
2764 4948 2920 5007 vitaz,
2967 4950 3022 4996 et
3060 4943 3300 5007 iurspem
3331 4930 3749 4989 immortalitatis

2185 5054 2241 5100 et
2293 5040 2704 5098 resurrectionis
2752 5043 2969 5091 nostrae.
3018 5032 3076 5085 In
3124 5025 3416 5097 plenilunio
3444 5063 3460 5087 ,
3504 5020 3589 5075 vel
3632 5025 3749 5088 post

2184 5134 2551 5206 plenilunium,
2583 5126 2635 5183 id
2662 5136 2763 5191 est,
2793 5126 2846 5180 in
2876 5120 3204 5195 plenitudine
3249 5115 3373 5170 lidei
3400 5112 3483 5168 vel
3520 5125 3708 5206 sensus
3734 5148 3746 5164 .

2185 5196 2241 5282 et
2263 5234 2379 5295 post
2408 5222 2729 5291 agnitionem
2773 5216 2960 5287 gratiae
2987 5212 3070 5267 vel
3099 5207 3476 5279 mysteriorum
3528 5199 3643 5254 Dei.
3691 5196 3744 5295 In

2185 5286 2345 5374 ter-tia
2373 5286 2705 5369 ltedemada
2736 5306 2971 5376 ejusdem
3005 5300 3227 5361 mensis,
3255 5297 3355 5350 hoc
3378 5299 3483 5355 est,
3512 5291 3565 5344 in
3589 5286 3746 5341 tertio

2185 5417 2425 5476 tempore
2458 5399 2617 5469 hujus
2650 5395 2846 5468 saeculi,
2878 5393 2933 5448 id
2961 5400 3045 5447 est
3068 5429 3084 5455 ,
3116 5396 3237 5457 post
3257 5380 3595 5453 patriarchas
3623 5382 3747 5429 ante

2181 5469 2351 5567 legem
2375 5534 2389 5557 ,
2418 5498 2539 5561 post
2561 5488 2851 5559 prophetas
2878 5484 2977 5538 sub
3001 5476 3119 5550 lege
3140 5518 3156 5543 ,
3197 5477 3252 5530 in
3285 5473 3438 5527 initio
3466 5469 3651 5567 gratiae
3671 5471 3747 5567 ,ει

2182 5552 2313 5641 Novi
2356 5552 2684 5637 assumtus
2714 5573 2917 5631 Christi
2945 5568 3313 5637 triumphum,
3354 5563 3446 5632 qui
3473 5557 3630 5614 tertia
3656 5552 3743 5606 die

2185 5669 2479 5727 resurrexit
2501 5682 2531 5721 a
2561 5664 2786 5721 mortuis
2813 5703 2826 5727 ,
2856 5670 3191 5714 veneramur.
3230 5649 3381 5719 Quod
3408 5654 3588 5700 autem
3616 5650 3736 5694 tunc
