3948 6318
264 255 357 284 ,λι

276 276 370 309 ’δ’
1548 276 1744 329 rnatu
1789 279 1871 330 me
1912 281 2253 337 (lt).tll'Ul'0.

262 372 467 426 Pascha
500 373 599 426 rite
626 375 819 427 colitur
855 392 975 429 cum
1001 379 1187 447 globus
1226 380 1363 435 luna:
1395 384 1564 437 luceat
1592 386 1655 437 de
1688 388 1822 439 iut'c-
1857 402 1902 453 Α
1933 400 2106 443 tamen
2161 392 2411 449 smculunt
2452 393 2501 445 in
2552 392 2879 462 propheticis
2936 392 3087 445 libris
3139 409 3236 462 pm
3286 397 3490 445 ictorum

264 462 497 516 rioribus
522 464 587 515 ad
614 464 889 532 superiora
917 467 1175 530 traxerit,
1210 470 1476 538 significat
1502 486 1599 525 nos
1626 472 1820 526 debere

256 567 474 605 onmem
511 562 708 606 nostr-.e
735 555 929 609 mentis
968 555 1313 610 intentionem
1341 559 1407 610 ab
1429 559 1717 613 ambitione
1744 560 1823 613 vi-

259 642 499 696 sibilium
529 643 595 696 ad
625 644 968 698 invisibilium
992 662 1229 699 amorem
1260 655 1487 710 vertere,
1522 647 1823 701 Christum-

257 747 365 798 que
389 747 491 785 non
516 732 568 786 in
593 742 733 786 terra
760 735 933 789 adhuc
961 737 1313 804 praeliantem,
1342 738 1433 791 sed
1463 738 1515 790 in
1549 737 1822 805 cmlisjam

258 831 575 892 regnantem
604 824 884 893 inspicere.
915 826 1068 891 Quod
1092 826 1144 878 in
1169 826 1251 879 die
1284 826 1555 880 Dontiuica
1578 838 1823 881 sanctum

259 910 468 967 Pascha
520 914 850 970 celebramus
876 956 889 979 ,
922 916 975 969 in
1004 932 1106 985 qua
1134 918 1365 985 primum
1392 917 1477 971 lux
1512 928 1697 971 creata
1720 925 1821 981 est,

257 1004 507 1059 Christus
537 1022 751 1074 quoque
781 1008 1097 1073 resurrexit,
1146 1017 1201 1062 et
1227 1024 1346 1078 qua:
1375 1017 1614 1063 nostram
1644 1022 1825 1061 resur-

258 1096 554 1151 rectionem
591 1097 898 1167 przeﬁgurat
922 1138 937 1163 ,
969 1098 1220 1153 admonet
1248 1114 1345 1153 nos
1383 1100 1477 1168 per
1502 1098 1673 1153 lucem
1702 1098 1824 1153 fidei

256 1195 314 1243 et
368 1189 627 1243 bonorum
672 1205 893 1259 operum
941 1191 1181 1260 quotidie
1230 1190 1571 1259 passionihus
1623 1190 1824 1244 Christi

255 1278 717 1332 comnnmicantes
743 1278 964 1348 gloriam
988 1294 1108 1333 cum
1128 1294 1192 1332 eo
1216 1278 1498 1333 tenendam
1521 1278 1826 1333 desiderare

256 1366 556 1420 cwlestem.
598 1368 759 1436 Quod
784 1384 910 1439 ergo
934 1376 1137 1437 septem
1163 1368 1349 1422 diebus
1379 1368 1517 1420 hanc
1551 1368 1826 1421 sanctissi-

256 1470 401 1506 mam
445 1454 668 1509 colimus
696 1455 1111 1521 solemnitatem,
1138 1455 1372 1525 Spiritus
1398 1458 1567 1511 sancti
1598 1458 1823 1524 gratiam

258 1548 528 1617 significat
575 1557 740 1602 totam
788 1550 1080 1604 Eeclesiam
1128 1550 1430 1605 illustrasse
1480 1551 1822 1605 catholicam.

259 1638 390 1705 Quae
420 1639 590 1710 gratia
645 1649 764 1708 post
813 1638 1259 1695 resurrectionem
1296 1640 1492 1695 Christi
1547 1643 1828 1695 manifeste

1924 482 2153 546 positum
2190 486 2520 552 reperimus,
2553 485 2690 538 sicut
2722 497 2805 539 est
2842 484 2966 538 illud
2998 485 3290 537 l’saltttislzt‘,
3318 504 3327 536 :
3356 486 3487 535 lima-

1922 568 2139 633 ﬁtcmini
2170 571 2386 626 Domino
2414 576 2661 644 quoniam
2695 575 2858 628 bonus
2886 615 2897 637 ,
2936 576 3181 643 quoniam
3231 574 3279 625 in
3322 590 3485 625 δαϊκ-

1924 657 2033 710 lum
2070 661 2425 717 misericordia
2471 668 2627 735 ejus,
2675 678 2721 720 et
2776 666 3011 721 laudatio
3067 666 3179 734 ejus
3231 674 3395 717 ntauct
3434 665 3486 714 in

1923 748 2170 801 sa'culum
2214 754 2414 806 circuli.

2486 842 2710 901 CAPUT
2745 845 2921 902 XCVI.

2148 994 2149 997 η
2536 938 2613 992 De
2636 940 2894 993 a-tatibus.

1997 1021 2139 1076 Disc.
2198 1023 2349 1080 Nunc
2394 1026 2504 1094 jam
2559 1028 2795 1083 libellum
2862 1040 3057 1085 nostrae
3115 1028 3490 1100 disputationis

1926 1112 2179 1168 claudens
2205 1156 2218 1179 ,
2249 1117 2388 1170 unde
2417 1118 2625 1173 dicatur
2671 1129 2800 1174 mtas
2830 1120 3011 1189 profer
3037 1161 3051 1185 ,
3085 1130 3139 1174 et
3165 1120 3289 1188 quid
3326 1119 3489 1185 signi—

1928 1200 2068 1265 licet,
2100 1198 2153 1255 et
2182 1203 2308 1270 quid
2334 1204 2384 1256 in
2418 1221 2474 1259 se
2504 1209 2794 1271 contineat,
2841 1218 2895 1261 ιιι
2938 1210 3005 1261 ita
3035 1208 3257 1261 solvaris
3282 1208 3491 1257 tandem

1926 1310 1955 1345 a
1988 1310 2117 1347 meae
2149 1296 2581 1364 interrogationis
2629 1300 2842 1353 stimulo
2870 1310 2921 1353 et
2974 1308 3075 1351 tua:
3133 1297 3491 1365 responsionis

1926 1385 2124 1439 debito.
2151 1386 2286 1440 MM}.
2320 1386 2555 1440 Faciam.
2589 1388 2652 1441 Et
2680 1389 2882 1440 utinam
2908 1390 2983 1442 sic
3011 1388 3186 1441 saltim
3210 1386 3275 1437 ab
3299 1386 3496 1453 impor-

1930 1476 2153 1528 tunitate
2182 1484 2266 1527 tua
2297 1476 2562 1543 quiescas,
2592 1486 2645 1531 et
2670 1477 2917 1530 feriatum
2944 1477 3136 1546 stylum
3170 1490 3263 1543 per
3282 1474 3492 1541 aliquod

1931 1572 2137 1631 tempus
2173 1580 2258 1617 tne
2284 1565 2480 1617 habere
2508 1566 2808 1633 permittas.
2835 1567 2988 1621 {Etas
3010 1567 3323 1635 plerumque
3358 1563 3492 1617 dici—

1931 1662 2018 1706 tur
2044 1666 2098 1707 et
2124 1669 2219 1722 pro
2243 1670 2347 1707 uno
2372 1670 2527 1716 anno,
2557 1666 2615 1709 ut
2640 1658 2691 1709 in
2716 1658 3013 1719 annalibus,
3053 1666 3103 1710 et
3131 1672 3226 1726 pro
3252 1663 3451 1724 septem
3481 1694 3493 1715 ,

256 1729 514 1797 apostolis
549 1740 603 1783 et
643 1730 854 1785 caeteris
887 1730 1079 1785 collata
1125 1740 1209 1785 est
1237 1730 1501 1784 tldelibus.
1554 1729 1677 1783 H:ee
1728 1745 1822 1784 nos

1939 1753 1988 1796 ut
2012 1744 2243 1797 hominis
2272 1786 2284 1807 ,
2330 1754 2384 1798 et
2420 1761 2517 1814 pro
2558 1756 2793 1807 centum,
2823 1758 2877 1801 et
2905 1764 3000 1817 pro
3022 1748 3210 1816 quovis
3238 1756 3495 1813 tempore.

256 1819 498 1874 breviter
524 1836 977 1875 commemorasse
1008 1819 1252 1874 sulliciat.
1296 1820 1561 1874 Caeterum
1592 1821 1680 1889 qui
1713 1820 1825 1889 ple—

256 1912 381 1966 nius
407 1912 517 1966 vult
549 1929 705 1969 nosse
734 1955 748 1979 ,
780 1914 924 1985 legat
962 1916 1267 1985 praadictam
1308 1914 1622 1982 epistolam,
1656 1924 1709 1967 et
1757 1914 1828 1966 ibi

256 2001 512 2057 inveniet.

820 2095 1044 2152 CAPUT
1081 2096 1262 2155 XCIV.

642 2186 718 2240 De
755 2187 950 2241 circulo
982 2204 1167 2256 magno
1192 2187 1440 2255 paschali.

325 2274 571 2330 Circulus
602 2276 823 2331 Pascha:
850 2294 1073 2347 magnus
1096 2286 1178 2331 est
1204 2279 1317 2346 qui,
1348 2276 1701 2346 multiplicato
1728 2293 1829 2345 per

255 2368 485 2421 invicem
520 2368 681 2422 solari
730 2385 792 2423 ac
838 2369 1013 2422 lunari
1053 2369 1222 2438 cyclo,
1253 2370 1559 2439 quingentis
1607 2369 1827 2437 triginta

253 2458 466 2513 duobus
512 2460 796 2515 conficitur
837 2461 1012 2515 annis.
1062 2459 1188 2514 Sive
1243 2461 1386 2514 enim
1430 2460 1609 2514 decies
1645 2461 1829 2513 novies

252 2551 429 2605 viceni
463 2561 516 2605 et
550 2554 747 2618 octeni,
797 2569 889 2607 seu
938 2554 1105 2607 vicies
1146 2554 1317 2608 octies
1359 2554 1480 2607 deni
1521 2570 1584 2608 ae
1632 2554 1825 2608 novcni

253 2642 695 2711 multiplicentur,
738 2644 1153 2713 quingentorum
1203 2644 1419 2713 triginta
1455 2645 1682 2697 duorum
1726 2662 1826 2697 nn-

252 2746 464 2783 merum
491 2731 777 2799 complent.
808 2730 959 2786 Unde
996 2732 1056 2784 fit
1086 2742 1143 2786 ut
1172 2734 1308 2787 idem
1342 2733 1573 2788 circulus
1604 2749 1828 2805 magnus

250 2820 752 2874 deeennovennales
798 2821 937 2876 lunae
974 2823 1204 2877 circulos
1260 2823 1446 2893 viginti
1496 2834 1618 2879 octo
1646 2866 1661 2891 ,
1699 2827 1828 2880 solis

248 2919 431 2963 autem
466 2950 479 2974 ,
519 2911 608 2979 qui
648 2911 849 2966 vicenis
896 2913 1207 2982 oetenisque
1252 2916 1615 2968 consummari
1655 2916 1831 2970 solent

247 3000 430 3064 annis,
460 3002 644 3055 decem
679 3010 734 3055 et
774 3017 967 3056 novem
992 3002 1189 3057 habeat
1226 3003 1455 3058 circulos
1489 3044 1503 3069 ,
1554 3005 1824 3058 bissextos

248 3089 434 3145 decies
470 3091 655 3144 novies
684 3100 955 3159 septenos,
986 3092 1041 3145 id
1065 3101 1165 3158 est,
1195 3101 1409 3148 centum
1446 3094 1663 3165 triginta
1692 3103 1821 3159 tres,
1851 3074 1896 3137 Ο

240 3196 470 3234 menses
498 3180 700 3235 solares
726 3182 889 3236 vicies
917 3184 1087 3237 octies
1109 3184 1363 3239 ducentos
1386 3186 1568 3255 viginti
1596 3194 1651 3240 et
1680 3195 1822 3253 octo,

249 3272 307 3325 id
332 3280 435 3336 est,
474 3288 568 3327 sex
597 3274 762 3327 millia
789 3285 1057 3331 trecentos
1080 3276 1350 3348 octoginta
1385 3289 1613 3346 quatuor
1633 3320 1648 3342 ,
1679 3295 1825 3333 men-

248 3377 340 3415 ses
358 3371 534 3416 autem
552 3363 766 3417 lunares
782 3365 945 3418 vicies
961 3366 1131 3421 octies
1148 3367 1405 3422 ducentos
1430 3369 1643 3437 triginta
1665 3368 1823 3438 quin-

247 3467 379 3520 que,
413 3452 462 3507 id
489 3463 592 3518 est,
620 3453 861 3507 'vToLxxx
884 3456 1018 3520 dies,
1046 3458 1284 3525 exceptis
1316 3450 1568 3513 bissextis
1597 3501 1610 3523 ,
1660 3460 1824 3515 vicies

246 3543 454 3606 octies,
490 3558 883 3610 tinccccxxxv,
914 3546 966 3599 id
993 3555 1075 3601 est
1100 3587 1115 3610 ,
1164 3548 1518 3611 (Te—"neum,
1564 3550 1823 3618 appositis

246 3642 431 3686 autem
462 3635 712 3689 bissextis
740 3677 753 3700 ,
809 3639 1196 3703 περαίνω,
1226 3641 1313 3710 qui
1348 3642 1434 3694 ubi
1468 3651 1822 3696 memoratum

248 3739 319 3776 ex
351 3724 537 3778 ordine
570 3727 830 3780 mensium
866 3728 1181 3797 dierumque
1224 3745 1490 3788 summam
1522 3732 1821 3800 compleve-

250 3810 348 3874 rit,
382 3828 504 3867 mox
536 3814 589 3867 in
631 3816 865 3883 seipsum
898 3816 1187 3882 revolutus,
1221 3829 1411 3873 cuneta
1447 3836 1565 3890 qua:
1594 3826 1661 3877 ad
1694 3824 1823 3879 solis

249 3904 338 3957 vel
368 3904 505 3959 lunae
528 3922 743 3960 cursum
770 3909 1063 3977 pertinent,
1095 3911 1281 3965 eodem
1311 3928 1417 3981 quo
1446 3916 1824 3981 prmtcrierant

250 4008 468 4063 seraper
523 4004 709 4050 tenore
763 4007 1043 4052 restaurat.
1080 3999 1305 4053 Tantum
1356 4004 1481 4055 anui
1534 4005 1823 4059 Dominica:

251 4084 642 4139 incarnationis
672 4102 771 4141 suo
802 4096 948 4142 certe
978 4090 1192 4143 tramite
1233 4090 1520 4158 proficiant
1546 4093 1599 4145 in
1628 4094 1820 4162 majus,

248 4183 307 4227 et
330 4174 648 4231 indictiones
674 4192 885 4246 quoque
918 4178 1157 4233 ferantur
1186 4180 1236 4232 in
1285 4182 1473 4236 ordine
1504 4224 1517 4247 ,
1570 4184 1642 4236 nil
1688 4184 1825 4238 side-

252 4281 373 4317 rum
399 4282 610 4320 cursum
640 4277 799 4336 atque
830 4268 947 4322 ideo
974 4269 1045 4321 nil
1072 4270 1337 4337 paschalis
1362 4271 1549 4326 calculi
1581 4274 1821 4327 ordinem

250 4366 487 4409 ιιιυνυιιι.

824 4449 1049 4505 CAPUT
1087 4450 1240 4506 XCV.

865 4528 941 4594 De
966 4544 1191 4597 swculis.

325 4632 467 4685 DISC.
498 4632 629 4697 Quia
686 4633 752 4686 de
804 4642 1100 4702 tempormn
1156 4637 1435 4705 particulis
1481 4647 1535 4693 et
1582 4641 1816 4708 computi

248 4722 460 4776 ratione
490 4723 736 4792 pleniter,
770 4736 1028 4793 quantum
1057 4728 1290 4781 brevitas
1324 4729 1514 4798 dialogi
1548 4737 1715 4785 nostri
1748 4732 1818 4785 si-

246 4816 437 4878 nebat,
463 4816 757 4883 exposnisli
782 4856 796 4878 ,
829 4825 1072 4884 superest
1102 4826 1157 4870 ut
1183 4819 1247 4871 de
1277 4820 1490 4883 sccculo,
1524 4823 1663 4888 quod
1700 4832 1819 4890 post

246 4920 451 4985 annum
481 4905 531 4957 in
564 4906 702 4959 serie
748 4914 1047 4974 temporum
1078 4909 1300 4975 posuisti
1332 4950 1345 4973 ,
1384 4910 1619 4963 breviter
1646 4913 1814 4965 dicas.

247 4997 392 5052 Mat}.
424 4997 625 5051 Szccula
658 4999 1088 5067 generationilms
1114 5012 1379 5053 constant.
1435 5002 1499 5055 Et
1547 5004 1667 5057 inde
1722 5020 1819 5056 sa:-

246 5088 369 5143 cula
401 5089 651 5142 dicuntur
690 5090 831 5157 quod
866 5107 923 5143 se
971 5101 1281 5158 sequantur.
1315 5092 1651 5146 Abeuntibus
1676 5095 1817 5147 enim

246 5178 391 5239 aliis,
421 5178 507 5229 alii
535 5181 845 5231 succedunt.
886 5180 1035 5234 llune
1063 5182 1281 5248 quidam
1318 5184 1818 5251 quimpmgesimuat

247 5283 451 5319 annum
485 5268 684 5329 dicunt,
718 5284 875 5336 quem
927 5269 1131 5323 llcht'tci
1172 5271 1445 5336 juhilmum
1493 5281 1700 5324 vocant.
1741 5274 1818 5327 ΟΣ)

246 5357 389 5409 hanc
418 5372 637 5408 causam
666 5366 721 5409 et
751 5357 837 5410 ille
863 5356 1119 5411 llebrams
1150 5361 1238 5426 qui
1271 5370 1484 5427 propter
1517 5378 1739 5414 uxorein
1767 5372 1821 5415 et

242 5444 447 5499 liberos
503 5460 688 5495 amans
738 5445 1009 5497 dominum
1055 5462 1208 5499 suum
1262 5464 1389 5501 aure
1439 5460 1687 5517 pcrtonsa
1726 5460 1818 5502 aut

242 5538 468 5592 servitio
495 5536 810 5605 subjugatus
844 5542 1043 5592 servire
1081 5539 1297 5607 jubetur
1333 5544 1382 5594 in
1414 5543 1687 5605 sa-cnlum,
1718 5544 1817 5596 hoc

239 5642 325 5686 est
350 5674 363 5697 ,
404 5649 571 5704 usque
613 5633 677 5686 ad
711 5651 905 5687 animm
944 5636 1459 5707 quitrptagesiumm.
1517 5637 1741 5704 Aliquae
1769 5638 1814 5678 ’σι

1936 1837 2084 1891 Unde
2110 1846 2163 1891 et
2191 1846 2321 1892 aetas
2348 1838 2541 1891 dicitur
2565 1848 2771 1906 tempus
2795 1838 2933 1904 quod
2974 1836 3038 1889 de
3065 1835 3245 1888 multis
3289 1832 3497 1887 sacculis

1933 1926 2235 1980 instruitur.
2268 1927 2333 1979 Et
2363 1926 2502 1980 dicta
2526 1936 2657 1979 a‘tas
2690 1926 2840 1993 quasi
2876 1925 3079 1986 :evitas,
3108 1924 3156 1976 id
3178 1922 3281 1983 est,
3310 1922 3497 1975 simili-

1934 2015 2060 2068 tudo
2082 2016 2199 2067 a:vi.
2228 2015 2357 2067 Nam
2382 2030 2552 2067 aevum
2580 2024 2663 2068 est
2694 2022 2823 2067 aetas
2848 2022 3123 2081 perpetua,
3150 2011 3299 2077 cujus
3328 2024 3497 2077 neque

1933 2104 2342 2173 initium'neque
2376 2113 2673 2157 extremum:
2715 2103 2969 2155 noscitur.
3005 2101 3153 2167 Quod
3185 2100 3356 2152 Grmci
3407 2115 3499 2149 vo.

1932 2202 2057 2246 cant
2107 2211 2301 2257 a'onas,
2346 2194 2485 2261 quod
2524 2192 2810 2261 aliquando
2853 2192 2989 2261 apud
3025 2207 3118 2245 eos
3140 2206 3233 2258 pro
3259 2190 3449 2242 secula
3484 2230 3493 2245 ,

1930 2282 2215 2352 aliquando
2242 2299 2337 2351 pro
2362 2293 2563 2337 aeterno
2605 2283 2840 2351 ponitur.
2884 2282 3034 2336 Unde
3073 2290 3127 2333 et
3163 2281 3300 2349 apud
3349 2278 3493 2331 Lati—

1931 2390 2028 2428 nos
2065 2374 2360 2427 derivatum
2390 2373 2490 2427 hoc
2518 2389 2711 2427 nomen
2742 2383 2844 2427 est.
2882 2371 3037 2426 Aitas
3062 2380 3238 2424 autem
3285 2370 3497 2438 proprie

1930 2462 2138 2516 duobus
2161 2464 2332 2517 modis
2356 2463 2553 2516 dicitur
2582 2481 2592 2515 :
2622 2473 2714 2516 aut
2742 2464 2883 2517 enim
2930 2462 3161 2515 hominis
3200 2462 3321 2514 vita:
3365 2470 3496 2513 tent-

1928 2552 2128 2622 poralis
2151 2553 2416 2621 significat
2443 2553 2720 2616 articulos,
2750 2556 2887 2607 sicut
2913 2560 2994 2605 est
3024 2550 3269 2614 infantia,
3312 2550 3497 2618 juven.

1932 2651 2035 2705 tus,
2061 2652 2307 2696 senectus
2326 2659 2361 2707 ;,
2388 2653 2481 2695 aut
2533 2644 2716 2696 mundi
2744 2657 2962 2697 cursum
2990 2682 3003 2705 ,
3032 2652 3088 2694 ut
3117 2641 3226 2694 sint
3246 2656 3337 2693 sex
3364 2649 3494 2692 reta—

1931 2740 2012 2786 tes
2062 2732 2465 2797 famosissima},
2529 2748 2662 2801 quas
2716 2732 2835 2786 libri
2897 2738 3245 2784 tractatoruin
3305 2728 3502 2797 saepius

1930 2830 2249 2873 memorant.
2291 2819 2395 2874 Sed
2432 2822 2557 2889 quia
2600 2822 2665 2875 de
2709 2829 2936 2889 utraque
2984 2828 3142 2874 {etate
3170 2816 3284 2887 jatn
3320 2817 3495 2885 aliqua

1928 2912 2342 2982 praelibavimus,
2374 2914 2626 2981 deinceps
2657 2912 2812 2966 simul
2852 2913 2917 2967 de
2952 2912 3197 2980 utrisque
3234 2909 3494 2963 dicemus.

2000 3002 2041 3056 ι.
2089 3002 2269 3057 Prima
2312 3012 2396 3058 est
2439 3019 2568 3073 ergo
2610 3004 2790 3057 mundi
2829 3001 2984 3071 hujus
3032 3012 3164 3056 retas
3209 3002 3275 3054 ab
3322 3000 3493 3053 Adam

1929 3109 2096 3163 usque
2135 3096 2201 3149 ad
2246 3094 2397 3158 Noe,
2441 3096 2720 3150 continens
2766 3110 2934 3147 annos
2980 3093 3130 3162 juxta
3180 3090 3495 3145 Hebraicam

1928 3187 2207 3240 veritatem
2255 3186 2399 3240 mille
2441 3195 2725 3239 sexcentos
2775 3186 3156 3253 quinquaginta
3195 3197 3308 3244 sex,
3342 3180 3495 3247 juxta

1927 3276 2275 3347 Septuaginta
2301 3275 2626 3345 lnterpretes
2648 3276 2889 3328 i'icchu.
2922 3272 3307 3326 Generationes
3343 3268 3495 3336 juxta

1926 3376 2209 3437 utramque
2238 3367 2526 3441 editionem
2560 3380 2783 3419 numero
2820 3365 3023 3418 decem.
3057 3364 3184 3429 Qua:
3209 3362 3496 3415 universali

1926 3466 2009 3511 est
2045 3456 2217 3511 deleta
2264 3456 2483 3510 diluvio.

1997 3546 2149 3601 Sicut
2195 3547 2422 3616 primam
2460 3546 2719 3615 cujusque
2776 3542 3007 3597 hominis
3047 3542 3243 3596 oblivio
3285 3542 3495 3594 demer-

1923 3654 2049 3708 gere
2087 3637 2364 3691 consuevit
2390 3644 2625 3701 (etatem,
2655 3643 2849 3702 quotus
2869 3634 3095 3703 quisque
3123 3642 3205 3686 est
3232 3633 3321 3702 qui
3345 3648 3492 3685 suam

1924 3728 2236 3782 recordetur
2266 3725 2565 3781 infantiam.

1994 3818 2055 3869 ll.
2085 3817 2329 3871 Secunda
2362 3824 2492 3869 aetas
2518 3831 2548 3867 a
2579 3814 2690 3869 Noe
2716 3829 2884 3883 usque
2922 3814 2987 3867 ad
3034 3811 3305 3866 Abraham
3335 3852 3347 3875 ,
3401 3829 3492 3881 gc~

1925 3908 2231 3961 nerationes
2254 3946 2266 3970 ,
2294 3907 2448 3976 juxta
2476 3904 2787 3957 llebraicam
2818 3903 3190 3956 auctoritatem
3218 3903 3491 3970 Cutltjtlt'sa

1924 4001 2131 4062 decem,
2154 4014 2323 4051 annos
2353 4005 2530 4049 autem
2560 3989 2819 4049 ducentos
2860 3995 3143 4062 nonaginta
3170 3995 3323 4053 duos,
3343 3991 3492 4059 juxta

1925 4087 2272 4157 Septuaginta
2302 4085 2628 4154 Interpretes
2654 4084 2779 4136 anni
2806 4083 2948 4138 mille
2981 4093 3311 4150 septuaginta
3350 4090 3452 4134 duo
3480 4119 3491 4141 ,

1925 4178 2299 4247 generationes
2326 4192 2454 4229 vero
2482 4174 2752 4227 undecim.

1996 4270 2118 4323 ΙΙωο
2156 4270 2308 4337 quasi
2360 4268 2586 4335 pueritia
2649 4266 2746 4318 fuit
2788 4266 3000 4333 generis
3038 4265 3213 4334 populi
3251 4264 3371 4317 Det.
3429 4264 3493 4316 lit

1929 4363 2045 4415 ideo
2072 4362 2124 4414 in
2151 4361 2329 4429 lingua
2355 4360 2567 4411 inventa
2595 4367 2677 4410 est
2704 4355 2946 4420 llehraca,
2976 4356 3025 4407 id
3048 4365 3147 4416 est,
3181 4370 3209 4405 a
3240 4355 3490 4422 pueritia.

1849 4419 2166 4519 DNamque
2214 4452 2371 4504 homo
2420 4450 2605 4516 incipit
2650 4463 2806 4501 nosse
2848 4448 2988 4514 loqui
3039 4454 3157 4513 post
3207 4444 3491 4497 infantiam

1923 4561 2040 4612 quae
2077 4545 2199 4596 hinc
2233 4541 2489 4610 appellata
2520 4540 2761 4607 estquod
2787 4537 2884 4589 lari
2914 4554 3016 4589 non
3051 4546 3245 4603 potest.

1992 4631 2075 4683 ιιι.
2102 4632 2280 4685 Tertia
2302 4630 2369 4682 ab
2393 4630 2663 4682 Abraham
2695 4642 2861 4694 nsque
2890 4626 3079 4688 David,
3122 4626 3493 4695 generationes

1917 4724 2067 4792 juxta
2117 4732 2398 4789 utramque
2448 4720 2820 4773 auctoritatem
2848 4718 3272 4786 quatuordecim,
3323 4731 3491 4768 annos

1924 4826 2101 4867 autem
2135 4828 2399 4867 Dccccxul
2434 4811 2810 4879 complectens.

1996 4905 2119 4958 llam
2148 4904 2290 4957 velut
2315 4903 2555 4971 qtnedant
2600 4900 2955 4953 adolescentia
3003 4896 3101 4949 fuit
3129 4896 3321 4965 populo
3358 4897 3445 4949 Dei
3476 4938 3489 4959 ,

1925 5014 1953 5049 a
1980 5013 2080 5065 qua
2108 5006 2266 5049 mtate
2313 4996 2495 5062 incipit
2539 4995 2697 5047 homo
2726 5008 2878 5061 posse
2904 5006 3180 5061 generare.
3204 4991 3490 5059 Propterea

1926 5088 2207 5139 Mattharus
2256 5085 2579 5152 evangelista
2631 5083 3037 5150 generationum
3086 5097 3150 5135 ex
3182 5120 3185 5129 .
3217 5083 3487 5142 Abraham

1925 5180 2147 5247 sumpsit
2175 5178 2488 5239 exordium;
2522 5177 2609 5243 qui
2656 5176 2818 5228 etiam
2848 5184 2999 5245 pater
3020 5176 3255 5243 gentium
3291 5175 3491 5228 consti-

1926 5279 2067 5321 tutus
2104 5278 2186 5321 cst
2227 5268 2440 5335 quando
2477 5274 2735 5317 mutatum
2782 5280 2973 5318 nomen
3021 5266 3245 5333 accepit.

1995 5363 2076 5413 ιν.
2105 5364 2306 5427 Quarta
2352 5376 2380 5413 a
2422 5360 2583 5412 David
2636 5375 2805 5428 usque
2855 5360 2920 5411 ad
2964 5358 3486 5428 transmigratioueu:

1922 5452 2222 5520 llahjlonis,
2254 5466 2423 5505 annos
2451 5452 2652 5504 habens
2672 5451 2821 5519 juxta
2849 5448 3164 5502 lleln'aicam
3207 5451 3485 5502 veritatem

1918 5543 2337 5610 cpiadringcntos
2378 5541 2713 5609 septuaginta
2763 5549 2866 5591 tres
2896 5579 2907 5601 ,
2948 5541 3098 5605 juxta
3143 5541 3486 5607 Srptuaginla

1921 5636 2323 5687 tiaaslttitutrnt
2354 5635 2455 5686 duo
2478 5634 2626 5685 lt‘t‘llil
2655 5631 2897 5701 amplius,
2942 5633 3177 5701 generati
3205 5648 3307 5681 «ιιινε
3340 5632 3483 5697 juxta
