3948 6324
444 289 560 353 ,727

1131 286 1193 344 Β.
1235 289 1492 347 RABANl
1530 291 1751 349 mum
1787 279 2107 348 ARClllEP.
2145 290 2453 347 uocum.
2492 292 2777 349 omnum
2802 294 2997 349 mus
3032 293 3073 349 ι.

3616 300 3726 356 728

448 408 710 469 utrosque
765 400 982 455 codices
1021 402 1208 456 decem
1268 411 1324 457 et
1384 411 1591 473 septem
1616 445 1647 473 ,ρ
1672 419 1809 475 quas
1848 414 2031 461 tamen
2059 415 2110 469 Α
2209 407 2294 464 Vl.
2327 406 2488 464 Sexta
2515 449 2527 472 ,
2556 424 2674 478 quae
2702 422 2844 463 nunc
2888 410 3065 479 agitur
3091 451 3105 475 ,
3143 424 3274 468 aetas
3300 451 3314 475 ,
3356 415 3502 468 nulla
3556 428 3727 485 gene-

448 489 781 559 evangelista
825 488 1108 548 Mattbaaus
1139 495 1277 549 certi
1303 494 1548 564 mysterii
1574 497 1748 566 gratia
1776 507 2035 568 quatuor-

448 582 623 637 decim
666 584 848 653 ponit,
879 600 909 640 a
932 600 1058 655 qua,
1083 586 1227 641 velut
1250 585 1475 656 juvenili
1499 593 1664 643 aetate
1692 629 1709 655 ,
1750 588 1806 644 in
1841 590 2038 661 populo

449 673 547 727 Dei
606 687 797 743 regum
843 684 1086 745 tempora
1140 684 1442 746 coeperunt.
1497 676 1627 735 Haec
1688 695 1923 751 namque
1980 682 2037 737 in

450 765 765 821 hominibus
828 774 958 821 (etas
1020 774 1144 836 apta
1200 767 1554 837 gubernando
1615 770 1754 838 solet
1805 763 2039 829 existere

447 874 636 929 regno.

522 923 603 1003 il.
629 947 846 1015 Quinta,
876 950 1029 1020 quasi
1065 948 1251 1007 senilis
1271 960 1406 1031 aetas
1431 994 1446 1019 ,
1487 969 1519 1008 a
1556 923 2052 1025 transmi'gratione.

446 1037 737 1112 Babylonis
783 1056 953 1111 usque
1018 1044 1308 1111 adventum
1365 1046 1579 1101 Domini
1628 1046 1931 1105 Salvatoris
1978 1049 2035 1105 in

446 1130 665 1187 carnem
692 1173 705 1197 ,
785 1135 1229 1202 generationibus
1295 1147 1351 1193 et
1406 1138 1522 1209 ipsa
1571 1141 1982 1211 quatuordecim
2014 1183 2032 1210 ,

444 1238 608 1293 porro
657 1224 813 1278 annis
852 1226 1163 1297 quingentis
1188 1220 1489 1301 'oetoginta
1539 1246 1734 1289 novem
1771 1240 2034 1300 extenta;

445 1312 500 1367 iu
531 1328 665 1383 qua,
711 1321 771 1368 ut
816 1315 965 1385 gravi
1003 1325 1279 1374 senectute
1298 1316 1463 1387 fessa,
1490 1320 1649 1377 malis
1670 1321 2039 1381 crebrioribus

442 1405 594 1476 plebs
618 1404 844 1464 Hebraa
867 1416 1181 1479 quassatur.

449 1568 1495 1600 Μ

2146 502 2414 558 rationum
2443 501 2529 556 vel
2558 509 2857 580 temporum
2886 502 3028 557 serie
3053 510 3223 570 certa,
3253 503 3349 559 sed
3376 512 3437 560 ut
3462 513 3599 561 atas
3632 506 3728 563 de-

2145 592 2367 662 crepita,
2402 591 2515 660 ipsa
2540 591 2706 646 totius
2730 591 2908 646 saeculi
2938 600 3111 670 morte
3138 596 3524 658 consumenda.

2215 680 2325 737 Has
2351 696 2684 744 aerumnosas
2711 683 3005 753 plenasque
3047 681 3321 740 laboribus
3361 681 3558 741 mundi
3596 692 3727 742 cta-

2144 780 2229 829 tes
2254 773 2453 844 quique
2484 771 2624 829 felici
2648 781 2822 829 morte
2850 774 3113 829 vicerunt.
3161 781 3167 789 ’

2217 862 2327 921 νιι.
2352 863 2593 935 Septima
2613 858 2727 935 jam
2753 865 2961 921 sabbati
2992 864 3245 936 perennis
3271 871 3433 924 actate
3459 862 3721 940 suscepti.

2196 956 2346 1013 ‘VIII.
2396 956 2652 1013 Octavam
2705 957 2880 1013 beatas
2928 957 3344 1023 resurrectionis
3374 967 3595 1015 aetatem
3624 1002 3640 1027 ,
3670 962 3723 1016 in

2138 1060 2246 1119 qua
2295 1062 2509 1123 semper
2541 1063 2666 1123 cum
2701 1047 2928 1105 Domino
2958 1058 3189 1120 regnent
3212 1089 3229 1116 ,
3266 1058 3606 1128 exspectant.
3643 1052 3722 1108 Ad

2138 1154 2303 1211 quam
2323 1156 2424 1197 nos
2449 1126 2678 1197 feliciter
2697 1137 2993 1213 sua‘gratia
3019 1142 3304 1213 pervenire
3324 1126 3439 1213 ipse
3460 1142 3726 1199 concedat

2140 1232 2236 1305 qui
2262 1229 2457 1289 cuncta
2484 1239 2730 1304 tempora
2754 1224 3033 1289 creaverat
3053 1272 3069 1299 ,
3098 1239 3155 1289 et
3180 1232 3486 1289 aeternitate
3512 1246 3726 1304 semper

2144 1326 2329 1381 manet
2369 1324 2635 1393 perenni,
2684 1324 2858 1380 trinas
2900 1330 2959 1380 et
2996 1338 3136 1385 unus
3170 1310 3516 1396 omnipotens
3538 1324 3725 1393 Deus,

2062 1427 2113 1488 Β
2138 1414 2231 1485 qui
2256 1422 2342 1470 est
2359 1414 2674 1503 benedictus
2699 1414 2756 1469 in
2783 1414 3000 1495 saeuis.
3024 1412 3219 1469 Amen.

3366 1575 3448 1601 ⁵-⁵--
3480 1570 3707 1603 π

834 1642 837 1645 ’
946 1806 949 1809 .
1036 1727 1612 1843 nan-r1
1654 1644 2433 1867 itum"
2505 1664 3120 1858 unum

1192 1904 1581 2000 FULDENSIS
1614 1923 1908 2002 ABBATIS
1941 1945 2032 2001 ET
2068 1912 2453 2005 MOCUNTINI
2488 1946 3007 2008 ARCHIEPISCOPI

444 2082 2255 2293 COMMENTARIORUM
2330 2133 2538 2335 IN
2592 2134 3765 2341 MATTHZEUM

1548 2399 1763 2461 nam
1808 2399 2047 2463 OCTO.
2097 2400 2345 2480 (ANNO
2382 2403 2700 2473 822-826.)

1787 2758 1791 2762 ,
1840 2693 2371 2772 ΡΒλΕἘΑΤΙΟ

1179 2866 1277 2923 an
1310 2864 1809 2924 ilAISTULPHUM
1844 2862 2447 2953 ARCHIEPISCOPUM
2478 2844 2960 2947 noceamus.

515 3133 745 3192 Domino
790 3132 1105 3189 beatissimo
1146 3145 1211 3187 ac
1261 3132 1458 3187 merito
1503 3132 1825 3195 venerabili,
1880 3140 1939 3187 et
1979 3132 2037 3188 in
2058 3136 2109 3200 ‘C
2141 3134 2289 3190 naris
2339 3111 2693 3191 Laodicensis'
2733 3134 3193 3209 [Apollinariique
3246 3138 3566 3217 Laodiceni]
3598 3187 3615 3211 ,
3661 3163 3729 3203 ac

447 3234 739 3298 conspectu
765 3222 978 3279 Domini
1009 3222 1219 3277 sincera
1242 3221 1510 3277 cbaritate
1535 3221 1860 3277 charissima
1888 3220 2038 3277 Patri

449 3320 795 3377 Husruwuo
817 3314 1246 3383 archiepiscopo,
1272 3312 1522 3367 Haemus
1551 3311 1805 3382 indignus
1825 3312 2042 3383 presby-

448 3424 533 3470 ter
554 3422 771 3468 mternm
798 3411 949 3481 pacis
982 3409 1037 3464 in
1073 3408 1292 3465 Christo
1317 3411 1469 3479 optat
1491 3407 1745 3463 salutem.

521 3505 728 3560 Memor
766 3502 907 3557 illius
932 3501 1185 3571 praecepti
1228 3501 1372 3571 quod
1420 3515 1519 3570 per
1567 3514 1666 3555 vas
1716 3500 1820 3555 sibi
1855 3508 2040 3571 aptum

448 3590 575 3650 olim
625 3592 899 3662 Sapientia
945 3589 1206 3660 protulit,
1240 3590 1427 3646 dicens
1459 3608 1473 3643 :
1504 3588 1571 3643 In
1600 3596 1712 3644 tota
1741 3591 1919 3646 anima
1948 3599 2042 3643 tua

448 3680 572 3740 time
596 3684 791 3749 Deum,
828 3693 875 3738 et
899 3674 1195 3738 sicerdotes
1223 3680 1340 3751 ej“
1364 3680 1678 3750 sanctiﬁca;
1706 3666 1893 3735 datum
1920 3680 2041 3734 bra-

447 3780 687 3834 chiorum
716 3788 927 3833 tuorum
949 3783 997 3831 et
1018 3775 1339 3845 sacriﬁcium
1386 3772 1825 3845 sanctiﬁcationis
1854 3776 2041 3845 offeres

448 3875 602 3931 initia
628 3856 1145 3945 sanctorumwccli.
1177 3868 1308 3942 vn),
1340 3868 1555 3925 decrevi
1580 3910 1594 3934 ,
1642 3878 1829 3924 sancte
1853 3867 2037 3934 Pater,

448 3984 583 4039 upus
612 3965 774 4037 quod,
810 3964 993 4019 divina
1020 3956 1194 4033 gratia
1228 3962 1509 4033 largiente,
1560 3962 1614 4016 in
1646 3962 2038 4032 expositionem

448 4058 620 4115 sancti
662 4055 956 4126 Evangelii
987 4053 1286 4111 secundum
1328 4052 1663 4117 Matthzeum,
1691 4070 1797 4107 non
1827 4053 1943 4108 sine
1965 4052 2041 4107 la-

449 4151 581 4205 bore
630 4157 809 4203 tamen
830 4188 847 4213 ,
897 4145 1237 4202 confeceram
1258 4187 1273 4211 ,
1308 4156 1412 4201 tum
1453 4146 1729 4201 sanctitati
1764 4146 1998 4217 dirigere
2023 4186 2037 4211 ,

451 4248 511 4294 ut
541 4251 632 4294 tuo
654 4246 841 4294 sancto
860 4237 1113 4293 examine
1141 4236 1429 4307 probatum
1462 4276 1477 4301 ,
1512 4236 1556 4290 si
1592 4235 1813 4306 dignum
1836 4236 2043 4307 judica-

451 4331 597 4384 veris
624 4329 689 4383 ad
716 4329 1025 4400 legendum,
1049 4326 1308 4382 fratribus
1338 4327 1441 4382 sub
1470 4332 1565 4380 tuo
1606 4327 1869 4395 regimine
1913 4342 2042 4381 con-

450 4423 655 4478 stitutis
683 4421 811 4477 illud
837 4422 1052 4489 tradas;
1085 4436 1193 4476 non
1219 4420 1375 4492 quasi
1402 4420 1887 4491 pernecessarium,
1917 4436 2038 4475 cum

453 4514 605 4571 multi
664 4513 957 4582 scriptores
1004 4480 1091 4569 me
1134 4513 1190 4567 in
1236 4480 1334 4567 illo
1365 4480 1592 4583 vestigio
1620 4480 2033 4581 praecesserint,
2061 4480 2118 4538 Ἰ)

450 4607 543 4662 sed
567 4605 722 4674 quasi
747 4604 921 4675 magis
940 4602 1302 4665 commodum.
1322 4617 1445 4658 cum
1469 4601 1830 4673 plurimorum
1849 4612 2039 4657 sensus

454 4716 517 4755 ac
542 4696 841 4753 sententias
881 4694 935 4749 in
965 4682 1129 4749 unum
1158 4692 1528 4749 contraxerim
1549 4733 1564 4757 ,
1594 4701 1655 4747 ut
1687 4692 1860 4747 lector
1908 4706 2041 4762 pau-

451 4788 727 4860 perculus,
751 4788 843 4857 qui
872 4786 1134 4841 librorum
1162 4785 1373 4854 copiam
1396 4799 1503 4840 non
1529 4782 1715 4848 habet,
1743 4790 1839 4837 aut
1866 4782 1952 4837 cui
1986 4782 2040 4836 in

454 4879 697 4950 pluribus
726 4876 958 4951 scrutari
980 4874 1277 4947 profundos
1301 4888 1491 4930 sensus
1517 4873 1742 4949 Patrum
1764 4889 1868 4929 non
1892 4873 2039 4939 licet,

455 4969 648 5023 saltem
676 4968 730 5021 in
760 4968 861 5022 isto
891 4965 1267 5023 suliicientiam
1299 4979 1409 5019 suae
1436 4952 1741 5035 indigentiae
1781 4965 2041 5020 inveniat.

455 5058 649 5113 Plures
677 5056 820 5111 enim
860 5055 1009 5111 fuere
1050 5056 1143 5126 qui
1182 5064 1309 5110 ante
1332 5069 1432 5110 nos
1455 5053 1508 5108 in
1534 5051 1881 5123 Evangelium
1911 5051 2044 5106 Mat-

459 5148 583 5202 tlnei
614 5154 880 5200 tractatus
901 5145 1187 5200 ediderunt
1215 5164 1227 5199 :
1260 5160 1385 5200 nam
1420 5141 1671 5219 0rigenis
1700 5142 1828 5223 hinc
1854 5142 2042 5211 viginti

458 5242 566 5297 duo
593 5240 817 5314 [Viginti
848 5236 1132 5310 quinque],
1170 5246 1229 5292 ut
1269 5238 1629 5308 Hieronymus
1665 5237 1818 5293 testis
1862 5245 1946 5293 est
1971 5248 1997 5277 ι
2027 5278 2042 5303 ,

455 5339 676 5388 exstant
704 5330 977 5385 volumina
1010 5334 1065 5383 et
1088 5327 1307 5383 totidem
1335 5326 1579 5397 ejusdem
1609 5326 1867 5391 homiliaz,
1897 5340 2044 5381 com-

460 5421 829 5489 maticumque
872 5416 1335 5487 interpretationis
1363 5433 1560 5487 genus;
1610 5424 1667 5472 et
1719 5415 2001 5485 Theophili
2032 5455 2046 5479 ,

466 5510 816 5565 Antiochena:
851 5508 1005 5563 urbis
1036 5505 1274 5576 episcopi
1294 5546 1308 5571 ,
1336 5506 1747 5572 commentarii;
1780 5504 2051 5575 Hippolyti

468 5613 680 5670 quoque
728 5598 1011 5669 martyris,
1037 5606 1092 5653 et
1120 5596 1393 5653 Theodori
1427 5594 1757 5651 Heracleotre
1782 5636 1797 5660 ,
1849 5593 2052 5663 Aponi-

542 5725 564 5750 ο
593 5712 647 5767 ln
679 5726 907 5785 prooem.
937 5712 991 5766 in
1021 5707 1454 5767 Commentarios
1486 5713 1648 5777 super
1673 5704 2005 5759 Matthzcum.

2142 3225 2354 3297 Didymi
2393 3225 2764 3281 Alexandrini.
2794 3226 2860 3282 Et
2890 3227 3204 3284 Latinorum
3235 3271 3249 3297 ,
3304 3228 3497 3288 Hilarii
3548 3231 3731 3291 Picta-

2141 3315 2362 3380 viensis,
2397 3314 2661 3371 Victorini
2696 3325 2751 3372 et
2785 3316 3176 3375 Fortunatiani.
3230 3315 3462 3391 Scripsit
3511 3339 3729 3396 quoque

2138 3405 2428 3475 praedictus
2458 3406 2540 3460 vir
2582 3407 2775 3463 beatus
2795 3406 3173 3480 Hieronymus,
3198 3408 3416 3482 petente
3440 3412 3681 3471 Eusebio
3709 3455 3727 3480 .

2140 3498 2197 3552 in
2228 3498 2331 3557 hoc
2361 3498 2712 3569 Evangelium
2756 3501 3235 3568 commentarium,
3268 3503 3362 3558 sed
3387 3513 3445 3557 ut
3471 3496 3575 3573 pro
3600 3504 3727 3560 bre-‘-

2140 3580 2307 3645 vitate
2330 3591 2587 3660 temporis
2631 3590 2697 3645 de
2741 3589 2856 3659 ejus
2893 3592 3231 3647 sermonibus
3268 3593 3444 3648 dicam
3469 3635 3484 3659 ,
3524 3594 3725 3650 omissa

2140 3692 2384 3740 veterum
2413 3684 2756 3749 auctoritate,
2789 3700 2925 3754 quos
2954 3700 3052 3740 nec
3081 3682 3315 3756 legendi,
3339 3700 3440 3741 nec
3464 3688 3726 3755 sequendi

2143 3774 2373 3831 facultas
2405 3775 2505 3845 ipsi
2550 3776 2690 3831 data-
2722 3785 2836 3841 est,
2876 3775 3188 3830 historieam
3220 3777 3727 3846 interpretationem

2141 3865 2371 3937 digessit
2393 3865 2664 3932 breviter,
2706 3872 2761 3921 et
2796 3865 3064 3919 interdum
3101 3865 3396 3935 spiritualis
3423 3861 3728 3938 intelligen-

2144 3958 2232 4012 tia:
2258 3956 2418 4012 ﬂores
2456 3956 2777 4035 admiscuit,
2813 3956 3111 4028 perfectum
3157 3973 3294 4028 opus
3335 3973 3627 4013 reservans
3674 3959 3729 4012 in

2143 4055 2438 4117 posterum.
2488 4046 2615 4103 Haec
2665 4048 2861 4119 quippe
2903 4063 3009 4103 non
3050 4050 3103 4102 in
3141 4047 3258 4117 ejus
3293 4050 3730 4135 suggillationem

2143 4135 2364 4206 protuli,
2394 4137 2547 4207 cujus
2574 4137 2847 4207 ingenium
2891 4147 2944 4192 et
2992 4137 3229 4193 studium
3253 4140 3396 4208 quod
3433 4139 3487 4191 in
3518 4136 3729 4193 divino-

2144 4243 2262 4281 rum
2286 4227 2548 4283 librorum
2577 4227 3017 4297 interpretatione
3049 4236 3106 4283 et
3140 4228 3478 4297 expositione
3512 4226 3727 4292 habuit,

2142 4319 2380 4374 maxime
2421 4320 2585 4374 miror
2614 4361 2628 4385 ,
2660 4320 2754 4375 sed
2796 4327 2856 4373 ut
2897 4321 3180 4375 ostendam
3225 4325 3451 4374 causam
3472 4333 3595 4389 quae
3627 4334 3729 4374 nos

2144 4408 2403 4477 compulit
2440 4422 2680 4478 pimsens
2725 4424 2859 4479 opus
2903 4409 3139 4480 aggredi.
3188 4408 3322 4463 Cum
3347 4409 3494 4463 enim
3525 4405 3729 4462 fratres

2143 4498 2235 4567 qui
2267 4500 2547 4554 nobiscum
2579 4499 2929 4571 Evangelium
2978 4500 3156 4570 legere
3200 4498 3555 4569 disponebant
3588 4511 3725 4552 wu-

2145 4596 2501 4658 querereutur
2525 4590 2668 4659 quod
2694 4591 2748 4644 in
2786 4589 3096 4645 Mattbaeum
3131 4604 3237 4644 non
3265 4598 3376 4642 tam
3399 4588 3620 4659 plenam
3670 4594 3728 4643 et

2146 4678 2499 4735 sufﬁcientem
2528 4681 2917 4751 expositionem
2948 4680 3210 4735 haberent
3236 4678 3377 4733 sicut
3401 4678 3457 4732 in
3496 4686 3728 4732 ceteros

2148 4771 2508 4842 evangelistas
2533 4812 2548 4838 ,
2581 4771 2952 4827 laborantibus
2993 4772 3154 4826 beato
3190 4767 3476 4823 Ambrosio
3526 4765 3729 4822 Medio-

2148 4862 2355 4918 lanensi
2386 4863 2657 4934 episcopo,
2689 4870 2744 4918 et
2772 4862 3065 4919 venerabili
3090 4861 3249 4916 Patre
3274 4860 3592 4937 Augustino,
3627 4858 3727 4913 Be-

2148 4955 2324 5025 daque
2352 4953 2553 5011 famulo
2582 4955 2814 5021 Domini,
2860 4954 2927 5010 ad
2980 4954 3261 5024 legendum
3297 4943 3609 5015 habebant:
3634 4964 3729 5005 eo-

2150 5066 2269 5104 rum
2321 5051 2572 5121 precibus
2622 5060 2809 5106 coacta
2838 5058 2925 5122 est
2961 5050 3205 5120 parvitas
3252 5054 3439 5102 nostra
3484 5061 3726 5117 praesens

2147 5154 2283 5211 Opus
2319 5140 2557 5211 aggredi,
2608 5156 2713 5197 non
2749 5150 2858 5196 tam
2886 5140 3118 5211 propriis
3146 5139 3354 5194 viribus
3390 5148 3484 5195 aut
3511 5139 3735 5208 ingenio

2148 5232 2427 5313 conlidens
2453 5274 2467 5297 ,
2509 5249 2672 5302 quam
2698 5233 2879 5288 divino
2898 5232 3167 5303 adiutorio
3186 5241 3241 5287 et
3272 5229 3526 5286 fraternae
3551 5231 3731 5289 chari-

2148 5326 2271 5390 tati,
2308 5340 2428 5394 quae
2453 5326 2627 5379 omnia
2656 5326 2839 5393 credit,
2866 5325 3040 5379 omnia
3074 5331 3272 5394 sperat,
3304 5322 3480 5377 omnia
3512 5328 3738 5380 sustinet

2155 5415 2204 5487 (I
2234 5413 2356 5469 Cor.
2406 5415 2557 5486 xm);
2590 5416 2677 5470 cui
2725 5414 3061 5471 solummodo
3111 5413 3282 5477 cessi,
3326 5412 3734 5475 detrahentium

2155 5514 2317 5572 atque
2366 5504 2732 5559 insultantium
2787 5518 2893 5560 non
2944 5517 3141 5559 curans
3185 5508 3602 5579 vaniloquium,
3640 5502 3735 5573 qui

2158 5596 2326 5666 magis
2371 5594 2771 5666 prmsumptioni
2823 5610 2980 5664 quam
3013 5594 3197 5665 pietati
3231 5587 3473 5656 nostrum
3501 5594 3736 5649 forsitan
