3948 6328
212 283 315 341 729

1191 282 1543 342 COMMENT.
1578 282 1646 339 IN
1685 280 2117 339 MATTHEUM.
2156 314 2226 324 —-
2262 280 2390 338 LIB.
2428 281 2473 339 ι.

3343 280 3448 337 πη

213 396 544 470 deputabunt
593 396 851 452 laborem.
903 396 970 451 Et
1012 390 1118 451 non
1168 398 1385 460 mirum,
1438 411 1561 452 cum
1611 396 1782 466 magis
1808 400 1863 457 Α·
1884 396 1937 450 in
1990 396 2106 464 ipso
2158 395 2445 466 Evangelio
2481 395 2581 451 sub
2627 388 2843 451 nornine
2902 394 3127 449 Jattbazi
3176 392 3445 453 titulatum

211 490 389 560 parati
417 490 525 544 siut
558 486 731 541 aliena
777 486 1033 552 lacerare,
1068 502 1229 557 quam
1259 487 1475 558 propria
1524 486 1777 555 opuscula

211 578 465 635 condere.
496 574 733 643 Quorum
762 576 885 645 quia
930 590 1093 629 nemo
1137 579 1314 644 potest
1355 574 1678 630 calumniam
1728 583 1781 629 et

213 665 424 725 invidos
449 682 659 722 morsus
696 667 933 721 devitarc
959 705 973 730 ,
990 666 1110 737 nisi
1137 666 1229 735 qui
1250 666 1469 720 omnino
1493 663 1632 719 uiliii
1647 665 1782 719 scri-

209 759 311 823 bit,
353 757 524 828 magis
548 756 690 827 eligo
710 770 901 810 vanam
940 754 1101 809 surda
1131 770 1261 809 aure
1286 754 1616 825 pertransire
1649 770 1782 823 que-

212 847 500 901 rimoniam
524 886 539 912 ,
566 860 724 915 quam
768 845 942 899 otiose
991 852 1207 914 torpens
1257 844 1458 900 Christi
1511 844 1780 915 negligere

210 936 459 1006 gratiam,
491 936 576 990 cui
618 934 715 989 soli
761 932 972 1003 placere
1011 940 1277 1003 optantes,
1304 947 1473 988 vanos
1502 933 1780 988 hominum

209 1027 546 1082 rumuseuios
591 1022 1058 1079 nibili'ducimus.
1100 1024 1417 1095 Aggregatis
1460 1023 1625 1095 igitur
1654 1023 1780 1077 hinc

208 1115 338 1170 inde
364 1114 741 1188 insignissimis
767 1127 933 1167 sacra:
962 1111 1208 1167 lectionis
1253 1121 1417 1183 atque
1452 1113 1782 1184 dignissimis
1808 1148 1811 1151 λ

206 1201 508 1261 artiﬁcibus
527 1244 544 1271 ,
596 1203 724 1274 quid
753 1204 809 1258 in
834 1202 1105 1273 opusculis
1132 1202 1247 1257 suis
1275 1203 1332 1257 in
1355 1204 1497 1258 beati
1545 1197 1779 1258 Matthxi

205 1298 388 1353 verbis
416 1296 704 1361 senserint,
733 1294 861 1365 quid
885 1293 1143 1359 dixerint,
1169 1292 1483 1364 diligentius
1513 1295 1781 1366 inspicere

205 1386 433 1443 curavi:
458 1384 784 1456 Cyprianum
813 1382 935 1439 dico
957 1392 1119 1453 atque
1144 1383 1456 1449 Eusebium,
1476 1384 1736 1441 Hilarium
1762 1424 1776 1451 ,

201 1477 569 1542 Ambrosium,
596 1474 1002 1547 Hieronymum,
1016 1475 1394 1546 Augustinum,
1418 1476 1780 1548 Fulgentium,

202 1564 541 1621 Victorinum
565 1606 581 1631 ,
634 1560 1111 1631 Fortunatianum,
1154 1564 1405 1623 Oros'mm
1435 1608 1451 1634 ,
1493 1566 1735 1624 Leonem
1762 1608 1778 1633 ,

199 1658 524 1730 Gregorium
550 1658 949 1715 Nniamenum
977 1699 992 1724 ,
1022 1659 1342 1729 Gregorium
1362 1670 1559 1730 papam
1587 1660 1783 1718 Roma-

1882 485 2096 565 re’pe‘ri;
2145 485 2394 551 alterum,
2449 501 2609 555 quem
2658 485 2786 539 huic
2827 484 2977 554 operi
3026 485 3446 557 praponendum

1880 574 2092 627 noviter
2115 574 2349 628 condidi.
2394 574 2541 641 Quos
2589 573 2777 645 urique
2822 573 3115 638 coloribus,
3157 587 3224 628 ne
3266 574 3449 629 confit.

1879 664 2084 718 sionem
2124 662 2311 716 lectori
2339 662 2594 727 facerent,
2620 662 2950 733 distinguere
2976 661 3184 727 curavi,
3211 662 3443 731 priorem

1880 762 2201 818 atramento,
2228 753 2453 807 alterum
2488 753 2654 807 minio
2686 754 3053 809 conscribens.
3081 753 3231 807 lilurn
3258 767 3446 820 nempe
3534 740 3545 759 ⁵

1879 843 1948 899 ob
1979 844 2081 900 hoc
2105 859 2311 914 ponens
2339 852 2398 897 ut
2429 844 2473 899 si
2514 845 2635 914 quis
2666 844 2800 900 forte
2831 840 3178 917 Evangelluni
3221 844 3445 915 legeus',

1878 933 2147 987 invenerit
2172 934 2493 988 sententiam
2522 932 2674 1001 cujus
2697 933 3003 1003 allegoriam
3029 936 3284 1005 ignorans
3309 935 3447 986 scire

1880 1012 2173 1083 desideret.
2202 1031 2351 1077 notet
2375 1024 2666 1093 capitulum
2696 1023 2838 1093 quod
2880 1023 2932 1077 in
2964 1026 3204 1096 margine
3242 1025 3447 1092 pasinx

1880 1114 2052 1169 eidem
2082 1115 2358 1170 sententia:
2384 1106 2753 1185 praescriptum
2803 1123 2905 1177 est,
2951 1123 3005 1167 et
3050 1115 3229 1167 statim
3263 1130 3445 1167 recur-

1880 1218 2007 1259 rens
2034 1205 2101 1259 ad
2132 1200 2439 1267 tractatum,
2487 1205 2728 1259 revolvat
2775 1204 3000 1268 librum,
3049 1215 3103 1258 et
3141 1214 3347 1273 quasrat
3376 1207 3445 1257 lbi

1880 1294 2055 1365 ipsum
2081 1294 2371 1364 capitulum
2399 1294 2543 1364 quod
2567 1303 2694 1349 ante
2722 1296 2774 1349 in
2823 1294 3112 1365 Evangelio
3148 1295 3396 1347 adnotavi
3432 1334 3447 1357 ,

1880 1392 1937 1439 et
1962 1384 2041 1439 sic
2069 1384 2186 1440 sine
2220 1383 2327 1461 ulla
2358 1399 2511 1439 mora
2538 1383 2776 1439 inveniet
2808 1386 2953 1453 quod
2976 1384 3327 1439 desideravit.
3362 1382 3453 1437 Se-

1880 1490 2052 1548 quens
2073 1488 2206 1531 vero
2233 1474 2590 1545 capitulon
2611 1475 2763 1540 ordo,
2806 1474 2898 1545 qui
2926 1474 3091 1529 minio
3128 1474 3356 1544 sparsim
3398 1474 3450 1528 in

1880 1569 2151 1624 volumine
2178 1569 2518 1643 conscriptus
2558 1576 2661 1633 est,
2710 1570 2776 1622 ad
2820 1566 3285 1637 superliminarem
3306 1566 3454 1635 pagi-

1882 1676 2009 1717 nam
2056 1659 2344 1745 respondet
2367 1700 2383 1725 ,
2415 1672 2576 1733 quam
2612 1659 2665 1712 in
2714 1658 2889 1728 capite
2927 1656 3088 1726 illius
3118 1656 3335 1727 operis,
3384 1654 3455 1710 ob

200 1770 353 1821 num,
365 1754 739 1824 Joannemque
759 1742 1294 1825 Chrysostouutm,et
1316 1764 1542 1811 cateros
1563 1750 1773 1823 Patres,
1793 1762 1851 1821 Β
1878 1742 2255 1819 compendium
2301 1748 2576 1819 quaerendi
2604 1756 2660 1803 et
2683 1748 2963 1803 commode
2996 1746 3302 1801 inveniendi
3324 1786 3338 1811 ,
3372 1746 3452 1800 di-

196 1858 421 1912 quorum
447 1843 657 1895 nomina
683 1842 878 1911 scripta
914 1850 1034 1895 sunt
1060 1841 1115 1895 in
1144 1840 1278 1895 libro
1305 1842 1423 1896 vita:
1469 1840 1635 1913 (Phil.
1678 1844 1773 1915 tv).

199 1932 404 1988 Horum
457 1947 584 2004 ergo
619 1932 833 1988 lectioni
879 1932 1119 1987 intentus
1146 1972 1161 1998 ,
1192 1928 1454 2002 quantum
1492 1935 1621 1989 mihi
1667 1950 1778 2005 pra:

198 2024 501 2079 innumeris
545 2024 858 2079 monasticae
899 2023 1176 2080 servitutis
1206 2016 1547 2081 retinaculis
1580 2026 1771 2092 licuit,

196 2122 259 2169 et
302 2128 402 2184 pro
439 2110 773 2169 nutrimento
815 2116 1181 2183 parvniorum,
1230 2117 1373 2185 quod
1406 2132 1515 2173 non
1553 2132 1776 2189 parvam

198 2205 358 2260 nobis
385 2206 581 2277 ingerit
612 2205 910 2261 molestiam
936 2215 989 2261 et
1016 2206 1265 2263 lectionis
1305 2207 1436 2264 facit
1473 2196 1724 2279 injuriam
1762 2251 1775 2276 ,

200 2298 316 2366 ipse
346 2298 479 2351 mihi
503 2298 734 2353 dictator
776 2298 963 2364 simul,
1009 2306 1066 2354 et
1113 2301 1361 2355 notarius
1390 2341 1405 2366 ,
1440 2310 1495 2358 et
1523 2301 1779 2359 librarius

200 2388 466 2451 existens,
496 2389 551 2442 in
581 2388 849 2444 schedulis
874 2404 941 2443 ea
961 2391 1217 2447 mandare
1242 2392 1428 2446 curavi
1457 2408 1579 2462 qua
1602 2393 1671 2449 ab
1698 2392 1778 2450 eis

196 2478 441 2548 exposita
486 2488 631 2543 sunt,
667 2478 753 2534 vel
791 2480 920 2549 ipsis
958 2495 1145 2535 eorum
1191 2481 1406 2551 syllabis
1506 2483 1593 2538 vel
1630 2492 1777 2541 certe

199 2570 336 2627 meis
362 2570 639 2625 brevisndi
663 2585 826 2625 causa
853 2570 1213 2626 sermonibus.
1243 2571 1484 2639 Quorum
1527 2573 1779 2629 videlicet

196 2659 324 2730 quia
356 2670 641 2728 cperosum
692 2670 809 2715 erat
837 2659 1098 2716 vocabula
1151 2661 1479 2726 interserere
1522 2678 1621 2734 per
1666 2664 1775 2719 sin-

196 2748 342 2820 gula,
379 2758 434 2803 et
459 2750 586 2819 quid
630 2766 660 2803 a
700 2766 807 2820 quo
847 2758 1067 2805 auctore
1106 2751 1178 2805 sit
1206 2751 1407 2806 dictum
1455 2753 1774 2808 nominatim

196 2844 505 2907 ostendere,
536 2846 874 2901 commodum
905 2846 1033 2900 duxi
1072 2846 1283 2901 eminus
1312 2862 1343 2901 e
1376 2847 1544 2902 latere
1571 2850 1774 2919 primas

194 2935 477 2989 nominum
509 2934 718 2989 litteras
752 2935 1065 3006 imprimere
1092 2976 1107 3001 ,
1145 2951 1349 3006 perque
1392 2930 1495 2992 bas
1527 2938 1727 3009 viritim
1756 2979 1771 3004 ,

193 3024 286 3078 ubi
316 3025 575 3095 cujusque
594 3024 814 3080 Patrum
841 3025 1079 3096 incipiat,
1100 3027 1191 3081 ubi
1213 3040 1391 3081 sermo
1412 3038 1573 3097 Quem
1597 3037 1773 3084 trans-

1878 1843 2107 1914 ligenter
2154 1841 2341 1896 lectori
2388 1855 2511 1894 cum
2567 1838 2795 1908 singulis
2850 1837 3099 1907 capitulis
3150 1836 3449 1892 distinctim

1877 1934 2191 2000 ordinantes
2236 1930 2670 2003 praepositimus,
2725 1936 2786 1983 ut
2833 1941 2954 1999 qua
3010 1926 3117 1982 illic
3153 1934 3450 1997 praemtata
3553 1950 3558 1955 -

1878 2035 2024 2092 sunt,
2069 2040 2265 2081 eorum
2311 2024 2509 2079 indicio
2544 2020 2601 2076 in
2632 2022 2769 2085 libro
2797 2019 3103 2090 conscripta
3147 2017 3451 2089 reperiatt.

1878 2116 2069 2175 Omnia
2098 2129 2231 2171 vero
2258 2115 2324 2169 ad
2349 2114 2635 2168 utilitatem
2667 2111 2896 2166 fratrum
2925 2119 2978 2167 et
3007 2110 3076 2164 ad
3106 2108 3457 2166 commodita-

1878 2216 1985 2264 tem
2016 2207 2309 2279 legentium
2328 2217 2520 2276 parare
2548 2203 2858 2274 sategimus.
2889 2207 3139 2270 optantes
3164 2205 3227 2252 ut
3250 2197 3316 2251 ad
3345 2196 3457 2267 plu-

1878 2299 2137 2354 rimorum
2162 2295 2479 2366 perveniant
2515 2290 2837 2363 profectam.
2865 2289 2923 2345 Si
2952 2290 3075 2359 quis
3100 2286 3239 2342 forte
3279 2286 3456 2355 despi-

1878 2389 1953 2445 cit
1981 2390 2123 2443 bunc
2154 2384 2391 2440 laborem
2429 2390 2677 2437 nostrum
2715 2380 2871 2449 quasi
2902 2375 3239 2449 superﬂuum
3266 2416 3281 2440 ,
3329 2389 3454 2429 cum
3535 2445 3539 2451 ν

1878 2481 2032 2539 multi
2082 2478 2291 2550 plenius
2326 2484 2381 2529 et
2417 2472 2711 2545 perfectius
2746 2471 2813 2527 de
2854 2464 3042 2525 iisdem
3070 2467 3233 2522 rebus
3259 2474 3453 2519 tracta-

1877 2571 2074 2637 verint,
2099 2568 2242 2640 legat
2268 2582 2335 2621 ea
2383 2580 2507 2636 quae
2529 2564 2628 2619 sibi
2652 2562 2899 2633 elegerit,
2946 2558 3313 2643 nobiliumque
3353 2556 3453 2610 do-

1876 2647 2088 2720 ctorum
2116 2658 2466 2732 amplissimis
2492 2656 2766 2711 reﬁciatur
2784 2654 2975 2718 omnis,
2997 2661 3053 2706 et
3078 2650 3315 2705 dimittat
3336 2648 3452 2702 lucc

1877 2764 2083 2821 nostra,
2114 2753 2241 2808 licet
2286 2749 2611 2823 paupercula
2633 2789 2649 2814 ,
2679 2748 2785 2802 illis
2831 2746 2923 2815 qui
2954 2742 3313 2815 perfectorem
3346 2753 3453 2794 non

1875 2854 2099 2918 possunt
2130 2857 2322 2914 capere
2350 2843 2530 2899 cibum
2554 2882 2574 2908 ,
2615 2854 2846 2911 quorum
2882 2853 2986 2893 non
3015 2842 3205 2891 venter
3242 2833 3455 2904 pingui-

1875 2939 1976 2994 bus
2004 2937 2237 3009 repletus
2262 2937 2544 2991 hortorum
2567 2932 2777 2988 fastidit
2797 2930 2965 2994 olera,
2993 2928 3089 2984 sed
3123 2925 3450 2998 leguminum

1877 3028 2141 3085 assuescit
2167 3019 2451 3083 comedere
2478 3024 2687 3101 cibaria
2719 3041 2732 3076 :
2759 3022 2896 3079 sciat
2922 3031 3099 3075 tamen
3124 3031 3308 3072 verum
3332 3029 3452 3071 esse

195 3115 292 3170 tuli
336 3116 575 3182 desinat,
609 3116 861 3172 intimare
882 3157 899 3182 ,
941 3116 1202 3173 sollicitus
1230 3128 1327 3187 per
1348 3120 1529 3173 omnia
1560 3134 1630 3175 ne
1658 3134 1774 3175 ma-
1801 3109 1846 3173 C
1877 3119 2005 3174 illud
2047 3117 2206 3190 vulgo
2254 3115 2603 3189 proverbium
2633 3156 2647 3181 ,
2690 3114 2834 3184 quod
2888 3112 3068 3167 utilior
3118 3118 3203 3166 est
3245 3108 3452 3164 sitienti

188 3205 374 3277 jorum
397 3206 545 3261 dicta
566 3206 735 3263 furari
754 3215 809 3263 et
828 3209 946 3263 haec
975 3208 1128 3278 quasi
1159 3222 1278 3264 mea
1307 3210 1524 3280 propria
1551 3225 1773 3281 compo-

195 3309 327 3352 nere
383 3296 553 3367 dicar.
602 3294 933 3367 Multumque
964 3300 1193 3354 obsecro
1242 3308 1299 3354 et
1352 3315 1449 3368 per
1488 3300 1772 3355 Dominum

193 3385 434 3459 legentes
457 3388 703 3443 obtestor
726 3398 787 3443 ut
812 3388 857 3443 si
891 3390 984 3458 qui
1028 3388 1171 3443 forte
1200 3396 1384 3443 nostra
1434 3389 1547 3443 Istue
1571 3429 1587 3454 ,
1637 3404 1773 3459 qua-

194 3478 481 3549 liacunque
507 3480 636 3545 sint,
671 3481 926 3551 opuscula
960 3480 1378 3551 transcriptione
1404 3481 1563 3551 digna
1597 3481 1767 3535 duxe-

194 3570 326 3637 rint,
354 3580 653 3628 memorata
675 3562 899 3642 quoque
915 3574 1193 3631 nominum
1221 3574 1395 3645 signa,
1420 3581 1478 3625 ut
1502 3573 1558 3625 in
1587 3578 1774 3626 nostro

193 3653 487 3731 exemplari
533 3653 856 3731 reperiunt,
910 3662 1127 3734 alligere
1173 3663 1538 3717 meminerint.
1570 3660 1773 3717 Praetor

193 3754 313 3809 haec
351 3768 565 3824 quoque
610 3755 861 3810 nonnulla
890 3797 904 3821 ,
937 3763 998 3809 ut
1026 3756 1145 3811 sine
1168 3755 1392 3811 laesione
1421 3754 1649 3809 aliorum
1691 3754 1769 3809 di-

194 3861 338 3909 cam,
366 3859 485 3914 quae
518 3845 648 3900 mihi
695 3856 883 3899 auctor
922 3843 1062 3901 lucis
1109 3847 1339 3917 aperire
1369 3846 1619 3916 dignatus
1643 3856 1727 3901 est
1750 3887 1766 3912 ,

192 3938 397 4007 proprii
424 3936 635 3992 sudoris
672 3935 867 3991 indicia
908 3952 1006 4006 per
1054 3946 1211 3992 notas
1245 3937 1497 3992 vocabuli
1530 3939 1771 4007 agnomi-

193 4030 387 4100 nisque
434 4030 560 4095 mei,
589 4030 677 4083 ubi
714 4038 1075 4099 opportunum
1136 4031 1445 4095 videbatur,
1484 4031 1715 4087 adnexui
1750 4073 1766 4098 ,

192 4128 475 4189 totumque
495 4133 629 4189 opus
659 4119 711 4172 in
739 4118 907 4173 libros
949 4127 1071 4175 octo
1100 4120 1343 4184 distinxi,
1374 4120 1505 4175 illud
1533 4121 1769 4175 maxime

190 4208 509 4274 observans,
530 4209 835 4277 ubicunque
860 4208 1031 4276 potui,
1058 4216 1117 4263 ut
1143 4208 1231 4263 ubi
1276 4210 1605 4279 evangelista
1655 4225 1768 4265 ser-

191 4315 382 4354 mones
433 4300 642 4355 Domini
673 4308 1074 4355 consummatos
1099 4314 1218 4355 esse
1247 4301 1557 4366 referebat,
1594 4301 1667 4356 ibi
1710 4301 1771 4354 li-

189 4389 413 4443 brorum
441 4390 703 4444 terminos
732 4390 1138 4444 constituerem.
1186 4389 1433 4460 Disposui
1483 4391 1643 4445 etiam
1673 4405 1770 4459 per

193 4480 342 4550 ipsos
363 4480 531 4536 libros
552 4480 689 4536 duos
715 4480 933 4536 ordines
960 4481 1314 4550 capitulorum
1346 4501 1358 4536 :
1396 4498 1582 4547 unum,
1602 4497 1763 4553 quem
1791 4463 1843 4523 Π

1872 3224 2070 3280 parvus
2096 3224 2245 3278 purae
2272 3223 2425 3278 aqua:
2450 3207 2678 3262 haustus
2700 3245 2723 3273 ,_
2755 3219 2917 3275 quam
2955 3200 3240 3257 nauseanti
3260 3197 3453 3270 largis-

1872 3300 2008 3357 sima
2038 3299 2237 3355 eonditi
2269 3299 2378 3353 vini
2408 3297 2623 3369 poeula.
2652 3297 2730 3351 De
2760 3288 2956 3351 caetero
2985 3308 3197 3365 quoque
3225 3292 3449 3347 obsecro

1870 3393 2272 3461 venerationem
2318 3400 2506 3457 tuam,
2554 3390 2856 3445 antistitum
2918 3386 3267 3448 cbarissime,
3306 3383 3451 3439 utsi

1868 3468 2110 3552 praesens
2136 3489 2271 3550 opus
2296 3480 2515 3551 dignum
2547 3478 2733 3534 habitu
2774 3477 2943 3531 ducas
2964 3516 2979 3541 ,
3033 3475 3101 3529 ab
3138 3475 3242 3530 hoc
3266 3488 3450 3529 exem-

1869 3572 2007 3643 plari
2032 3612 2050 3637 ,
2076 3570 2215 3641 quod
2247 3569 2345 3625 tibi
2374 3569 2669 3635 transmisi,
2701 3564 3168 3623 rescribere'illud
3208 3564 3402 3635 jubeas
3430 3601 3445 3625 ,

1869 3671 1925 3717 et
1954 3662 2272 3730 rescriptum
2311 3659 2621 3730 diligentius
2664 3658 2943 3727 requirere
2983 3654 3174 3716 facias,
3208 3648 3450 3707 ne'Scri-

1867 3752 2039 3823 ptoris
2062 3752 2252 3808 vitium
2277 3750 2557 3806 dictatoris
2606 3748 2953 3819 dereputetur
2980 3744 3174 3808 errori,
3202 3742 3296 3798 sed
3326 3756 3444 3796 ma-

1868 3844 1949 3915 gis
1984 3843 2075 3913 qui
2124 3842 2398 3908 seminat,
2449 3840 2611 3896 simul
2664 3839 2940 3911 gaudeat,
3001 3844 3058 3891 et
3122 3835 3216 3904 qui
3295 3833 3451 3888 metit

1869 3932 2049 4005 (Joan.
2080 3940 2166 4002 1v)
2190 3972 2205 3997 ,
2235 3932 2580 4002 fructumque
2607 3932 2811 4001 pariter
2839 3934 3165 3998 congregem
3191 3925 3251 3979 in
3278 3924 3445 3978 vitam

1866 4033 2146 4079 sternam.
2450 4050 2453 4051 '

1936 4116 2193 4173 Orantem
2232 4132 2329 4187 pro
2358 4117 2514 4171 nobis
2538 4123 2782 4171 sanctam
2803 4111 3182 4183 paternitatem
3206 4116 3447 4163 vestram

1866 4208 2038 4280 gratia
2065 4208 2282 4279 superni
2312 4207 2644 4262 Protectoris
2673 4218 2995 4261 conservare
3038 4210 3201 4271 atque
3235 4198 3304 4252 ad
3355 4197 3449 4252 de-
3552 4252 3555 4255 .

1866 4301 2163 4356 fensionem
2193 4300 2449 4355 Ecclesiae
2473 4314 2583 4354 suae
2617 4304 2817 4353 sanctze
2842 4292 3055 4366 Semper
3090 4290 3447 4349 corroboraro

1868 4396 2142 4467 dignetur.

258 4606 285 4635 ι
322 4593 710 4662 Summarium,
756 4603 816 4649 ut
861 4596 1030 4651 moris
1057 4606 1141 4651 est
1168 4597 1362 4673 nostri,
1388 4597 1550 4666 capiti
1572 4596 1767 4666 cuique
1804 4608 1959 4649 suum
1986 4591 2393 4663 praeposuimus.
2425 4589 2580 4643 Enn.

192 4724 3431 4755 ____________________________________________.._.___

1615 4837 2017 4900 lNClPIUNT

682 5005 1716 5121 COMMENTARIA
1796 5005 1941 5117 IN
2026 4972 2924 5113 MATTH/EUM.

1432 5281 1728 5357 LIBER
1805 5278 2217 5356 PRIMUS.

761 5464 1173 5532 pnouunlu'u.

249 5566 659 5636 Expositionem
725 5568 1023 5638 scripturus
1084 5568 1139 5623 in
1200 5568 1546 5639 Evangeliqu
1609 5569 1758 5624 beati

178 5654 439 5724 Matthzci,
469 5666 825 5727 opportunum
871 5675 989 5715 esse
1028 5658 1287 5727 iudicavi,
1318 5662 1501 5730 paucis
1526 5662 1757 5730 primum

1863 5476 2115 5529 intimare
2156 5489 2316 5544 quam
2361 5473 2431 5528 ob
2461 5487 2678 5529 causam
2727 5473 2866 5528 idem
2899 5471 3226 5540 evangelista
3267 5471 3440 5539 ipsum

1839 5569 2208 5639 -Evangelium
2236 5583 2462 5623 exorsus
2500 5568 2570 5622 sit
2607 5566 2864 5629 scribere,
2914 5574 2965 5620 et
3007 5580 3111 5633 qua
3133 5563 3348 5632 lingua,
3386 5567 3447 5618 et

1865 5676 1971 5729 quo
1996 5660 2204 5723 ordine,
2236 5666 2297 5713 ut
2320 5658 2393 5713 illi
2414 5658 2505 5727 qui
2533 5657 2919 5728 aggrediuntur
2949 5655 3051 5710 hoc
3074 5668 3207 5723 opus
3234 5652 3435 5723 legere.
