3948 6316
574 243 672 297 751

1216 242 1275 295 Β.
1321 241 1569 295 RABANI
1608 242 1824 297 MAURI
1864 240 2180 295 ARClilEP.
2225 241 2530 297 MOCUNT.
2571 242 2855 299 OPERUM
2895 245 3073 302 PARS
3111 246 3148 302 1.

3701 256 3812 311 732

570 351 754 405 statim
783 352 835 404 in
868 352 1039 418 capite
1069 346 1235 419 ipsius
1279 350 1557 403 inveniant
1604 358 1960 417 pramotatum
2004 350 2140 403 scri-
2168 354 2213 410 Α
2242 349 2345 403 lem
2375 358 2429 404 et
2455 353 2841 406 sacerdotalem
2860 354 2916 407 in
2940 370 3003 408 eo
3031 358 3282 426 exprimit
3308 361 3635 431 dignitatem.
3671 366 3805 421 Nam

569 453 778 513 ptorem
817 443 986 497 sancti
1040 442 1339 511 Evangelii,
1376 451 1427 495 et
1459 441 1651 508 quibus
1681 440 1811 493 illud
1839 440 2135 507 scripserit.

569 527 804 583 Narrant
833 529 1046 598 quidem
1094 529 1332 582 historias
1377 528 1516 596 quod
1559 527 1660 581 iste
1700 526 1983 581 Matthzeus
2012 542 2139 596 apo-

570 618 739 672 stolus
770 627 824 672 et
850 618 1196 689 evangelista,
1225 618 1315 685 qui
1342 626 1395 671 et
1420 618 1547 671 Levi
1576 632 1872 686 cognomen
1912 620 2140 687 sumpsit

570 708 635 761 de
675 708 849 773 tribu,
890 724 952 763 ex
993 708 1277 777 publicano
1304 707 1505 762 electus
1545 724 1574 761 a
1604 710 1818 763 Christo
1862 720 1917 764 et
1946 725 1976 763 a
2007 724 2135 780 pec-

568 805 726 851 cante
780 793 1085 860 translatus,
1135 796 1370 865 primum
1420 797 1869 867 evangelizaverit
1915 796 2132 852 Iudaeis.

570 886 766 947 Verum
801 902 920 940 cum
950 893 1167 954 pararet
1211 886 1443 941 transire
1474 889 1541 941 ad
1580 897 1785 957 gentes,
1826 890 1998 958 patria
2028 890 2137 956 pri-

567 991 686 1027 mus
708 976 903 1044 lingua,
926 976 978 1029 id
996 984 1100 1038 est,
1126 975 1365 1031 Hebraeis
1391 976 1605 1042 litteris,
1626 978 1969 1048 Evangelium
1990 995 2136 1034 com-

564 1062 831 1129 posuerit,
874 1070 1095 1131 propter
1121 1078 1213 1118 eos
1242 1064 1330 1132 qui
1356 1079 1421 1118 ex
1453 1059 1863 1120 circumcisione
1888 1068 2134 1122 credide-

564 1160 711 1215 runt,
745 1151 1194 1220 dereliqueritqne
1220 1153 1297 1206 eis
1325 1152 1452 1205 illud
1476 1154 1543 1207 ad
1571 1155 1910 1221 memoriam,
1950 1172 1979 1210 a
2015 1158 2135 1227 qui-

562 1238 663 1294 bus
690 1239 1131 1307 proliciscebatur
1170 1250 1227 1294 ut
1271 1238 1520 1308 gentibus
1547 1244 1885 1312 praedicaret.
1927 1246 1983 1300 In
2024 1263 2132 1318 quo

562 1332 1095 1386 animadvertendum
1142 1343 1226 1386 est
1271 1335 1413 1403 quod
1457 1334 1760 1405 ubicunque
1806 1340 2136 1409 evangelista

560 1424 683 1489 istc,
715 1426 825 1479 sive
851 1439 915 1477 ex
953 1439 1179 1492 persona
1224 1440 1339 1488 sua,
1386 1426 1499 1481 sive
1544 1441 1607 1479 ex
1648 1428 1854 1482 Domini
1886 1428 2133 1486 Salvato-

560 1517 653 1580 ris,
686 1516 883 1571 veteris
912 1514 1203 1586 Scriptura:
1230 1518 1548 1573 testimoniis
1579 1520 1774 1584 utitur,
1810 1536 1915 1576 non
1942 1538 2136 1592 sequa-

559 1613 645 1657 tur
673 1604 1021 1675 Septuaginta
1045 1605 1423 1660 translatorum
1468 1608 1861 1671 auctoritatem,
1903 1607 1996 1665 sed
2024 1609 2128 1666 He-

2239 437 2395 493 Jesus
2440 442 2532 510 qui
2580 443 2809 495 nominis
2857 443 3012 510 hujus
3052 450 3370 525 praesagium
3410 454 3663 520 przetulit,
3698 457 3806 525 pri-

2238 546 2357 585 inns
2386 540 2505 600 post
2534 532 2748 603 Moysen
2790 534 2839 587 in
2878 536 3073 603 populo
3112 537 3273 594 Israel
3309 544 3559 597 ducatum
3611 550 3799 612 tenuit,

2237 633 2291 675 et
2337 622 2473 676 lilios
2517 624 2679 678 Israel
2722 625 2782 678 in
2835 634 3032 679 terram
3080 632 3507 697 repromissionis
3552 636 3799 699 induxit,

2236 710 2415 765 Aaron
2449 728 2593 775 vero,
2625 715 2851 783 mystico
2872 707 3218 773 consecratus
3257 732 3545 790 unguento,
3596 728 3804 794 primus

2236 799 2290 853 in
2322 800 2437 871 lege
2474 803 2725 859 sacerdos
2746 802 2862 859 fuit.
2908 806 3151 862 Salvator
3183 809 3345 881 igitur
3387 824 3602 880 noster,
3641 833 3801 886 quem

2235 890 2383 943 unxit
2403 890 2544 945 Deus
2572 892 2682 946 olea
2710 894 2907 949 (milia:
2926 914 3035 966 pra:
3066 900 3301 955 omnibus
3325 904 3660 972 participibus
3686 908 3800 976 ejus

2236 977 2423 1047 (Psal.
2455 982 2656 1053 xuv),
2688 991 2742 1036 et
2777 983 2892 1038 Rex
2938 994 3041 1051 est,
3074 988 3139 1042 de
3177 1004 3282 1058 quo
3322 992 3580 1062 prepbeta
3620 998 3752 1051 dicit
3782 1017 3794 1050 :

2237 1065 2677 1138 Multiplicabilur
2695 1072 2967 1140 imperium
2990 1074 3104 1143 ejus
3121 1116 3135 1141 ,
3178 1086 3225 1130 et
3250 1082 3393 1147 pacis
3422 1098 3525 1135 non
3554 1083 3650 1136 erit
3674 1084 3793 1150 finis

2232 1154 2369 1226 (Isa.
2408 1157 2521 1229 ix);
2569 1169 2623 1214 et
2666 1162 2885 1232 angelus
2920 1164 2985 1218 ad
3033 1165 3275 1232 Mariam,
3306 1174 3600 1240 potentiam
3652 1177 3797 1243 regni

2234 1245 2348 1315 ejus
2374 1249 2747 1308 demonstrans
2779 1273 2790 1308 :
2821 1254 3216 1327 Dabit,—inquit,
3256 1260 3333 1315 illi
3368 1262 3628 1319 Dominus
3658 1266 3794 1322 Deus

2232 1343 2403 1396 sedem
2442 1344 2609 1400 David
2650 1350 2813 1418 patris
2858 1350 2995 1420 ejus,
3024 1362 3072 1405 et
3099 1356 3328 1423 regnabit
3368 1358 3421 1410 in
3458 1357 3612 1412 domo
3634 1359 3794 1415 Iacob

2230 1431 2285 1485 in
2338 1441 2612 1505 internum,
2652 1445 2700 1490 et
2738 1439 2879 1507 regni
2906 1439 3018 1509 ejus
3045 1458 3148 1496 non
3177 1443 3275 1496 erit
3313 1444 3433 1512 ﬁnis
3462 1444 3615 1518 (Luc.
3648 1450 3709 1518 ι).
3735 1450 3795 1503 Et

2233 1522 2497 1582 Sacerdos
2539 1520 2819 1595 idemest,
2852 1530 2917 1585 de
2946 1547 3052 1602 quo
3082 1534 3209 1588 dicit
3238 1534 3519 1591 Psalmista
3551 1559 3563 1592 :
3595 1539 3794 1593 Jurarit

2230 1613 2506 1681 Dominus,
2553 1625 2602 1670 et
2648 1634 2750 1695 non
2778 1621 3037 1688 pmnitebit
3088 1638 3223 1685 eam,
3269 1632 3325 1677 tu
3355 1642 3427 1679 es.
3460 1624 3715 1681 Sacerdos
3744 1630 3791 1682 in

496 1746 503 1753 ,
556 1695 793 1750 braicam
826 1713 839 1749 :
871 1710 900 1749 e
926 1697 1119 1766 quibus
1146 1696 1234 1751 illa
1256 1698 1361 1752 duo
1384 1707 1508 1753 sunt
1540 1693 1664 1753 :‘Ex
1692 1698 1923 1786 ngypto
1952 1702 2129 1756 vocavi
2156 1694 2204 1753 Β
2231 1714 2480 1759 (sternam
2539 1693 2825 1774 secundum
2885 1713 3118 1769 ordinem
3181 1715 3555 1773 Melchisedech
3607 1718 3790 1790 (Psal.

553 1786 725 1853 ﬁlium
770 1804 939 1840 meum
979 1802 998 1850 ,'
1038 1788 1104 1841 Et
1138 1807 1150 1841 :
1194 1786 1457 1852 Quoniam
1498 1788 1793 1845 Nazarwus
1838 1793 2126 1846 vocabitur.

555 1873 738 1945 (Aug)
790 1873 920 1928 Nam
952 1875 1230 1930 Matthaeus
1260 1877 1563 1946 suscepkse
1590 1878 1905 1949 intelligitur
1951 1880 2131 1934 incar-

554 1966 826 2021 nationem
857 1965 1066 2021 Domiiii
1098 1968 1389 2023 secundum
1420 1968 1641 2038 stirpem
1671 1971 1895 2039 regiam,
1936 1980 1991 2026 et
2018 1971 2145 2042 pie-5

556 2068 723 2121 raque
752 2056 1045 2109 secundum
1072 2056 1348 2112 hominum
1377 2066 1696 2128 praesentem
1718 2060 1885 2114 vitam
1905 2068 1959 2115 et
1984 2059 2125 2117 facta

555 2151 611 2196 et
631 2144 771 2197 dicta
802 2144 916 2212 ejus
950 2147 1201 2215 exsequi,
1236 2146 1379 2202 unde
1413 2148 1545 2203 etin
1580 2148 1842 2219 principio
1884 2150 2127 2221 Evange-

552 2230 607 2285 lii
637 2234 720 2288 sui
752 2234 930 2290 taliter
952 2250 1197 2301 exorsus,
1226 2237 1301 2291 ait
1331 2254 1345 2290 :

1064 2368 1289 2424 CAPUT
1325 2368 1611 2426 PRIMUM.

552 2456 867 2527 Cenealogia
898 2456 1093 2512 Christi
1123 2470 1481 2524 enumeratur,
1512 2470 1561 2513 et
1594 2462 1648 2514 in
1691 2469 1794 2514 tres
1832 2463 2125 2517 tessarade-

622 2528 774 2581 cades
820 2528 1095 2593 dividitur,
1119 2539 1166 2582 et
1221 2529 1284 2582 de
1332 2530 1729 2599 desponsatione
1777 2533 1960 2586 matris
2005 2533 2120 2603 ejus

623 2606 891 2651 narratur.

622 2709 711 2782 [1.]
732 2709 885 2763 Liber
907 2711 1255 2781 generationis
1268 2711 1302 2765 J
1306 2728 1393 2765 esu
1409 2709 1624 2766 Christi.
1644 2710 1825 2783 (Aug)
1840 2710 1955 2778 Quo
1969 2728 2123 2769 exor-

550 2799 638 2854 dio
679 2814 777 2853 suo
808 2800 937 2852 satis
968 2799 1201 2853 ostendit
1241 2800 1641 2869 generationem
1685 2798 1884 2854 Christi
1931 2815 2121 2856 secun-

547 2891 674 2945 dum
721 2905 960 2955 carnem,
993 2907 1052 2945 se
1087 2892 1386 2961 suscepisse
1416 2893 1762 2947 narrandam.
1812 2892 2117 2949 Secundum

549 2981 689 3036 hanc
738 2981 879 3035 enim
915 2981 1163 3036 Christus
1205 2982 1345 3036 ﬁlius
1376 2982 1611 3037 hominis
1646 2992 1750 3049 est,
1794 2985 1934 3053 quod
1954 2985 2131 3047 etiam,

547 3073 724 3141 seipse
762 3071 1055 3141 smpissime
1091 3073 1342 3143 appellat,
1387 3075 1767 3130 commendans
1798 3077 1950 3131 nobis
1975 3079 2116 3147 quod

546 3162 969 3216 misericorditer
1007 3162 1255 3233 dignatus
1284 3164 1352 3218 sit
1378 3178 1497 3218 esse
1524 3179 1623 3233 pro
1650 3165 1820 3220 nobis.
1862 3165 1995 3220 Nam
2027 3167 2116 3221 illa

543 3266 773 3321 superna
796 3261 851 3307 et
877 3260 1078 3306 aeterna
1108 3254 1399 3323 generatio,
1439 3257 1731 3309 secundum
1760 3270 1921 3325 quam
1950 3256 2115 3312 Filius

545 3344 637 3397 Dei
690 3345 994 3413 unigenitus
1043 3354 1125 3399 est
1172 3354 1297 3399 ante
1340 3362 1557 3402 omnem
1604 3355 1947 3413 creaturam,
1991 3350 2115 3418 quia

541 3435 720 3489 omnia
748 3450 843 3505 per
868 3436 1036 3506 ipsum
1071 3436 1207 3490 facta
1250 3434 1395 3499 sunt,
1429 3438 1500 3490 ita
1529 3436 1813 3492 inellabilis
1842 3448 1947 3503 est,
1970 3447 2027 3493 ut
2049 3439 2115 3494 de

542 3525 630 3579 illa
658 3527 861 3580 dictum
890 3542 918 3579 a
953 3528 1209 3596 propheta
1238 3525 1373 3597 [saia
1413 3526 1780 3597 intelligatur:
1814 3526 2113 3583 Generatioo

542 3631 656 3667 nem
680 3614 793 3685 ejus
815 3616 928 3684 quis
958 3594 1221 3669 enarrabit
1240 3617 1264 3669 ?
1285 3594 1923 3687 ('lsa.un.)quanquam
1955 3629 2009 3674 et
2040 3619 2109 3675 de

540 3702 822 3771 temporali
862 3703 977 3772 ejus
1018 3704 1298 3758 nativitate
1322 3745 1336 3767 ,
1380 3719 1485 3773 qua
1517 3706 1722 3758 verbum
1765 3724 1888 3760 caro
1912 3707 2111 3776 factum

540 3802 642 3855 est,
671 3802 727 3847 et
767 3793 915 3863 virgo
943 3792 1146 3862 Spiritu
1176 3804 1364 3849 saneto
1405 3796 1624 3865 gravida
1668 3796 1833 3849 lilium
1880 3799 2108 3866 peperit,

541 3891 595 3937 et
616 3884 766 3953 virgo
795 3885 1112 3953 permansit,
1162 3886 1276 3940 hcce
1302 3886 1613 3955 prephetica
1646 3888 1908 3941 sententia
1943 3890 2111 3957 possit

542 3988 647 4026 non
694 3974 1132 4028 inconvenienter
1180 3975 1371 4044 accipi,
1420 3992 1487 4030 ne
1530 3991 1697 4030 sacra.-
1742 3976 2110 4033 mdilicationis

539 4064 748 4117 discors
777 4078 1035 4134 compago
1066 4080 1169 4117 non
1201 4065 1419 4120 haereat.
1456 4065 1621 4135 Igitur
1662 4065 1963 4131 Matthaeus,
1991 4083 2109 4122 cor-

541 4164 698 4223 rupto
744 4155 961 4207 humani
1010 4156 1222 4225 generis
1262 4157 1413 4211 initio
1458 4170 1552 4227 per
1588 4158 2102 4226 praevaricationem,

541 4246 594 4299 in
625 4246 799 4315 primo
839 4244 969 4299 Novi
1011 4244 1335 4300 Testamenti
1380 4248 1514 4302 libro
1554 4250 1883 4317 respondens
1932 4252 2106 4320 primo

539 4336 676 4389 libro
704 4336 899 4390 veteris
948 4334 1099 4405 legis,
1149 4336 1238 4389 ubi
1282 4338 1537 4405 scriptum
1571 4348 1651 4392 est
1685 4356 1697 4391 :
1730 4338 1831 4392 Hic
1875 4350 1948 4393 est
1977 4340 2105 4394 liber

538 4428 885 4498 generationis
930 4427 1042 4481 caeli
1084 4436 1131 4480 et
1172 4437 1324 4481 terra’
1356 4425 1521 4497 (Cen.
1590 4428 1695 4498 n);
1744 4438 1798 4482 et
1850 4446 2100 4484 rursum:

542 4518 643 4571 llic
671 4526 744 4571 est
768 4517 903 4571 liber
937 4518 1281 4588 generationis
1317 4518 1444 4573 Adw
1470 4517 1628 4590 (Cen.
1653 4520 1738 4591 v);
1772 4521 1898 4575 Adae
1926 4522 2104 4575 videli~

537 4620 625 4665 cet
651 4611 853 4673 veteri,
895 4624 991 4678 per
1035 4624 1193 4678 quem
1230 4621 1374 4666 totus
1410 4620 1694 4681 corruptus
1737 4621 1821 4665 est
1847 4612 2098 4676 mundus,

540 4703 707 4755 Adam
737 4717 1010 4771 opponens
1036 4717 1253 4767 novum,
1285 4703 1334 4755 iu
1364 4719 1469 4771 quo
1493 4712 1786 4757 restaurata
1823 4712 1947 4757 sunt
1980 4719 2097 4757 om-

541 4796 652 4856 nia,
701 4804 753 4847 ct
790 4810 907 4862 qum
939 4795 990 4848 in
1034 4793 1176 4849 ccelo
1203 4802 1258 4848 et
1300 4809 1417 4861 qua:
1468 4795 1517 4846 in
1569 4802 1710 4846 terra
1762 4794 2093 4856 consistunt;

540 4886 687 4938 dedit
717 4883 992 4939 manifeste
1029 4884 1246 4955 intelligi
1296 4884 1436 4953 quod
1487 4884 1650 4953 ipsius
1696 4884 1975 4951 scripserit
2021 4899 2103 4937 se-

535 4976 769 5029 candum
810 4990 1022 5029 carnem
1060 4978 1483 5044 generationem,
1529 4974 1617 5043 qui
1650 4974 1849 5028 electos
1888 4990 2012 5028 suos
2050 4977 2099 5028 in

540 5064 769 5117 tiliorum
817 5061 910 5115 Dei
966 5073 1263 5117 assumeret
1302 5064 1663 5134 adoptionem.
1704 5064 1881 5128 Quare
1922 5074 2097 5117 autem

535 5155 724 5208 librum
755 5154 948 5208 dixerit
972 5155 1333 5223 generationis.
1360 5170 1480 5208 cum
1514 5169 1733 5222 parvam
1781 5153 1898 5205 libri
1934 5154 2099 5220 parti-

534 5246 708 5298 cuiam
753 5253 931 5299 teneat
965 5244 1259 5313 generatio,
1310 5245 1407 5296 hoc
1454 5244 1765 5311 intelligitur
1795 5244 1935 5309 quod
1968 5259 2093 5296 con-

533 5313 871 5389 suetudinem
897 5333 1070 5404 gentis
1091 5348 1199 5386 sure
1227 5342 1438 5385 secutus
1461 5334 1549 5384 sit.
1582 5332 1921 5385 Consuetudo
1950 5331 2093 5383 enim

536 5423 877 5476 Hebraeorum
920 5433 1002 5476 est
1048 5430 1102 5475 ut
1128 5420 1483 5475 voluminibus
1511 5436 1573 5473 ex
1606 5434 1789 5473 eorum
1818 5417 2096 5485 principiis

535 5512 807 5580 itttlmttattl
835 5511 1065 5574 nomina,
1108 5520 1163 5563 ut
1194 5519 1277 5565 est
1305 5508 1549 5569 Genesis,
1580 5507 1791 5561 Exodus
1837 5515 1889 5559 et
1917 5506 2094 5559 celeri

536 5599 651 5653 libri
683 5600 893 5671 legales.
929 5603 1077 5668 Quo!
1126 5612 1297 5653 autem
1329 5599 1477 5661 dicit,
1508 5596 1633 5650 Iesu
1680 5595 1891 5659 Christi,
1946 5613 2092 5666 ruga-

2232 1795 2363 1869 cu).

2302 1888 2433 1943 Filii
2464 1890 2649 1957 David,
2684 1893 2787 1961 ﬁlii
2829 1896 3115 1952 Abraham.
3158 1897 3438 1971 (Hieron)
3479 1900 3625 1958 Ordo
3662 1914 3813 1972 ρπβ·

2226 1988 2491 2049 posterus,
2533 1983 2626 2037 sed
2667 1987 2969 2051 necessario
3004 1998 3381 2045 commutatus.
3417 1990 3471 2045 Si
3504 1993 3645 2047 enim
3687 1995 3791 2063 pri-

2229 2086 2372 2135 mum
2404 2074 2670 2143 posuisset
2695 2076 2987 2153 Abraham,
3018 2087 3073 2133 et
3098 2088 3279 2149 postea
3309 2082 3495 2142 David,
3527 2097 3714 2135 rursus
3744 2085 3787 2136 ei

2227 2162 2546 2241 repetendus
2594 2156 2770 2220 fuerat
2810 2166 3102 2232 Abraham,
3140 2178 3197 2225 ut
3234 2172 3595 2240 generationis
3628 2173 3790 2226 series

2227 2258 2519 2307 texeretur.
2550 2253 2674 2308 Ideo
2701 2264 2901 2319 autem,
2930 2260 3137 2313 caeteris
3163 2261 3557 2328 praetermissis,
3599 2263 3784 2316 borum

2224 2340 2392 2395 ﬁlium
2423 2346 2767 2415 nuncupavit,
2800 2348 2922 2416 quia
2966 2350 3031 2402 ad
3056 2349 3153 2404 hos
3183 2358 3386 2403 tantum
3430 2350 3571 2405 facta
3610 2358 3694 2406 est
3726 2352 3788 2405 de

2224 2430 2439 2488 Christo
2462 2422 2821 2502 repromissio.
2838 2436 2917 2491 Ad
2930 2437 3198 2499 Abraham
3226 2456 3239 2492 :
3261 2438 3326 2492 In
3345 2442 3538 2494 semine
3553 2482 3568 2506 ,
3594 2441 3787 2510 inquit.

2221 2532 2310 2577 tuo
2339 2526 2701 2581 benedicentur
2739 2545 2915 2583 omnes
2935 2540 3104 2600 gentes
3139 2528 3304 2601 (Cen.
3334 2532 3502 2602 xxxi),
3540 2534 3681 2602 quod
3708 2543 3788 2587 est

2221 2614 2484 2671 Christus.
2510 2618 2590 2672 Ad
2619 2620 2785 2675 David
2816 2633 2830 2672 :
2863 2619 2938 2674 De
2965 2620 3141 2689 fructu
3172 2622 3357 2675 ventris
3383 2623 3459 2674 tui
3482 2639 3672 2691 ponam
3697 2640 3785 2676 su-

2220 2721 2312 2773 per
2340 2706 2508 2761 sedem
2528 2715 2672 2761 tuam
2696 2706 2879 2779 (Psal.
2905 2710 3111 2781 cxxxs).
3138 2701 3141 2705 ’

2294 2797 2559 2853 Abraham
2581 2802 2756 2871 genuit
2796 2799 2973 2866 Isaac,
3008 2801 3163 2873 Isaae
3186 2811 3354 2856 autem
3390 2802 3566 2873 genuit
3600 2800 3784 2865 Iacob.

2221 2888 2547 2959 Exs’equitur
2566 2906 2694 2961 ergo
2709 2891 2995 2957 humanam
3024 2894 3417 2963 generationem
3434 2892 3635 2947 Christi
3652 2892 3785 2946 Mat-

2222 2978 2412 3044 tbzeus,
2442 2980 2508 3035 ab
2532 2980 2649 3050 ipso
2667 2982 3037 3052 promissionis
3058 2982 3257 3038 Christi
3282 2983 3523 3049 exordio,
3553 2984 3659 3038 hoc
3680 2991 3784 3047 est,

2220 3070 2287 3124 ab
2314 3069 2586 3125 Abraham
2616 3083 2958 3142 generatores
3000 3088 3449 3139 commemorans,
3496 3087 3633 3142 quos
3657 3087 3783 3141 per-

2218 3160 2365 3216 ducit
2391 3161 2458 3216 ad
2489 3160 2685 3232 Joseph
2711 3164 2884 3218 virum
2911 3164 3087 3220 Marim
3106 3206 3120 3229 ,
3163 3166 3228 3219 de
3256 3180 3360 3235 qua
3395 3172 3555 3219 natus
3590 3173 3679 3219 est
3697 3161 3785 3218 Je-

2217 3264 2327 3305 sus.
2353 3248 2640 3321 (MAURUS.)
2663 3250 2881 3322 Mystice
2904 3267 3115 3322 quoque
3142 3253 3470 3307 demonstrat
3491 3252 3781 3322 quomodo,

2218 3338 2282 3394 de
2307 3340 2619 3411 gentilitatis
2645 3343 2888 3413 caligine,
2936 3343 3091 3411 quasi
3127 3343 3192 3397 de
3219 3342 3472 3413 [Egyptia
3498 3346 3780 3404 servitute,

2214 3445 2312 3501 per
2338 3434 2684 3505 quadraginta
2734 3434 2867 3488 duos
2894 3434 3061 3500 viros,
3108 3449 3169 3490 ac
3208 3436 3253 3489 si
3299 3433 3536 3502 ejusdem
3574 3435 3779 3488 numeri

2214 3523 2543 3588 mansiones,
2588 3526 2652 3579 ad
2683 3526 2943 3595 virginem
2972 3526 3191 3580 Mariam
3212 3568 3225 3590 ,
3255 3526 3413 3595 pleno
3443 3527 3612 3580 sancti
3659 3524 3775 3594 Spi-

2214 3614 2349 3669 ritus
2368 3615 2576 3686 gurgite
2606 3615 2873 3680 ﬂuentem,
2902 3632 2966 3671 ac
2992 3618 3033 3671 si
3061 3616 3441 3687 intelligibilem
3462 3616 3775 3675 Iordanem.

2213 3702 2347 3757 duce
2384 3704 2607 3759 Domino
2653 3704 2777 3760 Jesu
2814 3706 3046 3770 Christo,
3094 3707 3237 3761 velut
3271 3705 3434 3760 Iosue
3480 3706 3590 3759 lilio
3632 3704 3774 3765 Nun,

2211 3802 2426 3848 ventum
2451 3796 2551 3860 sit;
2578 3798 2857 3867 ipsumque
2878 3796 3147 3852 Christum
3172 3799 3235 3851 de
3263 3797 3425 3850 Maria
3452 3805 3633 3851 natum
3658 3812 3777 3851 esss

2212 3892 2457 3947 testatur,
2487 3886 2576 3954 qui
2606 3887 2749 3940 velut
2782 3888 2971 3941 hamus
2999 3888 3050 3940 in
3085 3888 3214 3942 retis
3250 3886 3443 3955 capite,
3487 3886 3642 3940 sicin
3671 3886 3775 3938 line

2210 3974 2531 4046 genealogize
2559 3977 2785 4046 positus,
2812 3986 2866 4031 et
2891 3978 2944 4030 in
2972 3992 3117 4032 mare
3144 3977 3301 4045 hujus
3330 3975 3512 4029 mundi
3544 3992 3573 4029 a
3617 3975 3774 4028 Patre

2210 4063 2446 4123 missus.
2500 4072 2794 4120 tortuosum
2842 4067 3127 4120 draconem
3184 4066 3504 4119 aduocatum
3563 4064 3772 4118 occisus

2210 4156 2422 4220 occidit,
2447 4166 2606 4226 atque
2626 4158 2843 4211 humani
2870 4158 3080 4228 generis
3109 4168 3331 4210 mortem
3357 4164 3604 4208 mortuus
3628 4168 3772 4206 mor-

2209 4246 2451 4301 tiﬁcavit.
2498 4247 2563 4301 Et
2593 4248 2712 4302 ideo
2740 4247 2885 4300 velut
2917 4246 3041 4300 l'une
3074 4246 3361 4313 duplicato,
3406 4243 3773 4297 iterato.vide-

2210 4334 2334 4389 licet
2376 4335 2788 4405 uniuscujusque
2823 4336 3055 4398 nomine,
3105 4336 3155 4388 in
3202 4335 3330 4387 retis
3364 4331 3768 4387 similitudinem

2211 4424 2531 4494 genealogim
2571 4425 2702 4479 ordo
2730 4425 3061 4487 contexitur,
3097 4424 3265 4477 donec
3293 4424 3358 4475 ab
3390 4421 3548 4489 hujus
3576 4421 3769 4489 princi-

2210 4515 2316 4582 pio,
2352 4514 2450 4567 hoc
2471 4524 2575 4578 est,
2602 4515 2667 4567 ab
2689 4513 2955 4567 Abraham
2985 4514 3051 4567 ad
3074 4514 3289 4566 hamum
3322 4524 3511 4579 usque,
3544 4511 3645 4563 hoc
3666 4518 3765 4565 est.

2208 4603 2500 4667 Christum,
2534 4604 2876 4665 adveniatur;
2919 4603 2981 4657 de
3011 4617 3115 4671 quo
3145 4602 3207 4655 ad
3238 4608 3482 4654 sanetum
3509 4596 3611 4651 Job
3639 4596 3764 4649 dici-

2208 4703 2295 4747 tur
2327 4712 2339 4747 :
2372 4695 2620 4764 Nunquid
2666 4696 2950 4747 aduncabis
2990 4693 3267 4746 Leviathan
3316 4693 3469 4743 hamo
3515 4700 3605 4743 tuo
3629 4730 3642 4752 ,
3676 4699 3765 4740 aut

2207 4784 2412 4835 armilla
2442 4784 2731 4852 perforabis
2768 4782 3008 4835 maxillas
3051 4781 3204 4849 ejus?
3233 4780 3371 4843 (Job.
3405 4776 3763 4849 x1..)(Creg.)

2206 4872 2260 4924 In
2287 4874 2630 4939 hamoigitur
2661 4872 3040 4925 incarnationis
3069 4871 3263 4925 Christi
3299 4870 3399 4923 iste
3436 4878 3630 4937 captus
3658 4876 3761 4927 est,

2205 4962 2325 5030 quia
2357 4963 2479 5014 dum
2515 4965 2565 5015 in
2593 4963 2682 5015 illo
2708 4963 2927 5030 appetiit
2962 4976 3140 5015 escam
3181 4960 3443 5027 corporis,
3473 4958 3764 5011 transiian

2201 5060 2281 5104 est
2308 5050 2489 5104 aculeo
2517 5052 2824 5105 divinitatis.

2271 5142 2441 5195 Jutlas
2481 5153 2651 5195 autem
2672 5144 2843 5211 genuit
2876 5140 3073 5193 Phares
3107 5149 3153 5193 et
3183 5139 3379 5193 Laram
3411 5138 3475 5191 de
3513 5138 3758 5191 Thamar.

2202 5232 2220 5300 (
2246 5231 2462 5285 Hieron.
2487 5233 2505 5303 )
2534 5231 2832 5285 Notandum
2860 5232 2913 5284 in
2947 5230 3253 5300 genealogia
3289 5228 3617 5292 Salvatoris,
3647 5229 3763 5281 nul-

2198 5325 2301 5377 lam
2326 5335 2630 5378 sanctarum
2656 5324 2855 5377 assumi
2886 5323 3188 5385 mulierum,
3216 5322 3307 5376 sed
3335 5336 3429 5374 cas
3457 5336 3595 5389 quas
3621 5319 3761 5372 Scri-

2197 5423 2351 5483 ptura
2394 5414 2760 5482 reprehendit,
2799 5414 2971 5482 utqui
3016 5422 3229 5482 prOptcr
3264 5420 3576 5480 peccatores
3608 5426 3759 5464 vene-

2200 5516 2299 5569 rat,
2338 5506 2402 5559 de
2437 5505 2822 5575 prccatricibus
2854 5520 3100 5565 nascens,
3144 5504 3377 5556 omnium
3424 5512 3641 5570 peccata
3669 5500 3757 5552 dc-

2196 5595 2342 5647 lcrcl.
2381 5596 2456 5650 l’u
2482 5598 2527 5649 le
2558 5606 2605 5647 et
2637 5596 2685 5647 in
2718 5612 2743 5645 tr
2767 5611 2845 5647 ius
2866 5595 3162 5662 ηιιιιιιιῖἰὶηιδ
3206 5593 3341 5645 li'tlh
3393 5592 3528 5645 Bina!
3553 5593 3635 5645 itis
3662 5604 3756 5658 [Ic-
