3948 6332
298 328 404 385 733

1271 334 1615 392 COMMENT.
1654 332 1720 386 IN
1762 329 2192 388 MATTILEUH.
2234 363 2300 372 --
2340 330 2465 388 LIB.
2500 334 2541 390 Ι.

3410 338 3504 367 ετι

3419 358 3506 395 [03

297 450 468 509 nitur,
498 456 551 499 et
570 445 864 500 Belhsabee
884 444 1188 517 [llersahea]
1218 463 1350 501 uxor
1370 446 1528 501 Uriaa.
1559 442 1844 517 (Μειωιυδ.)
1874 444 1921 500 Α
1950 439 2116 494 DaVid
2137 441 2340 510 primus
2375 444 2439 499 de
2469 444 2610 500 tribu
2637 444 2773 502 Iuda
2799 460 2893 504 rex
2922 446 3040 514 fuit,
3069 462 3167 519 per
3190 465 3349 521 quam
3378 452 3510 508 ordo

296 536 384 590 Ad
434 536 740 591 interiorem
786 551 911 590 vero
958 536 1301 599 intellectum,
1346 537 1396 589 in
1447 536 1693 589 omnibus
1736 534 1853 588 istis

295 634 549 692 quatuor,
579 633 796 678 ventura
827 624 892 678 ad
920 625 1199 680 Dominum
1234 625 1472 679 Ecclesia
1499 626 1561 678 de
1588 624 1853 694 gentilita-

296 719 373 771 tis
406 732 588 770 errore
633 715 910 785 ﬁguratur,
954 730 1071 783 qua:
1115 716 1262 783 prius
1306 715 1497 779 aliena,
1549 712 1852 785 ignominiis

292 809 456 876 plena
479 815 532 860 et
556 806 753 861 sterilis
775 806 1092 867 habebatur,
1130 806 1221 859 sed
1252 805 1316 858 ad
1342 804 1611 857 Christum
1643 812 1701 855 ut
1722 802 1852 870 legi-

294 896 432 949 tima
463 893 741 962 conjuncta
773 902 855 949 est
884 903 1147 955 matrona,
1176 902 1230 947 et
1259 893 1436 962 plures
1461 890 1737 962 adeptivos
1764 907 1853 961 pa-

293 988 370 1041 rit
395 986 502 1041 Deo
533 986 696 1050 ﬁlios,
742 1000 901 1055 quam
950 984 1255 1055 Synagoga,
1307 1000 1424 1054 qua:
1450 985 1601 1054 prius
1638 991 1695 1036 ut
1721 997 1849 1053 pro-

288 1076 473 1146 prium
506 1076 781 1129 videbatur
826 1073 1103 1129 Dominum
1145 1074 1339 1127 habere
1376 1073 1568 1127 virum.
1616 1070 1851 1127 Thamar

288 1178 427 1236 ergo
465 1166 846 1235 interpretatur
878 1164 1196 1229 amaritudo,
1241 1164 1320 1216 vel
1358 1173 1701 1228 commutatis,
1737 1163 1850 1217 sive

285 1257 502 1327 palma;
533 1265 585 1310 et
612 1246 801 1311 merito
825 1257 939 1311 hcce
967 1256 1143 1310 omnia
1172 1256 1495 1311 conveniunt
1524 1266 1722 1310 sanctae
1745 1257 1849 1310 Ee-

285 1346 494 1410 clesiae,
540 1362 657 1415 qum
698 1362 879 1400 amara
904 1348 1052 1415 prius
1079 1346 1175 1400 fuit
1215 1348 1266 1399 in
1305 1345 1596 1400 idololatria
1626 1355 1678 1400 et
1707 1346 1847 1414 turpi

286 1435 695 1490 cenvcrsatione
712 1479 725 1500 ,
776 1437 868 1491 sed
893 1437 1050 1490 modo
1074 1437 1240 1491 dulcis
1265 1445 1345 1490 est
1371 1451 1465 1504 per
1492 1436 1671 1489 ﬁetum
1702 1451 1847 1490 com-

283 1526 614 1597 punctionis,
642 1536 693 1580 et
731 1526 961 1580 studium
990 1527 1059 1596 pii
1087 1526 1303 1580 laboris.
1348 1526 1470 1581 llmc
1510 1535 1847 1581 commutaas

283 1625 440 1673 recte
476 1618 690 1681 dicitur,
738 1617 860 1685 quia
898 1632 960 1671 ex
992 1617 1290 1686 peccatrice
1332 1625 1655 1670 commutata
1685 1617 1845 1669 estin

282 1706 507 1777 justam,
535 1717 588 1763 et
605 1723 677 1763 ex
704 1710 885 1763 odiosa
912 1710 963 1763 in
996 1717 1245 1771 amatam,
1273 1724 1390 1777 quae
1414 1708 1604 1777 palmze
1632 1708 1733 1762 rite
1760 1724 1846 1762 as-

285 1801 592 1866 similatur,
638 1810 856 1871 propter
902 1810 1172 1856 certamen
1220 1801 1461 1855 laborum
1508 1809 1561 1855 et
1615 1801 1845 1856 victoria:
1875 1779 1918 1838 Β

286 1894 588 1965 praemium.
634 1890 707 1944 De
731 1891 820 1945 illa
854 1893 1049 1962 quippe
1076 1891 1210 1945 bene
1236 1907 1332 1961 per
1360 1891 1693 1946 Psalmistam
1717 1891 1845 1945 diei-

288 1991 380 2038 tur
410 2001 424 2038 :
452 1984 635 2039 Justus
673 1993 728 2037 ut
768 1983 943 2053 palma
986 1983 1208 2053 ﬂorebit,
1262 1983 1395 2037 sicut
1438 1983 1618 2037 cedrus
1660 1981 1845 2035 Libani

286 2073 717 2147 multiplicabitur
752 2072 935 2144 (Psal.
978 2088 1061 2127 xei
1096 2073 1133 2141 ).
1170 2072 1313 2126 Raab
1356 2088 1568 2141 quoque
1598 2073 1842 2139 latitudo,

286 2163 372 2217 vel
392 2163 571 2231 fames,
597 2178 687 2217 seu
712 2163 947 2233 impetus,
976 2163 1392 2230 interpretatur;
1418 2172 1471 2216 et
1492 2164 1617 2231 quid
1645 2164 1694 2215 iu
1719 2164 1839 2227 hoc,

286 2254 392 2309 nisi
416 2262 613 2309 sanctae
641 2254 891 2308 Ecclesia:
919 2253 1165 2308 nobilitas
1192 2254 1531 2321 przedicatur,
1564 2254 1647 2307 cui
1678 2253 1840 2306 etiam

287 2359 386 2415 per
438 2342 630 2399 Isaiam
681 2343 910 2398 dicitur:
946 2342 1121 2395 Dilata
1174 2342 1342 2396 locum
1395 2342 1601 2396 tentorii
1653 2342 1749 2405 tui,
1796 2351 1843 2394 et

286 2433 441 2502 pelles
488 2432 935 2487 tabernaculorum
987 2442 1192 2487 tuorum
1240 2433 1484 2493 extende:
1532 2450 1592 2485 ne
1636 2450 1841 2501 parcas,

286 2525 466 2595 longos
488 2524 571 2593 fac
595 2523 853 2592 funiculos
876 2505 1010 2587 tuos,
1044 2526 1091 2585 et
1117 2524 1285 2577 clavos
1312 2534 1426 2577 tuos
1449 2523 1715 2577 consolida
1731 2541 1748 2587 ;
1775 2524 1843 2576 ad

287 2600 555 2668 dexteram
592 2616 727 2667 enim
772 2625 817 2667 et
868 2615 937 2667 ad
986 2614 1166 2669 laevam
1221 2615 1533 2685 penetrabis,
1578 2624 1625 2668 et
1673 2631 1842 2668 semen

287 2715 431 2759 tuum
471 2714 642 2774 gentes
682 2704 1001 2758 hcereditabit
1031 2704 1173 2775 (Isa.
1222 2706 1368 2775 Liv).
1400 2704 1573 2759 Habet
1603 2720 1731 2776 ergo
1764 2704 1841 2759 fa-

287 2809 425 2849 mem
468 2794 589 2857 ista,
619 2809 721 2847 non
774 2793 962 2860 famem
989 2794 1141 2863 panis
1180 2811 1339 2865 neque
1365 2794 1502 2848 sitim
1545 2810 1713 2864 aqum,
1752 2793 1840 2847 sed

288 2883 532 2938 audiendi
572 2883 779 2937 uerbum
816 2882 911 2936 Dei
939 2882 1116 2953 (Amos
1139 2885 1273 2954 vui),
1320 2892 1372 2938 et
1398 2884 1625 2938 faciendi
1655 2883 1841 2937 volun-

284 2985 450 3032 tatem
484 2974 619 3045 ejus.
649 2976 724 3030 De
754 2978 854 3031 hac
884 2977 1097 3047 quidem
1127 2978 1355 3047 impetus
1395 2979 1683 3049 egreditur,
1716 2978 1838 3046 quia

285 3066 542 3121 velocitas
566 3056 977 3135 praedicationis,
1007 3064 1165 3120 flante
1209 3066 1407 3136 Spiritu
1438 3076 1646 3130 sancto,
1676 3068 1728 3121 in
1760 3076 1839 3121 to-

285 3166 396 3208 tam
443 3153 624 3208 mundi
669 3153 1001 3207 latitudinem
1048 3154 1309 3224 dirigitur.
1367 3155 1516 3211 Unde
1560 3157 1697 3209 bene
1744 3170 1838 3225 per

287 3239 616 3313 Ezechielem
658 3241 853 3296 dicitur
886 3260 897 3295 :
930 3239 1028 3295 Ubi
1062 3252 1172 3295 erat
1220 3244 1435 3313 impetus
1475 3241 1734 3313 Spiritus,
1769 3243 1835 3296 il-

287 3333 370 3385 ἰο
415 3332 799 3401 gradiebantur,
834 3348 924 3385 nec
956 3332 1331 3386 revertebantur
1361 3350 1476 3387 cum
1513 3332 1838 3388 ambularent

287 3420 498 3492 :Ezech.
532 3420 591 3489 ι).
622 3421 859 3491 Denique
893 3420 1057 3484 Ruth,
1089 3437 1206 3492 qua
1231 3422 1314 3477 vel
1354 3423 1554 3487 videns,
1587 3422 1668 3477 vel
1694 3423 1839 3492 festi-

290 3525 435 3571 mns,
457 3509 567 3562 sive
600 3508 867 3576 deﬁniens,
899 3510 1298 3579 interpretatur,
1330 3512 1522 3565 merito
1544 3512 1836 3566 Ecclesiam

289 3598 567 3669 .igniﬁcat,
600 3614 718 3668 quae
748 3600 797 3652 in
828 3600 1059 3668 puritate
1087 3602 1266 3655 cordis
1292 3601 1573 3674 Dominum
1606 3612 1840 3656 contem-

293 3690 459 3744 tlatur
480 3698 533 3746 et
558 3691 851 3745 secundum
888 3690 1243 3759 Psalmistam,
1278 3691 1487 3760 festinat
1516 3708 1701 3745 manus
1723 3692 1836 3761 ejus

290 3782 409 3835 lare
430 3780 538 3835 Deo
566 3777 746 3851 (Psal.
777 3780 974 3851 van).
1007 3781 1131 3835 Haec
1158 3781 1359 3847 deﬁnit,
1387 3783 1440 3836 id
1478 3790 1579 3845 est,
1613 3782 1838 3836 ﬁrmiter

296 3887 332 3927 η
384 3872 483 3926 ﬁde
516 3881 568 3927 et
605 3872 886 3926 dilectione
933 3873 1025 3926 Dei
1060 3875 1346 3942 persistere
1384 3874 1639 3929 decernit.
1687 3872 1837 3928 Unde

291 3970 331 4014 οι
360 3960 552 4015 Paulus
577 3962 655 4015 ait
683 3972 705 4000 τι
743 3979 755 4013 :
789 3961 970 4015 Certus
1003 3980 1117 4016 sum
1141 3965 1303 4027 enim,
1335 3964 1456 4033 quia
1489 3981 1646 4034 neque
1675 3979 1834 4026 mors,

294 4068 440 4122 teque
467 4052 591 4117 vita,
620 4068 779 4121 neque
818 4051 1052 4121 angelus,
1089 4070 1251 4123 neque
1283 4056 1623 4123 principatus,
1672 4070 1834 4123 neque

296 4147 547 4208 nstantia,
586 4162 746 4215 neque
778 4144 976 4213 futura,
1025 4162 1183 4215 neque
1222 4145 1493 4214 fortitudo,
1532 4161 1692 4215 neque
1716 4145 1837 4198 alti-

296 4235 424 4300 udo,
464 4252 624 4305 neque
666 4235 1001 4305 profundum.
1042 4252 1201 4306 neque
1244 4245 1479 4289 creatura
1518 4235 1625 4287 alia
1652 4238 1834 4305 poterit

297 4340 373 4379 τοι
404 4340 641 4393 separare
666 4341 695 4376 a
722 4324 973 4376 charitate
1009 4324 1127 4389 Dei,
1158 4342 1271 4394 qum
1297 4334 1366 4377 est
1397 4325 1452 4376 in
1476 4324 1680 4377 Christo
1708 4325 1835 4377 Jesu

304 4413 457 4467 Rom.
491 4414 625 4485 vm).
682 4414 945 4468 Bersabea
974 4430 1116 4476 vero,
1165 4431 1283 4484 quae
1327 4416 1711 4483 interpretatur
1739 4433 1836 4484 pu-

298 4522 389 4560 eus
413 4507 685 4569 satietatis,
713 4506 792 4559 vel
814 4516 996 4575 puteus
1017 4508 1281 4576 septimus,
1309 4509 1686 4562 abundantiam
1710 4526 1832 4579 gra-

300 4597 366 4650 ize
397 4595 623 4665 Spiritus
660 4596 829 4650 sancti
853 4596 907 4649 in
942 4596 1180 4651 Ecclesia
1221 4598 1333 4650 ﬁeri
1371 4598 1629 4668 designat.
1684 4599 1831 4651 Dono

298 4699 459 4767 taque
498 4688 780 4756 spirituali,
817 4688 919 4743 hoc
944 4698 1042 4751 est,
1078 4690 1397 4757 septenario,
1442 4688 1579 4743 facta
1610 4698 1691 4743 est
1728 4691 1830 4744 Ec-

308 4778 438 4832 lcsia
475 4787 664 4847 puteus
711 4779 1007 4843 satietatis,
1048 4780 1171 4849 quia
1203 4779 1374 4833 factus
1410 4790 1491 4834 est
1527 4782 1579 4833 in
1619 4796 1680 4834 ea
1714 4783 1829 4849 fons

309 4883 425 4935 qua:
452 4866 682 4920 salientis
706 4868 758 4920 in
786 4869 939 4920 vitam
967 4878 1209 4921 azternam
1240 4869 1415 4939 (Joan.
1449 4870 1544 4939 Iv).

347 4976 565 5031 Naason
602 4988 770 5031 autem
804 4980 976 5048 genuit
1010 4978 1246 5033 Salmou.
1278 4980 1559 5052 (Ilieron.)
1600 4983 1711 5049 Ipse
1751 4992 1832 5035 est

298 5068 493 5125 iaason
512 5072 753 5141 princeps
782 5072 950 5127 tribus
976 5071 1131 5149 Iuda,
1168 5074 1307 5128 sicut
1334 5075 1383 5127 in
1428 5074 1673 5130 Numeris
1703 5078 1830 5147 legi-

295 5177 395 5217 ous
421 5161 439 5232 (
465 5159 626 5214 Num.
658 5164 739 5231 ιι).

341 5270 489 5324 Iesse
518 5279 687 5322 autem
717 5272 889 5339 genuit
917 5270 1086 5323 David
1126 5289 1311 5340 regem.
1345 5273 1541 5343 Regem
1576 5275 1701 5327 dicit
1731 5277 1830 5328 Da-

307 5362 395 5424 id,
426 5377 529 5415 non
565 5362 703 5430 quod
736 5362 848 5430 ipse
883 5362 1027 5415 solus
1068 5362 1119 5415 in
1162 5364 1260 5415 ista
1300 5365 1603 5434 genealogia
1643 5382 1825 5436 regum

296 5451 433 5503 uerit
462 5452 681 5519 positus,
710 5467 828 5505 cum
855 5452 921 5504 ah
950 5453 1063 5520 ipso
1089 5468 1254 5521 usque
1295 5455 1359 5507 ad
1399 5458 1826 5527 transmigratio-

307 5554 393 5593 em
424 5538 707 5607 Babylonis
735 5539 824 5608 qui
853 5540 1160 5594 scribuntur
1187 5544 1546 5611 reguavcrint,
1579 5546 1668 5597 sed
1703 5549 1823 5613 quia

1953 528 2189 585 decurrit
2209 533 2549 606 genealogiae.

2024 646 2192 701 David
2214 657 2384 702 autem
2405 665 2495 703 rex
2522 652 2696 721 genuit
2723 650 3054 707 Salomonem
3077 670 3140 708 ea:
3166 672 3227 709 ea
3259 674 3375 727 qua:
3407 659 3507 728 fuit

1953 734 2115 790 Uriaz.
2149 736 2395 810 (ΜΑυιι.)
2426 737 2710 806 Qmeritur,
2754 754 2874 795 cum
2908 749 3017 801 tres
3064 743 3279 813 reliquae
3322 756 3505 801 extra-

1950 842 2065 881 nea:
2113 827 2363 883 mulieres
2407 830 2708 885 nominibus
2736 832 2967 911 propriis
3015 833 3120 887 sint
3152 834 3354 903 positae,
3406 852 3504 890 cur

1950 917 2061 972 sola
2093 933 2198 972 non
2226 918 2533 973 nominetur
2567 918 2846 987 Bersabee,
2888 923 2982 977 sed
3026 923 3127 977 hoc
3155 913 3330 978 solum
3364 925 3507 979 dica-

1950 1016 2037 1062 tur
2066 1006 2207 1077 quod
2232 1023 2365 1062 uxor
2395 1006 2552 1063 fuerit
2585 1008 2767 1064 Uriaa?
2804 1011 2965 1079 Igitur
3001 1014 3101 1067 hoc
3137 1014 3255 1068 ideo
3286 1025 3505 1084 putatur

1948 1097 2175 1164 factum,
2220 1100 2344 1169 quia
2386 1106 2494 1154 tres
2531 1098 2647 1154 alia:
2675 1116 2835 1170 supra
2874 1103 3113 1171 scriptae,
3166 1104 3290 1159 licet
3326 1106 3507 1159 crimi-

1949 1204 2093 1243 nosaa
2120 1188 2346 1252 fuerint,
2394 1189 2446 1241 in
2476 1192 2730 1258 partubus
2762 1198 2939 1244 tamen
2971 1190 3221 1257 ﬁliorum,
3250 1209 3345 1263 per
3372 1209 3507 1262 quos

1947 1280 2116 1335 currit
2141 1280 2469 1351 genealogia,
2499 1296 2603 1335 non
2633 1281 2799 1336 solum
2824 1298 2929 1336 non
2968 1283 3195 1353 culpari,
3224 1286 3314 1338 sed
3342 1286 3499 1338 etiam

1948 1373 2152 1427 laudari
2178 1381 2501 1427 meruerunt.
2533 1372 2657 1428 Haec
2692 1389 2839 1441 vero,
2865 1375 3126 1429 adulterio
3155 1376 3310 1430 simul
3332 1384 3385 1430 et
3409 1378 3504 1430 ho-

1947 1462 2161 1517 micidio
2210 1471 2532 1533 perpetrato,
2586 1463 2772 1517 Davidi
2820 1465 2929 1536 regi
2983 1465 3165 1536 genuit
3216 1464 3403 1537 ﬁlium,
3449 1467 3501 1520 in

1948 1560 2151 1606 tantum
2192 1553 2437 1623 culpabili
2471 1554 2732 1624 conjugio,
2785 1562 2842 1608 ut
2888 1555 3079 1609 merito
3116 1556 3171 1609 in
3211 1555 3504 1611 Salvatoris

1946 1641 2250 1711 genealogia
2279 1643 2523 1697 videatur
2557 1658 2657 1696 non
2688 1643 2955 1715 nominata
2979 1660 2993 1708 ;
3024 1659 3217 1698 nomen
3246 1661 3373 1701 vero
3402 1646 3503 1699 viri

1946 1730 2080 1799 ejus,
2116 1731 2167 1785 id
2188 1740 2290 1793 est,
2323 1731 2484 1793 Uriaa,
2519 1729 2815 1800 quasijusti
2843 1731 3074 1787 hominis
3094 1734 3326 1801 ponitur,
3360 1742 3417 1787 ut
3438 1748 3501 1787 ex

1948 1825 2049 1878 hoc
2071 1824 2232 1877 etiam
2267 1822 2487 1877 sceleris
2510 1823 2813 1877 immanitas
2840 1831 3187 1887 memoretur,
3216 1824 3338 1877 dum
3367 1838 3501 1877 uxo-

1945 1913 2018 1967 ris
2048 1927 2206 1967 causa
2251 1913 2461 1966 occisus
2502 1913 2553 1965 in
2588 1912 2901 1966 memoriam
2945 1921 3243 1967 revocatur.
3286 1912 3504 1984 Mystice

1944 2012 2121 2058 autem
2160 2002 2327 2057 David
2360 2001 2629 2057 Christum
2672 2002 2958 2073 signiﬁcat,
2998 2003 3087 2072 qui
3123 2000 3517 2071 interpretatur'

1942 2111 2100 2148 manu
2136 2094 2310 2164 fortis,
2343 2102 2395 2147 et
2418 2092 2793 2146 desiderabilis.
2844 2094 2909 2147 Et
2939 2092 3063 2163 quid
3095 2091 3283 2148 fortius
3326 2092 3499 2159 leone,

1944 2186 2033 2254 qui
2059 2186 2175 2239 vicit
2205 2184 2266 2237 de
2293 2182 2427 2236 tribu
2451 2181 2619 2248 Iuda,
2666 2183 2820 2236 radix
2846 2183 3055 2236 David?
3077 2182 3349 2250 Quomodo
3375 2200 3503 2239 vero

1943 2278 2013 2330 sit
2052 2273 2437 2339 desiderabilis,
2486 2272 2765 2343 Scriptura
2812 2274 3067 2339 ostendit,
3112 2274 3293 2328 dicens
3325 2292 3338 2327 :
3369 2273 3503 2327 Ecce
3600 2336 3601 2343 η

1943 2367 2104 2421 veniet
2132 2365 2449 2419 desideratus
2480 2366 2677 2418 cunctis
2702 2366 2933 2434 gentibus
2964 2364 3161 2436 (Apoc.
3190 2381 3221 2418 v
3313 2365 3377 2418 Et
3404 2364 3503 2420 Pe-

1943 2464 2059 2511 trus
2096 2457 2214 2510 ait:
2250 2456 2315 2509 In
2364 2473 2516 2527 quem
2560 2466 2609 2511 et
2658 2457 2950 2510 desiderant
3002 2456 3172 2526 angeli
3214 2458 3503 2527 prospicere

1944 2548 2003 2619 (Ι
2036 2548 2179 2603 Petr.
2208 2550 2281 2619 ι).
2334 2549 2490 2604 Urias
2535 2564 2681 2612 vero,
2714 2547 2804 2617 qui
2832 2548 3213 2618 interpretatur
3253 2546 3346 2600 lux
3388 2564 3502 2600 mea

1942 2639 2066 2705 Dei,
2096 2641 2359 2710 signiﬁcat
2395 2639 2694 2716 diabblum,
2736 2640 2825 2707 qui
2858 2638 3205 2709 transﬁgurat
3237 2654 3296 2693 se
3328 2638 3380 2691 in
3410 2653 3501 2691 an-
3592 2643 3594 2645 ’

1941 2729 2115 2800 gelum
2164 2729 2316 2793 lucis,
2344 2730 2544 2785 audens
2590 2729 2697 2783 Deo
2732 2726 2910 2783 dicere
2939 2746 2952 2783 :
2981 2728 3097 2783 Lua:
3134 2744 3249 2781 mea
3288 2727 3407 2791 Dei,
3450 2738 3503 2782 et

1943 2818 2050 2872 Ero
2072 2817 2256 2873 similis
2302 2817 2567 2876 Altissimo
2602 2818 2773 2892 (lsai.
2816 2818 2947 2887 xxv).
2976 2812 3143 2887 Hujus
3187 2825 3342 2873 erant
3378 2832 3500 2887 pes-

1941 2910 2075 2965 simo
2108 2911 2353 2980 conjugio
2375 2910 2600 2981 delegati
2628 2925 2816 2965 omnes
2834 2949 2849 2975 ,
2877 2924 3011 2979 quos
3039 2908 3209 2979 gratia
3240 2908 3335 2963 Dei
3369 2907 3501 2963 libe-

1945 3007 2043 3063 rat,
2078 3008 2137 3053 ut
2166 3000 2400 3054 Ecclesia
2448 3001 2562 3055 sine
2590 3000 2795 3055 macula
2824 3010 2876 3054 et
2910 3014 3039 3069 ruga
3079 2999 3345 3055 Salvatori
3371 3015 3499 3070 pro-

1865 3117 1907 3177 C
1941 3092 2059 3161 prio
2088 3105 2283 3161 Sponsa
2316 3091 2615 3161 copuletur.

2006 3201 2189 3255 Joram
2227 3212 2398 3257 autem
2439 3204 2611 3273 genuit
2663 3200 2871 3266 Oxiam,
2910 3201 3067 3257 Ozias
3107 3210 3277 3255 autem
3327 3203 3501 3272 genuit

1937 3284 2225 3344 Jonathan.
2255 3289 2543 3361 (Ηὶετοη.)
2575 3290 2630 3344 In
2660 3300 2849 3361 quarto
2890 3290 3089 3361 Regum
3116 3289 3384 3343 volumine
3426 3290 3500 3343 lc-

1938 3381 2114 3451 gimus
2153 3380 2217 3434 de
2250 3378 2429 3434 Joram
2474 3378 2760 3434 Ochoziam
2807 3378 2971 3433 fuisse
3010 3385 3341 3448 generatum,
3391 3392 3496 3445 quo

1939 3478 2171 3532 mortuo,
2199 3466 2450 3523 Josaheth
2493 3467 2595 3520 ﬁlia
2636 3467 2775 3537 regis
2800 3466 3001 3530 Joram,
3042 3481 3195 3519 soror
3225 3464 3493 3528 Ochozire,

1939 3558 2059 3612 tulit
2087 3556 2213 3611 Joas
2234 3556 2398 3610 ﬁlium
2421 3556 2606 3611 fratris
2640 3557 2741 3627 sui,
2764 3564 2818 3611 et
2840 3570 2959 3611 eum
2989 3555 3355 3620 internecioni,
3377 3570 3521 3623 quau-

1938 3649 2288 3703 exercebatur
2314 3648 2380 3701 ab
2415 3646 2650 3711 Athalia,
2694 3648 2998 3703 subtraxit:
3028 3647 3113 3701 cui
3155 3646 3413 3700 successit
3440 3646 3491 3699 in

1938 3753 2160 3807 regnum
2202 3738 2340 3793 illius
2377 3736 2491 3805 ejus
2517 3736 2784 3801 Amasias,
2818 3745 2935 3806 post
2962 3751 3120 3806 quem
3151 3735 3393 3804 regnavit
3430 3735 3494 3788 ﬁ-

1937 3827 2039 3882 lius
2068 3830 2183 3898 ejus
2221 3827 2475 3891 Azarias,
2514 3828 2604 3898 qui
2628 3827 2924 3896 appellatur
2956 3835 3007 3881 et
3040 3826 3219 3891 Ozias,
3262 3827 3346 3880 eui
3375 3841 3493 3879 suc-

1936 3922 2097 3975 cessit
2119 3920 2381 3975 Jonathan
2424 3917 2563 3977 filius
2595 3923 2727 3992 ejus.
2758 3921 2943 3976 Cernis
2970 3936 3115 3992 ergo,
3146 3921 3285 3990 quod
3308 3936 3495 3975 secun-

1937 4015 2059 4068 dum
2104 4015 2258 4068 ﬁdem
2308 4016 2545 4069 historiae
2584 4024 2691 4068 tres
2735 4029 2885 4084 rcges
2933 4014 2985 4066 in
3030 4012 3203 4067 medio
3249 4012 3509 4074 fuerunt,-

1937 4120 2071 4173 quos
2099 4105 2184 4158 hic
2208 4105 2540 4174 Evangelista
2571 4104 2927 4173 prmtcrmisit.
2960 4102 3139 4157 Joram
3170 4102 3364 4171 quippe
3390 4119 3493 4157 non

1937 4197 2119 4266 genuit
2149 4194 2357 4257 Oziam,
2388 4194 2481 4248 sed
2512 4194 2821 4258 Ochoziam,
2853 4202 2905 4246 et
2937 4192 3170 4261 reliquos
3204 4207 3336 4259 quos
3365 4208 3492 4244 enu-

1938 4287 2277 4339 meravimus.
2336 4285 2532 4339 Verum
2590 4284 3107 4355 quia‘evangelistxe
3164 4284 3491 4353 propositum

1936 4385 2072 4439 erat,
2103 4385 2212 4429 tres
2236 4376 2665 4429 tcssaradecades
2708 4376 2757 4428 in
2789 4376 2999 4430 diverso
3026 4383 3321 4443 temporum
3351 4382 3489 4427 statu

1859 4456 1908 4513 D
1936 4480 2151 4532 ponere,
2200 4475 2253 4519 et
2299 4463 2477 4519 Joram
2520 4465 2699 4535 generi
2752 4480 2809 4519 se
2852 4464 3137 4517 miscuerat
3182 4464 3496 4532 impiissime

1934 4553 2167 4617 Iezabel,
2200 4555 2398 4609 idcirco
2431 4570 2597 4624 usque
2626 4554 2690 4607 ad
2726 4555 2933 4607 tertiam
2961 4554 3356 4621 generationem
3380 4551 3493 4619 ejus

1939 4646 2191 4698 memoria
2224 4646 2443 4708 tollitur,
2477 4652 2544 4699 ne
2573 4646 2621 4697 in
2650 4655 2844 4697 sanctae
2870 4644 3163 4697 nativitatis
3188 4644 3373 4698 ordine
3398 4658 3489 4712 po-

1938 4742 2172 4785 neretur.
2218 4732 2458 4803 (llilar.)
2503 4732 2711 4786 Dictmn
2752 4733 3063 4801 quoqueita
3100 4742 3215 4785 erat
3244 4747 3339 4801 per
3371 4748 3493 4801 pro—

1937 4814 2173 4890 phetam,
2199 4838 2301 4875 non
2331 4823 2428 4876 nisi
2458 4832 2645 4890 quarta
2671 4823 3009 4892 generatione
3038 4822 3090 4874 in
3123 4821 3312 4873 throno
3344 4822 3490 4889 regni

1936 4913 2097 4965 Israel
2148 4930 2467 4982 quemquam
2514 4914 2577 4967 de
2618 4914 2774 4967 domo
2814 4911 2997 4964 Achab
3039 4924 3160 4967 esse
3196 4924 3486 4963 sessurum.

1933 5003 2161 5071 Purgato
2194 5006 2353 5074 igitur
2380 5004 2496 5056 labe
2528 5002 2740 5054 familiae
2766 4999 2977 5069 gentilis
2997 5038 3010 5061 ,
3062 4999 3336 5057 tribusque
3361 5013 3489 5065 pra:-

1934 5095 2126 5155 teritis,
2169 5092 2280 5160 jam
2325 5092 2516 5161 regalis
2555 5093 2606 5145 in
2638 5099 2822 5159 quarta
2852 5090 3257 5159 generatiouum
3302 5104 3489 5141 conse-

1931 5185 2202 5252 quentium
2234 5184 2383 5251 origo
2408 5190 2733 5234 muneratur.

2006 5271 2071 5322 Et
2103 5281 2211 5338 post
2244 5270 2749 5337 transmigrationcm
2774 5269 3073 5338 Babylonis,
3097 5268 3375 5321 Jecltonias
3406 5285 3487 5336 ge-

1934 5360 2045 5412 nuit
2086 5359 2359 5413 Saluthiel.
2394 5357 2646 5427 (Hieron.
2682 5362 2698 5427 )
2731 5358 2785 5411 Si
2817 5359 3138 5417 voluerimus
3179 5358 3485 5412 Jcchouiam

1933 5451 1985 5503 in
2030 5450 2133 5503 ﬁne
2174 5452 2357 5519 prima:
2411 5449 2825 5503 tessaradccadis
2873 5463 3099 5518 ponere,
3147 5449 3197 5501 in
3242 5449 3483 5517 sequenti

1932 5558 2036 5595 non
2094 5552 2249 5595 erunt
2292 5541 2723 5609 quatuordecim,
2774 5541 2865 5594 sed
2919 5540 3191 5595 tredecim.
3243 5537 3486 5593 Sciamus

342 5688 369 5712 ι
399 5671 477 5726 Ex
504 5671 744 5727 versione
770 5672 829 5725 D.
858 5672 1163 5741 Hieronymi
1190 5672 1340 5741 juxta
1376 5672 1685 5727 llcbraicam
1731 5676 2029 5728 veritatem.
