3948 6328
258 316 366 372 737

1238 309 1582 369 ΟΟΜΜΕΝΤ.
1627 307 1692 364 ΙΝ
1731 306 2161 365 MATTII/EUM.
2191 338 2258 347 —
2296 305 2425 361 LIB.
2464 304 2502 358 l.

3390 305 3492 365 758

257 429 415 498 Quod
447 435 626 482 autem
654 425 884 496 primum
909 425 1039 480 dicit
1063 443 1076 479 :
1110 424 1184 480 De
1211 443 1313 497 qua
1355 435 1507 480 na'us
1533 435 1608 479 est
1630 424 1784 480 Iesus
1806 464 1820 488 ,
1852 429 1899 484 Α
1926 425 2160 478 humano
2181 464 2195 488 ,
2224 424 2316 478 sed
2348 433 2573 492 paterno
2613 420 2813 492 Spiritu
2840 429 3155 491 perunctus.
3184 420 3285 476 llic
3318 431 3499 478 secta-

257 529 394 584 cte.,
425 506 488 572 ac
523 514 714 571 deinde
755 515 1033 584 sequitur:
1076 514 1179 579 Qui
1218 525 1432 569 uocatur
1460 513 1819 569 Christus...”

256 608 536 678 proprium
561 619 791 678 nomen,
834 603 885 657 id
923 614 1030 670 est,
1059 603 1237 667 Iesus,
1285 605 1433 674 prius
1467 603 1634 673 ponit,
1680 602 1821 670 quod

257 704 388 752 ante
404 704 715 765 conceptum
730 691 845 762 ejus
859 694 925 746 ab
939 692 1128 764 angelo
1143 693 1470 746 nominatum
1493 699 1576 746 est
1589 690 1739 762 (Luc.
1760 690 1819 746 ι).

256 787 463 844 Deinde
485 785 864 842 convenienter
893 791 1124 852 aptatur,
1153 784 1296 853 quod
1327 783 1380 836 in
1409 782 1746 851 pontiﬁcibus
1770 790 1825 835 et

259 877 475 947 regibus
499 875 650 946 prius
671 876 721 928 in
748 875 976 944 imagine
1007 875 1362 943 prOcedebat,
1392 873 1494 928 hoc
1517 881 1604 927 est
1622 913 1636 936 ,
1666 871 1821 927 Chri-

257 978 392 1032 stus,
418 975 478 1020 ut
510 955 622 1030 ille,
667 966 719 1019 in
749 979 855 1033 quo
893 965 1006 1018 haec
1035 964 1142 1018 duo
1185 963 1398 1019 nomina
1428 963 1652 1034 mystica
1687 978 1818 1017 con-

252 1068 540 1122 venerunt,
567 1057 987 1125 distingueretur
1013 1069 1044 1108 a
1073 1054 1301 1119 caeteris,
1325 1055 1414 1123 qui
1439 1054 1491 1108 in
1519 1054 1684 1126 ﬁgura
1707 1053 1823 1122 ejus

255 1149 449 1221 iisdem
496 1145 801 1203 nominibus
827 1146 920 1201 sed
947 1144 1165 1223 divisim‘
1195 1145 1482 1215 nuncupati
1529 1160 1819 1215 praecesse-

257 1248 406 1294 runt.
439 1252 462 1280 ι
493 1239 694 1293 Verum
722 1237 794 1292 illi
829 1237 1080 1307 quoniam
1127 1238 1193 1292 ad
1237 1237 1397 1292 breve
1445 1235 1652 1305 tempus
1698 1237 1820 1290 Viue

253 1330 437 1399 hujus,
468 1331 653 1385 christi
683 1329 1105 1400 appellabantur,
1145 1329 1212 1384 ad
1247 1327 1422 1384 solam
1463 1329 1574 1401 veri
1619 1325 1818 1382 Christi

254 1422 545 1492 imaginem
607 1420 1066 1485 conservandam,
1129 1419 1374 1489 quamvis
1431 1419 1818 1489 compositione

251 1513 486 1581 quadam
531 1511 756 1582 mystica
800 1509 1099 1565 consecrati
1128 1509 1258 1571 olei.
1285 1504 1466 1565 tamen
1507 1509 1663 1580 hujus
1701 1527 1819 1580 quae

252 1599 398 1654 inter
417 1616 521 1655 nos
541 1600 735 1664 haberi
773 1600 907 1654 solet
945 1599 1424 1670 materialiqnore
1455 1599 1542 1673 [ac
1572 1600 1816 1673 liquoris]

251 1693 705 1763 peragebantur.
734 1689 907 1746 Verus
931 1701 1111 1746 autem
1141 1692 1244 1756 hic,
1272 1693 1360 1762 qui
1389 1693 1454 1747 de
1483 1692 1633 1763 cmlis
1657 1707 1819 1747 vene-

1924 525 2097 571 torum
2145 530 2361 569 suorum
2398 513 2661 584 populos,
2711 521 2765 566 et
2814 512 3118 566 universam
3176 527 3274 583 per
3322 520 3492 568 totum

1921 609 2177 664 mundum
2225 609 2306 661 sui
2349 607 2582 682 nominis
2625 614 2869 677 gentem,
2896 622 2973 662 ex
3014 608 3126 662 veri
3165 605 3366 662 Christi
3405 625 3492 663 vo-

1921 701 2110 754 cabulo
2157 698 2416 768 appellari
2464 697 2595 752 fecit
2644 698 2867 768 perenni
2903 698 3122 752 nomine
3157 697 3494 754 Christianos

1922 791 2059 863 (Act.
2088 789 2190 860 ιι).

1991 879 2218 952 (Maus)
2257 880 2561 934 Notandum
2592 888 2769 934 autem
2807 877 2946 948 quod
2987 879 3090 948 ipsi
3120 881 3493 950 progenitores

1919 970 2140 1037 Christi,
2169 970 2261 1040 qui
2285 971 2338 1026 in
2367 969 2676 1042 genealogia
2696 968 2818 1035 ejus
2843 969 3182 1024 adnumerati
3209 979 3354 1033 sunt,
3381 985 3485 1024 non

1921 1064 2037 1118 sine
2083 1062 2276 1134 grandi
2324 1060 2587 1135 mysterio
2625 1059 2693 1113 ab
2732 1059 3056 1130 evangelista
3107 1069 3488 1124 assumuntur,

1919 1152 2155 1206 maxime
2185 1166 2306 1205 cum
2334 1149 2623 1220 Apostolus
2649 1148 2830 1203 dicat:
2865 1145 3052 1202 Omnia
3086 1149 3138 1202 in
3164 1150 3337 1219 ﬁgura
3369 1167 3494 1203 con-

1917 1243 2180 1312 tingebant
2214 1240 2318 1295 illis
2344 1241 2393 1310 (1
2423 1240 2544 1294 Cor.
2572 1239 2624 1312 ι)
2647 1281 2662 1304 ,
2685 1241 2779 1294 sed
2807 1240 2945 1294 sicut
2974 1240 3259 1294 humanam
3293 1242 3490 1294 nativi-

1918 1342 2083 1388 tatem
2111 1333 2996 1402 Cbristi'przecesserant’tempore,
3025 1333 3094 1384 ita
3118 1347 3328 1401 quoque
3345 1335 3492 1387 testi-

1919 1419 2158 1477 inonium
2204 1423 2277 1476 illi
2315 1423 2522 1476 dabant
2553 1437 2617 1474 ex
2645 1422 3098 1492 .prieliguratione.
3138 1421 3271 1476 Nam
3314 1423 3492 1478 nullus

1917 1529 2101 1569 eorum
2127 1522 2228 1580 est,
2254 1514 2351 1583 qui
2379 1529 2485 1567 non
2507 1522 2601 1566 aut
2628 1513 2866 1578 nomine,
2895 1522 2988 1567 aut
3016 1521 3137 1567 actu
3164 1513 3491 1567 incarnatio-

1917 1622 2040 1660 nem
2062 1606 2260 1661 Christi
2289 1605 2574 1678 signiﬁcet,
2598 1615 2652 1661 et
2680 1607 2853 1675 ipsum
2875 1620 2995 1661 esse
3025 1606 3372 1670 demonstret,
3398 1608 3488 1676 qui

1917 1697 1972 1750 in
2002 1697 2326 1766 patriarchis
2348 1695 2742 1766 prae'ﬁguratus,
2771 1703 2828 1749 et
2863 1696 2914 1750 in
2951 1697 3226 1765 prophetis
3260 1697 3488 1766 promis-

253 1793 372 1848 rat,
419 1793 472 1839 ot
517 1783 600 1842 cui
625 1784 805 1841 omnia
835 1798 952 1852 qua:
991 1783 1366 1852 prmcedebant
1390 1782 1815 1853 gestafuerunt,
1848 1788 1892 1847 B
1921 1802 2033 1850 sus,
2064 1795 2223 1855 atque
2253 1787 2306 1840 in
2346 1786 2606 1855 apostolis
2637 1786 2963 1854 pmdicatus
2989 1794 3104 1844 est.
3131 1786 3294 1855 Igitur
3317 1785 3483 1839 Abra-

251 1871 500 1930 Christus
519 1888 632 1928 .non
656 1873 906 1929 humanis
927 1873 1117 1942 opibus
1141 1874 1359 1942 quaesita
1385 1873 1548 1928 sumit
1580 1888 1816 1942 unguen-

252 1975 331 2029 ta,
362 1964 455 2020 sed
485 1979 622 2019 novo
647 1979 711 2019 ac
733 1963 987 2036 singulari
1020 1965 1181 2040 modo
1222 1974 1446 2034 paterno
1495 1963 1694 2034 Spiritu
1736 1965 1818 2018 in-

251 2052 429 2118 fusus,
460 2062 513 2108 et
538 2063 732 2110 unctus
750 2053 1003 2109 Christus
1028 2052 1274 2119 edicitur,
1318 2055 1458 2109 sicut
1482 2054 1666 2108 multis
1691 2063 1818 2109 ante

251 2142 464 2200 sicculis
507 2144 573 2200 de
619 2161 684 2201 eo
714 2155 864 2202 vates
893 2145 1053 2201 Isaias
1081 2145 1431 2215 prtedixerat,
1476 2160 1540 2202 ex
1588 2160 1815 2214 persona

250 2235 423 2304 ipsius
468 2233 698 2300 Christi,
746 2234 968 2290 dicens:
1002 2235 1228 2306 Spiritus
1265 2235 1471 2288 Domini
1516 2251 1669 2305 super
1712 2252 1814 2301 me,

247 2335 457 2397 propter
476 2325 615 2398 quod
650 2326 796 2379 unxit
817 2342 925 2391 me,
957 2325 1306 2397 evangelium
1333 2326 1643 2396 pauperibus
1677 2325 1815 2380 misit

250 2431 365 2480 me,
393 2411 678 2485 prtedicare
709 2414 920 2484 captivis
957 2414 1309 2474 remissionem
1355 2423 1400 2468 et
1449 2415 1597 2467 carcis
1652 2415 1814 2470 visum

250 2502 407 2573 (lsai.
434 2519 554 2570 ut;
576 2501 702 2560 Luc.
731 2503 826 2574 tv).
855 2501 963 2557 Nec
984 2488 1313 2558 scius-Isaias
1333 2503 1446 2579 haec
1469 2503 1662 2579 divinis
1683 2519 1816 2574 pra:-

249 2593 389 2655 dixit
427 2593 695 2659 oraculis,
743 2592 836 2671 sed
885 2596 945 2647 et
983 2591 1150 2648 David
1200 2578 1447 2650 similiter
1477 2578 1774 2662 inspiratus
1796 2633 1811 2658 ,

251 2688 481 2740 testatur
531 2683 596 2738 de
631 2681 845 2738 Christo
871 2722 886 2747 ,
925 2683 1110 2737 dicens
1161 2682 1227 2737 ad
1283 2682 1454 2753 ipsum
1491 2681 1766 2737 Christum
1796 2701 1809 2735 :

259 2771 419 2831 Sedes
445 2783 558 2836 tua,
583 2772 742 2838 Deus,
768 2773 823 2827 in
846 2772 1095 2826 secutum
1123 2771 1326 2835 seculi,
1357 2772 1502 2842 uirga
1527 2773 1810 2844 wquitatis,

250 2866 396 2936 virga
427 2865 568 2935 regni
593 2862 709 2918 tui:
738 2862 980 2927 dilexisti
985 2861 1270 2934 justitiam,
1302 2872 1350 2916 et
1375 2863 1532 2917 odisti
1566 2854 1813 2934 iniquita-

249 2967 389 3019 tem;
418 2955 692 3026 propterea
721 2963 770 3027 te
795 2956 944 3006 unxit
969 2953 1130 3018 Deus,
1162 2951 1302 3006 Deus
1336 2964 1454 3006 tuus
1480 2952 1588 3006 oleo
1616 2952 1811 3007 laetitia:

249 3065 362 3120 prie
381 3047 717 3129 participibus
739 3048 838 3100 tuis
856 3045 1022 3128 (Psal.
1040 3045 1203 3126 μιν).
1218 3045 1282 3099 “In
1304 3045 1495 3114 quibus
1516 3044 1690 3100 verbis
1709 3046 1813 3115 pri-

1918 1878 2064 1942 bam,
2096 1879 2186 1947 qui
2219 1878 2607 1947 interpretatur
2630 1878 3101 1946 patermultorum,
3129 1875 3211 1929 vel
3241 1886 3390 1945 pater
3416 1879 3488 1929 ci~

1917 1971 2041 2043 dens
2069 1969 2338 2040 populum,
2360 1983 2518 2037 quem
2540 1965 2803 2036 signiﬁcat
2824 1967 2924 2022 hoc
2947 1967 3180 2029 nomine,
3207 1965 3307 2018 nisi
3339 1964 3486 2024 illum

1914 2062 1982 2116 de
2009 2077 2115 2130 quo
2143 2060 2336 2129 ipsi-ita
2361 2059 2686 2128 promissum
2713 2065 2791 2111 est
2813 2074 2824 2108 :
2847 2054 2912 2109 In
2940 2056 3154 2119 semine,
3179 2054 3374 2124 inquit,
3398 2062 3488 2131 tuo

1916 2154 2279 2207 benedicentur
2301 2167 2476 2212 omnes
2501 2149 2836 2219 cogitationes
2856 2156 3006 2201 terra:
3021 2147 3046 2200 .’
3061 2144 3211 2216 (Gen.
3239 2145 3400 2214 uti.)
3420 2144 3490 2197 Et

1914 2232 2080 2306 Isaias
2104 2244 2179 2300 ait
2206 2261 2219 2296 :
2255 2240 2312 2297 Si
2341 2243 2570 2312 posuerit
2592 2257 2687 2310 pro
2709 2248 2917 2310 peccato
2940 2239 3170 2292 animum
3204 2252 3355 2290 suam
3377 2275 3392 2309 ,
3412 2237 3486 2289 vi-

1915 2335 2050 2388 debit
2095 2350 2265 2387 semen
2303 2331 2622 2401 longceoum,
2653 2340 2700 2384 et
2734 2329 2968 2383 voluntas
2994 2327 3210 2388 Domini
3249 2327 3301 2379 in
3327 2343 3485 2380 manu

1914 2425 2028 2495 ejus
2075 2419 2696 2492 dirigetur-(Jsai.i.m);
2731 2428 2784 2473 et
2809 2421 2950 2472 .itent
2982 2433 3100 2472 cum
3143 2417 3348 2485 inquit:
3378 2416 3483 2469 Do-
3521 2478 3524 2483 l

1914 2517 2050 2569 mine
2076 2514 2236 2567 Pater
2259 2521 2453 2575 noster,
2476 2523 2536 2564 -et
2569 2509 2882 2580 Redemptor
2903 2517 3100 2572 noster,
3128 2525 3159 2561 a
3175 2505 3372 2561 steculo
3401 2523 3486 2561 no-

1912 2624 2030 2660 men
2068 2618 2236 2658 tuum.
2264 2605 2536 2661 Abraham
2567 2604 2777 2657 nescivit
2806 2619 2925 2666 nos,
2966 2611 3012 2655 et
3037 2600 3206 2653 Israel
3234 2600 3486 2668 ignoravit

1914 2713 2006 2750 nos
2059 2695 2212 2766 (lsai.
2266 2693 2444 2764 uin).
2498 2693 2777 2758 Quomodo
2819 2700 2995 2745 autem
3037 2689 3314 2749 Abraham
3363 2697 3486 2744 actu

1913 2779 2296 2858 Signiﬁcaverit
2341 2782 2719 2846 Salvatorem,
2749 2789 2979 2836 testatur
3017 2779 3150 2833 illud
3194 2779 3334 2849 quod
3377 2777 3485 2832 Do-

1912 2881 2044 2940 mini
2071 2879 2520 2949 praceptoativit
2561 2878 2624 2930 de
2651 2887 2793 2930 terra
2830 2892 2930 2929 sua
2983 2884 3030 2928 et
3078 2875 3142 2927 de
3181 2873 3488 2942 cognatione

1911 2986 2008 3024 sua
2036 2967 2187 3041 (Gen.
2212 2967 2318 3039 xu)
2341 3008 2358 3032 ,
2390 2977 2449 3022 ut
2479 2969 2628 3036 apud
2671 2974 2885 3026 exteros
2921 2963 3380 3034 ,loeupletaretur,
3435 2972 3490 3016 et

1912 3069 2058 3118 esset
2083 3061 2138 3114 in
2163 3067 2372 3128 gentem
2395 3073 2678 3128 magnam,
2708 3058 2847 3126 quod
2872 3069 3014 3112 nunc
3036 3057 3306 3111 cernimus
3335 3071 3489 3110 vera-

251 3157 343 3194 ino
365 3140 576 3209 quidem
603 3125 724 3193 eum
753 3125 1027 3191 evidenter
1051 3125 1229 3192 Deum
1254 3134 1522 3205 designat.
1562 3133 1812 3190 Secundo

1918 3151 2050 3206 citer
2070 3125 2366 3219 impletum,
2396 3125 2519 3207 cum
2542 3125 2811 3212 Christus,
2839 3147 3022 3203 relicta
3051 3151 3196 3201 terra
3218 3155 3272 3201 et
3295 3162 3489 3216 cngna-

250 3245 402 3295 vero,
429 3242 522 3296 per
550 3228 818 3299 :equitat‘is
846 3228 1051 3294 virgam
1074 3266 1088 3291 ,
1115 3233 1380 3294 sceptrum
1423 3223 1478 3278 in
1527 3238 1592 3278 eo
1636 3222 1812 3295 regale

251 3331 670 3387 commemorat;
703 3330 822 3392 post
852 3333 978 3374 vero
1009 3320 1170 3373 etiam
1204 3317 1431 3386 qualiter
1464 3316 1707 3371 Christus
1737 3315 1814 3370 ef-

251 3419 427 3473 Iectus
446 3417 521 3474 sit
547 3417 746 3470 indicat
769 3414 952 3472 dicens
977 3412 1120 3482 quod
1143 3419 1334 3466 unctus
1366 3411 1436 3464 sit
1464 3409 1601 3464 Deus
1625 3424 1656 3462 a
1675 3409 1811 3474 'Deo,

251 3524 364 3564 non
387 3507 511 3562 oleo
547 3503 834 3568 communi,
871 3502 964 3557 sed
989 3501 1106 3556 oleo
1133 3499 1348 3563 lzetitiaa,
1376 3514 1473 3554 nec
1517 3499 1655 3554 sicut
1698 3511 1814 3567 par-

229 3598 446 3668 ticipes
465 3596 582 3662 sui,
609 3596 662 3651 id
687 3603 797 3659 est,
827 3591 899 3646 illi
923 3592 1014 3661 qui
1043 3592 1097 3645 in
1125 3591 1357 3662 imagine
1391 3595 1812 3660 pmcesserunt,

251 3691 349 3746 sed
380 3704 490 3761 prae
513 3687 862 3758 participibus
890 3687 1019 3740 suis.
1038 3680 1166 3739 Oleo
1195 3698 1322 3737 vero
1348 3673 1543 3742 laetitiae
1567 3690 1622 3735 in
1649 3680 1819 3736 sacris

253 3782 618 3842 voluminibus
644 3778 912 3834 intellectu
934 3776 1157 3848 mystico
1179 3773 1409 3846 Spiritus
1441 3782 1659 3828 sanctus
1680 3772 1818 3826 desi-

252 3885 470 3945 gnatur.
502 3872 608 3928 Sed
638 3872 776 3927 etde
800 3867 1109 3941 pontiﬁcatu
1133 3868 1248 3938 ejus
1268 3867 1406 3923 idem
1440 3868 1602 3922 David
1632 3866 1736 3920 alio
1763 3866 1816 3919 in

252 3964 376 4044 loco
402 3964 505 4017 tale
527 3961 726 4031 aliquid
752 3961 959 4015 arcanis
983 3959 1157 4032 signat
1181 3957 1406 4026 eloquiis
1429 3998 1442 4023 ,
1472 3966 1721 4026 tanquam
1750 3971 1814 4010 ex

250 4068 486 4124 persona
508 4050 682 4106 Patris
710 4049 774 4104 de
793 4047 927 4102 Filio
953 4045 1348 4118 pronuntiantis
1376 4063 1388 4098 :
1419 4045 1490 4100 De
1518 4054 1706 4109 ventre,
1735 4045 1817 4096 in»

251 4143 412 4212 quit,
441 4151 560 4195 ante
604 4139 894 4208 Luciferum
929 4137 1081 4207 genui
1121 4147 1186 4190 te.
1221 4134 1739 4210 JuracitDominus,
1770 4144 1819 4188 et

253 4249 366 4288 non
391 4231 648 4301 paenitebit
673 4245 810 4294 eum,
832 4239 888 4297 tu
913 4245 964 4282 es
986 4228 1223 4282 sacerdos
1252 4229 1308 4291 in
1342 4223 1606 4292 wternum'
1636 4243 1818 4280 secun-

253 4326 386 4378 dum
408 4323 651 4393 ordinem
690 4319 1062 4375 Melchisedech
1109 4317 1279 4390 (Psal.
1325 4316 1456 4386 θυι).
1499 4317 1596 4373 Hic
1638 4325 1817 4372 autem

255 4411 645 4468 Melchisedech
676 4411 728 4465 in
760 4409 950 4465 divinis
981 4409 1335 4463 voluminibus
1376 4408 1626 4463 sacerdos
1655 4407 1818 4463 fuisse

252 4505 356 4559 Dei
409 4503 606 4558 summi
643 4501 878 4556 .rel'ertur
928 4499 1079 4572 (Cen.
1128 4500 1259 4571 xxv),
1309 4500 1400 4554 sed
1429 4500 1518 4568 qui
1553 4515 1657 4554 non
1696 4501 1814 4555 oleo

253 4595 529 4650 communi
567 4595 855 4662 perunctus
897 4592 998 4656 sit,
1037 4603 1208 4660 neque
1253 4591 1340 4660 qui
1375 4605 1440 4644 ex
1477 4592 1814 4647 successione

256 4685 479 4756 generis
510 4682 805 4752 susceperit
833 4681 1210 4745 sacerdotium,
1240 4680 1377 4734 sicut
1396 4680 1535 4749 apud
1564 4679 1814 4734 Hebraeos

260 4774 382 4830 ﬁeri
407 4788 523 4828 mos
549 4781 695 4836 erat;
725 4780 779 4826 et
803 4771 922 4826 ideo
949 4771 1239 4826 secundum
1267 4771 1507 4824 ordinem
1533 4771 1700 4840 ipsius
1724 4787 1816 4824 sa-

259 4864 454 4921 cerdos
481 4863 690 4918 futurus
710 4862 904 4917 dicitur
923 4861 1183 4925 Christus,
1210 4863 1299 4931 qui
1325 4877 1425 4916 non
1455 4862 1556 4917 olei
1587 4862 1812 4932 liquore,

258 4954 360 5024 sed
403 4953 597 5006 virtute
647 4950 880 5006 ctelestis
933 4950 1162 5019 Spiritus
1206 4959 1564 5005 consecretur.
1615 4951 1817 5005 Idcirco

261 5041 491 5110 denique
521 5055 642 5094 cum
669 5037 819 5092 multi
859 5046 1014 5102 ante,
1041 5037 1177 5107 apud
1204 5036 1453 5092 Hebrzeos
1476 5036 1594 5090 oleo
1620 5037 1673 5090 in
1715 5037 1817 5090 hoc

260 5133 438 5202 ipsum
478 5131 785 5187 solemniter
826 5136 1140 5184 consecrato
1178 5129 1325 5183 uncti
1370 5129 1476 5182 sint
1512 5127 1730 5190 cbristi,
1762 5136 1817 5182 et

220 5222 223 5223 ⁷
263 5225 382 5278 sive
413 5233 585 5294 reges,
617 5222 730 5278 sive
749 5221 1041 5293 prophetae,
1079 5219 1190 5274 sive
1217 5220 1374 5274 etiam
1404 5217 1700 5298 pontiﬁces,
1721 5232 1816 5287 per

263 5301 370 5380 hoc
389 5315 584 5370 fuerint
607 5314 857 5378 instituti,
879 5313 1054 5367 nullus
1075 5320 1251 5366 tamen
1279 5312 1518 5382 ipsorum
1539 5308 1622 5364 vel
1647 5309 1815 5380 genti,

263 5397 352 5458 vel
395 5403 669 5474 discipulis
705 5411 794 5456 aut
824 5402 1176 5457 sectatoribus
1200 5415 1264 5454 ex
1303 5415 1398 5454 suo
1424 5399 1821 5470 vocabulono-

265 5511 391 5551 men
418 5497 550 5551 dare
572 5494 762 5565 potuit,
788 5502 842 5548 et
869 5493 1136 5562 appellare
1157 5491 1441 5561 discipulos
1466 5490 1817 5553 Christianos,

266 5584 371 5640 nisi
415 5583 500 5637 hic
543 5583 718 5648 solus,
751 5583 841 5651 qui
870 5597 1027 5635 verus
1055 5588 1138 5633 est
1179 5578 1423 5632 Christus
1465 5588 1519 5633 et
1563 5594 1665 5632 non
1707 5579 1823 5633 oleo

341 5711 368 5740 ι
399 5697 612 5760 Euseb,
640 5697 772 5752 llist.
811 5697 1037 5761 Eccles.,
1062 5668 1161 5750 lib.
1183 5711 1221 5760 ι,
1253 5710 1366 5764 cap.
1397 5697 1445 5748 -l.

1916 3242 2059 3298 tione
2088 3239 2426 3304 Iudaeorum,
2456 3239 2762 3309 praepollet,
2791 3249 2849 3296 ut
2879 3241 3127 3295 videmus
3147 3281 3161 3305 ,
3194 3241 3246 3294 in
3278 3241 3487 3310 populis

1914 3318 2150 3404 gentium
2181 3327 2332 3399 (Gen.
2361 3329 2491 3402 xw).
2522 3330 2586 3384 Et
2610 3322 2737 3384 illud
2767 3331 2910 3399 quod
2931 3330 3196 3384 Abraham
3227 3346 3348 3384 eum
3376 3339 3483 3384 tre-

1914 3421 2087 3476 aeutis
2111 3421 2298 3475 decem
2334 3428 2387 3474 et
2432 3429 2554 3475 octo
2593 3419 2896 3475 vernaculis
2939 3421 3048 3476 suis
3081 3429 3312 3488 quatuor
3337 3435 3489 3490 reges

1915 3511 2217 3575 debellavit,
2268 3526 2333 3566 ac
2375 3511 2476 3565 Lot
2515 3511 2801 3574 liberavit,
2851 3510 2977 3578 quid
3011 3510 3154 3566 aliud
3181 3510 3486 3581 signiﬁcat,

1914 3618 2075 3675 quam
2104 3603 2249 3672 quod.
2271 3617 2370 3657 nos
2387 3595 2641 3657 Christus
2658 3616 2764 3670 per
2784 3616 3028 3663 erucem,
3051 3616 3211 3670 quam
3234 3601 3490 3671 exprimit

1916 3704 2005 3750 tau
2042 3696 2256 3759 littera,
2291 3695 2744 3749 trecentenarium
2783 3709 3065 3748 numerum
3107 3694 3422 3752 continens.
3456 3690 3486 3747 ἐι

1917 3786 2190 3841 dominatu
2217 3785 2450 3840 carnalis
2477 3800 2687 3849 sensus,
2710 3785 2799 3852 qni
2829 3800 2930 3839 nos
2956 3793 3111 3838 antea
3137 3784 3306 3838 variis
3335 3784 3482 3838 vitiis

1918 3876 2213 3947 captivatos
2247 3883 2692 3942 exsuperaverat,
2729 3874 3011 3928 liberavit?
3045 3875 3189 3928 Isaac
3237 3888 3484 3943 quoque,

1918 3966 2007 4034 qui
2039 3966 2422 4033 interpretatur
2447 3967 2606 4028 risus,
2634 3964 2719 4018 vel
2737 3964 3015 4034 gaudium,
3046 3963 3313 4033 signiﬁcat
3335 3963 3484 4017 illum

1918 4057 1984 4110 de
2025 4071 2132 4125 quo
2176 4056 2309 4109 dixit
2352 4057 2418 4110 ad
2455 4064 2707 4126 pastores
2749 4055 2969 4126 angelus
2995 4073 3008 4108 :
3033 4055 3299 4107 Annuntio
3345 4054 3489 4108 vobis

1918 4144 2166 4213 gaudium
2188 4161 2452 4214 magnum,
2478 4145 2616 4215 quod
2643 4145 2741 4197 erit
2763 4145 2902 4198 omni
2925 4142 3117 4213 populo
3141 4141 3290 4213 (Luc.
3316 4141 3400 4212 II).
3424 4142 3490 4196 Et

1919 4234 2033 4304 ipsa
2066 4235 2276 4288 Veritas
2321 4234 2436 4288 suis
2470 4233 2745 4302 discipulis
2779 4232 2855 4287 ait
2882 4250 2894 4285 :
2922 4231 3121 4285 Iterum
3150 4230 3327 4284 uidebo
3363 4247 3489 4294 vos,

1918 4333 1966 4375 et
1988 4322 2232 4392 gaudebit
2270 4339 2360 4375 cor
2399 4333 2643 4387 vestrum,
2670 4331 2721 4375 et
2768 4321 3018 4391 gaudium
3071 4331 3290 4374 rostrum
3336 4336 3487 4374 nemo

1920 4413 2060 4465 tollet
2085 4430 2117 4465 a
2147 4412 2284 4466 vobis
2309 4411 2487 4483 (Joan.
2513 4411 2646 4484 xvr).
2681 4402 2747 4466 Et
2773 4412 2898 4466 item
2928 4429 2940 4463 :
2972 4410 3168 4472 Petite,
3196 4412 3370 4479 inquit
3391 4451 3404 4471 ,
3438 4422 3485 4464 et

1916 4506 2209 4573 accipietis,
2253 4515 2307 4558 ut
2347 4505 2598 4574 gaudium
2647 4513 2868 4558 uestrum
2909 4505 2976 4556 sit
3022 4503 3229 4572 planum
3274 4501 3483 4572 (Ibid).

1916 4595 2194 4662 Quomodo
2217 4609 2344 4648 vero
2363 4595 2573 4650 actibus
2596 4595 2708 4648 suis
2729 4595 2877 4648 Isaac
2896 4592 3163 4662 signiﬁcet
3186 4591 3481 4662 Christum,

1915 4685 2132 4755 longum
2162 4693 2245 4738 est
2272 4699 2368 4752 per
2395 4692 2564 4737 totum
2591 4695 2935 4744 enumerare,
2969 4697 3089 4734 cum
3122 4695 3259 4749 pene
3296 4696 3485 4735 omnes

1917 4784 2066 4829 actus
2088 4772 2220 4845 ejus.
2252 4787 2389 4844 quos
2410 4770 2688 4840 Scriptura
2713 4778 2917 4834 narrat,
2942 4769 3265 4824 conveniant
3287 4777 3487 4838 myste-

1917 4867 1998 4919 rio
2026 4865 2092 4919 ad
2119 4863 2394 4918 Christum
2421 4901 2436 4924 ,
2466 4871 2526 4916 ut
2567 4871 2651 4916 est
2695 4861 2854 4923 illud,
2886 4875 2993 4929 quo
3027 4855 3341 4912 mactandos
3370 4859 3487 4925 ipse

1923 4955 1988 5009 ad
2020 4969 2169 5010 aram
2208 4953 2505 5023 portaverit
2531 4952 2672 5022 ligna
2703 4950 2854 5021 (Gen.
2881 4948 3013 5019 xxii)
3034 4989 3048 5004 .
3073 4949 3214 5003 sicut
3239 4946 3485 5003 Christus

1920 5061 2136 5102 crucem
2178 5043 2444 5116 passionis
2483 5059 2594 5098 sum
2638 5041 2852 5111 proprio
2875 5040 3109 5109 gestavit
3145 5051 3388 5106 corpore.
3417 5038 3486 5091 Et

1921 5134 2062 5202 quod
2082 5134 2134 5188 in
2163 5141 2289 5204 typo
2314 5132 2566 5186 Εοειθθὶω
2593 5131 2885 5184 Rebeccam
2909 5127 3061 5181 duxit
3089 5141 3335 5189 uxorem,
3362 5141 3481 5194 qua

1921 5221 2178 5292 gemellos
2201 5221 2252 5275 ei
2279 5221 2486 5291 peperit
2511 5215 2658 5290 (Gen.
2686 5217 2814 5287 xxv)
2835 5258 2849 5282 ,
2881 5217 3024 5271 sicut
3050 5213 3267 5270 Christo
3297 5213 3481 5269 Eccle-

1922 5312 2002 5366 sia
2047 5327 2145 5381 per
2179 5310 2430 5379 baptismi
2455 5308 2658 5364 fontem
2686 5307 2819 5362 duos
2845 5307 2986 5376 parit
3019 5304 3263 5373 populos.
3293 5302 3477 5366 Jacob,
3579 5376 3588 5384 _

1922 5401 2010 5471 qui
2035 5401 2420 5469 interpretatur
2443 5396 2877 5466 superplantator,
2905 5393 2987 5448 vel
3015 5393 3355 5463 supplantans
3371 5432 3386 5455 ,
3409 5391 3483 5445 si.

1923 5491 2140 5562 gniﬁcat
2182 5505 2302 5545 eum
2344 5489 2410 5543 de
2448 5503 2557 5556 quo
2591 5488 2720 5542 dicit
2759 5485 3037 5539 Psalmista
3069 5503 3080 5537 :
3117 5482 3478 5552 Supplantasti

1923 5600 2096 5637 omnes
2120 5583 2436 5651 insurgentes
2461 5581 2514 5633 in
2545 5595 2643 5642 me,
2671 5579 2848 5631 subtus
2877 5593 2957 5628 me
2995 5573 3165 5644 (Psal.
3192 5571 3346 5641 ιγιι).
3382 5569 3478 5624 Hic
