3948 6318
372 300 473 353 759

1034 294 1093 341 Β.
1130 291 1379 343 ιιΑιιΑέςι
1422 285 1633 342 MAUU
1675 280 1966 336 AllillillﬁP

2070 278 2333 332 ;()(λυ>.τ.
2377 275 2651 331 Ol’EltUM
2691 273 2864 327 PARS
2906 275 2943 325 Ι.

3497 270 3604 320 τάξι
3658 320 3659 323 η

376 405 588 470 quidem
621 402 673 454 in
707 408 977 454 erectione
1006 409 1059 453 ct
1087 401 1340 453 unctione
1370 398 1597 466 lapidis,
1622 404 1675 447 et
1706 395 1757 446 in
1786 407 1933 445 som-
1965 395 2009 450 Α
2040 401 2121 444 ter
2152 390 2425 443 Christum
2463 388 2685 457 ﬁgurat,
2716 401 2871 455 quem
2904 384 3189 452 Apostolus
3216 384 3346 436 dixit
3382 381 3471 435 De:
3499 382 3607 433 vir-

380 498 469 548 nin
496 510 591 547 suo
616 491 767 563 (Cen.
794 490 986 561 xxvttt)
1019 490 1287 561 signiﬁcat
1323 488 1623 556 passionem
1654 482 1848 536 Christi
1885 489 1941 533 et

384 583 829 634 resurrectionem
880 580 1026 647 ejus,
1061 593 1217 647 quem
1260 577 1404 628 unxit
1446 573 1583 626 Deus
1610 572 1719 624 oleo
1749 570 1942 622 (mtiliti:

381 688 489 739 μνη·
518 670 855 739 participibus
886 670 1012 721 suis.
1039 665 1219 720 Bctltel
1246 663 1460 732 quippe,
1490 661 1577 713 ubi
1600 658 1762 713 Jacub
1784 658 1943 711 visio-

381 777 501 812 nem
537 759 686 821 vidit,
718 760 982 827 signiﬁcat
1008 754 1324 817 Ecclesium,
1348 766 1465 821 qua:
1490 766 1615 803 vere
1638 757 1718 803 est
1759 748 1942 800 domus

387 848 509 911 Dei,
555 847 679 916 quia
729 834 917 899 domus
966 852 1047 897 est
1095 842 1278 911 panis,
1324 840 1411 911 qui
1442 839 1504 892 de
1534 836 1658 892 caelo
1684 835 1945 889 descendit

384 935 562 1004 (.loan.
596 936 693 1005 vi),
727 944 779 988 et
810 943 957 1003 porta
988 931 1100 985 cali
1123 972 1137 997 ,
1169 931 1292 1000 quia
1321 929 1393 983 ibi
1423 927 1591 982 Filius
1632 926 1725 980 Dei
1753 924 1805 977 in
1836 933 1945 976 ter-

386 1043 499 1079 l'.lll|
527 1023 818 1086 descendit,
852 1030 907 1075 et
935 1020 1183 1075 homines
1226 1017 1399 1073 sancti
1429 1017 1495 1070 ad
1523 1014 1716 1069 cadum
1753 1026 1943 1065 ascen-

386 1121 532 1172 dunt.
565 1116 727 1169 Judas
753 1113 1002 1182 conﬁtens
1022 1153 1036 1177 ,
1077 1111 1159 1165 vel
1187 1109 1514 1180 glariﬁcans,
1545 1105 1946 1173 interpretatur,

386 1218 437 1259 et
466 1204 730 1274 signiﬁcat
754 1203 903 1256 illum
940 1202 1029 1270 qui
1072 1201 1124 1254 in
1161 1196 1445 1266 Evangelio
1486 1195 1656 1249 dixit:
1690 1191 1951 1261 Conﬁteor

385 1295 505 1359 tibi,
553 1294 734 1358 Pater,
776 1292 996 1347 Domine
1040 1289 1153 1344 εαξη
1193 1298 1241 1342 et
1292 1298 1441 1341 terra:
1487 1285 1698 1356 (Matth.
1740 1282 1835 1353 λι).
1887 1281 1954 1337 Et

388 1386 672 1441 l’salmista
697 1385 810 1439 ait:
846 1382 1117 1437 Gloriosus
1144 1381 1285 1434 Deus
1313 1381 1367 1432 in
1400 1378 1595 1431 sanctis
1637 1375 1746 1429 suis
1779 1371 1948 1444 (Psal.

386 1480 574 1549 van),
620 1480 721 1551 hoc
767 1484 882 1541 est,
915 1473 1166 1529 Christus
1188 1472 1241 1525 in
1270 1468 1527 1524 membris
1552 1466 1684 1521 suis.
1719 1464 1950 1527 Phares,

388 1574 592 1634 divisio,
626 1570 740 1624 sive
767 1568 965 1631 divisit,
995 1565 1330 1619 demonstrat
1362 1576 1486 1615 eum
1509 1559 1598 1628 qui
1637 1558 1689 1610 in
1712 1557 1955 1624 Evange-

389 1662 493 1715 lico
520 1661 650 1714 dicit
676 1677 687 1712 :
719 1656 850 1712 Cum
892 1657 1083 1712 venerit
1130 1653 1297 1707 Filius
1347 1650 1571 1704 hominis
1601 1649 1655 1701 in
1684 1646 1956 1715 majestate

2045 492 2203 533 tutcm
2249 490 2294 532 et
2323 478 2415 530 Dei
2439 477 2740 545 sapientiam
2770 489 2887 527 65μο
2913 472 2960 542 (1
2979 473 3097 525 Cor.
3129 474 3191 541 ι).
3214 473 3302 541 qui
3328 473 3460 525 bene
3482 486 3610 523 set:—

2046 572 2213 626 sibilis
2229 572 2439 625 dicitur.
2466 568 2597 621 Nam
2622 568 2671 620 in
2702 565 2984 635 Evangelio
3008 564 3199 633 legitur
3220 564 3438 617 dixisse.
3470 561 3610 614 Teti-

2044 663 2114 731 git
2138 678 2216 713 me
2243 660 2450 727 aliquis.
2485 657 2623 710 Nam
2646 667 2691 708 et
2715 672 2805 725 ego
2834 658 2970 708 sensi
2998 655 3060 707 de
3082 672 3161 708 me
3191 656 3431 707 virtutem
3463 652 3607 704 exis-

2046 768 2098 804 se
2144 750 2292 821 (Luc.
2326 748 2463 815 vui).
2498 748 2562 800 Et
2590 748 2714 800 item
2746 764 2760 800 ;
2788 744 2926 810 Quid
2970 747 3207 815 cogitatis
3234 743 3372 798 mala
3405 745 3458 796 in
3491 759 3611 795 cor-

2047 841 2196 894 dibus
2218 842 2397 893 vestris
2425 840 2448 891 ?
2472 837 2684 909 (Matth.
2719 838 2821 905 ις.)
2850 836 2985 890 Vere
3012 836 3298 897 sensibilis,
3337 834 3428 904 qui
3464 834 3613 903 cogi—

2050 939 2158 983 tata
2205 938 2262 982 ut
2299 928 2458 991 facta,
2504 937 2557 981 et
2586 927 2761 980 futura
2792 936 2847 980 ut
2873 927 3151 996 prtescntia
3184 925 3357 979 cernit
3387 925 3523 979 sicut
3543 926 3613 977 de

2050 1034 2114 1073 eo
2146 1019 2420 1082 scribitur,
2454 1018 2542 1086 qui
2567 1016 2693 1072 fecit
2718 1033 2837 1085 qua:
2874 1013 3048 1070 futura
3080 1026 3223 1071 sunt.
3248 1015 3405 1077 Boos,
3432 1017 3493 1068 in
3508 1032 3614 1082 quo

2052 1110 2231 1173 robur,
2262 1108 2341 1162 vel
2366 1108 2420 1161 in
2443 1108 2553 1177 ipso
2598 1106 2879 1175 fortitudo,
2910 1107 2991 1160 vel
3015 1107 3068 1159 in
3101 1107 3424 1174 fortitudine,
3451 1108 3617 1161 inter-

2050 1209 2312 1271 pretatur,
2356 1207 2480 1269 apte
2508 1200 2574 1253 ad
2619 1198 2891 1254 Christum
2943 1196 3221 1274 transferri
3249 1205 3445 1266 potest,
3482 1197 3616 1266 quia

2051 1294 2163 1362 ipse
2194 1300 2278 1347 est
2304 1292 2579 1347 brachium
2604 1291 2833 1355 Domini,
2880 1290 2947 1344 de
2975 1306 3082 1360 quo
3130 1292 3388 1360 prOpheta
3434 1290 3567 1346 dicit
3598 1311 3611 1345 :

2052 1381 2187 1436 Ecce
2216 1381 2467 1435 Dominus
2492 1382 2546 1435 in
2574 1378 2880 1450 fortitudine
2909 1384 3093 1445 veniet,
3121 1391 3169 1435 et
3202 1377 3480 1435 brachium
3504 1382 3615 1451 ejus

2054 1472 2409 1525 dominabitur
2471 1468 2604 1540 (Isai
2634 1470 2741 1541 ιιι).
2796 1471 3018 1541 Ειᾼὶρεθ
3048 1472 3113 1526 de
3146 1474 3276 1529 sein
3329 1472 3618 1542 Evangelio

2055 1562 2130 1615 ait
2155 1576 2168 1613 :
2196 1560 2310 1630 Ego
2330 1562 2376 1613 si
2413 1560 2670 1616 exaltatus
2702 1560 2849 1628 fuero
2876 1578 2907 1613 a
2936 1571 3095 1625 terra,
3128 1562 3300 1614 omnia
3324 1563 3528 1615 traham
3549 1563 3616 1614 ad

2056 1650 2307 1731 meipsum
2343 1649 2522 1719 (Joan.
2556 1648 2677 1720 xtl).
2709 1647 2893 1705 Omnis
2936 1648 3077 1702 enim
3106 1650 3277 1702 virtus
3302 1649 3537 1703 hominis
3564 1649 3618 1702 in

388 1770 507 1816 sua,
540 1760 587 1803 et
614 1766 788 1804 omnes
813 1747 984 1817 angeli
1013 1762 1128 1799 cum
1156 1761 1236 1809 eo,
1259 1754 1380 1796 tunc
1399 1740 1591 1795 sedebit
1614 1754 1767 1808 super
1790 1735 1961 1789 sedem
1990 1732 2036 1791 Β
2064 1750 2236 1795 morte
2261 1740 2475 1795 desinit.
2527 1738 2746 1797 Verbum
2773 1748 2949 1794 autem
2976 1739 3117 1809 quod
3144 1744 3266 1793 caro
3296 1739 3495 1807 factum
3521 1751 3617 1801 est,

389 1839 679 1909 majestatis
724 1854 855 1899 sum,
887 1844 935 1889 et
979 1832 1427 1902 congregabantur
1466 1837 1586 1881 ante
1626 1840 1743 1879 eum
1783 1837 1957 1875 omnes

391 1940 584 1999 gentes,
612 1939 657 1979 et
686 1925 943 1996 separabit
968 1939 1053 1976 eos
1074 1922 1139 1974 ab
1162 1922 1376 1973 invicem
1394 1919 1563 1983 ,sicut
1592 1924 1770 1986 pastor
1790 1928 1960 1982 segre-

392 2029 473 2088 gat
507 2034 622 2071 ores
650 2016 715 2068 ab
748 2016 813 2067 ha
831 2014 947 2077 dis,
979 2022 1033 2065 et
1062 2011 1266 2083 reliqua
1304 2008 1519 2080 (Matth.
1550 2004 1696 2076 xxv).
1723 2004 1790 2058 Et
1816 2004 1961 2073 Apo-

391 2108 559 2161 stolus
586 2124 597 2159 :
646 2104 795 2158 Vicus
820 2114 892 2157 cst
912 2143 927 2167 ,
960 2102 1163 2172 inquit,
1194 2116 1362 2155 sermo
1388 2098 1480 2152 Dei
1501 2108 1547 2151 et
1573 2098 1772 2166 efﬁcax,
1792 2103 1839 2146 et
1872 2108 1962 2163 pe-

393 2195 695 2250 netrabilior
733 2194 873 2248 omni
903 2192 1078 2262 gladio
1105 2191 1351 2261 ancipiti,
1389 2199 1436 2243 et
1473 2188 1765 2259 pertingens
1803 2199 1963 2254 usque

396 2285 466 2337 ad
493 2284 797 2337 divisionem
828 2270 1023 2336 animm
1059 2297 1122 2334 ac
1148 2281 1361 2350 spiritus
1383 2321 1399 2348 ,
1431 2292 1733 2349 contpogura
1762 2288 1963 2347 quoque

396 2391 458 2431 ac
485 2376 832 2431 medullarum
856 2414 872 2442 ,
912 2383 960 2431 et
984 2372 1234 2430 discretor
1255 2374 1625 2444 cogitationum
1652 2369 1839 2442 (Hebr.
1865 2366 1963 2440 tv).

396 2472 533 2524 Zara
554 2509 569 2533 ,
594 2484 765 2521 oriens
783 2509 797 2533 ,
826 2469 940 2522 sive
966 2476 1141 2531 ortus,
1166 2467 1568 2535 interpretatur,
1591 2473 1645 2517 et
1676 2462 1965 2515 Zacharias

397 2563 475 2615 ait
502 2578 514 2613 :
550 2558 785 2612 Visitavit
812 2573 905 2611 nos
926 2556 1096 2611 oriens
1114 2572 1178 2609 ea:
1203 2554 1309 2607 alto
1339 2552 1488 2625 (Luc.
1514 2552 1573 2624 l).
1598 2552 1665 2605 Et
1684 2550 1807 2604 alibi
1834 2549 1966 2604 scri-

403 2659 555 2720 ptum
588 2657 709 2702 est:
744 2646 911 2710 Ecce,
947 2645 1027 2699 vir
1061 2644 1230 2697 oriens
1279 2658 1463 2696 nomen
1503 2641 1617 2722 ejus
1647 2637 1831 2711 (Zach.
1866 2636 1964 2706 vt).

399 2739 611 2800 Esront,
638 2736 883 2805 sagittam
907 2733 1051 2797 vidit,
1080 2731 1168 2787 vel
1188 2732 1383 2785 atrium
1402 2730 1539 2800 ejus,
1555 2729 1774 2783 denotat
1794 2727 1969 2796 ipsum

408 2829 474 2882 de
504 2842 610 2896 quo
636 2816 835 2879 dicitur
860 2842 871 2875 :
902 2822 1120 2895 Sagitta
1142 2821 1360 2892 potentis
1393 2830 1560 2873 acuta?
1590 2818 1759 2890 (Psal.
1786 2815 1964 2888 cxtx);

405 2916 615 2984 sagitta:
643 2913 842 2969 Christi
879 2923 1003 2967 sunt
1036 2921 1299 2983 praecepta
1330 2908 1633 2980 Evangelii,
1674 2907 1759 2964 vel
1796 2908 1969 2961 vindi-

413 3003 828 3073 cantisjudieia.
855 3002 1064 3056 Atrium
1110 3016 1235 3055 vero
1281 3000 1546 3070 signiﬁcat
1584 2998 1966 3052 abundantiam

418 3096 625 3167 gratiae,
655 3102 710 3148 et
733 3092 1070 3146 latitudinem
1114 3089 1425 3153 charitatis,
1454 3103 1550 3159 per
1587 3102 1747 3156 quam
1781 3101 1967 3141 cmnes
1996 3077 2041 3137 C

416 3188 653 3243 invitans
678 3184 744 3238 ad
770 3199 828 3239 se
860 3183 976 3253 ipsa
1002 3182 1231 3245 Veritas,
1249 3181 1353 3233 ait:
1378 3178 1556 3233 Venite
1576 3180 1643 3232 ad
1671 3196 1769 3244 me,
1799 3195 1975 3232 omnes

410 3279 500 3350 qui
553 3275 805 3330 laboratis
849 3283 898 3327 et
949 3273 1149 3327 onerati
1199 3271 1341 3335 estis,
1392 3281 1439 3324 et
1486 3286 1577 3341 ego
1621 3270 1850 3339 reﬁciam
1888 3285 1975 3323 eos

409 3368 624 3441 (Matth.
652 3366 755 3438 xi).
784 3365 949 3419 Aram
967 3403 981 3427 ,
1018 3362 1238 3429 electus,
1260 3362 1374 3417 sive
1399 3360 1639 3415 exclusus
1665 3360 1879 3414 dicitur.
1910 3360 1978 3413 Et

406 3458 668 3531 propheta
685 3471 752 3510 ex
772 3469 1002 3526 persona
1033 3453 1209 3507 Patris
1232 3452 1303 3507 ad
1328 3451 1522 3505 Filium
1548 3449 1782 3520 loquitur
1805 3468 1818 3502 :
1845 3449 1978 3503 Ecce

408 3564 537 3619 puer
564 3562 729 3611 meus,
757 3544 948 3599 electus
977 3559 1121 3621 meus
1139 3582 1154 3607 ,
1181 3542 1304 3596 dedi
1339 3540 1579 3612 spiritum
1618 3556 1788 3593 meum
1826 3555 1980 3608 super

410 3645 582 3711 ipsum
624 3636 780 3709 (Isai.
819 3636 971 3706 xw).
1011 3634 1142 3700 Quis
1179 3640 1261 3688 est
1302 3632 1401 3686 iste
1448 3646 1580 3703 puer
1616 3631 1846 3694 electus,
1876 3628 1978 3682 nisi

417 3731 509 3799 qui
541 3745 572 3782 a
596 3728 824 3798 pueritia
856 3725 1162 3797 reprohavit
1190 3724 1416 3787 malum,
1454 3731 1509 3777 et
1534 3721 1694 3791 elegit
1721 3720 1863 3789 quod
1888 3719 1981 3773 bo-

418 3834 546 3873 num
572 3818 690 3873 est?
716 3815 872 3888 (Isai.
901 3815 1021 3883 vn.)
1040 3813 1324 3867 Psalmista
1354 3825 1563 3880 quoque
1587 3811 1663 3863 ait
1692 3827 1703 3861 :
1729 3808 1979 3862 Excelsus

415 3926 569 3979 super
592 3924 767 3962 omnes
793 3916 965 3977 gentes
1000 3905 1277 3966 Dominus,
1307 3912 1359 3957 et
1385 3901 1588 3971 reliqua
1620 3899 1788 3972 (Psal.
1825 3899 1977 3969 exn).

418 4000 716 4055 Aminadab
770 4007 982 4062 autem,
1010 3998 1101 4067 qui
1144 3998 1525 4066 interpretatur
1570 3988 1789 4065 populus
1839 4008 1981 4046 meus

418 4092 741 4145 voluntarius
761 4131 775 4157 ,
799 4091 1063 4161 signiﬁcat
1088 4104 1211 4144 eum
1250 4089 1340 4158 qui
1377 4087 1550 4141 dixit:
1577 4086 1744 4139 Nemo
1785 4083 1917 4137 tollit
1945 4100 1981 4137 a

418 4199 498 4235 me
528 4182 756 4234 animam
779 4196 970 4246 meam,
999 4180 1088 4233 sed
1115 4195 1206 4249 ego
1232 4194 1365 4248 pono
1386 4194 1521 4241 eam,
1548 4186 1593 4229 et
1618 4176 1803 4228 iterant
1833 4189 1981 4227 sumo

418 4289 534 4327 eam
562 4271 740 4343 (Joan.
765 4273 840 4342 ι).
867 4272 975 4326 lste
996 4286 1124 4326 vero
1156 4278 1317 4341 caput
1360 4277 1443 4323 est
1488 4268 1631 4322 illius
1671 4266 1885 4336 populi,
1916 4279 1982 4319 ex

422 4367 573 4435 cujus
592 4382 818 4436 persona
838 4366 1118 4420 Psalmista
1144 4366 1375 4435 loquitur
1398 4363 1645 4428 Domino,
1672 4363 1745 4415 ita
1765 4362 1976 4415 dicens:

430 4454 736 4508 Voluntarie
761 4454 1066 4521 sacrificabo
1094 4454 1217 4520 tibi,
1246 4464 1293 4506 et
1328 4452 1607 4520 conﬁtebor
1641 4450 1835 4529 nomini
1872 4460 1979 4513 tuo,

420 4545 662 4608 Domine,
684 4544 930 4613 quoniam
953 4544 1140 4596 bonum
1167 4552 1241 4596 est
1263 4540 1433 4614 (Psal.
1462 4541 1599 4614 un).
1622 4542 1854 4605 Naason,
1879 4557 1986 4593 ser-

422 4636 681 4705 pentinus,
706 4632 791 4686 vel
804 4632 1107 4702 augurium,
1133 4633 1324 4705 ﬁgurat
1344 4646 1467 4686 eum
1494 4632 1583 4701 qui
1618 4632 1669 4685 in
1696 4629 1987 4699 Evangelia

425 4725 559 4777 dixit
582 4741 595 4777 :
626 4722 772 4778 Sicut
793 4721 995 4792 Moyses
1009 4721 1252 4775 exultavit
1280 4732 1565 4791 serpentem
1585 4723 1639 4776 in
1666 4721 1889 4785 deserto,
1911 4721 1988 4772 ita

426 4814 646 4867 exaltari
676 4822 872 4882 oportet
898 4810 1067 4881 ﬁlium
1089 4811 1311 4864 hominis
1335 4811 1515 4880 (Joan.
1555 4811 1657 4883 ιιι).
1693 4810 1987 4882 Augurium

430 4918 558 4972 ergo
585 4905 673 4958 hic
695 4917 791 4972 pro
815 4902 1068 4957 vaticinio
1096 4900 1180 4955 vel
1205 4900 1527 4955 revelatione
1553 4900 1771 4971 intelligi
1799 4899 1982 4961 debet,

430 4996 583 5065 cujus
612 4993 922 5046 vaticinium
948 4993 1001 5047 in
1022 4993 1124 5047 tria
1142 4992 1434 5063 prophetia:
1470 5001 1709 5061 tempora
1749 4989 1984 5059 respicit.

431 5087 487 5141 In
516 5084 845 5155 prmtcritum
866 5123 882 5149 ,
909 5092 968 5137 ut
990 5093 1107 5139 est:
1146 5081 1283 5138 Vidit
1322 5083 1587 5137 Abraham
1622 5082 1757 5135 diem
1786 5095 1987 5145 meum,

430 5187 478 5230 et
499 5176 703 5246 gavisus
730 5182 805 5227 est
834 5171 1013 5244 (Joan.
1043 5172 1181 5244 vnt).
1206 5172 1262 5226 In
1291 5186 1528 5243 praesens
1549 5212 1566 5238 ,
1606 5180 1665 5226 ut
1694 5182 1777 5226 est
1804 5189 1816 5225 :
1851 5170 1991 5235 Quid

432 5266 668 5337 cogitatis
696 5263 836 5317 mala
851 5263 907 5316 in
925 5261 1162 5315 cordibus
1179 5266 1394 5318 vestris?
1415 5264 1626 5334 (Matth.
1654 5261 1749 5334 ιι.)
1770 5262 1825 5316 ln
1848 5261 1991 5314 futu-

432 5372 575 5420 rum,
604 5365 665 5409 ut
686 5364 769 5410 est
794 5355 896 5409 hoc
921 5370 935 5405 :
964 5351 1132 5405 Erunt
1155 5355 1289 5406 enim
1316 5356 1448 5409 sicut
1470 5356 1639 5426 angeli
1660 5355 1755 5408 Dei
1784 5356 1838 5407 in
1865 5353 1989 5407 mlo

436 5447 652 5518 (Matth.
683 5446 842 5516 χχιι).
887 5444 955 5500 Et
983 5442 1148 5497 illud:
1182 5441 1370 5497 Soluite
1412 5445 1671 5517 templum,
1701 5446 1827 5508 hoc,
1854 5454 1899 5498 et
1938 5446 1993 5498 in

436 5537 597 5591 tribus
620 5535 800 5589 diebus
827 5534 1060 5589 excitabo
1094 5526 1225 5588 illud
1256 5533 1435 5604 (Joan.
1482 5535 1565 5605 ιι).
1600 5534 1850 5601 Salmon,
1904 5536 1994 5604 qui

437 5623 817 5694 interpretatur
850 5640 1049 5689 sensus,
1076 5622 1157 5676 vel
1185 5622 1461 5684 sensibilis,
1495 5638 1596 5676 non
1624 5623 1997 5677 inconvenien-

2011 4412 2059 4471 D

2061 1832 2124 1887 de
2154 1826 2470 1885 inﬁrmitate
2501 1828 2713 1895 fortius,
2740 1830 2804 1884 de
2843 1839 3015 1883 morte
3044 1830 3303 1895 vivacius,
3343 1831 3409 1885 de
3445 1830 3617 1884 humi-

2060 1924 2209 1979 litate
2234 1923 2496 1979 excelsius
2524 1922 2719 1978 l’actum
2748 1932 2849 1979 est.
2877 1922 3045 1987 Obed,
3077 1922 3130 1977 id
3161 1912 3267 1987 est,
3306 1924 3530 1976 serviens
3549 1922 3620 1977 si-

2060 2012 2277 2085 gniﬁcat
2302 2027 2425 2068 eum
2445 2012 2536 2081 qui
2555 2013 2621 2067 de
2640 2012 2926 2082 semetipso
2939 2012 3015 2065 ait
3039 2029 3051 2065 ;
3075 2009 3249 2066 Filius
3276 2010 3499 2065 hominis
3520 2028 3620 2065 non

2062 2108 2197 2162 venit
2235 2106 2544 2185 ministrari,
2580 2105 2670 2159 sed
2695 2105 2987 2159 ministrare
3030 2102 3241 2175 (Matth.
3274 2092 3386 2187 sx).
3409 2103 3480 2183 Et
3500 2118 3623 2175 apo-

2042 2198 2232 2267 stolus
2267 2217 2279 2252 :
2314 2197 2417 2271 Qui
2464 2214 2595 2263 cum
2627 2198 2681 2251 in
2722 2197 2888 2266 forma
2936 2195 3035 2252 Dei
3082 2205 3230 2258 esset,
3281 2196 3474 2265 inquit,
3525 2211 3622 2250 non

2064 2291 2301 2361 rapinam
2322 2276 2602 2343 arbitratus
2621 2273 2696 2341 est
2712 2303 2821 2341 esse
2842 2302 2896 2341 se
2917 2280 3164 2355 aqualem
3182 2285 3316 2349 Deo,
3330 2285 3421 2343 sed
3443 2294 3625 2338 semet-

2065 2382 2232 2452 ipsum
2278 2378 2578 2456 exinanivit,
2619 2376 2841 2445 formam
2887 2374 3025 2429 servi
3058 2373 3337 2443 accipiens,
3385 2373 3442 2435 in
3476 2372 3627 2427 simi-

2065 2475 2340 2535 Iitudinem
2361 2473 2623 2551 hominum
2648 2471 2836 2540 factus,
2865 2480 2912 2523 et
2932 2467 3110 2522 habitu
3133 2455 3368 2522 iurent—us
3393 2475 3451 2520 ut
3480 2464 3625 2519 homo

2068 2566 2289 2637 (Philip.
2316 2568 2398 2635 ιι).
2431 2563 2609 2629 Iesse,
2644 2563 3023 2633 interpretatur
3048 2558 3235 2635 insula:
3273 2558 3518 2611 libamen.
3546 2554 3626 2609 lit-

2067 2646 2197 2736 snlai
2220 2658 2475 2714 Ecclesia:
2496 2648 2629 2711 sunt
2657 2654 2722 2709 de
2747 2642 3019 2723 gentibus,
3061 2664 3180 2719 quae
3220 2648 3273 2702 in
3310 2646 3447 2717 mari
3479 2645 3629 2701 istius

2068 2735 2249 2806 mundi
2291 2748 2497 2819 positae,
2551 2744 2845 2799 tunduntur
2900 2738 3143 2820 quotidie
3189 2735 3624 2809 persecutionum

2068 2842 2307 2904 testibus,
2350 2839 2416 2893 de
2465 2836 2659 2906 quibus
2690 2832 2877 2888 insulis
2912 2826 3077 2885 Isaias
3098 2829 3268 2884 dicit:
3300 2826 3365 2882 In
3382 2823 3629 2906 doctrinis

2069 2927 2356 3001 gloriﬁcate
2380 2903 2685 2988 Dominum,
2710 2923 2764 2975 in
2796 2920 2979 2977 insulis
3022 2917 3184 2973 maris
3212 2914 3401 2987 nomen
3422 2903 3631 2968 Domini

2070 3021 2166 3074 Dei
2198 3016 2385 3073 Israel.
2424 3014 2579 3088 (Isai.
2600 3012 2772 3084 χειν.)
2802 3010 2993 3067 ιιιειιιίε
3020 3024 3149 3078 ergo
3172 3008 3403 3063 libamen
3430 3002 3632 3076 sacriﬁ-

2074 3115 2214 3170 cium
2263 3119 2346 3166 est
2382 3110 2624 3180 corporis
2661 3116 2717 3163 et
2740 3105 3016 3175 sanguinis
3034 3102 3265 3166 Domini,
3291 3098 3435 3170 quod
3462 3096 3634 3168 quoti-

2045 3234 2053 3242 -
2074 3205 2158 3259 die
2178 3210 2361 3258 sancta
2381 3200 2619 3256 Ecclesia
2641 3214 2764 3254 cum
2789 3196 2928 3251 votis
2960 3206 3015 3264 et
3038 3193 3284 3256 laudibus
3311 3190 3421 3245 Deo
3443 3185 3635 3245 offerre

2074 3292 2231 3354 solet,
2281 3276 2847 3360 commemorationem
2895 3283 3055 3354 digne
3096 3296 3261 3352 agens
3290 3272 3556 3348 passionis
3582 3284 3636 3330 et

2075 3378 2487 3436 resurrectionis
2531 3364 2840 3431 Dominica.
2908 3372 3103 3438 David,
3142 3362 3512 3436 desiderabilis
3552 3363 3638 3418 vel

2078 3460 2440 3543 fortis'manu,
2471 3468 2602 3524 nulli
2623 3466 2845 3522 dubium
2887 3464 3016 3535 quin
3036 3462 3313 3518 Christum
3350 3456 3634 3529 signiticet,

2075 3564 2143 3619 de
2172 3548 2278 3633 quo
2311 3560 2595 3617 Psalmista
2616 3558 2691 3612 ait
2721 3571 2735 3611 :
2777 3553 3053 3627 Speciosus
3072 3552 3242 3623 {arma
3263 3555 3380 3622 prte‘
3396 3548 3524 3617 ﬁliis
3547 3547 3635 3600 ho-

2076 3655 2275 3708 minum
2330 3648 2500 3723 (Psal.
2558 3648 2726 3720 xuv),
2792 3656 2845 3702 et
2898 3644 3064 3701 item:
3094 3642 3391 3704 Dominus,
3444 3638 3634 3711 inquit,

2079 3745 2254 3814 fortis,
2278 3742 2531 3797 Dominus
2550 3749 2729 3811 patens
2759 3740 2814 3792 in
2852 3734 3033 3808 praelia
3056 3734 3227 3807 (Psal.
3250 3732 3413 3803 nm)
3442 3750 3462 3785 ς
3487 3730 3637 3801 cujus

2078 3845 2226 3906 gesta
2250 3832 2519 3903 quomodo
2568 3830 2842 3886 Dominica
2869 3828 3007 3882 facta
3037 3814 3356 3896 signiﬁcent,
3388 3821 3640 3876 tractato-

2080 3939 2167 3979 res
2196 3930 2500 3979 sanctarum
2553 3919 2952 3990 Scripturarum
2990 3910 3314 3969 suﬁcienter
3345 3914 3636 3979 exponunt.

2081 4012 2333 4068 Salomon
2387 4025 2599 4081 quoque
2622 4024 2713 4063 rex
2736 4016 2792 4063 et
2819 4006 2961 4060 ﬁlius
2996 4005 3161 4074 regis,
3206 4002 3299 4073 qui
3325 4001 3641 4069 interpreta-
3670 4036 3681 4046 .

2083 4114 2170 4161 tus
2196 4104 2400 4169 Latine,
2447 4109 2605 4158 sonat
2640 4099 2911 4172 paciﬁcus,
2950 4095 3035 4151 vel
3071 4101 3287 4175 paeatus
3329 4092 3447 4155 erit,
3493 4088 3639 4143 illum

2083 4197 2300 4253 denotat
2320 4197 2385 4250 de
2414 4208 2522 4265 quo
2545 4192 2815 4261 Propheta
2834 4197 3105 4258 precatur,
3131 4184 3313 4240 dicens
3337 4180 3530 4243 :Deus,
3552 4177 3642 4247 ju-

2081 4288 2275 4342 dicium
2302 4293 2449 4338 tuum
2485 4283 2613 4352 Regi
2658 4282 2749 4347 da,
2793 4290 2841 4334 et
2872 4277 3132 4348 justitiam
3160 4286 3305 4328 tuam
3342 4271 3454 4341 ﬁlio
3490 4269 3643 4338 Regis

2085 4372 2253 4445 (Psal.
2281 4372 2450 4442 uxr).
2476 4370 2543 4425 Et
2566 4370 2724 4440 paulo
2747 4377 2869 4438 post
2906 4385 2919 4420 :
2957 4363 3189 4428 Orietur,
3222 4360 3417 4431 inquit,
3453 4360 3510 4412 in
3537 4359 3645 4410 die-

2086 4465 2178 4519 bus
2208 4464 2321 4533 ejus
2359 4461 2572 4532 justitia
2600 4468 2647 4512 et
2696 4456 3017 4511 abundantia
3036 4454 3201 4523 pacis,
3243 4453 3405 4504 donec
3430 4445 3648 4503 extolla-

2084 4563 2170 4607 tur
2190 4552 2358 4613 luna;
2411 4559 2456 4604 et
2478 4548 2829 4603 dominabitur
2873 4564 2905 4599 a
2938 4545 3074 4599 mari
3103 4559 3265 4613 usque
3306 4540 3373 4593 ad
3403 4555 3568 4601 mare,
3601 4546 3646 4591 et

2086 4659 2118 4696 a
2144 4641 2357 4710 ﬂumine
2379 4656 2539 4705 usque
2571 4638 2639 4691 ad
2662 4637 2906 4693 terminos
2932 4634 3069 4688 orbis
3095 4642 3246 4686 terra:
3271 4629 3481 4701 (Ibid.).
3499 4626 3649 4693 Quod

2086 4739 2268 4783 autem
2297 4734 2446 4798 gesta
2506 4725 2734 4795 plurima
2788 4722 3112 4787 Salomonis,
3160 4730 3214 4775 et
3245 4718 3478 4773 maxime
3511 4716 3649 4785 quod

2089 4817 2343 4887 templum
2392 4816 2619 4870 Domino
2659 4830 2781 4869 cum
2843 4814 2991 4869 omni
3041 4812 3218 4867 studio
3268 4819 3325 4864 et
3374 4808 3650 4876 diligentia

2092 4906 2398 4972 aediﬁcavit,
2452 4905 2677 4976 ﬁguram
2725 4904 3021 4960 Salvatoris
3064 4903 3235 4958 nostri
3278 4910 3333 4956 et
3399 4899 3653 4954 Ecclesia:

2094 5006 2328 5062 teneant,
2375 5012 2478 5051 non
2504 5005 2589 5051 est
2616 4998 2873 5067 ignotum.
2918 4995 3180 5059 Roboam,
3230 4996 3449 5063 impetus
3477 4992 3652 5063 populi

2092 5090 2192 5143 mei
2218 5092 2619 5158 interpretatur,
2654 5096 2709 5142 et
2753 5085 3019 5159 signiﬁcat
3058 5086 3291 5141 velocem
3333 5093 3656 5138 conventum

2093 5180 2409 5250 populorum
2430 5179 2497 5233 ad
2522 5180 2679 5235 ﬁdem
2704 5178 2903 5233 Christi
2924 5186 3042 5248 post
3067 5178 3493 5232 incarnationem
3521 5177 3651 5247 ejus.

2097 5270 2248 5335 Quod
2289 5268 2556 5339 Propheta
2604 5269 2658 5322 in
2695 5268 2897 5337 Spiritu
2939 5267 3238 5337 praevidens
3281 5267 3353 5318 ait
3413 5283 3425 5317 :
3468 5262 3655 5318 Omnes

2099 5361 2275 5427 gentes
2318 5374 2651 5428 quascunque
2705 5357 2889 5427 fecisti,
2939 5358 3137 5410 venient
3156 5365 3203 5409 et
3229 5352 3520 5406 adorabunt
3568 5368 3656 5404 co-

2102 5464 2212 5499 ram
2233 5457 2299 5510 te,
2326 5447 2563 5512 Domine,
2588 5456 2634 5500 et
2656 5445 3069 5515 honoriﬁcabunt
3097 5460 3279 5497 nomen
3312 5455 3458 5497 tuum
3485 5438 3654 5511 (Psal.

2103 5536 2318 5607 Lxxxv).
2368 5537 2524 5601 Abia,
2549 5538 2601 5591 in
2625 5547 2866 5592 nostram
2904 5536 3140 5605 linguam
3164 5533 3493 5589 convertitur
3512 5539 3659 5596 pater

2104 5627 2360 5690 dominus,
2412 5628 2754 5695 ostenditque
2792 5626 2936 5679 illum
2970 5625 3035 5680 de
3077 5640 3183 5693 quo
3230 5624 3487 5691 pmpheta
3534 5621 3653 5670 ait:

3886 2008 3889 2117 4
