3948 6328
160 370 225 427 7i
240 375 259 427 ι

1118 364 1463 422 COMMENT.
1507 365 1572 419 lN
1614 365 2042 439 ΜᾸΤΪΙΙᾸᾷυΜ.
2070 396 2133 404 —-
2172 365 2295 418 LIB.
2332 364 2370 417 1.

3291 365 3392 419 742

156 481 422 536 Parvulas
456 490 605 536 natus
631 488 703 531 est
744 478 907 541 nobis,
940 487 985 530 et
1025 478 1167 547 ﬁlivs
1194 478 1346 529 datus
1377 485 1449 529 est
1476 476 1639 536 nobis,
1683 486 1727 527 et
1758 482 1803 540 Α
1838 476 2102 528 nitentium
2131 476 2193 528 ab
2234 476 2467 529 omnibus
2487 477 2707 545 peccatis
2729 477 2856 541 suis,
2886 494 3001 548 qutu
3026 486 3263 547 operatus
3295 490 3391 545 est,

158 575 333 642 factus
376 570 695 637 principatus
727 568 840 636 ejus
859 584 1012 637 super
1031 568 1299 618 humerum
1323 566 1458 635 ejus,
1486 576 1531 618 et
1580 582 1731 618 uoca-

160 664 305 723 bitur
338 677 523 713 nomen
546 660 657 729 ejus
693 659 1035 719 admirabilis,
1068 657 1421 719 consiliarius,
1452 656 1591 731 Deus
1622 656 1731 724 for-

164 754 257 815 tis,
294 760 443 821 pater
488 750 652 819 futuri
702 748 900 810 sa’culi,
951 749 1188 819 princeps
1225 748 1386 816 pacis,
1426 756 1480 801 et
1525 746 1730 816 reliqua

166 842 327 913 (Isai.
356 843 454 909 Ir).
489 843 613 905 Asa,
641 841 822 895 tollens
850 840 963 895 sive
1002 840 1264 903 attollens,
1296 839 1564 911 signiﬁcat
1606 852 1731 927 eum

163 935 233 988 de
256 948 361 1003 quo
386 930 616 987 Joannes
642 930 774 984 dicit
798 947 813 982 :
842 928 973 982 Ecce
995 945 1157 1005 agnus
1188 928 1320 992 Dei,
1350 944 1463 981 ecce
1487 929 1575 998 qui
1599 925 1733 980 tollit

164 1036 380 1094 peccata
414 1024 592 1079 mundi
623 1022 805 1092 (Joau.
835 1020 905 1085 ι).
944 1022 1003 1074 Et
1046 1022 1305 1091 propheta
1361 1019 1608 1074 Ezechiel
1666 1034 1747 1087 ex,

167 1127 395 1184 persona
438 1113 647 1169 Domini
675 1113 740 1165 de
791 1112 1174 1167 convocatione
1198 1112 1435 1183 gentium
1490 1111 1733 1181 loquens,

166 1196 286 1261 ait:
322 1205 520 1259 Tollam
577 1220 662 1259 vos
700 1204 764 1257 de
788 1204 1041 1274 gentibus,
1092 1210 1143 1257 et
1200 1203 1519 1273 congregabo
1548 1218 1634 1255 vos
1672 1202 1736 1254 de

169 1293 425 1347 uniuersis
472 1291 645 1355 terris,
674 1301 721 1344 et
752 1290 997 1344 inducam
1046 1307 1132 1344 vos
1170 1292 1223 1343 in
1257 1301 1449 1342 terram
1493 1285 1735 1353 restrain,

169 1386 247 1437 ait
298 1384 550 1441 Dominus
588 1382 723 1436 Deus
789 1381 1001 1452 (Ezech.
1043 1382 1251 1453 XXXVI).
1302 1380 1577 1453 Josaphat,
1634 1383 1739 1452 ipse

156 1475 442 1543 judicans,
485 1474 577 1527 sed
612 1472 801 1527 melius
845 1471 1098 1526 Dominus
1135 1473 1416 1542 judicabit,
1469 1474 1737 1543 interpre-

174 1565 278 1617 tari
306 1571 479 1632 potest
510 1582 522 1615 :
555 1563 694 1631 quod
724 1562 797 1616 illi
829 1564 1060 1617 maxime
1084 1565 1353 1627 convenit,
1387 1565 1453 1619 de
1482 1579 1588 1633 quo
1608 1564 1741 1619 scri-

172 1664 326 1723 ptum
350 1662 431 1708 est
458 1669 473 1706 :
506 1652 717 1708 Paravit
736 1654 788 1708 in
810 1653 1013 1722 judicio
1047 1653 1219 1708 sedem
1245 1671 1416 1720 suam,
1452 1637 1507 1737 et
1527 1656 1634 1724 ipse
1649 1654 1742 1723 ju—

174 1744 371 1798 dicabit
408 1744 579 1798 orbem
611 1754 763 1797 terra:
795 1745 845 1797 in
867 1748 1105 1814 (equitate
1140 1743 1310 1815 (Psal.
1346 1746 1444 1813 ιχ).
1477 1745 1541 1799 Et
1572 1747 1736 1799 item:

1829 574 1878 617 et
1917 564 2217 616 custodierit
2248 564 2484 617 universa
2517 574 2772 633 pra'cepta
2818 582 2951 629 mea,
2979 576 3025 620 et
3054 567 3230 636 fecerit
3246 568 3396 635 judi-

1830 652 1967 703 cium
2006 661 2051 703 et
2066 651 2347 719 justitiam,
2375 652 2478 706 rita
2510 653 2657 717 vivet,
2682 664 2726 705 et
2751 670 2852 706 non
2874 656 3141 720 morietur,
3165 660 3397 710 omnium

1828 749 2157 809 peccatorum
2201 741 2336 809 ejus,
2388 758 2506 812 qua:
2544 753 2785 811 Operatu'
2828 755 2920 807 est,
2959 762 3060 798 non
3087 747 3399 801 recordabar

1832 827 2047 900 (Eseoh.
2096 844 2249 893 xvru,
2306 830 2523 899 smn).
2547 830 2613 884 Et
2642 831 2693 884 in
2741 832 3031 903 Evangelio
3062 835 3174 904 ipse
3206 838 3271 891 ad
3297 853 3390 906 pa-

1833 916 2117 987 ralyticum
2146 920 2222 973 ait
2259 918 2524 988 :Con/ide,
2553 921 2652 988 ﬁli,
2704 923 3044 977 dimittuntur
3068 925 3161 977 tibi
3178 939 3395 995 «peccata

1832 1005 2163 1078 tua.(llatth.
2189 1010 2291 1079 ιχ).
2325 1008 2503 1073 Amon
2523 1011 2692 1078 ﬁdelis
2729 1014 2855 1069 sive.
2894 1016 3174 1081 nutricius,
3209 1017 3294 1071 ille
3319 1028 3401 1072 est

1835 1097 1901 1152 de
1949 1114 2056 1168 quo
2072 1100 2553 1169 dicit_Psalmista:
2589 1100 2787 1157 Fidelis
2839 1105 3094 1160 Dominus
3129 1108 3183 1160 in
3234 1111 3400 1161 omni-

1836 1187 1929 1243 bus
1951 1190 2115 1244 verbis
2158 1190 2288 1256 suis,
2333 1200 2379 1244 et
2403 1202 2614 1245 sanctus
2659 1192 2713 1245 in
2742 1195 2977 1247 omnibus
3004 1196 3242 1265 operibus
3292 1199 3403 1252 suis

1838 1276 2009 1349 (Psal.
2039 1280 2240 1351 cxuv).
2276 1270 2475 1336 Fidelis
2513 1293 2691 1336 autem
2724 1283 2848 1339 inde
2894 1286 3106 1350 dicitur,
3133 1264 3255 1357 quia
3289 1309 3300 1339 ι
3313 1287 3404 1356 jus

1839 1380 1963 1423 sunt
2001 1371 2267 1439 promissa
2316 1387 2527 1442 semper
2552 1387 2699 1438 vera,
2747 1389 2865 1442 qua:
2896 1375 2947 1429 in
2979 1380 3238 1432 utramvis
3294 1381 3403 1433 sint

1839 1468 2072 1530 partem,
2099 1464 2375 1550 veperanda
2408 1472 2534 1517 sunt
2562 1469 2765 1534 pariter
2786 1474 2841 1519 et
2875 1468 3225 1535 pavescenda.
3259 1470 3401 1535 Quo-

1842 1552 2000 1606 modo
2052 1567 2181 1623 ergo
2221 1554 2485 1608 nutricius
2536 1554 2625 1618 sit,
2682 1556 2916 1609 ostendit
2942 1557 3075 1626 ipse,
3122 1558 3306 1611 dicens
3340 1560 3403 1612 ad

1843 1641 2027 1697 urbem
2074 1644 2429 1713 peccatricem
2477 1662 2491 1699 :
2540 1643 2865 1711 Jerusalem,
2904 1646 3218 1713 Jerusalem,
3253 1699 3255 1703 ,
3289 1668 3405 1721 qua:

1843 1733 2037 1799 occidis
2061 1736 2354 1804 prophetas,
2385 1745 2431 1788 et
2471 1735 2673 1806 lepidas
2699 1753 2782 1789 eos
2801 1738 2890 1807 qui
2920 1740 2988 1792 ad
3017 1749 3065 1793 te
3094 1741 3235 1793 missi
3263 1752 3405 1807 sunt,

179 1834 434 1888 Dominus
474 1834 736 1903 judicabit
760 1834 888 1902 fines
919 1842 1091 1889 teme.
1125 1835 1191 1889 Et
1220 1836 1330 1905 ipsa
1359 1836 1569 1891 Veritas
1594 1837 1661 1891 de
1683 1852 1741 1891 se

1848 1826 2040 1894 quoties
2067 1825 2206 1879 volui
2245 1843 2571 1898 congregare
2620 1828 2758 1895 ﬁlios
2793 1840 2929 1895 tuos,
2972 1834 3406 1898 quemadmodum

177 1927 257 1981 ait
288 1945 299 1979 :
336 1926 491 1980 Pater
514 1944 614 1980 non
634 1927 840 1996 judicat
860 1928 1290 1997 quemquant,sed
1318 1945 1468 1983 omne
1481 1928 1741 1997 judicium

170 2012 320 2071 'dedit
348 2016 463 2086 ﬁlio
506 2015 688 2088 (Joan.
726 2017 798 2088 v).
839 2014 1039 2079 Joram,
1082 2016 1169 2069 ubi
1208 2026 1281 2070 est
1330 2016 1610 2070 excelsus?
1654 2027 1744 2071 aut

174 2110 294 2178 quis
323 2116 397 2161 est
419 2105 691 2175 excelsus?
714 2106 806 2161 sed
834 2106 1022 2161 melius
1040 2106 1426 2172 sublimabitur,
1468 2123 1627 2178 quem
1668 2110 1742 2162 si-

174 2202 419 2272 gniticat,
451 2202 551 2257 nisi
583 2202 728 2258 illum
755 2202 818 2256 de
842 2217 947 2271 quo
980 2202 1054 2255 ait
1097 2201 1299 2256 lsaias:
1333 2201 1461 2255 Ha'c
1505 2202 1635 2255 dixit
1657 2218 1746 2256 ex-

174 2294 365 2358 celsus,
400 2303 447 2347 et
469 2292 721 2355 sublimis,
750 2292 990 2361 habitans
1016 2292 1070 2344 in
1110 2293 1417 2355 mternitate,
1445 2302 1490 2345 et
1507 2302 1745 2345 sanctum

178 2401 369 2441 nomen
398 2387 538 2456 ejus,
565 2387 620 2439 in
652 2382 874 2447 excelso,
905 2393 950 2437 et
974 2384 1028 2435 in
1049 2393 1233 2437 sancto
1257 2384 1518 2452 habitans,
1552 2395 1600 2437 et
1630 2400 1746 2437 cum

176 2479 401 2534 contrito
427 2477 671 2532 ethum‘ili
694 2476 899 2546 spiritu,
941 2485 995 2527 ut
1039 2474 1253 2543 viviﬁcet
1282 2456 1519 2544 spiritum
1573 2474 1745 2527 humi-

175 2569 310 2625 lium
327 2579 374 2623 et
387 2585 478 2623 cor
498 2570 837 2623 contritorum
856 2565 1047 2637 ?(lsai.
1072 2564 1223 2637 tvu.)
1242 2566 1308 2621 Et
1324 2565 1613 2621 'Psaluiista
1640 2566 1743 2620 ait:

178 2660 313 2725 Quis
337 2659 473 2714 sicut
499 2656 766 2726 Domian
788 2656 925 2709 Deus
950 2663 1142 2719 noster,
1192 2655 1281 2727 qui
1306 2655 1359 2708 in
1383 2654 1505 2709 altis
1525 2654 1745 2719 habitat,

180 2760 230 2804 et
255 2743 480 2803 humilia
522 2748 728 2819 respicit
770 2748 824 2801 in
860 2747 985 2801 cazlo
1005 2757 1051 2800 et
1076 2749 1129 2800 in
1155 2757 1295 2801 terra
1317 2748 1343 2799 7
1393 2744 1563 2819 (Psal.
1591 2745 1744 2817 exn.)

180 2838 252 2895 Et
280 2839 390 2909 ipse
414 2836 670 2894 Dominus
695 2839 748 2893 in
776 2837 1065 2909 Evangelio
1088 2838 1162 2891 ait
1189 2855 1202 2890 :
1236 2836 1405 2891 Nemo
1432 2837 1668 2891 ascendit
1690 2837 1746 2889 in

182 2928 392 2994 celum,
428 2924 526 2983 nisi
549 2930 637 2998 qui
665 2928 924 2982 descendit
947 2929 1009 2981 de
1035 2927 1181 2991 coelo,
1234 2927 1374 2995 filius
1399 2928 1621 2982 hominis
1659 2927 1751 2998 qui

181 3032 254 3069 es.
282 3016 336 3069 in
378 3015 508 3069 celo
547 3015 724 3086 (Joan.
758 3016 861 3085 tu).
904 3013 1085 3080 Ozias,
1139 3015 1192 3070 id
1231 3025 1336 3080 est,
1376 3016 1617 3069 robustus
1638 3010 1747 3069 Do-

145 3170 156 3179 ν
185 3107 339 3171 mini,
374 3105 455 3160 vel
481 3106 729 3175 fortitudo
763 3106 987 3172 Domini,
1021 3104 1109 3161 ille
1134 3115 1238 3169 est,
1266 3106 1607 3175 de.quo.ipse
1632 3105 1747 3159 Sal-

1845 1915 2041 1985 gallina
2070 1926 2344 1986 congregat
2383 1917 2551 1987 pullos
2579 1935 2701 1972 suos
2726 1919 2818 1973 sub
2848 1920 2959 1975 alas
2982 1939 3125 1985 suas,
3159 1933 3205 1976 et
3239 1924 3405 1976 nolui-

1844 2006 1953 2071 sti?
1983 1999 2195 2075 (Matth.
2234 2007 2413 2078 mu.)
2454 2007 2653 2073 Josias,
2680 2011 2781 2079 .qui
2816 2010 3201 2081 interpretatur
3219 2016 3306 2067 ubi
3333 2026 3405 2068 est

1845 2097 2109 2149 incensum
2140 2097 2372 2161 Domini,
2404 2098 2487 2153 vel
2522 2100 2576 2152 in
2633 2116 2738 2170 quo
2769 2111 2843 2154 est
2890 2102 3153 2156 incensum
3172 2105 3405 2172 Domini,
3469 2118 3476 2125 '

1846 2186 1925 2241 vel
1968 2187 2180 2241 Domini
2204 2188 2365 2251 salus,
2408 2189 2552 2243 illum
2578 2190 2843 2260 signiﬁcat
2889 2193 2956 2247 de
3004 2195 3188 2262 quoin
3234 2196 3407 2250 Evan-

1845 2277 1983 2346 gelio
2035 2277 2290 2347 scriptum
2344 2289 2443 2339 est.
2496 2279 2629 2349 fugit
2668 2281 2723 2334 in
2777 2291 3000 2336 montem
3050 2282 3194 2337 solus
3247 2301 3419 2356 orare

1847 2366 2040 2437 (Matth
2071 2384 2199 2434 xiv;
2228 2369 2335 2423 Luc
2360 2370 2459 2442 lx).
2498 2371 2565 2426 Et
2590 2372 2719 2426 item
2744 2372 2809 2427 de
2839 2389 2902 2427 eo
2945 2374 3111 2429 dicit:
3141 2376 3309 2444 factus
3330 2388 3409 2432 est

1844 2458 1898 2512 in
1945 2460 2211 2529 agoniam,
2265 2469 2313 2512 et
2350 2460 2605 2530 prolixius
2647 2463 2826 2516 orabat
2871 2462 3020 2533 (Luc.
3064 2465 3219 2537 ml).
3257 2466 3409 2533 Quod

1848 2564 1974 2603 vero
2010 2550 2285 2604 incensum
2330 2552 2628 2606 orationem
2668 2554 2955 2623 signiticet,
3012 2554 3290 2610 Psalmista
3331 2566 3410 2611 te-

1846 2649 2021 2695 statur
2046 2641 2229 2696 dicens
2250 2650 2267 2695 ‘:
2290 2640 2565 2712 Dirigatur
2592 2645 2759 2698 oratio
2782 2660 2894 2698 mea
2915 2645 3047 2699 sicut
3068 2647 3329 2701 incensum
3357 2649 3410 2701 in

1846 2729 2116 2801 conspectu
2153 2742 2245 2786 tuo
2288 2733 2461 2805 (Psal.
2502 2734 2645 2795 (ιιι).
2695 2735 2825 2802 Quis
2861 2746 3040 2792 autem
3085 2738 3157 2791 sit
3199 2737 3408 2793 Domini

1828 2822 1994 2889 ,salus
2023 2821 2187 2879 Isaias
2212 2840 2275 2880 ex
2306 2841 2533 2895 persona
2561 2827 2770 2887 Domini
2800 2827 3041 2897 loquens,
3078 2831 3307 2884 ostendit
3334 2832 3413 2886 di-

1846 2930 1977 2971 cens
2004 2933 2017 2969 :
2050 2914 2212 2971 Terra
2239 2917 2372 2971 sicut
2415 2919 2771 2973 vestimentum
2815 2907 3080 2985 atteretur,
3110 2932 3159 2975 et
3204 2923 3413 2976 habita-

1838 3015 1985 3061 tores
2028 3009 2142 3078 ejus
2185 3009 2319 3063 sicut
2364 3011 2475 3065 htec
2509 3012 2827 3078 interibunt;
2881 3014 3026 3069 salus
3076 3026 3246 3070 autem
3288 3034 3401 3071 mea

1847 3100 1903 3153 in
1947 3102 2312 3171 sempiternum
2341 3104 2436 3157 erit
2462 3103 2596 3174 (Isa.
2622 3104 2726 3175 LI);
2756 3104 2841 3158 ille
2868 3106 3052 3175 utique
3072 3108 3192 3177 qui.
3216 3110 3404 3179 angelo

190 3205 347 3271 vatur
373 3195 427 3253 in
455 3196 736 3266 Evangelio
760 3196 834 3250 ait
864 3210 879 3249 :
908 3194 1038 3249 Cum
1065 3195 1218 3265 fortis
1241 3207 1475 3249 armatus
1522 3195 1746 3247 custodit
1776 3187 1820 3247 C
1854 3198 2008 3253 teste,
2057 3191 2257 3246 salvum
2279 3193 2433 3263 faciet
2462 3194 2709 3263 populum
2743 3211 2895 3248 suum
2929 3214 2960 3250 a
2981 3201 3204 3267 peccatis
3233 3217 3410 3253 eorum

188 3288 383 3340 atrium
405 3304 581 3361 suum,
606 3287 659 3341 in
685 3305 812 3357 pace
834 3296 956 3341 sunt
978 3288 1153 3342 omnia
1181 3303 1297 3357 qua:
1325 3286 1579 3355 possidet;
1603 3286 1647 3339 si
1663 3303 1751 3339 au-

186 3370 293 3429 tem
326 3376 514 3447 fortior
548 3361 637 3430 illo
686 3376 1064 3447 superveniens,
1109 3378 1285 3433 vicerit
1339 3394 1477 3442 eum,
1516 3378 1750 3431 universa

189 3468 305 3538 ejus
334 3484 481 3521 arma
504 3470 701 3538 auferet
724 3470 777 3523 in
806 3469 991 3540 quibus
1010 3469 1317 3538 confidebat,
1344 3479 1391 3522 et
1413 3468 1750 3539 spoliaillius

189 3557 464 3627 distribuet
526 3556 675 3629 (Luc.
736 3556 797 3630 ι).
848 3558 964 3628 ipse
988 3559 1198 3628 quippe
1251 3557 1547 3626 principem
1595 3558 1753 3631 hujus

191 3642 377 3701 mundi
398 3646 555 3715 ejecit
580 3646 741 3711 foras,
765 3648 887 3718 quia
922 3666 933 3701 :
970 3648 1190 3707 Dextera
1217 3645 1426 3701 Domini
1449 3646 1567 3715 fecit
1589 3648 1751 3699 virtu-

192 3724 317 3814 tem,
333 3747 379 3792 et
394 3740 641 3808 fortitudo
657 3757 718 3794 ac
743 3740 975 3793 laudatio
992 3750 1188 3804 nostra,
1211 3740 1462 3793 Dominus
1488 3740 1658 3809 factus
1680 3748 1753 3793 est

195 3830 342 3883 nobis
387 3830 441 3884 in
480 3831 697 3885 salutem
730 3830 902 3903 (Psal.
959 3832 1141 3904 cxvu).
1180 3832 1427 3887 Joatltam
1455 3848 1599 3897 vero,
1633 3849 1753 3885 con-

193 3930 502 3985 summatus,
532 3921 613 3975 vel
632 3922 905 3992 perfectus,
934 3923 1199 3993 signiﬁcat
1220 3923 1365 3977 illum
1400 3924 1465 3978 de
1487 3940 1593 3992 quo
1625 3924 1755 3979 dicit

194 4011 484 4081 Apostolus
513 4032 526 4065 :
560 4010 958 4068 Consummatus
998 4015 1168 4083 factus
1189 4022 1261 4069 est
1292 3994 1527 4069 omnibus
1558 4010 1755 4067 'obtem—

194 4104 490 4159 uerantibus
510 4106 609 4158 sibi
639 4122 796 4159 causa
816 4106 1001 4161 salutis
1028 4118 1231 4161 wterna'
1255 4107 1437 4177 (Hebr.
1462 4108 1535 4179 v).
1564 4108 1627 4163 Et
1644 4109 1755 4179 ipse

196 4191 247 4244 in
300 4191 584 4261 Evangelia
621 4193 697 4246 ait
730 4211 741 4246 :
773 4194 893 4247 Non
945 4204 1019 4247 est
1067 4195 1351 4264 discipulus
1402 4212 1555 4264 super
1591 4198 1756 4266 magi-

194 4290 358 4333 strum
388 4280 596 4351 (Matth.
651 4281 727 4353 x).
759 4281 1025 4351 Perfectus
1072 4294 1242 4338 autem
1270 4284 1434 4338 omnis
1476 4285 1594 4351 erit,
1618 4285 1661 4338 si
1688 4285 1753 4338 sit

194 4370 329 4423 sicut
374 4372 620 4440 magister
666 4373 777 4441 ejus
808 4370 955 4444 (Luc.
993 4372 1092 4444 vl).
1126 4375 1327 4439 Achaz,
1365 4375 1417 4428 id
1454 4383 1554 4440 est,
1582 4378 1751 4429 conti-

196 4478 345 4525 nens,
391 4462 501 4516 sive
542 4464 993 4532 comprehenderis,
1045 4464 1132 4518 ille
1181 4466 1442 4519 veraciter
1494 4474 1603 4530 est,
1660 4466 1751 4535 qui

1855 3280 2071 3351 (Matth.
2114 3282 2175 3356 ι).
2217 3282 2522 3350 Jcchonias,
2556 3302 2882 3355 pra-parans,
2932 3289 3045 3344 sive
3098 3293 3411 3359 pra‘paratio

1854 3371 2019 3436 dicit;
2063 3381 2119 3427 et
2158 3372 2305 3428 illum
2340 3374 2613 3448 signiﬁcat
2646 3376 2712 3430 de
2735 3392 2840 3444 quo
2872 3376 3035 3448 Isaias
3064 3380 3139 3432 ait
3188 3394 3202 3431 :
3236 3378 3295 3431 In
3320 3398 3406 3433 no-

1853 3463 2072 3517 vissimis
2108 3463 2285 3518 diebus
2314 3475 2411 3517 erit
2452 3442 2778 3535 tira'paratus
2807 3483 2954 3521 mons
2988 3469 3172 3523 domus
3199 3469 3410 3524 Domini

1848 3554 1908 3607 in
1930 3555 2113 3608 vertice
2151 3556 2423 3620 montium,
2457 3566 2504 3609 et
2540 3556 2819 3610 elevabiiur
2844 3574 2999 3626 super
3017 3558 3191 3622 colles,
3219 3570 3264 3612 et
3288 3577 3411 3612 con-

1853 3646 2015 3712 ﬂuent
2046 3646 2115 3699 ad
2158 3662 2275 3719 eum
2326 3663 2501 3699 omnes
2543 3656 2716 3716 gentes
2764 3646 2914 3717 (lsai.
2957 3648 3038 3719 ιι).
3082 3650 3147 3702 Et
3194 3633 3411 3719 ipsein

1856 3736 2145 3807 Evangelio
2171 3737 2445 3806 discipulis
2475 3738 2585 3791 suis
2606 3738 2681 3791 ait
2714 3755 2727 3790 :
2761 3737 2821 3792 Si
2842 3738 3036 3801 abiero,
3065 3726 3409 3808 et'prapara-

1857 3846 1971 3883 vero
2001 3829 2141 3884 vobis
2183 3830 2375 3892 locum,
2414 3831 2598 3882 iterant
2623 3830 2843 3892 veniam,
2882 3839 2927 3882 et
2953 3830 3201 3899 accipiam
3231 3846 3314 3882 ros
3344 3832 3411 3883 ad

1856 3922 2130 3988 meipsum,
2169 3930 2229 3975 ut
2270 3922 2358 3975 ubi
2400 3938 2497 3991 ego
2539 3937 2676 3985 sum,
2718 3930 2769 3974 et
2792 3937 2877 3973 vos
2902 3921 3015 3973 sitis
3055 3930 3237 3984 (Joan.
3275 3923 3407 3991 ιιι).

1855 4013 2154 4068 Notandum
2195 4024 2394 4078 autem,
2444 4014 2586 4083 quod
2618 4013 2662 4067 si
2703 4011 2908 4067 Joakim
2948 4020 3002 4065 et
3040 4011 3260 4067 Joachin
3306 4014 3413 4066 dis-

1855 4104 2185 4175 tinguantur,
2209 4104 2378 4166 idest,
2406 4112 2559 4173 pater
2583 4111 2636 4156 et
2658 4101 2819 4165 lilius,
2836 4102 2983 4170 prior
3009 4100 3215 4154 Domini
3246 4119 3415 4154 resur-

1855 4198 2031 4260 rectio,
2056 4211 2285 4265 sequens
2321 4194 2527 4248 Domini
2553 4194 2865 4262 pra'paratio
2891 4192 3104 4253 dicitur,
3133 4202 3413 4261 qureutra-

1855 4302 1957 4357 que
1998 4272 2225 4340 Domino
2250 4286 2466 4340 Christo
2492 4284 2629 4338 bene
2654 4282 2994 4343 conveniunt,
3026 4280 3146 4349 quia
3173 4283 3284 4350 ipse
3306 4292 3409 4344 est,

1855 4378 1942 4445 qui
1981 4375 2270 4429 secundum
2296 4373 2674 4450 prophetarum
2702 4372 2867 4435 dicta,
2897 4382 2951 4425 et
2978 4372 3268 4426 secundum
3297 4388 3413 4441 pro.

1856 4470 2161 4523 missionem
2209 4484 2379 4531 suam,
2423 4466 2576 4521 tertia
2622 4466 2708 4520 die
2758 4480 2787 4519 a
2823 4467 3046 4521 mortuis
3096 4468 3409 4531 resurrexit,

196 4552 331 4605 dixit
362 4566 376 4604 :
409 4550 597 4605 Omnia
666 4570 983 4623 quaecunque
1025 4554 1175 4607 habet
1238 4552 1432 4617 Pater,
1484 4572 1597 4609 mea
1636 4564 1751 4608 sunt
1780 4545 1830 4603 D
1859 4572 2007 4611 nosa
2038 4564 2374 4624 peccatorum
2431 4562 2600 4608 morte
2648 4568 2929 4623 resurgere
2966 4551 3112 4617 fecit,
3143 4563 3199 4609 et
3244 4555 3296 4608 in
3328 4557 3412 4609 die

197 4638 381 4705 (Joan.
430 4640 559 4710 xu).
605 4640 669 4694 Et
707 4642 831 4696 item
860 4657 873 4693 :
900 4642 1131 4697 Data"est
1158 4644 1303 4707 mihi,
1352 4645 1543 4713 inquit,
1584 4647 1750 4699 omnis

196 4738 423 4801 potestas
459 4732 511 4785 in
556 4733 681 4787 ειεἰο
728 4743 774 4786 et
822 4735 873 4785 in
917 4745 1054 4787 terra
1100 4734 1315 4805 (Matth.
1370 4734 1583 4803 xxvttt).
1633 4734 1751 4805 Ipse

196 4824 391 4892 quippe
420 4831 501 4877 est
532 4838 721 4876 manus
757 4823 870 4886 Dei,
910 4824 1087 4876 omnia
1113 4822 1412 4887 continens,
1450 4824 1515 4877 de
1541 4838 1644 4892 qua
1674 4823 1752 4878 di-

197 4914 269 4966 cit
299 4913 558 4981 propheta
588 4931 600 4965 :
626 4912 821 4967 Caelum
842 4915 1015 4983 palmo
1062 4914 1294 4978 metitur,
1338 4922 1385 4966 et
1424 4922 1618 4966 terram
1662 4930 1753 4983 pu-

196 5002 321 5072 gillo
348 5001 607 5055 concludit
648 5000 801 5073 (lsai.
834 5002 941 5073 XL).
985 5003 1262 5071 Ezechias,
1305 5006 1607 5074 confortavit
1649 5007 1755 5060 Do-

197 5096 391 5159 minus,
449 5094 532 5148 vel
580 5093 831 5163 fortitudo
866 5092 1095 5159 Domini,
1144 5095 1554 5164 interpretatur,
1607 5098 1753 5150 illum

199 5187 576 5239 demonstrans
604 5185 692 5253 qui
718 5184 991 5252 discipulis
1024 5185 1135 5238 suis
1163 5186 1237 5238 ait
1270 5204 1282 5240 :
1313 5185 1379 5239 In
1404 5187 1595 5239 mundo
1617 5204 1757 5255 pres-

167 5291 375 5340 ,suram
415 5275 694 5339 habebitis;
730 5276 817 5328 sed
861 5275 1124 5342 conﬁdite,
1161 5276 1285 5344 quia
1336 5292 1427 5344 ego
1473 5276 1565 5329 eici
1609 5293 1757 5328 mune

198 5366 321 5417 dum
373 5363 551 5434 (Joan.
606 5363 736 5433 xw).
781 5364 846 5417 Et
906 5364 1195 5419 secundum
1245 5364 1555 5417 Danielem:
1600 5362 1757 5432 Lapis

199 5454 429 5508 abscisus
458 5455 520 5506 de
534 5463 702 5507 monte
732 5454 840 5507 sine
861 5454 1097 5506 manibus
1134 5453 1295 5524 (Dan.
1330 5452 1412 5522 ιι),
1441 5454 1755 5507 comminuit

201 5554 415 5609 testam,
452 5545 671 5609 ferrum,
700 5560 789 5608 ars,
816 5552 1094 5612 argentum
1126 5553 1181 5598 et
1211 5560 1419 5598 aurum.
1462 5544 1753 5606 Manasscs,

202 5635 499 5698 obliuiosus,
519 5634 636 5703 ejus
660 5644 837 5703 typum
859 5634 1073 5687 nomine
1097 5643 1240 5687 tenet
1266 5650 1326 5688 ex
1354 5633 1505 5701 cujus
1533 5649 1755 5703 persona

206 5727 449 5784 Ezechiel
480 5727 734 5799 prOpIteta
768 5727 930 5779 dixit:
966 5724 1021 5777 Si
1054 5738 1220 5779 autem
1252 5727 1437 5794 impius
1469 5729 1620 5795 egerit
1661 5744 1759 5792 pte-

1853 4647 2039 4717 judicii
2065 4661 2251 4700 omnes
2280 4646 2479 4700 electos
2531 4658 2656 4699 suos
2700 4644 3022 4713 generaliter
3064 4646 3410 4711 resuscitans,

1860 4739 1924 4792 ad
1956 4753 2177 4807 regnum
2204 4737 2389 4790 invitat
2409 4744 2690 4799 aeternum,
2724 4734 2905 4789 dicens
2931 4752 2943 4787 :
2982 4734 3178 4799 Venite,
3208 4738 3411 4789 benedi—

1861 4831 1931 4883 cti
1967 4828 2144 4887 Patris
2188 4828 2307 4892 mei,
2338 4826 2581 4895 percipite
2610 4841 2821 4895 regnum
2834 4826 2971 4894 quod
3014 4826 3150 4879 vobis
3168 4837 3407 4894 paratum

1858 4930 1932 4975 est
1960 4920 2023 4973 ab
2049 4920 2245 4989 origine
2280 4916 2458 4969 mundi
2488 4914 2699 4987 (Matth.
2733 4915 2878 4985 xxv).
2909 4914 3184 4981 Salathiel,
3217 4916 3269 4969 in
3308 4916 3409 4969 La-

1859 5013 2025 5066 tinum
2056 5009 2374 5065 transfertur
2397 5010 2574 5079 petitio
2598 5026 2711 5063 mea
2741 5008 2903 5072 Deus,
2949 5018 3003 5063 et
3025 5009 3151 5062 nulli
3176 5010 3273 5063 hoc
3287 5026 3412 5063 con—

1858 5102 2134 5169 gruentius
2186 5114 2344 5167 quam
2376 5097 2719 5166 Redemptori
2763 5106 2947 5151 nostro
3004 5098 3268 5161 convenit,
3320 5098 3411 5165 qui

1860 5189 2071 5243 Patrem
2122 5204 2219 5258 pro
2245 5187 2517 5256 discipulis
2553 5186 2665 5239 suis
2711 5195 2919 5254 petens.
2970 5186 3145 5239 taliter
3200 5186 3408 5239 locutus

1856 5292 1939 5335 est
1964 5301 1974 5333 :
2003 5280 2161 5335 Pater
2208 5291 2400 5343 sancte,
2452 5295 2594 5331 serva
2617 5294 2701 5330 eos
2726 5279 2778 5330 in
2812 5278 3014 5330 nomine
3033 5288 3139 5341 tuo,
3169 5293 3295 5345 quos
3324 5277 3413 5329 de-

1858 5372 1980 5425 disti
2003 5372 2147 5435 mihi,
2178 5382 2230 5423 ut
2254 5372 2353 5423 sint
2384 5385 2567 5430 unum,
2591 5367 2723 5419 sicut
2752 5377 2796 5419 et
2826 5383 2916 5418 nos
2960 5364 3138 5435 (Ioan.
3169 5365 3320 5432 xvn).
3350 5365 3413 5417 Et

1862 5471 1917 5516 ut
1952 5462 2194 5517 elTectum
2216 5458 2531 5528 deprecandi
2555 5457 2877 5518 ostenderet,
2909 5455 3064 5523 paulo
3086 5462 3203 5521 post
3231 5454 3413 5507 subdi-

1862 5552 1961 5614 dit,
1990 5550 2173 5603 dicens
2201 5561 2213 5598 :
2246 5545 2366 5599 Non
2398 5562 2489 5613 pro
2522 5544 2599 5596 his
2644 5552 2813 5595 autem
2841 5558 2961 5609 rogo
2988 5550 3205 5603 tantum,
3241 5539 3328 5591 sed
3360 5548 3410 5591 et

1863 5657 1953 5709 pro
1968 5640 2039 5693 eis
2054 5638 2140 5707 qui
2154 5636 2396 5689 credituri
2409 5644 2525 5687 sunt
2542 5650 2630 5691 per
2643 5632 2842 5685 verbum
2860 5646 3033 5682 eorum
3049 5631 3099 5681 in
3114 5646 3213 5688 me,
3234 5638 3288 5679 ut
3302 5644 3412 5679 om-

1866 5742 1948 5778 nes
1968 5740 2120 5776 unum
2138 5724 2259 5785 sint,
2299 5724 2425 5773 sicut
2455 5730 2506 5770 tu
2528 5716 2745 5769 Pateriu
2761 5732 2857 5779 me,
2874 5725 2918 5767 et
2936 5731 3025 5783 ego
3040 5716 3089 5765 in
3103 5724 3170 5776 te,
3188 5723 3240 5765 ut
3254 5724 3297 5766 et
3313 5710 3409 5777 ipsi
