3948 6328
469 261 569 317 763

1109 262 1170 316 Β.
1210 259 1464 317 RABANI
1501 261 1719 318 MAURI
1755 261 2069 316 ARCHIEP.
2113 257 2423 316 HOGUNT.
2465 256 2748 314 OPERUM
2787 258 2963 312 PARS
3003 259 3040 311 l.

3615 263 3716 318 ’λίῦ

464 378 520 431 in
535 374 685 431 nobis
702 376 806 431 sint
825 391 984 428 unum
1002 372 1058 444 (1
1063 391 1186 430 oan.
1207 375 1362 445 xvii).
1399 375 1696 430 Zorohahel
1713 389 1840 426 vero
1883 373 2047 425 inter—
2074 373 2125 433 Α
2151 368 2599 431 ὀὶςίιιιιϊΙοιιιιιιι,
2623 367 2748 436 quia
2773 369 2943 438 gratia
2967 379 3013 422 et
3031 371 3215 424 reritas
3237 387 3329 440 per
3354 368 3540 424 Jesum
3569 371 3723 428 Citri-

467 466 827 536 pretatnripse
847 463 1101 535 Magister
1125 463 1431 536 Babylonis,
1454 455 1503 518 id
1525 472 1628 525 est,
1654 463 1903 532 magister
1928 478 2046 521 con-

469 560 495 628 f
494 559 708 612 usionis.
727 557 794 612 Et
805 557 933 628 quid
955 556 1191 628 Babylon
1210 556 1401 610 melius
1422 569 1581 622 quam
1610 554 2044 608 istummundum

470 650 760 720 signiﬁcat,
783 650 896 718 qui,
931 657 1054 718 post
1081 655 1361 718 peccatum
1400 646 1561 714 primi
1594 646 1852 710 hominis,
1879 645 2046 699 variis

472 737 735 792 idolorum
757 737 990 792 cultibus
1011 745 1063 790 et
1090 737 1334 791 humanae
1364 735 1487 788 vitae
1505 734 1782 788 erroribus
1809 734 2045 802 implica-

474 837 560 882 tus
577 839 633 883 et
647 827 902 884 contusus
917 827 1064 881 erat?
1078 824 1180 880 Sed
1198 825 1558 894 Redemptore
1575 834 1758 878 nostro
1772 823 2044 889 veniente,

472 937 535 975 ac
556 922 789 992 regimen
814 920 867 972 in
891 918 955 972 e'o
979 918 1324 986 suscipiente,
1342 919 1426 972 cui
1445 917 1614 972 Pater
1636 917 1804 972 dixit:
1825 915 2046 970 Postula

469 1032 503 1068 a
526 1031 629 1078 me,
653 1023 700 1068 et
721 1011 854 1066 dabo
883 1010 973 1064 tibi
990 1019 1171 1078 gentes
1201 1010 1555 1064 hwreditatem
1577 1019 1745 1073 tuam,
1777 1016 2048 1077 et'passes-

471 1105 666 1158 sionem
689 1112 832 1154 tuam
859 1100 1106 1154 terminos
1135 1110 1290 1154 terra:
1339 1097 1512 1170 (Psal.
1538 1099 1599 1169 ιι)
1620 1140 1639 1169 ,_
1671 1099 1952 1155 confestim
1979 1100 2047 1155 ad

472 1198 628 1254 unius
655 1195 750 1248 Dei
777 1192 978 1248 cultum
1021 1202 1076 1248 et
1098 1194 1164 1247 ad
1188 1192 1411 1260 iustitia:
1432 1207 1919 1261 opera-conversus
1941 1200 2047 1257 est,

475 1297 527 1342 et
556 1285 716 1353 coepit
741 1285 840 1337 sub
863 1283 1046 1336 ordine
1068 1283 1267 1345 vivere,
1299 1275 1388 1351 qui
1423 1282 1572 1352 prius
1603 1281 1810 1337 solebat
1839 1296 1940 1352 per
1961 1297 2051 1336 er-

478 1390 655 1430 rorum
697 1372 972 1427 anfractus
1002 1372 1236 1426 deviare.
1283 1371 1480 1434 Αιιίιιά,
1521 1372 1613 1440 qui
1660 1371 2052 1440 interpretatur

469 1475 617 1534 pater
638 1480 781 1521 meus
806 1463 922 1526 iste,
947 1461 1030 1515 vel
1057 1470 1208 1531 pater
1231 1477 1377 1514 meus
1406 1470 1507 1525 est,
1537 1458 1653 1528 ejus
1681 1454 1884 1529 optime
1911 1461 2052 1532 gerit

471 1555 695 1625 ﬁguram
721 1554 787 1608 de
811 1568 917 1623 quo
948 1553 1001 1605 in
1022 1551 1231 1621 psalmo
1274 1551 1534 1619 scriptum
1582 1562 1669 1604 est
1709 1565 1775 1605 ex
1818 1556 2051 1619 pergona

468 1647 644 1702 Patris
667 1646 894 1700 dicentis
921 1663 933 1699 :
962 1644 1081 1713 Ipse
1107 1643 1362 1697 invocabit
1379 1659 1492 1706 me,
1519 1641 1684 1702 Pater
1707 1658 1853 1698 meus
1877 1659 1929 1695 es
1957 1651 2049 1706 tu;

2147 469 2284 512 stum
2317 458 2459 523 facta
2494 465 2568 508 est
2593 454 2773 525 (loan.
2808 456 2868 526 l),
2899 465 2954 509 et
2983 457 3095 525 ipse
3125 459 3189 512 de
3218 475 3276 514 se
3322 461 3372 514 in
3425 460 3724 533 Evangelia

2141 547 2278 601 dicit
2303 563 2315 599 :
2347 545 2434 599 Sic
2455 545 2590 599 enim
2615 545 2798 599 dilexit
2820 545 2958 616 Deus
2980 548 3251 613 mundum,
3280 561 3333 602 nt
3369 551 3538 618 lilium
3570 566 3721 607 suum

2148 639 2470 707 unigenitum
2524 639 2671 692 daret
2721 637 2903 704 (Joan.
2957 640 3061 708 ιιι).
3111 641 3346 710 Donans,
3376 647 3502 716 quia
3556 647 3719 703 Deus.

2147 727 2304 793 Ecce,
2351 729 2544 798 inquit,
2588 729 2709 789 dedi
2756 731 2893 784 vobis
2927 741 3230 800 potestatem
3280 737 3521 792 calcandi
3571 753 3724 810 super

2148 831 2405 892 serpentes
2434 832 2482 876 et
2511 824 2832 892 scorpiones,
2855 833 2903 879 et
2927 842 3083 896 super
3118 813 3319 880 omnem
3348 833 3587 892 virtutem
3630 834 3724 886 ini-

2141 912 2270 964 mici
2300 911 2448 984 (Luc.
2484 913 2559 982 ιη).
2594 913 2850 979 Donatus,
2865 916 2991 983 quia
3024 918 3201 971 homo.
3233 916 3364 973 Ecce
3387 936 3504 985 ego.
3535 923 3723 991 inquit.

2149 1011 2194 1054 et
2216 1004 2365 1070 pueri
2387 1004 2629 1072 meiquos
2655 1005 2784 1058 mihi
2807 1006 2948 1058 dedit
2971 1007 3109 1061 Deus
3135 1007 3289 1079 (lsai.
3307 1025 3400 1064 vm
3419 1027 3432 1075 ;
3454 1010 3616 1070 Hebr.
3643 1019 3721 1084 ιι).

2142 1090 2369 1158 Ioseph,
2400 1094 2660 1162 apposuit,
2685 1095 2797 1159 sive
2819 1107 3100 1165 apponens,
3144 1099 3290 1153 illum
3333 1101 3588 1157 nimirum
3633 1105 3728 1159 de.

2151 1188 2417 1238 monstrat
2445 1186 2536 1254 qui
2567 1186 2809 1240 ﬁdelibus
2847 1173 2959 1242 suis
3001 1190 3075 1242 ait
3108 1207 3122 1243 ι
3152 1190 3268 1261 Ego
3316 1195 3434 1247 veni
3473 1205 3530 1247 ια
3573 1197 3726 1250 vitam

2151 1274 2454 1339 habeant,et
2483 1277 2835 1333 abundantius
2859 1279 3081 1335 habeant
3109 1281 3290 1353 (Joan.
3314 1285 3387 1357 ι).
3412 1287 3478 1340 Et
3501 1288 3724 1343 iterum:

2155 1366 2286 1437 Ego,
2314 1368 2508 1437 inquit,
2531 1386 2646 1423 sum
2675 1383 2856 1440 pastor
2887 1372 3069 1438 bonus,
3095 1384 3141 1428 et
3169 1393 3420 1446 cognosco
3450 1395 3567 1433 oves
3591 1395 3728 1436 meas

2152 1469 2202 1513 et
2240 1471 2556 1529 cognoscunt
2584 1480 2664 1516 me
2690 1481 2822 1518 mea:
2843 1458 3053 1537 (Ibid.).
3076 1466 3144 1521 Et
3167 1469 3327 1538 paulo
3353 1478 3477 1537 post
3508 1471 3580 1525 ita
3605 1475 3728 1528 sub-

2147 1549 2321 1621 jungit
2357 1568 2370 1602 :
2402 1538 2628 1606 Etalias
2655 1569 2770 1608 oves
2796 1551 3110 1627 trabemque
3127 1575 3229 1612 non
3241 1570 3363 1612 sunt
3386 1577 3452 1614 ex
3472 1562 3573 1616 hoc
3594 1563 3727 1626 ovili,

2155 1652 2202 1696 et
2231 1642 2351 1696 illas
2379 1654 2577 1714 oportet
2608 1663 2688 1700 me
2718 1647 2996 1713 adducere,
3027 1657 3073 1703 e’t
3104 1669 3271 1705 vocem
3302 1671 3472 1708 nteant
3498 1658 3728 1723 audibat,

471 1747 517 1793 et
540 1755 631 1808 ego
663 1737 1064 1808 primogenitum
1091 1750 1280 1805 ponam
1305 1733 1479 1800 illum,
1503 1732 1764 1787 excelsum
1784 1749 1894 1802 pra:
1917 1732 2052 1801 regi-
2087 1729 2127 1786 Β
2149 1745 2204 1788 et
2233 1736 2328 1789 erit
2363 1753 2525 1789 unum
2562 1737 2760 1792 ovileot
2780 1757 2921 1794 unus
2945 1740 3140 1797 Pastor
3162 1743 3370 1812 (Ibid.).
3404 1745 3573 1802 Maria
3599 1765 3729 1818 quo-

475 1831 568 1884 bus
601 1839 766 1883 terra!
807 1824 1008 1899 .(Psal.
1042 1825 1346 1895 cxxxvm).
1393 1825 1620 1880 Eliacim
1669 1840 1906 1894 quoque,
1958 1823 2052 1893 qui

473 1921 663 1980 Latine
689 1930 844 1974 sonat
865 1919 962 1972 Dei
986 1917 1319 1981 resurrectio,
1342 1917 1424 1970 vel
1449 1917 1589 1971 Deus
1620 1918 1951 1975 resuscitans.
1971 1915 2054 1970 vel

473 2015 613 2068 Deus
646 2012 993 2077 resuscitabit,
1017 2007 1168 2065 illum
1205 2011 1384 2082 topiee
1409 2011 1656 2081 designat
1676 2013 1766 2079 Qui
1795 2010 1849 2064 in
1883 2011 2055 2064 Evan-

475 2104 614 2175 gelio
636 2103 711 2157 ait
736 2102 898 2174 :(‘Ego
920 2119 1045 2156 sum
1076 2102 1384 2156 resurrectio
1412 2111 1458 2155 et
1495 2103 1622 2166 vita,
1652 2102 1748 2172 qui
1788 2101 1954 2154 credit
1977 2101 2056 2154 ‘in

473 2211 578 2260 me,
612 2194 817 2248 etiamsi
834 2202 1070 2247 rn'ortuus
1093 2193 1278 2266 fuerit,
1298 2193 1426 2246 vivet
1460 2191 1641 2262 (Joan.
1667 2192 1765 2263 xi).
1794 2192 1862 2246 Et
1886 2193 2013 2246 item
2038 2211 2050 2245 :

477 2285 606 2338 Ηαό
633 2295 725 2344 est,
749 2285 944 2355 inquit,
972 2284 1219 2339 voluntas
1240 2279 1562 2347 Patrismei,
1588 2284 1678 2353 qui
1710 2298 1790 2338 nte
1814 2284 1975 2346 misit,
1999 2294 2056 2339 ut

478 2378 643 2430 omnis
672 2378 760 2448 qui
780 2376 925 2432 videt
956 2375 1234 2441 Filium,“
1260 2370 1424 2430 credit
1441 2377 1501 2429 in
1526 2388 1666 2440 eum,
1685 2375 1869 2429 habeat
1901 2376 2057 2430 vitain

477 2478 758 2531 a'ternam;
799 2477 849 2520 et
897 2484 989 2537 ego
1030 2466 1347 2519 resuscitabo
1386 2482 1505 2519 eum
1549 2467 1604 2518 in
1647 2466 1932 2520 novissima
1972 2467 2059 2520 die

481 2556 660 2631 (Joan.
696 2557 791 2627 vi).
818 2558 980 2622 Azo’r,
1010 2558 1110 2610 hoc
1136 2565 1240 2620 est,
1267 2556 1464 2620 aditus,
1487 2556 1652 2625 plane
1688 2570 1808 2611 eum
1854 2556 2058 2627 signiti-

479 2656 585 2709 cat,
618 2649 707 2716 qui
751 2647 888 2705 dixit
921 2665 932 2700 :
968 2647 1069 2712 Qui
1108 2663 1188 2699 me
1221 2645 1387 2709 misit,
1406 2653 1615 2699 .inecum
1651 2656 1823 2706 est-et
1851 2654 1956 2701 non
1971 2653 2059 2701 te-

477 2736 626 2806 liquit
656 2754 736 2790 me
764 2743 954 2802 solum,
983 2738 1106 2806 quia
1137 2752 1230 2806 ego
1260 2748 1378 2806 qua:
1420 2736 1623 2806 placito
1657 2746 1784 2791 sunt
1816 2738 1876 2790 .ei
1920 2737 2061 2806 facio,

477 2829 1067 2902 semper(Joan.'vnt).
1098 2830 1169 2884 Et
1215 2830 1345 2883 item
1391 2847 1407 2883 :
1454 2829 2060 2899 Pater,:inquit,-meits

480 2937 640 2990 usque
675 2921 836 2974 modo
878 2932 1144 2991 operatur,
1174 2930 1234 2974 et
1267 2937 1372 2991 ego
1419 2934 1608 2990 operor
1644 2919 1838 2992 (Joan.
1874 2919 1950 2992 νυ).
1975 2936 1977 2938 ·
1999 2921 2063 2978 Et

477 3010 765 3068 Psalmista
815 3027 881 3066 ex
923 3025 1161 3081 persona
1213 3013 1603 3067 humationis
1651 3013 1769 3083 ejus
1813 3013 2056 3084 loquens,

2158 1836 2262 1896 que
2301 1828 2699 1898 interpretatur
2729 1827 2892 1885 Stella
2944 1836 3105 1889 maris
3124 1876 3138 1900 ,
3166 1852 3278 1896 snve
3302 1855 3547 1892 amarum
3572 1857 3730 1905 mare,

2157 1926 2212 1970 et
2239 1917 2341 1971 hoc
2379 1933 2573 1974 nomen
2611 1929 2733 1990 apte
2760 1924 3022 1992 competit
3045 1928 3201 1979 matri
3251 1927 3568 1985 Salvatoris.
3619 1932 3732 2003 Ipsa

2143 2007 2354 2077 quippe
2380 2009 2532 2070 stella
2562 2011 2729 2066 maris
2749 2020 2900 2083 recte
2935 2023 3174 2079 vocatur,
3200 2019 3329 2086 quia
3370 2019 3495 2075 huic
3542 2025 3735 2080 munda

2159 2099 2412 2154 tenebris
2444 2099 2685 2170 perfidia:
2721 2111 2785 2156 et
2822 2108 3514 2178 poceatorumobseurate,
3555 2129 3734 2179 veram

2157 2191 2330 2244 lucem
2361 2190 2634 2256 cdidit,de
2663 2207 2767 2263 qua
2795 2191 3030 2250 Joannes
3052 2197 3127 2250 ait
3156 2215 3167 2249 :
3203 2198 3334 2253 Erat
3360 2201 3453 2254 tua:
3477 2220 3596 2256 vera
3623 2221 3737 2274 qua:

2157 2280 2422 2336 illuminat
2445 2284 3229 2348 omnem-bominemvenieotan
3252 2291 3304 2345 in
3327 2287 3464 2346 hunc
3485 2290 3736 2355 mundum

2161 2369 2346 2443 (Joan.
2378 2370 2439 2441 ι).
2478 2371 2602 2427 Haec
2622 2381 2676 2428 et
2699 2380 2940 2430 amarum
2973 2393 3120 2432 mare
3141 2380 3246 2435 rite
3266 2381 3371 2436 diei
3399 2385 3736 2453 potest,quia

2158 2461 2461 2534 voluptates
2511 2463 2665 2516 istius
2719 2467 2901 2520 mundi
2951 2482 3014 2521 ac
3075 2468 3311 2526 libidinis
3363 2472 3569 2540 luxum,
3620 2464 3740 2544 qua:

2152 2560 2332 2615 mare,
2357 2552 2408 2604 id
2435 2560 2538 2616 est,
2561 2554 2890 2619 amaritudo,
2914 2564 3060 2612 recte
3076 2567 3483 2629 nuncupantur,
3501 2579 3574 2618 eo
3597 2566 3740 2635 quod

2161 2639 2674 2697 adamaritudinem
2706 2653 3023 2712 perpetuam
3050 2649 3308 2718 gehennae
3345 2667 3412 2706 se
3455 2654 3742 2724 sequentes

2151 2732 2498 2799 pertrahunt,
2516 2731 2653 2787 fecit
2679 2734 2817 2789 bene
2843 2740 3204 2804 auiarescere,
3228 2755 3350 2794 cum
3370 2756 3466 2801 suo
3495 2747 3742 2814 exemplo
3799 2744 3803 2746 ⁷

2162 2822 2345 2878 docuit"
2363 2823 2431 2878 ab
2448 2821 2727 2880 illecebris
2754 2824 2912 2903 hujus
2933 2829 3111 2883 saeculi
3141 2826 3434 2886 abstinere;
3465 2833 3604 2902 Nam
3617 2849 3740 2890 cum

2160 2928 2191 2967 a
2221 2915 2517 2983 primordio
2544 2917 2738 2973 mundi
2771 2920 2974 2988 nuptiae
3022 2921 3281 2977 institutae
3326 2933 3484 2989 sunt,
3512 2935 3570 2982 et
3591 2937 3745 3001 totus

2155 3006 2394 3060 mundus
2422 3014 2545 3076 post
2569 3011 3037 3078 concupiscentiae
3059 3013 3192 3067 suas
3207 3014 3357 3079 abiit,
3383 3016 3486 3070 ista
3508 3017 3560 3071 in
3581 3019 3744 3074 corde

483 3107 560 3158 ait
592 3125 603 3159 :
641 3106 776 3160 Ecce
798 3106 944 3162 Deus
972 3108 1186 3176 adjuvat
1213 3125 1309 3168 me,
1336 3117 1384 3162 et
1413 3108 1964 3184 Dominns‘susceptor
1989 3119 2063 3164 est
2082 3095 2134 3157 Ε
2156 3113 2265 3152 οδυο
2288 3113 2506 3154 servam
2533 3100 2901 3170 virsinim‘tem
2920 3109 3086 3181 suam,
3113 3110 3333 3172 suum}
3359 3118 3412 3163 ει
3445 3112 3624 3180 αξΐηίδ
3651 3112 3744 3166 de-

483 3201 674 3254 anima:
711 3218 862 3256 metr.
907 3201 1131 3274 Sadoch
1151 3218 1366 3272 quoque
1392 3193 1722 3272 justi/icatus
1748 3203 1980 3268 dicitur,
2007 3211 2063 3257 et

487 3290 631 3343 illum
667 3291 1028 3358 expritn'ttlde
1073 3305 1180 3360 quo
1208 3291 1474 3360 Propheta
1506 3291 1582 3346 'tt
1615 3310 1638 3345 ε
1662 3289 1856 3345 Justus
1878 3291 2064 3345 Domi-

487 3397 606 3444 nus,
632 3390 677 3433 et
701 3381 965 3449 justitiam
1010 3381 1192 3434 dilexit
1209 3422 1229 3446 ,.
1257 3381 1552 3452 (equitatem
1585 3384 1713 3437 vidit
1739 3381 1918 3436 uultus
1947 3383 2063 3451 ejus

487 3468 661 3539 (Psal.-
683 3471 760 3539 ι).
803 3469 973 3524 Isaias
999 3485 1130 3525 vero
1165 3484 1228 3526 ex
1255 3479 1486 3540 persona
1519 3470 1613 3525 Dei
1663 3470 1840 3525 Patris
1875 3471 2066 3525 taliter

484 3558 724 3628 loquitur
767 3559 834 3614 de
872 3558 1089 3615 Christo
1119 3560 1479 3630 :Justiﬁcabs't
1503 3562 1628 3632 .ipse
1671 3562 1851 3631 justus
1891 3578 2064 3617 sertos

484 3668 624 3705 meos
648 3651 859 3715 multos,
887 3662 936 3706 et
959 3654 1262 3725 iniquitates
1284 3668 1466 3710 eorum
1494 3655 1603 3723 ipse
1626 3655 1854 3725 portabit
1904 3655 2062 3726 (Isai.

487 3739 624 3812 un).
653 3740 867 3804 Achim,
893 3742 945 3796 id
966 3749 1069 3806 est,
1101 3744 1581 3812 fratermeusiste,
1616 3744 1762 3798 illum
1799 3743 2068 3816 significat

488 3829 579 3898 qui
617 3839 818 3886 nostra:
844 3831 1180 3888 inﬁrmitatis
1212 3832 1526 3888 voluitesse
1561 3835 1944 3903 particeps,'ut
1970 3836 2053 3890 ha-

489 3919 641 3973 beret
677 3920 894 3986 fratres;
918 3922 985 3975 de
1021 3922 1218 3991 quibus
1259 3923 1325 3976 ad
1353 3920 1570 3977 Patrem
1599 3923 1780 3979 dicere
1819 3933 2062 3994 posset:

495 4009 739 4064 Narrabo
759 4027 948 4067 nomen
971 4023 1116 4066 tuum
1149 4012 1402 4082 fratribus
1431 4015 1580 4079 meis,
1610 4016 1664 4068 in
1691 4017 1860 4070 medio
1889 4017 2068 4072 Eccle-

494 4100 584 4152 sia:
607 4098 832 4154 laudabo
857 4110 908 4154 te
937 4099 1113 4170 (Psal.
1142 4105 1279 4174 ut).
1313 4103 1380 4157 Et
1409 4105 1462 4158 in
1493 4105 1781 4175 Evangelio
1810 4108 1876 4161 de
1902 4107 2070 4161 ﬁdeli-

493 4190 593 4242 bus
618 4189 730 4242 suis
749 4189 863 4258 ipse
886 4191 961 4243 ait
991 4207 1004 4244 :
1034 4191 1344 4264 Quicunque
1359 4195 1536 4264 fecerit
1558 4195 1875 4249 voluntatem
1894 4195 2071 4251 Patris

489 4277 626 4340 mei,
656 4278 745 4346 qui
771 4279 826 4331 in
854 4279 992 4333 caelis
1020 4291 1118 4344 est,
1142 4283 1250 4350 ipse
1277 4299 1421 4337 meus
1451 4282 1648 4351 frater.
1679 4300 1857 4348 soror,
1880 4296 1927 4339 et
1956 4304 2069 4347 ma-

498 4381 575 4417 ,er
603 4376 678 4418 est
713 4365 927 4436 (Matth.
950 4368 1070 4439 xu).
1100 4369 1256 4424 Eliud
1286 4386 1416 4425 vero
1440 4371 1582 4425 Deus
1603 4389 1743 4426 meus
1773 4373 1869 4426 iste
1897 4375 2067 4430 inter-

2166 3187 2362 3251 sider'ra
2386 3188 2438 3242 in
2467 3204 2526 3243 se
2544 3191 2918 3258 .mortillcare,
2944 3194 3336 3269 cmlestemque
3380 3203 3751 3256 conversatio-

2163 3293 2288 3332 nem
2322 3279 2374 3332 in
2408 3270 2567 3334 terris
2600 3282 2822 3348 habere,
2850 3293 2912 3338 ut
2935 3286 2990 3338 ei
3034 3301 3134 3354 per
3158 3289 3338 3342 oumia
3370 3289 3631 3358 placeret,
3658 3293 3746 3348 cui

2164 3383 2226 3424 se
2252 3370 2457 3425 servire
2480 3372 2749 3441 probavit.
2786 3373 3077 3431 Sciendum
3103 3393 3316 3446 quoque
3334 3388 3426 3434 est
3461 3378 3614 3452 quod"
3633 3383 3746 3438 ita-

2166 3463 2266 3528 ria,
2295 3477 2543 3523 sermone
2574 3451 2713 3536 Syro
2755 3464 2984 3521 Domina
3026 3479 3280 3535 vocatur;
3328 3479 3388 3526 et
3433 3451 3625 3528 merito
3657 3476 3748 3528 illa

2164 3555 2384 3611 domina
2407 3565 2649 3622 vocatur,
2669 3572 2789 3626 qua:
2813 3557 3097 3618 Dominum
3119 3572 3378 3632 generare
3405 3564 3606 3618 meruit
3624 3567 3749 3621 ccli

2167 3655 2224 3700 et
2250 3654 2431 3702 terra).
2446 3648 2589 3703 sicut
2604 3657 2668 3704 et
2694 3650 2890 3705 nobilis
2911 3649 2999 3706 ille
3021 3653 3355 3712 versiﬁcatm
3379 3657 3433 3710 in
3457 3642 3615 3712 laude
3634 3658 3752 3728 ejus

2159 3739 2247 3792 .ait
2284 3755 2296 3789 :

2294 3826 2534 3904 (gaudetis
2555 3829 2601 3904 in
2622 3829 2765 3904 solio,
2789 3829 2901 3904 felix
2921 3829 3134 3904 Pettius,
3156 3846 3420 3904 supremo;

2294 3887 2521 3949 Cingerls
2550 3899 2606 3962 et
2626 3887 2816 3953 nive-is,
2846 3887 3192 3963 lactea'Vit-g'o,
3212 3887 3388 3950 ἀιιοτις.

2169 3987 2236 4042 Et
2262 3987 2512 4045 Sedulius
2539 3990 2592 4044 in
2613 3993 2854 4047 carmine
2880 3992 3124 4049 Paschali
3153 3997 3600 4069 itaproloquitur
3627 4017 3642 4055 :

2282 4095 2489 4172 gaudia
2504 4108 2670 4156 matris
2681 4097 2856 4172 (habes,
2869 4122 2978 4157 cum
2999 4111 3304 4172 virginitatis
3326 4112 3512 4163 honore
3527 4151 3544 4172 .

2294 4167 2399 4238 nec
2422 4169 2624 4238 primam
2650 4170 2862 4238 similem
2886 4172 2986 4238 viss
3010 4167 3182 4238 eanec
3203 4173 3391 4238 habere
3411 4167 3732 4238 sequentem,

2220 4233 2226 4238 '
2295 4229 2405 4278 Sola
2427 4230 2535 4277 sine
2557 4229 2792 4296 exemplo
2809 4231 3032 4293 placuisti
3054 4232 3235 4282 femina
3258 4234 3467 4296 Christo.

2244 4351 2481 4406 Decursa
2509 4353 2674 4422 igitur
2689 4353 3008 4426 (genealogia
3038 4356 3354 4424 Salvatoris,
3370 4361 3499 4429 quid
3522 4364 3755 4433 quisque

491 4465 763 4524 pretatur;
796 4457 910 4510 sine
933 4453 1092 4513 dubio
1117 4475 1241 4514 eum
1272 4459 1606 4516 demonstrat
1633 4463 1698 4516 de
1733 4478 1839 4531 quo
1864 4464 1916 4517 in
1946 4481 2060 4519 can-

2173 4456 2240 4496 ex
2266 4443 2712 4513 interpretatione
2742 4445 2975 4499 nominis
3009 4447 3211 4516 proprii
3238 4450 3460 4519 mystice
3485 4452 3758 4520 signiﬁca-

491 4545 597 4598 tico
621 4545 790 4600 Exodi
819 4547 1076 4616 scriptum
1118 4557 1202 4606 est
1227 4568 1239 4602 :
1274 4549 1383 4603 Iste
1425 4550 1562 4604 Deus
1589 4569 1755 4617 meus,
1785 4563 1830 4606 et
1861 4555 2072 4607 honori-

491 4635 657 4703 ﬁcabo
687 4653 837 4701 eum;
871 4637 1014 4691 Deus
1039 4639 1205 4707 patris
1235 4641 1360 4704 mei,
1385 4650 1432 4693 et
1454 4641 1835 4700 exaltaboeum
1873 4643 2068 4713 (Exod.

497 4725 605 4795 xv).
635 4726 841 4796 Cuique
861 4727 1029 4782 Isaias
1057 4729 1134 4783 ait
1162 4745 1176 4781 :
1223 4729 1346 4786 Vere
1374 4741 1428 4783 tu
1459 4748 1511 4784 es
1545 4731 1685 4786 Deus
1715 4731 2070 4798 absconditus,

499 4815 826 4870 Deus-Israel
853 4816 1104 4872 Salvator
1126 4818 1281 4888 (Isai.
1310 4820 1454 4889 ην).
1487 4821 1551 4874 Ει
1580 4823 1662 4874 cui
1691 4823 1925 4877 Thomas
1954 4833 2073 4893 post

493 4910 948 4965 resurrectionem
977 4911 1238 4981 ejusloca
1279 4912 1554 4966 clavorum
1602 4923 1849 4983 tangens,
1889 4916 2074 4969 excla-

498 5015 651 5055 mans
674 5002 852 5055 aiebat
877 5019 890 5056 :
919 5003 1060 5057 Deus
1087 5021 1267 5070 meus,
1292 5016 1342 5059 et
1387 5005 1644 5060 Dominus
1689 5023 1836 5060 meus
1882 5006 2072 5076 (Joan.

496 5091 608 5162 xx).
635 5091 862 5145 Eleazar
879 5091 1022 5146 Deus
1044 5111 1187 5150 meus
1219 5097 1435 5166 adjutor
1461 5097 1680 5152 dicitur.
1714 5097 1781 5152 Et
1808 5098 2075 5167 Propheta

496 5195 563 5232 ex
605 5181 1161 5249 parte-humanitatis
1207 5185 1408 5242 Christi
1440 5187 1508 5241 ad
1543 5187 1757 5243 Patrem
1795 5167 2073 5259 Ιὸτιιιῖιιιιε

496 5269 727 5342 Diligam
746 5312 760 5336 ,
790 5272 997 5341 inquit,
1023 5282 1100 5336 te,
1129 5274 1378 5343 Domine,
1431 5280 1590 5334 virtus
1642 5298 1774 5353 mea,
1820 5281 2076 5337 Dominus

493 5361 887 5432 firmamentum
922 5381 1118 5430 meum,
1145 5377 1194 5419 et
1222 5368 1500 5438 refugium,
1529 5381 1576 5426 et
1617 5373 1866 5428 liberator
1908 5393 2072 5430 meus.

501 5451 641 5507 Deus
663 5471 831 5518 meus,
855 5449 1072 5524 adjutor
1096 5472 1240 5510 meus
1257 5499 1269 5520 ,
1297 5469 1344 5510 et
1367 5462 1582 5528 sperabo
1625 5463 1678 5515 in
1725 5468 1860 5517 eum“
1885 5463 1902 5534 (
1925 5463 2074 5522 Psal,

502 5545 656 5615 xm).
710 5546 967 5613 Matltam,
1005 5549 1220 5609 donum,
1274 5550 1356 5604 vel
1403 5551 1636 5614 donans.
1669 5557 1784 5608 sive
1826 5559 2077 5620 donatus,

502 5632 688 5691 Latine
713 5645 890 5702 sonat,
921 5647 976 5691 et
999 5635 1280 5692 Christuni
1305 5639 1357 5692 in
1386 5639 1488 5694 hoc
1515 5641 1809 5710 significat.-
1831 5644 1963 5698 Nam
1992 5644 2082 5700 ille

2175 4536 2543 4599 ret,'breviter
2573 4536 2873 4593 divinorum
2923 4538 3182 4598 librorum
3228 4543 3554 4599 testimoniis
3579 4561 3754 4600 anno-

2177 4629 2424 4684 tavimus.
2459 4629 2611 4685 Nunc
2643 4632 2710 4686 ad
2745 4641 2941 4688 caetera
2991 4650 3111 4704 qua:
3155 4635 3293 4689 idem
3324 4636 3756 4704 evangelista‘de

2175 4720 2361 4775 eadem
2387 4721 2697 4793 genealogia
2736 4725 3113 4794 subsequendo
3141 4725 3754 4795 dixeratexponendum

2178 4827 2473 4866 veniamus.

2250 4921 2361 4994 [IL]
2391 4921 2600 4986 Omnes,
2629 4925 2819 4994 inquit,
2834 4927 3188 4995 generationes
3211 4927 3275 4979 ab
3301 4925 3567 4979 Abraham
3590 4942 3757 4996 usque

2179 5015 2247 5068 ad
2286 5015 2487 5078 David,
2518 5018 2873 5084 generationes
2916 5017 3329 5087 quatuordecim.
3389 5007 3460 5071 Et
3510 5033 3543 5070 a
3587 5016 3756 5070 David

2180 5121 2341 5173 usque
2385 5106 2454 5159 ad
2497 5108 3010 5177 transmigrationem
3041 5101 3374 5178 Babylonis,
3397 5111 3758 5180 generationes

2178 5196 2590 5265 quatuordeoim.
2614 5195 2684 5270 Et
2712 5213 2744 5250 a
2776 5197 3235 5267 transmigratione
3273 5197 3560 5267 Babylonis
3595 5215 3759 5269 usque

2180 5286 2248 5338 ad
2278 5285 2578 5348 Christum,
2628 5288 2984 5355 generationes
3030 5289 3443 5358 quatuordecim.
3499 5287 3757 5360 (Μλιιι.)

2184 5377 2420 5443 Quarum
2450 5377 2772 5434 divisionum
2804 5381 2944 5434 ratio
2973 5380 3046 5444 ita
3081 5382 3371 5444 constabit,
3399 5381 3445 5434 si
3487 5383 3558 5437 ab
3587 5382 3762 5438 Abra-

2185 5468 2309 5521 ham
2336 5468 2508 5536 prima
2533 5468 2900 5525 tessaradecas
2923 5471 3203 5540 incipiens,
3238 5473 3290 5524 in
3313 5471 3478 5526 David
3503 5472 3759 5540 ﬁniatur;

2187 5560 2420 5613 secunda
2452 5575 2579 5614 vero
2605 5576 2633 5613 a
2662 5560 2860 5626 David,
2891 5563 2992 5616 hoc
3029 5572 3130 5624 est,
3155 5561 3308 5629 juxta
3349 5563 3517 5618 David
3549 5581 3576 5616 a
3613 5562 3764 5617 Salo~

2192 5666 2346 5703 mone
2376 5651 2655 5716 inchoans,
2687 5653 2739 5705 in
2769 5652 3079 5706 Jechoniam
3120 5655 3372 5724 priorem.
3404 5656 3504 5708 hoc
3533 5665 3639 5714 est,
3667 5667 3764 5720 pa-
