3948 6326
227 311 341 366 745

1181 322 1524 379 COIIMENT.
1569 325 1629 379 IN
1675 324 2104 380 MAT'I'll.-lil')I.
2144 358 2211 364 —-
2253 327 2376 381 LIB.
2411 327 2448 382 Ι.

3270 322 3276 328 ’
3372 341 3474 395 7m

221 428 395 488 trem,
441 424 530 493 qui
565 422 773 480 Joakim
805 428 942 496 apud
989 428 1236 483 Ilebrzcos
1275 443 1516 499 vocatur,
1552 435 1796 499 desinat;
1837 441 1877 497 Α
1910 434 2112 501 pandit,
2155 444 2206 489 et
2234 435 2329 504 ipsi
2359 436 2595 491 perfecto
2628 438 2881 494 virtutum
2913 457 3091 509 cursu,
3124 447 3174 500 iu
3203 462 3309 516 quo
3333 458 3469 520 quod

233 515 398 568 tertia
430 529 644 583 quoque
679 531 709 569 a
737 515 993 572 Jechonia
1039 521 1294 585 secundo,
1324 523 1375 577 id
1412 532 1493 578 est
1524 524 1633 579 ﬁlio
1677 523 1802 579 Joa-

233 601 367 666 kim,
399 603 488 670 qui
517 603 777 660 IIebraice
813 607 1010 661 dicitur
1034 607 1281 675 Joachin,
1323 613 1534 667 initium
1561 631 1798 681 sumens,

232 709 408 763 usque
431 695 496 747 ad
525 695 791 750 Christum
836 701 1132 770 pertingat,
1165 709 1222 753 ut
1254 702 1364 771 ipse
1393 702 1637 761 ChriStus
1673 722 1800 761 con-

231 793 570 839 numeretur.
595 786 744 852 Quod
771 797 946 843 autem
971 791 1372 859 quatuordecim
1395 794 1446 845 in
1474 803 1577 848 tota
1610 813 1800 866 genea-

232 873 377 941 logia
401 885 524 929 sunt
548 879 729 945 positi,
755 880 1004 935 historice
1031 883 1245 951 qhidem
1274 891 1381 938 tres
1416 883 1660 941 Hebraici
1706 905 1799 958 po-

228 965 345 1034 puli
371 965 607 1022 distincti
633 979 756 1023 sunt
780 979 1076 1041 temporum
1106 974 1338 1038 articuli,
1363 989 1589 1044 quorum
1627 980 1801 1047 primo

229 1054 337 1108 Sub
369 1058 708 1135 patriarcohis,
753 1068 807 1114 et
847 1063 1235 1128 sacerdotibus,
1283 1073 1337 1119 et
1366 1065 1634 1134 judicibus
1677 1079 1801 1124 ante

229 1158 421 1212 reges;
461 1148 716 1213 secundo,
741 1138 1079 1223 sub'regibus
1107 1164 1158 1208 et
1180 1146 1458 1224 prophetis
1478 1166 1531 1211 et
1555 1160 1801 1214 sacerdo-

229 1235 378 1290 tibus
405 1253 419 1300 ;
469 1239 642 1303 tertio,
675 1241 773 1295 sub
803 1243 1043 1307 ducibus,
1069 1253 1121 1297 et
1152 1247 1444 1314 prophetis,
1473 1255 1525 1302 et
1549 1244 1798 1304 sacerdo-

230 1325 375 1379 tibus
397 1336 513 1396 post
544 1344 714 1398 reges,
738 1342 1085 1390 conversatus
1131 1344 1232 1390 est.
1273 1336 1489 1408 Mystice
1527 1354 1654 1394 vero
1681 1357 1800 1410 per-

227 1411 358 1467 fecti
385 1426 436 1469 et
456 1416 633 1472 divino
659 1419 979 1475 charismate
1005 1423 1167 1492 pleni,
1185 1425 1237 1478 in
1265 1443 1425 1481 unum
1451 1429 1650 1484 redacti
1677 1442 1801 1486 sunt

226 1521 535 1561 numerum.
584 1509 718 1564 Nam
744 1503 942 1572 decem
987 1515 1054 1568 ad
1099 1517 1430 1587 decalogum,
1461 1531 1690 1588 quatuor
1731 1524 1799 1576 ad

224 1592 600 1668 Evangelium,
627 1590 726 1655 tria
750 1603 815 1656 ad
861 1604 1140 1661 Trinitatis
1177 1610 1467 1676 respiciunt
1511 1611 1686 1665 ﬁdem.
1733 1614 1800 1666 Et

223 1689 410 1742 omnia
434 1690 548 1746 hmc
571 1692 742 1746 eidem
775 1696 1099 1750 conveniunt
1125 1709 1483 1764 sacramento,
1509 1703 1630 1769 quia
1659 1705 1798 1757 sicut

1907 540 2012 578 non
2042 525 2282 593 videmus
2306 536 2584 596 sperantes
2612 544 2707 598 per
2737 532 3044 600 patientiam
3079 551 3474 608 exspectamus,

1905 620 2005 673 sub
2063 618 2302 688 ejusdem
2352 621 2432 692 (ut
2468 622 2666 676 dictum
2703 623 2809 693 est)
2857 628 3066 680 numeri
3118 644 3470 695 sacramento,

1902 717 2026 777 post
2049 708 2308 769 siccatum
2343 708 2558 765 Christo
2587 713 2720 766 (luce
2749 713 2901 767 Lethi
2938 711 3154 769 ﬂuvium
3176 759 3189 784 ,
3215 724 3474 788 promissa

1902 797 2092 867 patria.-
2115 797 2349 852 cmlestis
2375 803 2750 869 perveniemus
2777 803 2842 856 ad
2873 819 3052 873 regna.

1975 886 2248 960 (August)
2292 888 2486 962 Verum
2515 891 2581 944 ad
2607 893 2761 946 istam
2791 896 3171 950 mortalitatem
3197 898 3471 954 nobiscum

1901 978 2349 1048 participandam,
2384 981 2506 1050 quia
2547 981 2961 1039 descendentem
2987 987 3154 1042 voluit
3177 989 3478 1059 signiﬁcare

1904 1068 2206 1132 Matthzrus,
2235 1070 2354 1125 ideo
2388 1080 2443 1124 et
2485 1072 2629 1141 ipsas
2671 1077 3044 1144 generationes
3093 1079 3159 1133 ab
3204 1080 3475 1136 Abraham

1902 1175 2071 1228 usque
2092 1161 2159 1214 ad
2189 1159 2410 1230 Joseph,
2438 1171 2492 1216 et
2529 1179 2701 1233 usque
2742 1164 2808 1219 ad
2855 1167 3023 1235 ipsius
3053 1169 3252 1224 Christi
3286 1172 3477 1226 nativi-

1903 1259 2063 1304 tatem
2099 1250 2474 1307 descendendo
2507 1259 2954 1311 commemoravit
2995 1259 3064 1312 ab
3111 1261 3267 1315 initio
3308 1263 3478 1317 Evan-

1901 1340 2023 1410 gelii
2055 1343 2166 1407 sui;
2200 1342 2374 1398 Lucas
2402 1353 2579 1398 autem
2612 1362 2715 1400 non
2744 1349 2812 1401 ab
2855 1348 3009 1404 initio
3054 1351 3328 1422 Evangelii
3371 1355 3475 1417 sui,

1901 1429 1995 1482 sed
2017 1446 2046 1483 a
2073 1431 2338 1500 baptismo
2364 1433 2569 1489 Christi
2617 1438 2993 1506 generationes
3025 1450 3231 1507 narrat,
3263 1458 3363 1496 nec
3388 1445 3477 1497 de-

1901 1521 2223 1586 scendendo,
2250 1524 2340 1576 sed
2368 1510 2738 1593 ascendendo,
2771 1537 3024 1598 tanquam
3058 1535 3390 1588 sacerdotem
3424 1536 3475 1588 in

1900 1609 2179 1677 expiandis
2207 1614 2443 1679 peccatis
2485 1616 2653 1685 magis
2681 1619 2961 1688 assignans
2981 1659 2994 1684 ,
3018 1622 3106 1675 ubi
3131 1637 3253 1676 eum
3283 1639 3384 1678 vox
3414 1625 3478 1679 de

1902 1701 2040 1754 coalo
2067 1701 2375 1767 declaravit,
2407 1705 2491 1758 ubi
2541 1710 2903 1762 testimonium
2945 1711 3177 1767 Joannes
3212 1716 3309 1783 ipsi
3357 1732 3478 1785 per-

224 1784 312 1830 ter
325 1782 567 1847 quaterni
585 1789 637 1835 et
653 1782 794 1846 deni,
814 1783 926 1838 sive
938 1787 1318 1852 quaterdecies
1345 1791 1480 1841 terni
1504 1791 1795 1845 innumero
1827 1782 1870 1839 Β
1900 1789 2092 1854 hibuit,
2110 1792 2324 1845 dicens:
2353 1794 2486 1846 Ecce
2506 1797 2594 1864 qui
2619 1796 2750 1849 tollit
2773 1809 2982 1866 peccata
3004 1803 3186 1855 mundi
3208 1782 3390 1875 (Ῐοαιί.
3414 1808 3474 1876 I).

221 1873 573 1935 concordant,
607 1874 678 1925 ita
706 1874 758 1926 in
784 1874 884 1928 ﬁde
911 1883 1109 1930 sancta:
1132 1878 1410 1933 Trinitatis
1433 1880 1516 1933 lex
1543 1891 1596 1935 et
1629 1883 1801 1936 Evan-

220 1961 424 2029 gelium
448 1963 850 2031 coadjuvantur,
876 1975 1048 2035 et-per
1074 1967 1242 2037 legem
1269 1977 1428 2039 atque
1455 1971 1798 2042 Evangelium

220 2059 427 2104 sanctae
454 2051 733 2107 Trinitatis
759 2053 888 2108 ﬁdes
911 2056 1248 2129 praedicatur.
1298 2057 1434 2124 Quid
1477 2070 1656 2114 autem
1701 2078 1798 2115 nu-

221 2157 410 2196 merus
437 2143 535 2196 iste
554 2145 757 2213 pariter
782 2145 1043 2216 signiﬁcet
1070 2162 1176 2216 quo
1207 2148 1318 2202 haec
1340 2150 1650 2221 genealogia
1671 2167 1798 2207 con-

171 2223 177 2230 ’
223 2231 446 2296 tinetur,
476 2248 579 2287 non
618 2234 863 2303 ignobilis
885 2243 967 2289 est
999 2238 1158 2290 studii
1188 2239 1533 2319 investigare;
1556 2241 1797 2308 Quadra-

219 2325 475 2392 genarius
497 2339 624 2396 ergo
649 2341 904 2382 numerus
943 2344 1047 2383 non
1087 2329 1380 2399 incongrue
1427 2342 1608 2404 typum
1655 2342 1798 2389 tenet

220 2416 483 2482 temporis
515 2418 821 2484 praesentis,
843 2419 965 2486 quia
992 2428 1231 2488 tempora
1270 2437 1530 2476 annorum
1572 2425 1793 2491 quadri-

221 2504 438 2573 partitis
487 2505 693 2560 vicibus
739 2516 981 2573 currunt,
1025 2516 1080 2562 et
1123 2511 1351 2565 mundus
1397 2510 1510 2580 ipse
1561 2522 1793 2582 quatuor

219 2597 466 2664 partibus
488 2599 825 2652 terminatur.
858 2598 1220 2671 Quadraginta
1261 2610 1439 2658 autem
1485 2613 1676 2674 quater
1697 2607 1794 2660 ha-

216 2682 352 2739 bent
394 2684 598 2738 decem.
650 2685 817 2740 Porro
860 2687 972 2755 ipsa
1020 2689 1226 2754 decem,
1271 2692 1338 2744 ab
1377 2706 1484 2745 uno
1517 2707 1690 2762 usque
1724 2695 1792 2748 ad

217 2783 456 2844 quatuor
478 2777 849 2845 progrediente
865 2794 1112 2841 numero,
1131 2791 1592 2836 consummantur.
1605 2782 1664 2838 In
1693 2783 1795 2839 hac

218 2873 404 2919 autem
431 2863 812 2935 praesentivita
832 2908 845 2934 ,
876 2883 993 2938 quae
1027 2877 1324 2939 temporum
1367 2889 1528 2928 cursu
1556 2876 1794 2944 quotidie

217 2953 494 3021 dilabitur,
522 2956 646 3024 quia
671 2958 778 3028 regi
800 2945 912 3013 ‘nos
935 2974 962 3012 a
991 2959 1206 3016 Christo
1242 2971 1454 3031 oportet
1497 2966 1790 3021 secundum

215 3043 557 3114 disciplinam
601 3046 941 3113 laboriosam,
988 3067 1090 3120 qua
1129 3054 1361 3122 ﬂagellat
1399 3055 1541 3110 Deus
1588 3073 1789 3112 omnem

1900 1879 2253 1936 Ascendendo
2280 1891 2456 1937 autem
2497 1885 2690 1940 transit
2720 1887 2786 1940 ad
2818 1886 3110 1956 Abraham,
3139 1901 3191 1946 et
3236 1897 3480 1962 pervenit

1901 1970 1968 2023 ad
2000 1971 2186 2035 Deum,
2218 1973 2300 2026 cui
2330 1975 2568 2028 mundati
2599 1985 2653 2029 et
2678 1966 2878 2046 ex'piati
2902 1983 3330 2038 reconciliamur.
3365 1985 3477 2039 Me-

1899 2061 2004 2115 rito
2040 2070 2095 2114 et
2129 2062 2428 2130 adoptionis
2462 2065 2722 2134 originem
2757 2068 2870 2136 ipse
2905 2072 3160 2141 suscepit,
3207 2074 3332 2142 quia
3384 2089 3480 2144 per

1899 2151 2239 2220 adoptionem
2267 2151 2532 2207 efﬁcimur
2558 2153 2652 2208 ﬁlii
2691 2155 2821 2222 Dei,
2865 2159 3133 2213 credendo
3165 2155 3234 2215 in
3282 2161 3477 2216 Filium

1899 2239 2017 2293 Dei.
2044 2239 2146 2294 Per
2167 2241 2434 2295 carnalem
2463 2258 2590 2298 vero
2616 2246 3017 2314 generationem
3055 2248 3220 2304 Filius
3257 2250 3346 2305 Dei
3376 2268 3474 2320 po-

1898 2330 2005 2384 tius
2023 2333 2242 2400 propter
2261 2346 2357 2386 nos
2385 2331 2527 2389 ﬁlius
2554 2335 2788 2390 hominis
2813 2335 2983 2392 factus
3009 2347 3111 2394 est.
3136 2339 3278 2396 Satis
3299 2352 3476 2396 autem

1898 2420 2284 2475 demonstravit
2315 2437 2419 2476 non
2459 2438 2517 2478 se
2547 2423 2666 2479 ideo
2693 2425 2893 2481 dixisse
2919 2425 3115 2498 Joseph
3142 2429 3308 2484 ﬁlium
3335 2432 3474 2497 Heli,

1897 2503 2041 2578 quod
2080 2511 2145 2564 de
2170 2511 2260 2565 illo
2289 2513 2517 2582 genitus,
2550 2515 2642 2568 sed
2675 2515 2815 2583 quod
2851 2515 2918 2570 ab
2945 2517 3037 2572 illo
3065 2517 3228 2573 fuerit
3252 2521 3472 2590 adopta-

1897 2610 2002 2664 tus,
2032 2615 2151 2654 cum
2180 2609 2234 2653 et
2264 2601 2436 2669 ipsum
2474 2602 2642 2657 Adam
2692 2604 2860 2658 ﬁlium
2904 2607 2999 2661 Dei
3047 2608 3208 2674 dixit,
3252 2624 3373 2663 cum
3405 2611 3476 2665 sit

1897 2688 2068 2767 factus
2089 2681 2120 2743 a
2142 2690 2272 2755 Deo,
2291 2693 2383 2746 sed
2413 2706 2509 2760 per
2534 2695 2780 2762 gratiam,
2807 2710 2966 2762 quam
2991 2705 3176 2765 postea
3203 2701 3474 2767 peccando

1895 2783 2096 2847 amisit,
2125 2791 2381 2852 tanquam
2430 2783 2570 2838 ﬁlius
2618 2784 2672 2838 in
2709 2784 2964 2843 Psradiso
3015 2789 3340 2844 constitutus
3383 2792 3470 2845 sit.

1895 2872 2234 2944 Quapropter
2278 2875 2331 2928 in
2374 2875 2809 2945 generationibus
2857 2877 3088 2933 Matthzei
3145 2880 3477 2956 signiﬁcatur

1897 2974 2203 3022 nostrorum
2233 2969 2876 3038 peccatorum'susceplio
2900 2984 2926 3023 a
2967 2969 3190 3030 Domino
3225 2972 3468 3037 Christo;

1894 3061 1947 3113 in
1972 3045 2408 3130 generationibus
2454 3068 2632 3113 autem
2673 3059 2830 3115 Lucae
2878 3061 3210 3129 signiﬁcatur
3256 3064 3474 3117 abolitio

214 3135 392 3206 ﬁlium
427 3154 578 3207 quem
602 3141 779 3209 recipit
810 3117 1142 3214 (Hebr.vxn),
1189 3117 1469 3202 IIatthzeus
1509 3165 1607 3219 per
1648 3152 1792 3206 hunc
1820 3117 1862 3177 Ο
1895 3117 2201 3204 nostrorum
2231 3157 2574 3218 peccatorum
2599 3142 2632 3202 'a
2673 3148 2905 3204 Domino
2926 3117 3172 3204 Christo.
3214 3150 3338 3207 Ideo
3383 3168 3474 3207 eas

218 3240 507 3281 numerum
538 3227 736 3298 Regem
763 3228 1037 3285 Christum
1083 3235 1291 3290 venisse
1337 3245 1579 3306 testatur,
1608 3242 1790 3296 addito

215 3314 471 3370 videlicet
495 3316 704 3374 binario
743 3336 985 3387 numero,
1015 3324 1107 3392 qui
1135 3324 1269 3380 bene
1314 3328 1417 3383 duo
1446 3329 1788 3388 Testamenta

215 3402 523 3473 signiﬁcare
546 3417 740 3476 potest.
768 3410 872 3465 Per
895 3413 1008 3467 hrec
1027 3415 1240 3483 quidem
1263 3418 1507 3475 Christus
1534 3423 1790 3479 Dominus

215 3487 526 3548 universam
556 3496 848 3553 Ecclesium
875 3516 1028 3555 suam
1055 3506 1218 3574 regit,
1263 3518 1317 3562 et
1353 3525 1462 3564 sua:
1505 3512 1790 3569 voluntatis

215 3580 296 3634 illi
313 3581 516 3650 judicia
551 3587 751 3651 tribuit,
777 3590 902 3658 quia
927 3593 1055 3661 quid
1082 3595 1182 3649 sibi
1211 3596 1262 3649 in
1291 3577 1786 3669 pravo'displiceat,

215 3672 423 3740 etquid
448 3675 500 3728 in
528 3676 668 3732 bono
710 3678 931 3747 placeat,
959 3683 1236 3738 evidenter
1273 3703 1369 3756 per
1410 3704 1472 3743 ea
1514 3692 1787 3759 patefacit.

216 3761 331 3818 Nec
370 3781 474 3820 non
496 3774 550 3821 et
574 3768 679 3823 duo
701 3783 964 3841 praecepta
990 3776 1272 3831 charitatis
1295 3795 1579 3848 possumus
1611 3784 1665 3837 in
1711 3785 1791 3839 bi-

217 3853 376 3907 nario
401 3855 560 3910 simili
588 3859 745 3912 modo
774 3861 1090 3930 intelligere,
1118 3867 1239 3933 quia
1265 3871 1555 3924 secundum
1606 3871 1792 3928 Salva-

217 3942 356 3996 toris
402 3945 742 4012 sententiam,
781 3949 832 4001 in
875 3951 954 4004 his
995 3952 1196 4007 duobus
1240 3959 1502 4012 mandatis
1555 3970 1664 4014 tota
1709 3963 1793 4018 lex

204 4033 404 4100 pendet
427 4043 476 4087 et
499 4037 758 4105 prophetae
795 4039 1006 4110 (Matt/1.
1034 4047 1190 4116 xxii).
1221 4045 1328 4102 Nec
1353 4057 1436 4104 est
1461 4051 1512 4104 in
1540 4056 1790 4122 praesenti

215 4133 462 4196 tempore
484 4128 569 4182 illa
596 4130 872 4200 disciplina
897 4135 1059 4201 utilis,
1092 4137 1138 4191 si
1179 4155 1284 4193 non
1334 4141 1387 4195 in
1440 4159 1499 4197 ea
1546 4156 1792 4201 servetur

216 4213 402 4269 fervor
429 4217 730 4275 charitatis.
771 4221 1060 4281 Possumus
1109 4237 1164 4283 et
1210 4229 1367 4286 aliter
1419 4233 1486 4289 de
1533 4239 1791 4304 prredicto

217 4310 582 4373 numero,.ad
633 4326 867 4380 przesens
915 4316 1167 4373 Ecclesia:
1212 4328 1420 4392 tempus
1463 4328 1787 4394 pertinente,

223 4412 327 4466 quo
345 4440 358 4463 ,
382 4399 608 4456 Domino
655 4417 995 4475 cooperante,
1024 4411 1078 4464 in
1107 4427 1255 4481 spem
1279 4414 1447 4470 futuri
1475 4419 1680 4475 sabbati
1711 4423 1786 4476 la-

215 4488 398 4554 borat,
427 4491 691 4548 intimare.
718 4494 926 4566 Septies
960 4500 1102 4556 enim
1127 4505 1261 4568 seni,
1294 4507 1646 4580 quadraginta
1681 4514 1786 4568 duo

214 4575 442 4637 faciunt.
471 4579 576 4635 Sex
603 4583 817 4652 quidem
844 4588 909 4642 ad
951 4603 1134 4658 opera,
1170 4602 1374 4663 septem
1416 4575 1545 4668 vero
1589 4601 1656 4655 ad
1703 4618 1788 4656 re-

213 4667 400 4735 quiem
441 4669 845 4739 signiﬁcandam
891 4680 1182 4747 pertinere,
1225 4698 1380 4740 rarus
1421 4687 1512 4755 qui
1559 4689 1781 4746 dubitet.

222 4756 373 4850 Unde
395 4760 530 4838 bene
556 4765 781 4833 populus
806 4769 869 4822 de
899 4779 1040 4824 terra
1083 4771 1299 4843 Λεωπριί
1347 4777 1600 4844 salvatus,
1646 4796 1785 4850 qua-

214 4847 466 4917 draginta
498 4853 710 4921 quidem
733 4871 902 4915 annos
923 4871 1162 4916 moratur
1186 4865 1238 4917 in
1262 4867 1499 4934 deserto;
1547 4871 1640 4924 sed
1661 4847 1784 4941 quia

212 4936 319 4989 sub
345 4953 438 5007 spe
463 4941 696 4999 intrandi
724 4947 778 5000 in
830 4951 1069 5019 requiem
1113 4954 1328 5010 sedulus
1371 4969 1675 5026 exercetur,
1701 4977 1786 5016 se-

211 5027 355 5094 pties
381 5045 526 5096 sena,
557 5034 607 5088 id
649 5044 751 5102 est,
781 5042 1132 5112 quadraginta
1174 5046 1277 5100 duo
1320 5050 1419 5103 viae
1469 5053 1786 5109 arctissimaz

213 5123 396 5170 castra
449 5131 715 5177 metatur:
743 5133 970 5196 quorum
996 5134 1181 5188 ultimo
1223 5136 1346 5211 dum
1385 5136 1567 5194 Iesum
1597 5143 1783 5198 ducem

187 5207 473 5273 suscepit,
497 5225 619 5263 mox
651 5226 835 5282 aperto
871 5216 1125 5286 Jordane,
1161 5207 1602 5291 promissasolim
1629 5233 1785 5286 sedes

209 5295 443 5350 devictis
471 5298 715 5356 hostibus
741 5305 888 5360 adiit.
928 5308 1018 5362 Sic
1046 5319 1101 5364 et
1149 5312 1405 5385 Dominus
1451 5316 1607 5373 Jesus
1653 5336 1785 5390 qua-

209 5387 515 5456 dragesima
535 5394 766 5447 secunda
790 5401 1134 5463 generatione
1154 5417 1218 5457 ex
1234 5419 1340 5472 quo
1362 5407 1592 5463 mundus
1611 5387 1787 5466 aatatis

207 5476 406 5546 prisca:
438 5483 703 5548 tenebras,
727 5485 997 5543 Abraham
1029 5495 1299 5560 credente,
1323 5496 1595 5564 discussit,
1622 5501 1785 5556 adve-

109 5642 112 5649 ἶ
207 5572 447 5627 nicnsin
476 5588 657 5641 carne,
683 5577 933 5648 baptismi
973 5584 1125 5639 uobis
1164 5585 1380 5642 lavacro
1426 5591 1549 5644 coeli
1596 5591 1788 5660 jannas
1831 5597 1838 5603 '

1894 3240 1981 3295 ille
2011 3241 2344 3294 descendens
2382 3249 2623 3306 enarrat,
2651 3242 2754 3295 iste
2795 3245 3111 3299 ascendens.
3143 3245 3293 3313 Quod
3326 3248 3469 3302 enim

1891 3332 2019 3386 dicit
2053 3331 2340 3401 Apostolus
2371 3346 2385 3384 :
2419 3330 2563 3384 Misit
2597 3331 2733 3385 Deus
2756 3330 2954 3386 Filium
2975 3350 3126 3387 suum
3149 3336 3201 3388 in
3223 3336 3471 3390 similitu-

1890 3423 2063 3475 dinem
2103 3423 2275 3476 carnis
2307 3423 2505 3492 peccati
2545 3421 2715 3493 (Rom.
2743 3424 2885 3494 vm),
2919 3424 3034 3478 haec
3083 3433 3165 3480 est
3203 3429 3471 3496 susceptio

1890 3525 2264 3584 peccatorum;
2325 3515 2466 3583 quod
2519 3523 2695 3568 autem
2752 3510 3002 3569 addidit:
3037 3514 3104 3568 Ut
3153 3517 3215 3571 de
3256 3529 3467 3587 peccato

1891 3605 2163 3657 danmarct
2185 3613 2448 3674 peccatum
2480 3605 2532 3657 in
2559 3621 2716 3657 carne
2740 3604 2948 3675 (Ibid.),
2977 3606 3092 3660 hinc
3118 3615 3200 3662 est
3235 3609 3470 3678 expiatio

1890 3704 2256 3765 peccatorum.
2293 3695 2523 3750 Proinde
2570 3696 2853 3751 Mattha—zus
2894 3698 2961 3752 ab
3009 3698 3126 3766 ipso
3171 3699 3334 3753 David
3375 3716 3470 3769 per

1894 3788 2235 3843 Salomonem
2282 3788 2576 3850 descendit,
2606 3788 2657 3840 in
2689 3785 2841 3854 cujus
2871 3796 3042 3843 matre
3076 3790 3163 3844 ille
3190 3793 3428 3859 peccavit
3453 3809 3465 3842 :

1892 3864 2066 3932 Lucas
2087 3892 2214 3932 vero
2243 3877 2308 3930 ad
2339 3876 2511 3946 ipsum
2541 3876 2708 3929 David
2735 3890 2833 3945 per
2859 3876 3067 3931 Nathan
3093 3879 3353 3942 ascendit,
3377 3896 3493 3950 per~

1893 3982 2052 4036 quem
2093 3967 2407 4037 prophetam
2440 3978 2463 4004 η
2494 3966 2632 4020 Deus
2676 3958 2957 4034 peceatum
3015 3967 3156 4023 illius
3210 3970 3463 4038 expiavit.

1892 4055 2007 4125 Ipse
2034 4071 2245 4125 quoque
2288 4070 2543 4109 numerus
2582 4071 2740 4124 quem
2785 4055 2958 4110 Lucas
2995 4059 3324 4131 exsequitur,
3355 4074 3473 4113 cer—

1893 4144 2098 4198 tissime
2118 4158 2339 4213 prorsus
2360 4142 2703 4197 abolitionem
2733 4144 2932 4200 indicat
2954 4156 3315 4214 peccatorum.
3335 4149 3469 4216 Quia

1892 4236 2033 4289 enim
2056 4233 2253 4289 Christi
2275 4235 2455 4302 aliqua
2483 4234 2758 4303 iniquitas,
2782 4235 2872 4302 qui
2902 4235 3099 4288 nullam
3127 4238 3331 4306 habuit.
3363 4256 3467 4293 non

1891 4333 1975 4378 est
1999 4324 2181 4392 utique
2209 4323 2892 4393 conjunctainiquitatibus
2923 4326 3223 4392 hominum,
3250 4346 3384 4398 quas
3413 4333 3464 4384 in

1814 4453 1866 4514 D
1893 4431 1988 4470 sua
2028 4429 2187 4470 carne
2222 4416 2476 4484 suscepit,
2509 4417 2626 4470 ideo
2658 4432 2910 4472 numerus
2937 4434 3101 4487 penes
3129 4420 3461 4486 Matthreum,

1895 4514 2119 4576 excepto
2144 4506 2379 4570 Christo,
2402 4519 2486 4561 est
2515 4509 3004 4578 quadragenarius;
3050 4513 3174 4581 quia
3202 4528 3331 4567 vero
3372 4515 3461 4583 ju-

1894 4597 2054 4651 stitia:
2088 4610 2196 4650 sum
2227 4596 2513 4665 Patrisque
2559 4613 2655 4651 nos
2700 4599 2942 4667 expiatos
2971 4599 3038 4653 ab
3063 4602 3207 4656 omni
3240 4614 3467 4671 peccato

1888 4688 2251 4757 'purgatosque
2289 4686 2585 4757 conjungit,
2605 4698 2674 4741 -ιιι
2719 4689 2812 4741 ﬁat
2840 4691 2981 4758 quod
3020 4691 3095 4745 ait
3128 4691 3414 4759 Apostolus
3448 4710 3460 4746 :

1895 4776 1997 4841 Qui
2021 4785 2194 4829 autem
2224 4777 2453 4830 adliceret
2480 4777 2706 4830 Domino
2738 4795 2870 4831 unus
2894 4776 3116 4848 Spiritus
3151 4789 3223 4833 est
3254 4780 3304 4852 (Ι
3337 4780 3458 4834 Cor.

1892 4869 1987 4939 vi),
2019 4869 2138 4923 ideo
2169 4869 2221 4922 in
2255 4884 2320 4924 eo
2349 4885 2574 4924 numero
2600 4871 2688 4939 qui
2719 4879 2799 4925 est
2825 4887 2988 4940 penes
3018 4871 3239 4936 Lucam,
3272 4880 3325 4926 et
3349 4872 3464 4942 ipso

1889 4961 2130 5015 Christus
2157 4976 2185 5014 a
2220 4978 2326 5030 quo
2359 4962 2545 5033 incipit
2567 4963 2922 5027 enumeratio,
2948 4972 3001 5015 et
3039 4963 3176 5017 Deus
3205 4963 3271 5016 ad
3304 4979 3461 5031 quem

1889 5051 2150 5119 pervenit,
2183 5060 2658 5116 connumerantur,
2686 5059 2740 5105 et
2767 5051 2822 5104 ﬁt
2848 5067 3102 5107 numerus
3129 5055 3462 5122 septuaginta

1887 5149 2110 5209 septem,
2140 5156 2245 5210 quo
2291 5141 2621 5210 signiﬁcatur
2656 5143 2896 5196 omnium
2928 5159 3146 5211 prorsus
3194 5145 3459 5208 remissio,

1846 5241 1944 5285 .et
1986 5231 2203 5286 abolitio
2251 5240 2615 5299 peccatorum,
2661 5247 2825 5300 quam
2868 5234 3029 5287 etiam
3068 5233 3177 5300 ipse
3205 5232 3461 5285 Dominus

1889 5341 1987 5393 per
2035 5323 2193 5392 hujus
2232 5323 2439 5377 numeri
2503 5325 2815 5394 mysterium
2861 5325 3135 5378 evidenter
3171 5323 3456 5392 expressit,

1893 5416 2074 5469 dicens
2103 5413 2478 5468 remittendum
2533 5429 2653 5468 esse
2678 5415 2916 5482 peccanti
2947 5431 3047 5466 non
3068 5413 3232 5466 solum
3253 5414 3459 5480 septies,
3494 5472 3500 5478 _

1893 5506 1981 5559 sed
2006 5506 2159 5558 ctiam
2181 5505 2470 5573 septuagies
2502 5507 2684 5574 septies
2729 5505 2940 5576 (Matth.
2971 5505 3144 5572 xvl‘u).
3194 5504 3304 5556 Nec
3348 5502 3460 5556 fru—

1893 5604 2003 5657 stra
2040 5594 2138 5648 iste
2165 5609 2420 5648 numerus
2450 5577 2514 5649 ad
2556 5584 2900 5664 peccatorum
2944 5595 3180 5648 omnium
3228 5593 3455 5661 pertinet

281 5693 307 5722 α
345 5681 417 5736 De
436 5682 539 5738 hoc
564 5684 677 5740 loco
694 5689 909 5742 consule
929 5691 1064 5761 Aug.
1090 5692 1180 5746 lib.
1207 5712 1242 5748 ιι
1268 5667 1695 5770 Βθιι·ειοῑ.,“ρ.’16,
1715 5705 1801 5757 ubi
1826 5706 1900 5760 ait
1922 5721 1977 5760 se
2000 5706 2175 5760 dicere
2198 5706 2470 5774 debuisse,
2480 5723 2574 5776 ριν
2587 5710 2734 5777 cujus
2755 5709 2977 5760 nominis
2998 5708 3321 5777 prop/u'mm.
3347 5715 3453 5762 οιεο

613 5783 880 5844 ΡΑτιιοι.
920 5787 1104 5850 CVII.

2947 5800 3022 5858 ‘2';
