3948 6366
1137 313 1189 365 [5.
1236 310 1487 365 MBAN
1528 309 1744 364 MAUlll
1785 307 2101 367 AllClllEl’.
2144 308 2450 366 MOGUNT.
2494 306 2774 363 OPERUM
2816 306 2993 361 PARS
3036 309 3070 361 Ι.
3199 377 3202 382 _
3642 311 3745 364 7‘28

467 425 904 489 inundationem,
961 423 1005 476 si
1054 422 1365 491 diligentius
1421 421 1736 488 inquiratur.
1796 419 2060 474 Denarius
2089 426 2135 486 Α
2167 423 2218 476 id
2243 422 2499 494 jungatur
2536 420 2676 490 quod
2705 420 3051 500 subsequitur
3078 425 3140 477 de
3189 427 3602 494 desponsatione
3635 445 3746 482 ma-

477 523 673 588 quippe
698 527 955 585 tanquam
981 511 1203 582 justitite
1235 527 1509 575 numerus,
1539 512 1592 565 in
1635 512 1820 566 decem
1853 523 2057 581 praece-

479 623 581 679 illis
615 610 744 679 legis
771 606 1092 662 ostenditur.
1113 607 1281 660 l‘orro
1305 613 1583 674 peccatum
1615 613 1696 658 est
1727 603 1858 673 legis
1886 613 2058 657 trans-

479 702 716 768 r.;it‘-ssio',
788 708 840 752 et
869 698 1050 766 utique
1082 695 1436 764 transgressio
1462 693 1667 748 denarii
1701 693 1908 746 numeri
1941 707 2061 746 con-

487 800 729 846 .n'uentcr
751 787 1044 843 undeuario
1071 784 1349 855 ﬁguratur.
1392 781 1544 839 Unde
1593 791 1646 835 et
1686 781 1802 836 vela
1845 781 2056 835 cilicina

475 879 730 952 jubentur
763 886 817 938 in
850 877 1190 937 tabernaculo
1220 875 1468 931 undecim
1502 874 1619 929 ﬁeri
1653 872 1849 944 (Exod.
1883 871 2053 940 sxw).

483 980 608 1041 Ijuis
638 991 819 1031 auwm
845 974 1052 1028 dubitet
1078 970 1142 1023 ad
1189 970 1395 1041 peccati
1437 967 1885 1039 signiﬁcationem
1935 964 2055 1017 cili-

481 1109 484 1114 .
514 1073 617 1122 ium
647 1068 949 1136 pertinere?
985 1067 1062 1121 Ac
1086 1081 1180 1135 per
1209 1066 1331 1128 hoc,
1355 1060 1479 1129 quia
1515 1055 1823 1111 universum
1850 1064 2057 1123 tempus

487 1158 1007 1227 .cplenario'dierum
1033 1169 1259 1224 numero
1281 1151 1465 1210 volvit.
1487 1147 1872 1201 convenienter
1889 1144 2054 1196 unde-

481 1250 628 1300 nario
659 1248 856 1315 septies
884 1245 1256 1313 multiplicato,
1283 1242 1347 1293 ad
1394 1253 1677 1292 numerum
1726 1242 2057 1304 septuagesi—

479 1356 621 1391 mum
651 1347 703 1393 et
732 1336 1017 1406 septimum
1045 1342 1236 1388 cuncta
1260 1316 1486 1400 peccata.
1508 1328 1847 1397 perveniunt.
1872 1325 1927 1376 Ii:
1951 1340 2056 1391 quo

479 1443 697 1481 :unnero
717 1428 878 1480 etiam
897 1424 954 1477 ﬁt
975 1424 1130 1493 plena
1153 1422 1395 1476 remissio
1419 1429 1785 1488 peccatorum,
1804 1417 2055 1485 CXllialllC

477 1538 570 1571 nus
597 1515 759 1572 earne
787 1516 1093 1570 Sacerdotis
1118 1515 1309 1600 nostri,
1332 1527 1358 1563 a
1385 1528 1488 1580 quo
1513 1525 1653 1567 nunc
1673 1510 1774 1562 iste
1799 1523 2054 1561 numerus
2102 1501 2106 1508 “

479 1611 676 1677 .ncipit.
709 1616 763 1660 et
789 1604 1169 1661 reconciliante
1195 1619 1290 1656 nos
1326 1601 1436 1654 Deo
1457 1642 1469 1665 ,
1501 1601 1564 1652 ad
1596 1615 1755 1668 quem
1789 1613 1928 1652 nunc
1955 1599 2055 1651 iste

474 1714 724 1751 iisunerus
747 1697 990 1768 pervenit
1018 1710 1112 1764 per
1136 1693 1395 1764 Spiritum
1423 1702 1669 1746 sanetum
1696 1734 1707 1757 ,
1732 1693 1819 1760 qui
1871 1694 1921 1743 in
1966 1706 2053 1743 c0-

477 1798 663 1849 J.unbaa
694 1796 870 1864 specie
918 1795 972 1844 in
1024 1794 1125 1845 hoc
1182 1791 1466 1858 baptismo,
1499 1789 1587 1842 ubi
1639 1801 1910 1864 numerus
1948 1786 2048 1838 iste
2084 1775 2125 1831 Β

488 1895 938 1948 νς›ιηιηθηιοι·ειιιιι·,
975 1885 1221 1954 apparuit
1264 1880 1472 1953 (Matth.
1505 1881 1608 1948 ιιι).
1641 1877 1859 1948 ἶΒείία.)
1889 1877 2048 1931 Chri-

468 2005 472 2012 ι
501 1994 580 2031 ms
609 1993 733 2045 ergo
766 1975 1036 2043 quomodo
1083 1974 1196 2041 ipso
1241 1971 1384 2040 quod
1419 1968 1742 2022 tricenarius
1776 1967 2049 2020 inchoavit

471 2073 790 2140 Baptismum
820 2066 1286 2137 totiussigniﬁcat
1339 2063 1591 2117 Ecclesia:
1635 2061 1822 2116 sordes
1866 2059 2074 2128 expia-.

473 2178 639 2227 "iras,
659 2161 968 2217 eorumdem
994 2173 1206 2228 quoque
1226 2170 1574 2209 numerorum
1600 2151 1828 2222 mystica
1849 2163 2049 2220 cogna-

472 2249 980 2317 m’declarat,quia
1033 2246 1283 2300 videlicet
1321 2244 1538 2312 triginta
1593 2241 1886 2309 mqualibus
1939 2238 2050 2293 suis

473 2342 708 2394 .urtibus
753 2348 1058 2407 computata
1107 2336 1322 2406 pariunt
1362 2333 1590 2403 amplius
1618 2332 1926 2396 duodecim,
1956 2331 2048 2400 qui

480 2440 543 2482 ‘st
592 2428 1012 2496 patriarcharum
1060 2437 1114 2478 et
1142 2423 1502 2493 apostolorum
1535 2439 1811 2484 numerus,
1836 2429 1891 2475 et
1918 2420 2052 2475 ﬁunt

465 2519 814 2588 .niadraginta
852 2519 972 2570 duo.
1013 2517 1221 2570 Habent
1258 2515 1399 2568 enim
1453 2521 1634 2582 partes
1685 2515 2011 2567 tricesimum
2036 2554 2048 2574 ,

487 2625 663 2674 suum;
703 2610 942 2677 quintam
966 2607 1399 2672 deeiinam,duo;
1435 2606 1720 2668 decimam,
1756 2607 1888 2668 tria;
1922 2619 2046 2657 sex-

471 2715 596 2764 fain,
628 2702 895 2769 quinque;
930 2699 1188 2766 quintam,
1225 2715 1347 2763 sex;
1384 2699 1613 2756 tertiam,
1643 2698 1860 2761 decem;
1895 2697 2051 2750 dimi~

469 2793 628 2851 itaut,
660 2790 996 2856 quindecim;
1042 2788 1543 2856 qumisiuutljuneta
1569 2788 1918 2855 quadraginta
1945 2787 2050 2839 duo

469 2889 859 2932 consummant.
880 2878 978 2932 Ubi
1006 2879 1247 2946 mystice,
1267 2886 1324 2932 ut
1349 2878 1600 2942 diximus,
1620 2879 1860 2931 innuitur
1883 2886 2048 2931 totam

471 2969 717 3021 3".0clesia)
748 2967 1128 3036 perfectionem
1159 2967 1210 3019 in
1242 2954 1442 3020 Christi
1480 2965 1582 3019 ﬁde
1602 2974 1656 3019 et
1676 2966 1848 3035 gratia
1876 2967 2050 3019 consi-

2166 514 2260 567 tris
2284 512 2418 583 ejus,
2436 514 2718 582 quomodo,
2744 523 3030 581 antequam
3054 513 3370 586 jnngerctur
3393 533 3507 584 suo,
3528 519 3744 574 inventa

2164 616 2249 660 est
2287 607 2338 660 in
2369 617 2521 661 utero
2559 607 2760 661 habens
2793 609 2856 660 de
2908 605 3108 676 Spiritu
3154 619 3360 674 sancto,
3396 622 3453 664 ut
3483 624 3742 680 quantum

2161 698 2437 768 generatio
2465 697 2663 752 Christi
2691 712 2720 750 a
2743 697 2953 751 caeteris
2987 698 3148 751 distet
3175 700 3469 767 aperiatur,
3497 686 3624 755 cum.
3649 715 3746 756 cas

2164 786 2261 840 teri
2292 801 2389 855 per
2418 786 2847 854 coniunctionem
2875 787 3039 840 maris
3061 795 3110 842 et
3134 788 3343 844 feminae
3371 792 3610 857 solitam,
3633 793 3744 861 ipse

2162 887 2339 931 autem
2379 894 2474 947 per
2521 871 2790 949 Virginem
2835 886 3018 946 utpote
3074 865 3177 932 Dei)
3204 879 3372 935 Filius
3421 885 3744 938 nascebatur

2162 970 2515 1024 innumdum.
2555 969 2818 1042 (Hieron)
2867 969 2921 1025 Si
2967 979 3143 1024 autem
3172 971 3367 1042 aliquis
3396 976 3744 1042 qurerendtnn

2158 1070 2312 1129 putat
2342 1077 2461 1115 eum
2487 1059 2681 1130 Josepli
2714 1077 2817 1114 non
2848 1062 2915 1115 sit
2963 1069 3113 1131 pater
3163 1061 3372 1116 Domini
3424 1063 3740 1130 Salvatoris,

2158 1151 2287 1221 quid
2318 1153 2582 1221 pertineat
2611 1143 2691 1206 ad
2737 1167 2857 1206 eum
2897 1153 3255 1222 generationis
3297 1153 3432 1207 ordo
3483 1153 3742 1212 deductus

2159 1259 2328 1312 usque
2359 1246 2425 1298 ad
2462 1245 2676 1312 Joseph,
2703 1245 2838 1298 sciat
2871 1244 3099 1313 primum
3146 1259 3251 1297 non
3296 1258 3419 1298 esse
3451 1256 3739 1299 consuetu—

2156 1336 2298 1389 dinis
2325 1334 2724 1404 Scripturarum
2767 1346 2824 1389 ut
2871 1336 3151 1390 mulierum
3202 1335 3254 1387 in
3305 1335 3743 1404 generationibus

2156 1425 2288 1480 ordo
2315 1433 2549 1500 texatur.
2585 1425 2785 1478 Deinde
2813 1441 2878 1478 ex
2908 1440 3010 1478 una
3050 1425 3188 1478 tribu
3238 1422 3402 1478 fuisse
3449 1422 3650 1494 Joscplt
3691 1435 3742 1478 ct

2157 1514 2409 1578 Mariam,
2446 1516 2581 1568 unde
2621 1529 2686 1568 ex
2731 1516 2843 1585 lege.
2881 1531 2999 1569 eam
3047 1516 3290 1584 accipere
3343 1517 3660 1586 cogebatur,
3690 1529 3736 1568 nl

2153 1605 2508 1674 propinquam
2545 1609 2600 1697 φ’
2634 1606 2775 1672 quod
2817 1605 2974 1659 simul
3002 1615 3292 1660 censentur
3337 1606 3388 1658 in
3428 1605 3736 1661 Betltlclicm

2155 1698 2232 1748 uti
2259 1696 2324 1748 de
2353 1711 2454 1747 una
2484 1694 2648 1763 stirpe
2672 1697 2931 1763 generati.
3086 1694 3090 1697 ’
3120 1694 3128 1701 “
3196 1695 3204 1704 “

2224 1784 2354 1839 Cum
2393 1797 2520 1839 esset
2568 1787 2874 1855 desponsata
2931 1797 3095 1841 mater
3140 1789 3254 1857 ejus
3299 1788 3479 1842 Maria
3521 1788 3736 1860 Ioseph.

2152 1869 2328 1935 Quare
2355 1878 2532 1932 autem
2567 1887 2670 1924 non
2702 1872 2766 1926 de
2794 1873 3020 1941 simplici
3047 1874 3277 1944 virgine,
3301 1875 3395 1929 sed
3417 1876 3484 1928 de
3505 1877 3736 1945 despon-

2152 1968 2290 2024 sata,
2325 1963 2627 2030 eoncipitur
2660 1962 2923 2028 Salvator,
2959 1965 3074 2018 haec
3113 1965 3249 2021 ratio
3277 1973 3378 2020 est.
3410 1967 3654 2021 Primum
3687 1977 3742 2021 ut

2150 2066 2247 2120 per
2275 2054 2676 2121 generationem
2709 2052 2901 2122 Joseph
2929 2056 3080 2125 origo
3107 2054 3285 2109 Maria:
3311 2066 3735 2121 monstraretur;

2152 2145 2408 2213 secundo,
2436 2160 2500 2198 ne
2532 2146 2858 2215 lapidaretur
2890 2165 2916 2198 a
2946 2144 3145 2200 Judreis
3177 2156 3230 2199 ut
3260 2147 3541 2212 adultera;
3585 2152 3738 2202 tertio

2150 2241 2208 2286 ut
2228 2233 2586 2304 iangyptum
2607 2236 2816 2303 fugiens
2837 2236 3058 2288 haberet
3084 2237 3332 2289 solatium
3360 2239 3562 2291 mariti.
3590 2238 3739 2312 lgna-

2147 2324 2259 2376 tius
2280 2325 2439 2376 etiam
2471 2335 2714 2392 quartam
2746 2327 2946 2379 addidi
2969 2342 3205 2390 causmn,
3225 2343 3371 2380 cura
3393 2344 3591 2398 sponsa
3613 2345 3740 2383 con-

2149 2423 2339 2482 ceptus
2368 2414 2459 2478 sit,
2478 2425 2534 2465 ut
2557 2425 2765 2483 partus,
2793 2415 3058 2482 inquiens,
3077 2417 3341 2471 celarctur
3363 2418 3596 2484 diabolo,
3614 2420 3766 2492 dum‘

2151 2522 2270 2560 eum
2303 2516 2454 2572 putat
2482 2523 2584 2560 non
2612 2508 2693 2566 de
2729 2508 2929 2575 Hirpine
2962 2515 3296 2576 generatum,
3328 2510 3422 2563 sed
3457 2512 3521 2565 de
3549 2527 3735 2565 uxore.

2219 2589 2510 2664 Antequam
2533 2600 2857 2649 conrmircnt
2887 2583 3092 2650 iurch
3125 2609 3197 2651 est
3224 2602 3276 2652 in
3302 2611 3447 2653 utero
3469 2602 3661 2657 habens
3676 2604 3740 2654 rte

2153 2687 2351 2760 Spiritu
2400 2701 2579 2742 sancto
2621 2689 2844 2759 (Mittin)
2896 2690 3009 2744 Iloc
3039 2692 3491 2758 quemadmodum
3534 2693 3740 2753 factum

2152 2784 2244 2847 sit,
2271 2797 2486 2852 quoque
2515 2784 2723 2844 ordine,
2761 2784 2843 2834 vt'l
2881 2784 2934 2837 in
2961 2797 3066 2850 qua
3093 2785 3312 2837 civitate
3349 2785 3419 2839 sit
3465 2786 3735 2848 celebrata

2151 2874 2454 2942 conceptio,
2501 2874 2641 2941 quod
2691 2873 2973 2926 Mattlnnus
3022 2874 3108 2926 hic
3162 2877 3528 2944 prmtermisit,
3559 2878 3737 2932 Lucis

2154 2963 2482 3018 suﬁicicntet‘
2535 2967 2801 3032 exposuit,
2844 2973 2961 3032 post
3009 2976 3495 3021 commemoratum
3540 2984 3740 3023 conce-

467 3074 626 3120 ..«:re,
657 3060 780 3124 quia
811 3073 837 3109 a
866 3055 1188 3124 patriarchis
1215 3057 1389 3124 primo
1419 3057 1594 3126 agnita
1617 3097 1629 3121 ,
1662 3056 1793 3111 voce
1833 3065 2043 3125 aposto—
2075 3062 2116 3122 C
2150 3068 2297 3126 ptum
2323 3055 2544 3117 Joannis
2578 3059 2646 3110 ita
2699 3073 2927 3111 narrans
2963 3075 2973 3109 :
3009 3057 3076 3110 In
3123 3075 3295 3120 mense
3315 3099 3328 3123 ,
3358 3061 3564 3128 inquit,
3588 3073 3737 3114 sexto

502 3163 633 3200 srum
667 3156 746 3201 est
778 3147 936 3200 latius
967 3146 1258 3204 diti’amata,
1286 3160 1383 3199 nec
1410 3160 1529 3199 esse
1557 3159 1750 3199 nomen
1789 3147 1887 3199 sub
1909 3146 2045 3198 coelo

487 3258 515 3289 τι
547 3253 652 3304 quo
684 3245 927 3302 oporteat
953 3251 1047 3288 nos
1073 3237 1249 3288 salvos
1280 3237 1410 3299 ﬁeri,
1440 3237 1704 3303 quomodo
1733 3238 1784 3288 in
1813 3238 2042 3304 quadra-

466 3329 603 3378 ginta
632 3327 836 3377 dno‘tms
869 3323 1013 3376 nulla
1044 3331 1124 3376 cst
1158 3324 1442 3390 particula,
1469 3340 1587 3393 qua:
1616 3339 1720 3378 non
1747 3325 2043 3393 mqualibus

463 3414 731 3467 .zicenarii
757 3414 966 3466 numeri
1013 3414 1348 3466 contineatur
1386 3416 1437 3466 in
1483 3416 1743 3482 partibus.
1795 3417 2042 3470 Trieena-

490 3507 572 3558 ius
619 3519 747 3573 ergo
797 3517 1050 3556 numerus
1107 3503 1222 3577 suis
1271 3505 1513 3571 partibus
1565 3507 2035 3574 quadragesimum

466 3594 686 3662 roniplet
712 3603 764 3646 et
789 3594 1113 3658 secundum,
1145 3593 1268 3662 quia
1308 3595 1565 3649 Dominus
1613 3596 1907 3650 Ecclesium
1953 3599 2036 3650 sui

482 3685 795 3754 laptismatis
825 3685 1182 3738 sacramentis
1224 3692 1280 3738 et
1335 3700 1478 3738 nunc
1516 3686 1849 3740 laborantem
1903 3697 2040 3740 tem-

463 3777 713 3842 ;oraliter
739 3775 913 3828 munit
940 3785 995 3828 et
1024 3775 1189 3831 ﬁnitis
1218 3775 1493 3830 laboribus
1512 3779 1579 3830 ad
1607 3779 1844 3845 requiem
1873 3789 2032 3833 arter-

465 3867 650 3919 waliter
680 3865 944 3933 perducit.
990 3864 1101 3918 Nec
1146 3865 1449 3918 mirandmn
1503 3876 1587 3921 est
1631 3870 1772 3941 quod
1802 3868 1974 3941 Lucas
2007 3884 2036 3922 a

464 3958 624 4011 itavid
666 3971 836 4024 usque
873 3957 936 4010 ad
965 3956 1236 4010 Christum
1267 3957 1447 4025 plures
1481 3939 1874 4026 successiones,
1905 3961 2036 4014 Mat-

465 4048 628 4099 ebzeus
657 4047 955 4114 pauciores,
987 4048 1083 4099 hoc
1111 4057 1214 4110 est,
1246 4048 1346 4101 iste
1385 4050 1734 4119 quadraginta
1766 4051 1916 4115 duas,
1948 4051 2034 4105 ille

461 4138 810 4207 .piadraginta
840 4147 1069 4208 quatuor
1110 4140 1309 4208 posuit,
1338 4153 1456 4191 eum
1489 4152 1583 4208 per
1611 4139 1745 4193 alias
1775 4154 2034 4207 personas

459 4230 855 4296 generationem
883 4229 1149 4284 fateamur
1179 4244 1296 4283 esse
1335 4231 1632 4283 decursum.
1677 4230 1860 4284 Potest
1887 4232 2030 4284 enim

461 4321 593 4383 vieri,
626 4329 683 4372 ut
724 4321 808 4374 alii
858 4320 1149 4390 longaevam
1195 4319 1555 4389 transegerint
1594 4321 1773 4384 vitam,
1807 4321 2028 4376 alterius

2149 3149 2336 3200 missus
2380 3146 2591 3214 angelus
2634 3146 2840 3200 Gabriel
2869 3167 2898 3199 (ι
2933 3149 3034 3200 Deo
3072 3150 3122 3201 in
3168 3149 3425 3202 civitatem
3471 3150 3732 3215 Calila'a',

2147 3235 2230 3286 cui
2263 3251 2447 3288 nomen
2477 3236 2768 3298 .t‘v'azarcth,
2793 3238 2862 3287 ml
2902 3239 3150 3305 rit-ginem
3171 3239 3536 3307 desponsatam
3581 3243 3692 3293 riro
3717 3283 3734 3304 ,

2146 3323 2228 3375 cui
2288 3322 2485 3392 nomen
2527 3336 2637 3376 erat
2684 3327 2908 3392 Joscph,
2938 3328 3001 3378 tle
3044 3329 3195 3379 domo
3238 3327 3431 3392 Baritl,
3462 3339 3510 3382 et
3543 3346 3736 3382 nomen

2143 3415 2357 3485 virginis
2402 3414 2595 3468 Maria.
2642 3417 2706 3467 lit
2755 3419 3016 3486 ingressus
3054 3418 3269 3487 angelus
3308 3419 3375 3471 ad
3409 3437 3521 3486 eum
3549 3420 3681 3471 dixit
3714 3434 3732 3471 ξ

2142 3506 2264 3568 Ave,
2299 3506 2468 3574 gratia
2521 3505 2703 3574 plena,
2738 3500 2993 3560 Dominus
3040 3519 3229 3572 terum,
3277 3509 3544 3561 benedirta
3589 3509 3734 3562 tuin

2141 3594 2469 3658 mulieribus,
2520 3603 2621 3649 etc.
2660 3595 2809 3664 (an.
2846 3597 2882 3665 ι)
2911 3615 2923 3660 ;
2969 3612 3084 3664 qua:
3115 3607 3412 3664 sequuntur
3440 3598 3504 3652 de
3534 3613 3732 3652 conce-

2140 3685 2322 3752 ptione
2347 3684 2483 3750 eius,
2501 3694 2554 3736 ct
2576 3686 2636 3737 de
2658 3685 2895 3737 adventu
2922 3684 3156 3754 Spiritus
3188 3687 3358 3764 sa‘ncti
3392 3701 3553 3755 super
3579 3702 3730 3751 eam,

2133 3784 2194 3827 et
2220 3775 2284 3827 de
2315 3774 2724 3828 obumbratioue
2756 3776 2972 3829 virtutis
2998 3776 3280 3828 Altissimi.
3307 3775 3462 3842 Quod
3484 3791 3614 3848 ergo
3641 3794 3731 3833 sc-

2141 3863 2374 3917 cundum
2401 3862 2599 3917 Lucam
2626 3865 2845 3935 angelus
2889 3866 3136 3934 promisit
3167 3865 3427 3932 futurum,
3457 3867 3558 3922 hoc
3591 3869 3730 3924 Mat-

2139 3951 2312 4006 tbasus
2339 3961 2522 4005 narrat
2555 3967 2672 4006 esse
2700 3953 3039 4022 completum.

2206 4039 2422 4095 Inventa
2447 4052 2521 4094 est
2546 4052 2715 4096 autem
2741 4044 2794 4095 in
2819 4055 2964 4097 utero
2986 4047 3179 4099 habens
3198 4046 3264 4100 de
3288 4047 3491 4116 Spiritu
3513 4060 3726 4117 sancto,

2134 4147 2161 4184 a
2193 4132 2336 4186 nullo
2363 4132 2611 4188 videlicet
2636 4135 2742 4191 alio
2769 4151 2931 4204 quam
2963 4135 3184 4205 Joseph,
3209 4138 3303 4207 qui
3339 4139 3558 4195 licentia
3605 4157 3725 4195 ma-

2135 4221 2278 4276 ritali
2305 4223 2495 4278 futurae
2513 4227 2696 4280 uxoris
2721 4242 2855 4296 pene
2877 4230 3058 4283 omnia
3081 4217 3332 4296 noverat;
3365 4233 3485 4289 ideo
3508 4243 3722 4288 tumen-

2132 4323 2237 4368 tem
2261 4315 2378 4384 ejus
2408 4325 2619 4370 uterum
2652 4333 2773 4371 mox
2822 4319 3036 4374 curioso
3075 4321 3429 4392 deprehendit
3491 4325 3713 4379 intuitu.

459 4423 580 4462 vero
607 4409 966 4477 generationis
995 4408 1093 4460 viri
1145 4409 1432 4462 immatura
1476 4417 1636 4464 attate
1677 4411 2023 4479 decesserint,
2057 4398 2107 4457 D
2133 4404 2190 4457 Ῑιι
2221 4418 2286 4458 60
2307 4405 2500 4474 quippe
2525 4408 2667 4475 quOd
2691 4409 2766 4461 ait
2795 4427 2806 4461 :
2842 4411 3135 4480 Antequam
3167 4415 3525 4480 convenirent,
3548 4418 3717 4471 verbo

457 4515 572 4552 rum
617 4501 888 4554 videamus
935 4500 1239 4569 complures
1273 4515 1426 4555 senes
1455 4517 1577 4555 cum
1610 4503 1722 4556 suis
1746 4504 2029 4572 nepotibus

459 4588 650 4652 «ivero,
684 4589 817 4642 alios
836 4603 965 4642 vero
1004 4589 1151 4643 viros
1174 4589 1357 4643 statim
1405 4589 1527 4644 ﬁliis
1552 4592 1703 4647 obire
1739 4594 2021 4663 susceptis.

459 4677 578 4727 i‘nst
598 4684 939 4728 enumeratas
954 4678 1330 4744 generationes
1353 4678 1632 4734 Matthzeus
1662 4682 1735 4735 ita
1761 4682 2022 4749 sequitur.

525 4764 652 4834 till.)
680 4764 874 4818 Christi
904 4775 1077 4818 autem
1101 4768 1361 4834 generatio
1386 4769 1460 4819 sic
1489 4779 1620 4822 erat.
1653 4769 1779 4825 Haec
1813 4779 2026 4826 senten-

458 4853 528 4903 tia
555 4852 741 4907 bifarie
768 4855 890 4921 poni
916 4863 1112 4924 potest,
1136 4855 1189 4909 id
1215 4864 1317 4920 est,
1338 4866 1395 4908 ut
1421 4857 1533 4911 sive
1561 4859 1628 4913 ad
1647 4869 2018 4914 enumeratam

456 4941 698 5007 superius
729 4943 1088 5011 genealogiam
1121 4944 1392 5012 respiciat,
1446 4962 1605 5015 quam
1655 4949 1728 5000 ita
1778 4950 2019 5019 Evange-

459 5033 572 5083 iista
608 5033 656 5083 iu
687 5035 857 5099 capite
900 5036 1168 5106 Evangelii
1214 5040 1294 5091 sui
1340 5039 1614 5094 inchoavit
1647 5061 1658 5095 :
1691 5043 1842 5096 Liber
1873 5062 2025 5114 gene-

457 5124 672 5175 rationis
697 5124 820 5175 Jesu
853 5122 1040 5178 Christi
1067 5128 1158 5190 ﬁlii
1187 5130 1370 5193 David,
1403 5131 1502 5197 ﬁlii
1533 5132 1816 5198 Abraham,
1849 5145 1901 5189 et
1945 5138 2021 5189 sic

457 5233 546 5281 per
575 5217 945 5286 generationes
980 5218 1302 5283 singulorum
1351 5224 1571 5287 vadens,
1600 5240 1767 5292 usque
1816 5228 1880 5278 ad
1921 5227 2018 5279 Jo-
2049 5229 2072 5273 ι’

452 5310 568 5374 ,η’μή
603 5310 768 5360 virum
795 5307 1000 5370 Μανίαν,
1019 5309 1080 5360 de
1098 5326 1199 5378 qua
1224 5323 1372 5364 natus
1395 5324 1467 5365 est
1494 5313 1669 5379 Jc'stts,
1695 5317 1782 5385 qui
1813 5327 2020 5370 vocatur

451 5401 704 5453 (.‘hristns.
734 5400 931 5469 Sicque
955 5400 1101 5453 ﬁnita
1131 5402 1268 5455 serie
1301 5407 1704 5470 generatienum
1737 5408 1888 5474 quasi
1931 5424 2020 5461 re-

451 5495 796 5545 memorando
826 5493 958 5546 dixit
993 5513 1005 5546 :
1045 5493 1236 5546 Christi
1269 5504 1437 5547 autent
1468 5501 1730 5565 generatio
1773 5502 1847 5552 sic
1885 5512 2017 5566 erat,

2129 4494 2477 4550 conveniendi
2516 4511 2618 4550 non
2646 4499 2818 4567 ipsum
2849 4501 3212 4568 concubitum,
3237 4504 3329 4558 sed
3374 4506 3712 4575 nuptiarum,

2131 4587 2248 4652 qua:
2274 4586 2578 4653 praecedere
2603 4588 2798 4656 solent,
2844 4599 3056 4661 tempus
3092 4593 3348 4660 insinuat,
3376 4598 3597 4664 quando
3649 4614 3713 4652 ea

2128 4690 2247 4743 quae
2271 4675 2419 4743 prius
2451 4689 2704 4746 sponsata
2733 4680 2914 4737 fuerat
2943 4699 3062 4739 esse
3095 4685 3289 4755 coniux
3321 4688 3533 4757 incipit.
3566 4691 3713 4762 Ergo

2118 4774 2403 4838 antequam
2433 4773 2777 4840 convenirent,
2811 4777 2942 4831 dicit
2961 4787 3246 4850 antequam
3277 4782 3595 4852 nuptiarum
3625 4800 3714 4840 so-

2127 4857 2322 4912 lemnia
2373 4860 2474 4914 rite
2511 4862 2862 4928 celebrarent,
2898 4869 3103 4922 inventa
3134 4882 3207 4924 est
3236 4873 3292 4924 in
3322 4884 3470 4928 utero
3514 4874 3713 4929 habens

2124 4951 2186 5003 de
2208 4948 2406 5018 Spiritu
2429 4964 2628 5006 sancto.
2653 4953 2929 5022 Siquidem
2954 4970 3250 5015 memorato
3271 4963 3460 5018 ordine
3490 4975 3616 5034 post
3644 4982 3710 5020 ea

2124 5056 2513 5112 convenerunt,
2542 5051 2754 5116 quando
2799 5049 2994 5121 Joseph
3044 5055 3108 5107 ad
3158 5066 3483 5125 praeceptum
3530 5062 3706 5129 angeli

2125 5137 2330 5204 accepit
2350 5139 2630 5209 coniugem
2657 5156 2830 5206 suam,
2857 5144 2949 5198 sed
2975 5159 3081 5198 non
3110 5148 3705 5220 concumbehant,quia

2123 5228 2386 5296 sequitur,
2412 5238 2459 5282 et
2491 5246 2592 5282 non
2619 5234 2956 5300 cognoscebat
2983 5251 3117 5288 eam.

2191 5319 2380 5388 Joseph
2405 5331 2574 5375 autem
2601 5323 2678 5377 vir
2699 5324 2810 5392 ejus
2840 5343 2956 5379 cum
2983 5340 3112 5382 esset
3143 5331 3293 5383 homo
3298 5333 3482 5401 justus
3510 5344 3562 5387 et
3589 5337 3706 5389 no!-

2121 5408 2186 5460 let
2225 5426 2339 5462 eam
2379 5411 2667 5477 traducere,
2697 5415 2853 5467 voluit
2886 5418 3083 5471 occulte
3103 5421 3358 5475 dimittere
3388 5441 3526 5477 eam.
3555 5425 3708 5480 Scri-

2121 5508 2268 5566 ptum
2305 5511 2407 5565 esl,
2441 5503 2484 5554 si
2531 5506 2640 5572 quis
2676 5506 2973 5571 fornicaria:
3014 5511 3350 5580 conjungitnr
3380 5531 3542 5567 unum
3583 5533 3707 5568 cer-

453 5600 508 5632 at"
539 5583 578 5635 si
612 5585 811 5638 diceret
846 5605 855 5638 :
890 5585 978 5639 Sic
1004 5587 1136 5641 ordo
1164 5585 1412 5639 humana:
1441 5590 1798 5654 generationis
1822 5591 2020 5645 Christi
2065 5593 2087 5634 Ι
2121 5607 2215 5659 pus
2246 5594 2479 5659 eﬂicitztr,
2531 5605 2581 5649 et
2631 5597 2682 5648 in
2723 5596 2834 5665 lege
2878 5609 3200 5669 praeceptum
3246 5612 3328 5656 est
3367 5619 3471 5657 non
3525 5605 3704 5658 solum

455 5697 492 5723 τις
523 5679 824 5744 rpnrcntcs
854 5681 983 5748 eius,
1017 5694 1185 5746 usque
1219 5679 1279 5731 ad
1314 5678 1476 5730 Deum
1509 5681 1764 5748 pervenit.
1801 5680 1923 5737 Sive
1953 5684 2051 5739 ad‘

2124 5699 2262 5747 reos,
2295 5687 2385 5740 sed
2423 5698 2475 5742 ct
2523 5690 2764 5746 conscios
2813 5692 3096 5748 criminum
3127 5696 3386 5751 obnoxios
3417 5711 3537 5753 esse
3577 5714 3710 5768 pce-
