3948 6328
248 282 356 340 719
609 280 642 317 ⁸

246 500 368 540 stus
392 487 619 540 dicitur?
646 486 740 540 Illa
788 469 985 559 quippe
1017 489 1227 557 justitia
1255 484 1453 562 Joscpb
1472 495 1649 562 justus
1681 469 1820 556 erat,

248 593 373 645 qua:
400 589 523 631 ante
552 578 838 632 Dominum
860 580 1070 649 jnstitia
1093 591 1202 647 est,
1246 599 1368 651 qua:
1393 584 1568 638 aliena
1603 600 1635 637 a
1661 581 1824 640 mise-

250 669 485 722 ricordia
520 684 622 721 non
652 679 754 733 est,
788 685 910 739 qua:
942 685 1008 726 ex
1037 674 1232 727 mentis
1252 673 1597 742 simplicitate
1628 673 1828 728 forma-

253 766 365 822 tur,
390 773 508 826 quae
533 758 714 827 gratia:
743 763 1031 815 concordat
1054 773 1110 816 et
1130 778 1195 816 ex
1228 764 1334 816 lidc
1355 771 1459 816 est.
1483 762 1679 834 (Θήῃ.)
1709 765 1826 818 Non

251 850 344 903 illa
374 865 492 918 qum
521 852 656 919 apud
674 851 916 909 homines
945 853 1078 908 falso
1092 854 1306 921 justitia
1336 855 1550 920 dicitur,
1573 865 1630 911 et
1649 858 1731 912 vel
1759 873 1829 912 ex

250 940 449 995 affectu
480 943 696 998 humani
733 945 930 1001 favoris
955 948 1206 1001 simulate
1237 946 1508 1017 profertur
1534 947 1619 1000 vel
1647 965 1676 999 a
1703 964 1830 1002 eru-

248 1033 474 1086 delitate
526 1035 688 1089 animi
738 1037 946 1105 prolata
991 1039 1108 1093 sine
1155 1039 1480 1093 discretione
1521 1050 1825 1093 excreetur.

251 1124 421 1192 Igitur
447 1134 559 1179 erat
593 1128 650 1180 in
677 1130 840 1184 verbo
878 1129 1079 1198 justus,
1118 1131 1172 1184 in
1207 1131 1349 1185 facto
1366 1132 1565 1199 justus,
1602 1132 1656 1185 in
1698 1131 1831 1203 legis

250 1220 745 1282 consumumtione,
787 1218 967 1288 justus
1005 1221 1060 1273 in
1111 1220 1263 1274 initio
1296 1220 1504 1290 gratim.
1551 1221 1675 1275 Ideo
1711 1238 1830 1275 eam

250 1306 526 1360 diii'tittere
557 1308 766 1360 volebat
803 1310 1056 1377 quoniam
1091 1310 1343 1364 virtutem
1372 1312 1612 1380 mysterii
1646 1321 1703 1366 et
1744 1329 1831 1367 sa.

250 1405 586 1446 crumentum
627 1395 894 1461 quoddam
939 1397 1286 1467 magniﬁcum
1325 1399 1378 1452 in
1405 1400 1593 1454 eadem
1633 1417 1828 1472 arguo-

252 1482 460 1542 seebat,
491 1483 571 1534 cui
618 1484 996 1552 adproximarc
1031 1502 1152 1541 sese
1203 1488 1477 1557 indignum
1504 1492 1826 1545 :estimabat.

253 1572 390 1625 Nam
423 1583 473 1626 et
496 1574 547 1626 in
576 1577 708 1628 Isaia
743 1578 942 1645 legerat
968 1581 1225 1650 virginem
1252 1584 1318 1638 de
1338 1586 1498 1637 domo
1519 1587 1685 1641 David
1709 1603 1831 1641 esse

250 1673 632 1732 concepturam
663 1675 714 1718 et
749 1670 1046 1735 parituram
1081 1673 1384 1736 Dimiinum,
1426 1660 1625 1744 de'qua
1665 1679 1826 1729 etiam

1243 289 1588 347 ΕΟΜΜΕΝΤ.
1629 294 1694 347 Di
1735 297 2164 358 MATTIL'EUM.
2203 337 2272 348 -
2313 309 2434 366 LlB.
2477 315 2516 368 ι.

246 406 392 448 cato.
424 395 694 462 Quomodo
735 393 936 486 Josepb
984 413 1104 451 cum
1132 401 1340 456 crimen
1363 403 1498 458 colat
1531 403 1820 470 murisja-
1856 411 1899 466 Α
1932 412 2091 466 rebus
2119 414 2279 468 simul
2302 431 2357 471 et
2382 426 2576 490 verbis,

3384 331 3488 386 7:30

2606 446 2726 484 cum
2756 433 3072 501 quibusdam
3098 443 3327 499 motibus
3358 447 3485 502 insi-

1928 510 2067 602 nuat
2090 502 2193 557 hoc
2217 509 2360 571 quod
2397 520 2757 579 sermonibus
2783 538 2986 580 narrat.
3025 531 3162 595 Quid
3206 547 3292 591 est
3317 541 3483 602 enim,

1925 589 2070 685 quod
2098 602 2220 657 post
2263 606 2540 659 peccatum
2576 603 2812 657 hominis
2856 615 2909 655 in
2940 589 3188 677 “aridis,

1927 692 2033 730 non
2047 675 2162 744 jam
2184 688 2319 787 snt,
2471 686 2729 752 ambulat,
2752 691 2859 744 nisi
2889 704 3031 759 quoa
3064 675 3483 787 huic..—u;:;i;;

1889 824 1902 832 θ
1927 781 1988 821 se
2015 783 2047 819 a
2070 767 2235 821 corde
2271 769 2504 824 hominis
2545 783 2748 828 motum
2796 778 3156 844 demonstrat,
3186 767 3490 850 statuto—ibi:

1927 854 2154 922 quitiam
2198 870 2353 908 suam
2383 858 2541 911 caecis
2572 860 2839 925 mentibus
2872 876 2979 918 non
3016 867 3190 921 solum
3234 883 3467 928 sermoni

1929 945 2052 1006 bus,
2082 946 2279 1011 quibus
2312 959 2407 999 eos
2433 947 2748 1014 increpavit,
2779 949 2873 1002 sed
2887 950 3048 1005 etiam
3078 957 3240 1010 rebus
3263 959 3494 1024 aperuit.

1929 1032 2232 1100 Aliquando
2268 1028 2614 1104 imaginibus,
2659 1035 2833 1090 oculis
2857 1039 3039 1093 cordis
3065 1045 3313 1106 ostensis,
3357 1046 3501 1104 sinit

1891 1180 1899 1184 ν
1929 1120 2094 1176 Jacob
2128 1122 2417 1176 subnixam
2449 1122 2588 1176 cwlo
2627 1124 2830 1178 scalam
2872 1122 3149 1181 dormiens
3167 1130 3317 1208 vidit
3345 1130 3498 1202 (ficu.

1931 1210 2149 1284 sunt),
2180 1221 2235 1265 et
2265 1203 2458 1267 Petrus
2489 1213 2711 1265 liuidum
2755 1215 3033 1282 reptilibus
3058 1225 3115 1270 et
3148 1204 3505 1287 quadrupedi-

1933 1302 2036 1354 bus
2071 1301 2310 1369 plenum,
2358 1302 2411 1354 in
2440 1303 2616 1356 extasi
2648 1313 2832 1371 raptus
2877 1301 3090 1374 aspexit
3111 1305 3247 1376 (Act.
3286 1310 3365 1376 χ).
3394 1308 3505 1362 Ali-

1930 1392 2147 1458 quando
2183 1380 2510 1459 imaginilius
2548 1402 2673 1445 ante
2701 1408 2993 1462 cor-porcos
3032 1395 3220 1450 oculos
3257 1397 3327 1450 ad
3370 1405 3505 1452 tem-

1929 1493 2034 1547 pus
2077 1488 2297 1534 exstare
2339 1482 2661 1550 adsumptis,
2709 1483 2850 1547 sicut
2895 1485 3164 1538 Abraham
3194 1501 3300 1540 non
3331 1488 3504 1544 solum

1933 1578 2048 1623 tres
2085 1571 2228 1623 viros
2280 1571 2434 1635 vidit,
2483 1572 2578 1625 sed
2630 1574 2682 1625 in
2739 1575 2954 1628 domum
3008 1578 3234 1645 accepit,
3287 1578 3508 1649 insuper

1933 1661 2097 1739 etiam
2145 1661 2347 1715 cibavit
2370 1660 2579 1732 (Cenes.
2635 1665 2811 1734 xvm).
2861 1666 3161 1742 Aliquando
3198 1669 3509 1726 ctnlestibus

252 1753 416 1806 domo
461 1766 681 1809 noverat
720 1774 908 1826 genus
954 1759 1174 1814 duxisse
1220 1761 1460 1824 Mariam,
1497 1773 1660 1831 atque
1709 1766 1829 1816 ideo

1934 1751 2274 1813 substantiis,
2320 1751 2464 1822 sicut
2518 1754 2793 1821 baptizato
2841 1755 3066 1808 Domino
3102 1758 3363 1826 scriptum
3401 1771 3508 1824 est,

253 1857 361 1897 non
415 1844 680 1898 dillidebat
729 1847 780 1899 in
825 1864 889 1901 ea
937 1851 1274 1917 prophetiam
1319 1851 1458 1905 hanc
1504 1842 1860 1920 implendam.

251 1947 394 1986 esse.
429 1933 563 2003 Ergo
586 1936 874 1991 luunilians
899 1954 960 1992 se
989 1947 1114 1993 ante
1133 1949 1340 1994 tantam
1368 1950 1422 1995 et
1452 1950 1560 1995 tam
1589 1943 1832 1996 ineﬂ'abi-

253 2024 358 2077 lem
393 2038 524 2089 rem,
560 2028 833 2092 quau‘ebat
870 2044 930 2083 se
967 2028 1122 2100 iunge
1164 2030 1361 2092 facere,
1389 2034 1528 2086 sicut
1555 2042 1608 2086 et
1638 2033 1833 2087 beatus

251 2115 467 2179 Petrus,
497 2116 722 2172 Domino
752 2134 813 2174 se
853 2116 1143 2175 bumilians
1177 2123 1396 2176 aielnt:
1427 2123 1623 2178 Rcccde
1651 2143 1683 2177 η
1728 2141 1828 2183 mc.

253 2205 496 2270 Domine,
514 2202 760 2273 quoniam
782 2211 935 2262 homo
949 2221 1188 2279 peccator
1205 2229 1318 2265 sum
1341 2213 1494 2281 (Luc.
1511 2214 1587 2284 ετ).
1608 2214 1626 2283 (
1643 2213 1830 2282 Beda.)

254 2293 362 2347 Sed
384 2295 425 2347 si
445 2295 525 2348 sic
538 2311 655 2350 eam
671 2298 880 2352 occulte
901 2299 1216 2366 dimitteret,
1235 2293 1691 2372 nequeacciperet
1709 2319 1835 2358 cen-

243 2383 431 2453 jugcm
451 2395 502 2439 et
517 2385 600 2438 illa
626 2402 822 2455 sponsa
843 2398 1080 2458 pareret,
1098 2392 1351 2445 nimirum
1366 2392 1523 2460 pauci
1541 2404 1725 2447 essent
1740 2396 1832 2462 qui

252 2490 374 2526 eam
407 2476 668 2543 virginem
708 2485 890 2532 etnon
919 2480 1099 2547 [tritius
1130 2490 1478 2535 autumarent
1501 2497 1625 2536 esse
1658 2498 1833 2536 merc-

251 2563 466 2617 tricem.
507 2565 660 2619 Unde
685 2567 967 2621 consilium
996 2568 1195 2638 loscph
1227 2581 1445 2639 repente
1468 2572 1693 2626 consilio
1721 2590 1827 2626 me-

250 2653 389 2706 linre
423 2664 679 2719 mutatur,
714 2663 773 2709 ut
801 2657 1054 2712 videlicet
1086 2661 1151 2712 ad
1193 2663 1620 2714 conservandam
1654 2662 1832 2714 Maria:

253 2741 453 2794 famam
487 2743 598 2811 ipso
630 2758 746 2799 eam
779 2744 1052 2799 celebrato
1089 2747 1393 2815 nuptiarum
1421 2748 1664 2801 convivio
1700 2765 1828 2801 eon-

244 2833 433 2901 jugem
465 2834 750 2902 acciperet,
770 2843 822 2887 et
845 2845 1059 2898 castam
1086 2846 1348 2904 perpetuo
1379 2838 1694 2893 custodiret.
1727 2838 1836 2891 Sla-

253 2925 354 2977 luit
382 2941 610 2991 namque
636 2923 893 2980 Dominus
917 2927 1128 2996 aliquos
1158 2925 1372 2982 modum
1401 2944 1511 2983 sua:
1533 2931 1836 2998 generatio-

203 3029 206 3032 ’
250 3013 341 3066 nis
372 3013 652 3082 ignorare,
695 3029 856 3082 quam
887 3017 1187 3070 castitatem
1236 3017 1498 3072 infamare
1538 3019 1830 3089 genitricis.

1933 1839 2061 1906 quia
2087 1839 2156 1891 de
2184 1841 2325 1893 nube
2352 1857 2454 1893 vox
2479 1843 2654 1895 sonuit
2686 1843 2872 1898 dicens
2897 1863 2909 1897 :
2936 1844 3035 1898 llic
3064 1855 3139 1900 est
3165 1846 3340 1901 Filius
3361 1865 3511 1903 meus

1932 1929 2175 1994 dilectus,
2207 1931 2262 1983 in
2300 1947 2402 2001 quo
2449 1921 2580 1986 mihi
2627 1933 2940 2011 complacuit
2982 1935 3196 2006 (Matth.
3243 1938 3348 2011 tu).
3400 1939 3514 1994 Alio

1935 2020 2152 2086 quando
2174 2021 2410 2076 terrenis
2435 2024 2776 2092 substantiis,
2807 2010 2947 2080 sicut
2972 2025 3098 2081 eum
3135 2010 3351 2105 Balaam
3388 2045 3511 2085 coo-

1936 2110 2123 2178 ripuit,
2153 2112 2206 2164 in
2246 2127 2346 2167 ore
2379 2115 2546 2167 asina:
2573 2115 2809 2169 humana
2843 2119 3003 2173 verba
3041 2118 3290 2175 formavit
3314 2120 3506 2192 (Nam.

1939 2203 2094 2273 xxxi).
2141 2202 2445 2278 Aliquando
2490 2206 2650 2260 simul
2677 2207 2910 2263 terrenis
2949 2217 3006 2263 et
3052 2211 3362 2265 caelestibus
3389 2212 3512 2265 sub-

1935 2292 2154 2345 stantiis
2179 2293 2439 2347 Dominus
2471 2309 2568 2363 per
2607 2297 2825 2363 angelos
2852 2299 3114 2368 loquitur,
3144 2302 3283 2354 sicut
3324 2317 3508 2356 coram

1937 2379 2118 2450 Moyse
2147 2382 2201 2435 in
2241 2392 2426 2438 monte
2465 2386 2643 2455 ignem
2679 2390 2980 2458 robumque
3023 2390 3268 2455 sociavit,
3309 2393 3512 2461 signiti-

1934 2488 2067 2526 cans
2089 2487 2149 2526 se
2173 2472 2449 2528 doctorem
2482 2475 2597 2542 ejus
2627 2479 2806 2547 pepuli
2837 2477 2972 2544 fore,
2999 2481 3089 2548 qui
3116 2488 3171 2534 et
3200 2480 3329 2550 legis
3351 2481 3507 2536 ﬂam-

1935 2564 2078 2615 mam
2126 2565 2449 2632 perciperet,
2485 2577 2541 2619 et
2593 2576 2765 2622 tamen
2811 2571 3017 2636 peccati
3061 2571 3270 2639 spinam
3310 2588 3514 2641 nequa-

1934 2667 2092 2719 quam
2125 2654 2344 2718 vitaret,
2387 2655 2467 2707 vel
2491 2656 2632 2721 quod
2671 2671 2736 2709 ex
2779 2658 2867 2711 illo
2892 2658 3088 2728 populo
3109 2661 3304 2724 exiret,
3335 2663 3425 2730 qui
3455 2661 3508 2716 in

1939 2744 2060 2812 igne
2088 2744 2307 2798 deitatis
2353 2746 2570 2799 dolores
2612 2748 2791 2801 carnis
2828 2757 3029 2802 nostra:
3052 2752 3206 2818 quasi
3245 2750 3360 2804 rubi
3401 2753 3515 2821 spi-

1936 2847 2038 2885 nas
2080 2834 2400 2900 susciperet,
2453 2843 2504 2886 et
2546 2835 2979 2905 inconsumptum
3014 2837 3362 2894 humanitatis
3407 2856 3507 2894 no-

1937 2931 2065 2976 stm
2094 2925 2456 2979 substantiam
2479 2927 2642 2980 etiam
2699 2929 2753 2981 in
2800 2928 2915 2997 ipsa
2962 2929 3257 2984 divinitatis
3297 2929 3510 2986 ﬂamma

1934 3016 2197 3063 servaret.
2227 3008 2617 3079 Nonnunquam
2644 3027 2773 3066 vero
2794 3013 3045 3068 humanis
3064 3016 3317 3070 cordibus
3339 3016 3507 3071 etiam

333 3101 458 3152 "(rc
505 3110 676 3152 autem
726 3119 785 3154 eo
819 3103 1075 3172 cogitante
1122 3121 1238 3157 cccc
1275 3105 1493 3174 angelus
1530 3107 1742 3160 Domini
1781 3108 1831 3159 in

1936 3112 2035 3164 per
2060 3099 2290 3167 angelos
2319 3101 2584 3175 Dominus
2621 3113 2828 3156 secreta
2861 3117 3047 3157 eorum
3078 3105 3365 3174 pncsentia
3405 3108 3514 3161 vir-

246 3191 450 3263 somnis
474 3191 714 3259 apparuit
742 3192 789 3244 ei
826 3192 1022 3246 dicens.
1051 3191 1254 3263 (Crcg.)
1286 3192 1578 3250 Sciendum
1602 3205 1686 3251 est
1704 3198 1829 3265 quia

248 3282 309 3336 in
345 3282 551 3335 duobus
579 3281 754 3337 modis
783 3282 983 3337 locutio
1004 3284 1182 3338 divina
1209 3284 1590 3354 distinguitur;
1620 3283 1714 3340 aut
1735 3303 1831 3355 per

250 3373 606 3440 semetipsum
630 3387 864 3442 namque
885 3374 1143 3429 Dominus
1166 3375 1424 3444 loquitur,
1451 3385 1546 3429 aut
1564 3392 1662 3444 per
1680 3393 1831 3430 crea-

252 3476 436 3516 turam
465 3464 760 3534 angelicam
787 3465 904 3535 ejus
937 3465 1004 3519 ad
1041 3480 1156 3519 nos
1177 3468 1342 3519 vei-ta
1371 3466 1691 3521 lbrmantur.
1723 3467 1830 3522 Sed

249 3570 382 3608 cum
413 3567 508 3622 per
532 3554 879 3621 semetipsum
905 3553 1165 3623 loquitur,
1201 3555 1313 3609 sola
1343 3557 1498 3611 nobis
1524 3557 1577 3609 vi
1610 3557 1832 3610 interna:

252 3642 626 3708 inspirationis
657 3643 916 3711 aperitur.
943 3643 1011 3698 Et
1045 3644 1114 3698 de
1159 3648 1324 3703 verbo
1351 3646 1468 3717 eius
1512 3646 1632 3701 sine
1654 3648 1834 3701 verbis

253 3747 327 3785 ac
355 3731 576 3801 syllabis
603 3747 697 3788 cor
725 3735 968 3799 docetur,
995 3736 1140 3805 quod
1169 3737 1411 3790 auditum
1439 3739 1615 3806 aperit
1641 3749 1695 3793 et
1739 3739 1822 3791 ιω.

253 3821 389 3875 bere
415 3822 648 3875 sonitum
675 3823 872 3888 nescit,
895 3823 1034 3878 sicut
1069 3825 1267 3893 legitur
1319 3827 1376 3880 in
1403 3827 1556 3882 Actis
1580 3829 1826 3897 apostoli-

254 3912 362 3972 cis,
388 3910 526 3979 quod
558 3909 790 3978 Spiritus
818 3920 1039 3967 sanctus
1063 3911 1312 3982 Philippo
1336 3916 1569 3969 dixerit:
1595 3917 1832 3986 Adjunge

255 4011 310 4054 te
349 3999 415 4051 ad
463 4015 697 4052 currum.
746 3999 815 4053 Et
853 4014 976 4055 cum
1016 4001 1086 4056 ad
1125 4005 1455 4058 evocandum
1490 4004 1710 4060 Petrum
1760 4009 1831 4059 ti-

254 4096 471 4145 mentes
511 4087 795 4143 Dominum
843 4089 1043 4146 milites
1079 4089 1362 4147 Cornelius
1403 4094 1724 4160 direxisset,
1777 4097 1829 4149 in

256 4190 443 4234 mente
491 4179 842 4248 proculdubio
873 4196 904 4233 a
944 4180 1149 4251 Spiritu
1194 4181 1387 4238 Petrus
1423 4187 1664 4239 audivit:
1699 4187 1832 4240 Ecce

256 4283 368 4324 (res
403 4270 497 4322 viri
532 4279 771 4338 quierunt
800 4279 848 4323 te
876 4271 1015 4340 (Act.
1055 4270 1273 4342 x).Cnm
1301 4290 1428 4327 vero
1453 4291 1550 4343 per
1583 4277 1831 4346 angelum

259 4359 522 4413 Dominus
563 4358 893 4413 voluntatem
922 4361 1076 4413 suam
1111 4361 1328 4423 indicat,
1378 4362 1664 4432 aliquando
1707 4382 1826 4418 eam

1935 3197 2107 3242 tutem
2147 3205 2265 3243 suae
2317 3192 2664 3259 aspirationis
2713 3193 2964 3248 infundit.
3007 3194 3160 3248 Unde
3216 3195 3511 3252 Zacharias

1931 3279 2008 3330 ait
2040 3278 2157 3332 :Et
2207 3279 2341 3333 dixit
2377 3282 2446 3333 ad
2493 3297 2574 3335 me
2603 3282 2839 3351 angelus,
2871 3285 2962 3353 qui
2990 3283 3297 3353 loquebatur
3324 3286 3381 3339 in
3428 3305 3510 3341 me

1932 3366 2116 3437 (Zaclt.
2146 3369 2242 3438 n);
2281 3370 2406 3423 dum
2443 3371 2511 3424 ad
2556 3387 2615 3426 se
2651 3372 2887 3441 quidem,
2915 3373 3008 3427 sed
3042 3382 3220 3427 tamen
3255 3374 3310 3427 in
3341 3390 3401 3430 se
3432 3377 3510 3429 lo—

1931 3459 2022 3526 qui
2067 3459 2316 3529 angelum
2349 3461 2499 3525 dicit,
2532 3461 2734 3531 liquido
2779 3463 3014 3517 ostendit
3037 3464 3178 3531 quod
3210 3463 3257 3519 is
3292 3465 3383 3534 qui
3436 3467 3503 3519 ad

1932 3549 2107 3617 ipsum
2143 3550 2366 3604 verbum
2391 3549 2591 3604 faceret
2611 3557 2709 3620 per
2737 3566 3055 3621 corpoream
3087 3555 3320 3622 speciem
3349 3568 3502 3609 extra
3591 3600 3599 3605 .

1934 3651 2040 3689 non
2075 3644 2239 3690 esset.
2283 3637 2435 3693 Unde
2459 3648 2514 3693 et
2540 3641 2701 3708 paulo
2726 3648 2847 3708 post
2869 3641 3109 3708 subdidit
3133 3661 3147 3694 :
3171 3642 3240 3694 Et
3269 3661 3384 3697 ecce
3410 3663 3500 3698 an-

1933 3726 2076 3794 gelus
2122 3727 2214 3795 qui
2258 3727 2565 3796 loquebatur
2613 3730 2665 3781 in
2709 3746 2812 3795 me,
2861 3731 3236 3799 egrediebatur.
3281 3734 3506 3807 (ΜΑυιι.)

1934 3816 2215 3883 Quomodo
2235 3826 2414 3874 autem
2445 3822 2669 3892 angelus
2703 3821 2900 3892 Joseph
2931 3827 3242 3900 apparuerit
3285 3827 3508 3883 demon-

1935 3918 2161 3974 stratur,
2191 3925 2312 3964 cum
2332 3910 2534 3966 dicitur
2555 3913 2610 3965 in
2635 3915 2851 3978 somnis,
2881 3913 3032 3968 idest
3057 3917 3324 3982 quomodo
3345 3915 3510 3974 Jacob

1934 3999 2136 4054 scalam
2168 4001 2301 4055 vidit
2326 4017 2426 4072 per
2455 4003 2895 4072 imaginationem
2925 4006 3174 4060 videlicet
3201 4009 3374 4063 oculis
3396 4024 3508 4063 cor-

1935 4091 2016 4144 dis
2047 4101 2340 4146 ostenSam.
2377 4094 2516 4159 Quid
2559 4104 2739 4149 autem
2799 4097 2938 4160 idem
2981 4097 3202 4167 angelus
3245 4113 3509 4167 apparens

1934 4181 2131 4234 dixerit
2157 4181 2396 4234 ostendit
2431 4198 2554 4236 cum
2585 4183 2853 4238 subiufert
2886 4230 2892 4235 .

2001 4269 2215 4336 Ioseph,
2251 4269 2333 4336 ﬁli
2381 4269 2571 4336 David,
2635 4271 2741 4325 noli
2789 4274 2970 4326 timere
3013 4277 3249 4344 accipere
3278 4277 3501 4329 Mariam

1933 4359 2205 4428 conjngem
2233 4369 2398 4412 tuam.
2445 4360 2567 4414 ldco
2612 4361 2810 4430 Joseph
2845 4362 2988 4417 illius
3033 4365 3199 4418 David
3229 4380 3348 4421 esse
3373 4365 3500 4420 dici—

259 4451 448 4505 verbis
479 4450 596 4504 sine
632 4449 739 4504 ulla
781 4450 1016 4520 imagine
1040 4449 1391 4516 demonstrat,
1437 4454 1577 4507 sicut
1604 4456 1831 4510 Domino

1935 4423 2044 4511 tur,
2074 4423 2133 4500 ut
2167 4447 2336 4529 Maria
2359 4455 2576 4519 quoque
2599 4452 2662 4505 de
2687 4423 2855 4520 stirpe
2898 4453 3062 4507 David
3093 4465 3498 4522 monstraretur,

260 4542 476 4598 dicente
513 4561 524 4594 :
561 4539 742 4606 Pater,
781 4540 1018 4610 cluriﬁca
1045 4540 1244 4596 Filium
1285 4553 1452 4610 tuum,
1484 4555 1540 4597 ut
1589 4555 1638 4600 et
1663 4544 1833 4618 Filius

259 4646 388 4685 tuus
431 4630 678 4700 clari/ica
713 4640 762 4685 te
791 4630 971 4700 (Joan.
1023 4633 1120 4702 ιι),
1174 4633 1418 4702 protinus
1464 4635 1832 4703 respondetur,

260 4723 581 4790 clariﬁcam‘,
634 4733 680 4783 et
731 4715 920 4777 iterum
969 4724 1290 4792 clariﬁcabo.
1331 4727 1629 4796 Aliquando
1675 4731 1836 4786 rebus

261 4817 385 4870 sine
405 4815 605 4880 verbis,
635 4816 776 4869 sicut
798 4824 854 4869 et
881 4816 1128 4870 Ezechiel
1153 4817 1341 4872 electri
1369 4820 1604 4886 speciem
1622 4821 1754 4875 vidit
1781 4823 1834 4876 in

266 4905 448 4959 medio
493 4906 633 4976 ignis
659 4905 876 4976 (Bacch.
909 4908 974 4977 ι),
998 4908 1141 4976 quod
1191 4908 1462 4980 signiﬁcat
1507 4910 1837 4964 incarnatio~

265 5011 392 5048 nem
426 4993 643 5048 Christi.
685 4993 956 5049 Electnnu
1001 4996 1202 5066 quippe
1236 5010 1304 5050 ex
1344 4998 1460 5049 auri
1523 5001 1837 5068 argentique

265 5084 487 5138 metallo
542 5085 835 5150 miscetur,
893 5086 944 5138 in
986 5101 1091 5154 qua
1141 5087 1493 5155 permistione
1555 5097 1834 5159 argentum

264 5176 490 5244 quidem
514 5175 710 5230 clarius
736 5177 991 5240 redditur,
1023 5178 1118 5231 sed
1155 5170 1334 5231 tanien
1362 5177 1532 5246 lulgor
1561 5179 1678 5231 auri
1703 5187 1836 5233 tem-

266 5264 683 5337 peratur._Quid
711 5279 847 5346 ergq
872 5266 926 5320 in
960 5267 1163 5322 electro
1202 5269 1306 5322 nisi
1347 5269 1613 5322 mediator
1648 5270 1742 5324 Dei
1783 5281 1839 5325 et

267 5358 551 5413 hominum
572 5358 995 5424 demonstratur,
1023 5362 1116 5430 qui
1143 5363 1268 5417 dum
1301 5363 1356 5416 in
1385 5364 1673 5431 semetipso
1703 5365 1838 5417 divi-

267 5467 398 5504 nant
429 5451 822 5519 humanamque
846 5460 1092 5505 naturam
1111 5451 1430 5521 composuit,
1459 5461 1514 5507 et
1547 5455 1837 5508 humanam

266 5556 370 5610 per
400 5538 658 5593 Deitatem
686 5539 968 5593 clariorem
999 5539 1248 5604 reddidit,
1272 5550 1327 5595 et
1351 5541 1587 5595 divinam
1618 5558 1714 5611 per
1739 5543 1836 5596 bu-

273 5631 589 5685 -..:.mitateni
616 5630 811 5686 nostris
834 5631 1140 5712 aspectibus
1169 5634 1504 5700 temperavit.
1537 5634 1834 5703 Aliquando

1932 4536 2084 4605 juxta
2117 4538 2241 4592 illud
2272 4541 2412 4607 quod
2440 4542 2698 4611 scriptum
2724 4552 2828 4609 est,
2858 4559 3015 4598 nemo
3054 4545 3332 4614 eupuletur
3354 4550 3510 4603 uxori

1901 4675 1903 4677 ,
1936 4627 2037 4679 nisi
2067 4628 2132 4680 de
2157 4629 2296 4681 tribu
2330 4645 2427 4684 sua
2457 4649 2468 4683 :
2496 4631 2644 4696 Noli,
2671 4633 2868 4702 inquit,
2913 4636 3092 4688 timere.
3127 4637 3357 4704 accipere
3394 4638 3512 4693 Ila-

1937 4717 2069 4769 rimn
2097 4720 2372 4788 conjugem
2401 4731 2564 4774 tuaut.
2611 4721 2687 4775 Ne
2718 4723 2960 4794 timueris
3001 4739 3099 4778 nec
3132 4725 3505 4793 trepidaveris,

1939 4825 2039 4864 nec
2065 4814 2428 4888 contui-beris,
2476 4817 2571 4868 sed
2623 4830 2846 4870 securus
2887 4824 2942 4870 et
2981 4817 3279 4885 intrepidus
3321 4818 3513 4889 accipe

1937 4899 2230 4954 secundum
2268 4900 2399 4972 legis
2424 4913 2749 4971 praeceptum
2777 4919 2998 4958 uxorem
3027 4905 3121 4959 tibi
3148 4897 3501 4969 nominatam,

1937 4996 1992 5041 et
2027 4992 2321 5066 seetmdum
2373 4993 2681 5060 nuptiarum
2719 4994 3162 5047 consuetudinem
3192 5002 3247 5048 et
3287 4995 3510 5063 conjun-
3539 5024 3542 5026 η

1939 5079 2172 5133 etionem
2202 5081 2357 5150 longe
2386 5081 2649 5148 alienam;
2675 5097 2774 5137 cur
2799 5093 2979 5139 autem
3006 5101 3114 5140 non
3151 5087 3394 5140 debuerit
3417 5102 3508 5144 ven

1940 5168 2048 5221 reri
2075 5182 2196 5222 eam
2223 5169 2467 5239 accipere
2504 5170 2741 5227 ostendit
2766 5187 2891 5229 cum
2917 5175 3047 5228 dicit
3073 5190 3089 5227 :

2016 5280 2169 5346 Quod
2193 5281 2330 5334 enim
2359 5281 2416 5335 in
2452 5299 2516 5335 ea
2562 5294 2746 5338 natum
2769 5295 2842 5340 est
2871 5286 2935 5340 de
2963 5286 3160 5357 Spiritu
3199 5299 3380 5341 sancto
3406 5298 3504 5344 at.

1944 5370 2147 5437 Quibus
2182 5369 2426 5442 profecto
2470 5373 2651 5428 verbis
2698 5360 2888 5431 modus
2912 5377 3272 5445 conceptionis
3316 5377 3433 5443 ejus
3454 5387 3514 5431 et

1941 5460 2173 5529 dignitas
2216 5459 2395 5513 Patris
2445 5463 2722 5528 educetur,
2754 5467 2878 5534 quia
2909 5465 3152 5519 videlicet
3196 5467 3261 5518 de
3303 5465 3507 5534 Spiritu

1943 5557 2127 5602 sancto
2151 5549 2460 5616 conceperit
2497 5560 2552 5604 ct
2596 5553 2833 5620 paritura
2865 5554 2934 5605 sit
2963 5553 3256 5606 Christum.
3290 5554 3396 5614 Nec
3429 5564 3498 5607 ta-

1942 5657 2064 5694 men
2110 5637 2378 5692 Christum
2407 5657 2524 5696 esse
2555 5643 2716 5696 lilium
2763 5643 2991 5711 Spiritus
3039 5644 3212 5698 sancti
3243 5645 3506 5700 dicereti-
