3948 6336
481 342 574 398 75l
1111 338 1171 394 Β.
1196 301 1465 393 ‘RABANI
1502 328 1731 394 MAUlil~
1757 338 2072 411 ABClllEl’.
2119 334 2417 392 MOGUNT.
2462 335 2744 391 Ol‘lillUll
2785 335 2960 392 PARS
3002 337 3037 392 l.

3347 275 3374 309 6

3621 338 3728 396 739.

454 432 644 532 ’ςειιὶμ
684 452 806 523 quia
836 455 1023 508 unicus
1067 452 1168 507 iste
1208 461 1290 507 est
1331 453 1422 506 Dei
1460 451 1634 516 Patri-5
1671 450 2052 521 omnipotentis
2080 455 2128 514 Α
2155 449 2383 503 liberare
2425 464 2454 500 a
2495 449 2730 518 peccatis
2766 459 2928 519 atque
2977 452 3208 519 salvarc,
3256 451 3369 506 sive
3401 468 3466 507 ex
3503 451 3729 520 Judzeis,

478 548 776 606 secundum
823 544 1057 599 divinam
1114 552 1276 613 atque
1327 545 1612 598 humanam
1670 542 2045 600 substantiam.

480 637 666 710 (Aug.)
699 636 832 690 Nam
861 635 1118 690 Dominus
1144 642 1324 688 noster
1348 633 1506 688 Jesus
1531 632 1780 688 Christus
1807 633 1860 687 in
1881 647 2048 702 quan-

454 718 605 805 .tuur
625 727 767 781 Deus
790 734 874 781 est
907 725 1080 806 omnia
1103 740 1194 794 per
1221 725 1389 793 ipsum
1417 724 1559 792 facta
1605 732 1724 777 sunt
1758 722 1938 795 (Joan.
1973 721 2047 794 1);

476 819 538 874 in
574 826 832 888 quantum
868 825 1046 871 autem
1098 817 1278 881 homo,
1316 823 1370 869 et
1403 816 1516 886 ipse
1565 813 1740 870 factus
1777 824 1880 879 est,
1914 815 2053 869 sicut

483 910 613 964 dicit
649 907 934 978 Apostolus
959 922 973 960 :
998 904 1198 960 Factus
1233 915 1307 960 est
1349 922 1413 961 επ
1448 906 1640 960 semine
1671 906 1837 969 Dauid
1864 922 2050 959 secun-

401 1066 403 1068 η
477 1001 631 1065 dum
663 989 869 1052 carnem
913 994 1090 1070 (Rom.
1130 997 1197 1068 1),
1251 997 1344 1052 sed
1392 1013 1513 1052 cum
1567 997 1709 1051 illam
1749 1005 2051 1051 creaturam

484 1106 645 1161 quam
677 1090 841 1160 Virgo
866 1089 1108 1159 concepit
1150 1095 1206 1143 et
1249 1088 1476 1158 peperit,
1505 1087 1758 1158 quamvis
1778 1086 1845 1140 ad
1885 1085 2052 1141 solam

476 1197 768 1252 personam
821 1180 942 1234 Filii
983 1180 1365 1251 pertinentem,
1412 1186 1522 1233 tota
1562 1178 1800 1233 Trinitas
1844 1175 2051 1242 fecerit,

465 1293 658 1348 neque
689 1277 831 1333 enim
861 1276 1180 1344 separabilia
1210 1281 1336 1329 sunt
1359 1288 1522 1343 opera
1551 1272 1852 1336 Trinitatis,
1877 1286 1974 1325 cur
1999 1270 2053 1324 in

482 1385 547 1424 ea
593 1369 836 1424 facienda
872 1367 1019 1422 solus
1054 1366 1285 1436 Spiritus
1317 1367 1540 1437 sanctus
1585 1361 1890 1437 nominatus
1934 1361 2056 1415 est?

483 1462 616 1516 Cum
651 1461 828 1528 itaque
862 1459 927 1512 de
957 1457 1134 1525 aliquo
1163 1439 1418 1509 nascatur
1440 1452 1639 1521 aliquid
1661 1451 1823 1505 etiam
1862 1464 1968 1515 nou
1993 1464 2055 1503 eu

2153 543 2266 595 rive
2313 557 2389 619 ex,
2417 540 2665 610 gentibus
2711 540 2988 596 hominum
3028 543 3261 598 ﬁdelium
3309 555 3470 614 atque
3513 545 3735 599 creden-

2154 631 2284 708 tium
2327 632 2558 694 turbam,
2604 631 2862 700 sanguine
2887 631 3135 686 videlicet
3183 648 3280 688 suo
3326 641 3551 689 cunctos
3590 631 3733 688 redi-

2153 736 2326 785 mens,
2351 730 2524 774 morte
2552 737 2644 774 sua
2682 722 2747 776 de
2779 722 2966 775 mortis
2988 737 3080 776 eos
3106 723 3342 779 liberans
3368 732 3657 795 potestate.

2226 811 2340 866 Hoc
2366 822 2536 867 autem
2567 823 2731 866 totum
2770 813 2966 881 factum
2991 821 3064 867 est
3096 825 3150 867 ut
3180 816 3551 885 adimpleretur
3591 813 3732 884 quogl

2153 902 2347 956 dictum
2376 910 2449 955 est
2485 919 2516 956 a
2551 901 2771 955 Domino
2815 919 2906 971 per
2930 902 3232 972 prophetam
3265 905 3521 958 dicentem
3549 920 3566 958 :
3595 903 3734 958 Ecce

2153 997 2293 1067 virgo
2316 998 2370 1050 in
2396 1005 2541 1050 utero
2567 995 2771 1049 habebit
2806 1004 2852 1049 et
2881 997 3047 1065 pariet
3082 994 3248 1064 ﬁlium
3279 1006 3326 1049 et
3359 997 3610 1050 uocabunt
3639 1012 3733 1049 no-

2153 1108 2272 1144 men
2291 1090 2404 1161 ejus
2429 1089 2762 1153 Emmanuel,
2783 1091 2918 1161 quod
2946 1101 3019 1144 est
3042 1092 3436 1160 interpretatum
3464 1093 3731 1147 nobiscum
3764 1122 3767 1123 ν

2156 1180 2317 1235 Deus.
2354 1180 2469 1234 Hoc
2496 1191 2671 1234 autem
2716 1189 2881 1233 totum
2912 1180 3111 1248 factum
3153 1189 3250 1246 est,
3291 1181 3464 1246 dicit;
3497 1183 3624 1251 quid
3653 1191 3735 1236 to-

2157 1269 2306 1321 tum?
2349 1268 2462 1324 Hoc
2509 1277 2610 1333 est,
2645 1268 2785 1338 quod
2836 1268 3058 1339 angelus
3105 1255 3173 1322 ad
3219 1267 3502 1339 Virginem
3544 1270 3730 1324 missus

2157 1368 2259 1426 est,
2291 1360 2432 1428 quod
2465 1360 2578 1428 ipsa
2610 1360 2775 1429 Virgo
2803 1374 2901 1414 suo
2928 1359 3229 1429 propinquo
3261 1358 3586 1428 desponsata
3613 1357 3730 1422 fuit,

2158 1451 2298 1518 quod
2329 1458 2478 1505 casta
2527 1458 2736 1504 servata
2785 1456 2887 1513 est,
2941 1434 3082 1517 quod
3130 1447 3351 1519 angelus
3400 1446 3602 1518 Joseph
3637 1461 3734 1516 per

481 1551 643 1605 modo
670 1558 728 1603 ut
767 1550 838 1603 sit
866 1547 1027 1610 ﬁlius,
1071 1560 1170 1599 nec
1203 1557 1390 1598 rursus
1430 1542 1605 1596 omnis
1651 1540 1739 1609 qui
1775 1539 1971 1594 dicitur
1999 1538 2059 1592 ﬁ-
2095 1555 2120 1562 -
2159 1541 2425 1594 somnium
2465 1540 2613 1594 visus
2651 1547 2761 1606 est,
2799 1540 2942 1607 quod
2995 1533 3219 1593 Mariam
3264 1537 3512 1609 accipere
3552 1539 3734 1608 jussus

479 1642 584 1696 lius
630 1641 695 1694 de
742 1637 830 1691 illo
875 1637 942 1691 sit
982 1643 1142 1688 natus
1168 1627 1321 1700 cujus
1365 1632 1563 1686 dicitur
1608 1630 1786 1695 ﬁlius;
1814 1628 2056 1699 profecto

480 1731 671 1786 modus
704 1744 810 1796 quo
837 1735 995 1780 natus
1019 1733 1102 1781 est
1125 1723 1371 1796 Christus
1409 1720 1708 1790 de‘Spiritu
1737 1729 1925 1774 sancto
1949 1734 2053 1773 non

2159 1643 2261 1694 est,
2289 1642 2343 1687 et
2367 1633 2520 1701 pueri
2547 1648 2741 1686 nomen
2774 1647 2973 1686 vocare
2998 1629 3204 1697 Jesum,
3235 1642 3290 1686 et
3319 1620 3539 1702 ad‘quid
3574 1629 3733 1684 illud?

2160 1726 2231 1782 Ut
2261 1727 2418 1796 Virgo
2448 1725 2612 1780 totius
2639 1726 2822 1780 mundi
2852 1734 3073 1794 pareret
3115 1726 3344 1779 salutem
3388 1732 3445 1778 et
3473 1724 3625 1794 virgo
3655 1724 3732 1776 iu-

462 1823 620 1877 sicut
650 1821 808 1885 lilius,
842 1827 897 1872 et
925 1818 989 1872 de
1009 1802 1184 1869 'Maria
1217 1813 1420 1888 virgine
1460 1813 1600 1866 sicut
1631 1810 1790 1874 ﬁlius,
1822 1809 2059 1863 insinuat
2087 1821 2130 1880 Β
2160 1822 2300 1872 racia
2332 1817 2385 1870 in
2429 1823 2746 1886 perpetuum
2795 1823 3190 1886 perseveraret,
3225 1812 3290 1868 υι
3335 1812 3728 1883 adimplere”...

479 1914 634 1969 nobis
675 1913 898 1983 gratiam
928 1909 1042 1973 Dei,
1079 1923 1186 1978 qua
1230 1907 1392 1962 homo
1429 1903 1588 1959 nullis
1623 1901 2052 1972 praecedentibus

479 2004 689 2059 meritis
733 2003 785 2056 in
829 2001 944 2071 ipso
974 1999 1195 2054 exordio
1229 2006 1433 2051 natura:
1462 2011 1569 2050 suae
1597 2007 1705 2063 quo
1730 1985 1863 2048 “esse
1891 1991 2052 2060 empit

479 2096 654 2153 Verbo
679 2095 787 2149 Deo
813 2092 1154 2161 copularetur
1174 2090 1229 2143 in
1265 2096 1468 2142 tantam
1493 2101 1737 2158 personae
1763 2086 2049 2148 unitatem,

398 2225 418 2235 ..
480 2193 540 2240 ιιι
566 2185 705 2239 idem
732 2183 842 2252 ipse
867 2189 1009 2236 esset
1044 2179 1211 2234 Filius
1263 2177 1379 2244 Dei,
1425 2177 1516 2247 qui
1544 2175 1684 2230 ﬁlius
1710 2175 1968 2256 hominis,
1998 2181 2053 2228 et

482 2276 625 2332 ﬁlius
650 2275 880 2329 hominis
907 2273 997 2342 qui
1019 2271 1187 2327 Filius
1216 2270 1332 2334 Dei,
1359 2285 1421 2324 ac
1446 2269 1522 2323 sic
1550 2269 1601 2322 in
1631 2277 1836 2322 natura:
1861 2267 2051 2322 huma-

475 2351 565 2422 na:
610 2366 948 2435 susceptione
996 2363 1148 2418 ﬁeret
1187 2359 1579 2432 quodammodo
1624 2359 1739 2428 ipsa
1766 2358 1939 2428 gratia
1977 2357 2050 2411 illi

482 2455 687 2512 homini
715 2453 997 2518 naturalis,
1029 2468 1145 2521 quae
1186 2450 1387 2526 nullum
1417 2457 1694 2519 peccatum
1740 2455 1921 2518 posset
1955 2447 2051 2502 ad-

480 2547 714 2600 mittere.
749 2545 877 2611 Qua:
898 2544 1070 2614 gratia
1097 2551 1377 2612 propterea
1405 2555 1501 2610 per
1524 2539 1781 2609 Spiritum
1806 2545 2054 2593 sanetum

481 2636 657 2691 fuerat
700 2634 1065 2706 signiﬁcanda,
1097 2634 1223 2702 quia
1264 2633 1374 2702 ipse
1405 2630 1621 2700 proprie
1667 2630 1746 2684 sic
1774 2637 1856 2684 est
1885 2629 2051 2695 Deus,

481 2734 540 2780 ut
569 2727 779 2780 dicatur
803 2724 963 2778 etiam
991 2723 1086 2778 Dei
1115 2724 1331 2778 donum.

554 2812 734 2868 Pariet
772 2822 943 2866 autem
973 2812 1140 2880 ﬁlium
1169 2821 1215 2865 et
1238 2812 1444 2866 vocabis
1481 2824 1662 2866 nomen
1699 2811 1812 2880 ejus,
1848 2809 2051 2864 Iesum.

482 2907 560 2960 Ac
581 2907 626 2959 si
652 2904 854 2959 diceret
879 2922 891 2955 :
921 2902 1083 2972 Virgo
1112 2910 1351 2971 generat,
1382 2909 1441 2954 et
1462 2909 1515 2953 tu
1549 2902 1690 2955 hune
1723 2899 1941 2953 vocabis
1964 2898 2056 2954 Je-

484 3010 625 3058 sum,
655 2994 755 3047 hoc
781 3000 884 3056 est,
911 2991 1127 3045 vocabis
1159 2989 1299 3058 quod
1323 2997 1445 3063 ante
1474 2988 1594 3052 fuit,
1624 2989 1768 3059 quod
1793 2996 1916 3041 ante
1955 3004 2055 3043 sae-

483 3086 603 3140 cula
633 3083 962 3137 nominatum
989 3089 1107 3145 est;
1139 3095 1243 3132 non
1273 3088 1325 3133 tu
1349 3078 1395 3132 ei
1419 3093 1584 3148 pones
1611 3093 1830 3143 nomen,
1858 3093 1957 3132 nec
1991 3093 2059 3133 ex

2155 1913 2248 1978 ait,
2290 1912 2428 1982 quod
2472 1911 2668 1964 dictum
2717 1921 2791 1965 est
2830 1929 2862 1966 a
2907 1911 3131 1965 Domino
3165 1927 3256 1982 per
3297 1909 3605 1985 prppltet'am
3659 1910 3734 1962 di-

2155 2013 2372 2056 centem.
2423 2001 2642 2072 (Beda.)
2678 2001 2912 2057 Adhibet
2954 2008 3135 2055 autem
3177 1999 3508 2071 evangelista
3559 2000 3734 2070 partui

2132 2093 2401 2162 'virginali
2462 2093 2625 2148 etiam
2689 2093 3321 2163 prophetici.sermonis
3388 2091 3732 2162 exemplum,

2154 2191 2215 2236 ut
2263 2190 2422 2237 tanta:
2454 2183 2774 2238 miraculum
2811 2181 3108 2251 maiestatis
3153 2197 3219 2237 eo
3261 2176 3465 2238 certius
3490 2184 3737 2256 credere-

2159 2284 2269 2338 tur,
2304 2288 2411 2342 quo
2441 2273 2543 2328 hoc
2572 2290 2679 2328 non
2732 2273 2903 2328 solum
2940 2275 3054 2345 ipse
3079 2271 3288 2327 laetum
3332 2271 3604 2337 crederes,
3647 2271 3735 2328 sed

2157 2364 2372 2418 etiamin
2400 2366 2659 2436 propheta
2681 2365 3006 2435 praedictum
3047 2364 3328 2419 recoleret.
3358 2362 3496 2418 Nam
3523 2371 3579 2418 et
3608 2362 3734 2416 huic

2157 2455 2520 2526 evangelista,
2557 2456 2611 2512 id
2638 2464 2738 2520 est,
2786 2456 3057 2522 Matthteo,
3104 2471 3270 2511 moris
3297 2462 3380 2511 est
3406 2456 3590 2510 omnia
3620 2470 3737 2525 qua:

2157 2554 2344 2600 narrat
2367 2546 2529 2601 etiam
2552 2545 2887 2616 propheticis
2917 2544 3183 2599 afﬁrmare
3212 2543 3558 2599 testimoniis.
3595 2542 3737 2598 Scri-

2155 2638 2264 2708 psit
2286 2653 2517 2709 namque
2541 2638 2890 2709 Evangelium
2918 2652 3107 2712 suum,
3127 2636 3270 2691 sicut
3311 2634 3562 2704 superius
3599 2634 3736 2689 dixi-

2157 2744 2297 2795 mus,
2329 2728 2399 2784 ob
2433 2744 2622 2784 eorum
2649 2729 2731 2783 vel
2767 2728 3009 2794 maxime
3051 2742 3294 2792 causam,
3318 2726 3412 2796 qui
3439 2741 3508 2780 ex
3540 2722 3739 2779 Iudaeis

2157 2817 2477 2884 credebant,
2513 2831 2611 2872 nec
2639 2826 2819 2871 tamen
2850 2816 2986 2886 legis
3019 2814 3356 2870 caeremoniis
3378 2814 3630 2883 quamvis
3652 2829 3738 2868 re-

2160 2909 2274 2962 nati
2302 2908 2354 2961 in
2383 2907 2601 2962 Christo
2638 2906 2893 2961 valebant
2912 2903 3087 2960 evelli.
3117 2904 3185 2958 Et
3213 2911 3498 2974 propterea
3535 2913 3738 2972 satage-

2159 2996 2253 3053 bat
2270 2997 2414 3053 eos’a
2436 2997 2640 3052 carnali
2664 2983 2794 3066 legis
2817 3003 2870 3050 et
2890 2994 3271 3064 prephetarum
3293 3007 3456 3047 sensu
3479 2992 3546 3047 ad
3568 2990 3737 3060 Spiri-

2161 3089 2345 3154 talem,
2380 3089 2595 3158 qnaede
2616 3088 2832 3143 Christo
2858 3093 2962 3150 est,
2991 3084 3223 3155 erigere,
3258 3091 3528 3153 quatenus
3557 3097 3738 3138 sacra-

484 3186 538 3231 te
565 3175 612 3230 ei
641 3172 957 3229 vocabulum
985 3171 1297 3234 constitues,
1333 3169 1424 3223 sed
1465 3169 1678 3222 nomina
1708 3178 1762 3222 et
1799 3182 1934 3223 voca
1961 3183 2056 3222 ex-
2085 3201 2125 3243 ἡ
2160 3166 2340 3235 meum
2377 3177 2498 3233 ﬁdei
2546 3160 2865 3232 christiana,
2903 3169 3059 3229 15mm
3099 3174 3342 3229 securius
3376 3174 3734 3243 pel-ciperem,

485 3267 734 3322 sultando
780 3262 984 3326 Jesum,
1036 3261 1088 3315 id
1137 3247 1238 3325 est,
1283 3259 1655 3324 Salvatorem;
1715 3257 2053 3312 Salvatorem

483 3371 606 3409 eum
633 3369 750 3408 esse
783 3349 1002 3416 testare,
1051 3363 1151 3403 nec
1178 3363 1242 3403 ex
1274 3356 1512 3418 tempore
1556 3347 1783 3416 coepisse
1822 3345 2054 3411 salvarc,

484 3447 576 3501 sed
600 3445 713 3512 jam
745 3441 1178 3512 antiquissimum
1225 3437 1556 3492 Salvatorem
1592 3450 1734 3490 esse.

551 3534 671 3603 Ipse
700 3534 836 3587 enim
874 3531 1075 3586 salvam
1112 3529 1266 3597 faciet
1303 3525 1549 3598 populum
1585 3539 1736 3578 suum
1760 3541 1792 3578 α
1831 3525 2054 3594 peccatis

481 3639 696 3679 eorum:
713 3620 978 3694 (llicron.)
1003 3617 1158 3673 Jesus
1184 3617 1409 3670 llebrmo
1433 3630 1679 3670 sermone
1701 3613 1950 3668 Salvator
1975 3615 2055 3669 di-

485 3719 644 3772 citur.
676 3715 1061 3786 Etymologiam
1101 3728 1229 3782 ergo
1270 3711 1505 3765 nominis
1525 3709 1851 3780 evangelista
1882 3709 2056 3779 signa-

485 3811 561 3864 vit
614 3810 840 3864 dicens:
876 3806 1095 3860 Vocabis
1145 3821 1329 3858 nomen
1349 3798 1483 3872 .ejiis
1536 3801 1882 3868 Salvatorem,
1931 3801 2057 3877 quia

483 3904 592 3972 ipse
618 3899 817 3953 salvum
847 3897 1001 3966 faciet
1033 3894 1277 3964 populum
1308 3910 1481 3946 suum.
1513 3893 1628 3946 Duo
1658 3893 1799 3947 enim
1827 3908 1924 3962 per
1956 3893 2057 3946 hoc

491 3995 714 4047 verbum
750 3991 1004 4061 praeclara
1045 3991 1344 4058 signantur,
1370 3987 1511 4056 quod
1550 3995 1604 4040 et
1648 3987 1790 4040 Deus
1817 3985 1980 4040 fuerit
2005 3992 2057 4039 et

485 4084 744 4139 Dominus
795 4081 942 4152 prius
999 4087 1122 4133 ante
1184 4078 1607 4132 incarnationem
1674 4076 1941 4130 Christus.
1991 4073 2079 4128 Et

485 4173 628 4245 quod
648 4173 871 4243 populus
893 4169 1007 4238 ejus
1030 4171 1096 4224 ab
1121 4169 1239 4247 ipso
1263 4166 1549 4220 salvaudus
1565 4164 1674 4233 jam
1702 4173 1828 4218 tunc
1849 4181 2058 4218 annun-
2091 4169 2104 4178 ‘

490 4265 739 4320 tiabatur.
771 4261 995 4333 (Μλυιι.)
1029 4258 1140 4313 Non
1167 4257 1392 4328 populus
1416 4255 1504 4310 ille
1536 4253 1789 4325 perﬁdus,
1826 4254 2066 4308 carnalis

486 4353 734 4408 videlicet
759 4351 919 4406 Israel
947 4351 1011 4403 de
1052 4362 1156 4418 quo
1187 4346 1445 4417 scriptum
1477 4353 1561 4400 est
1594 4363 1606 4397 :
1632 4344 1699 4398 In
1729 4346 1938 4414 propria
1978 4361 2058 4398 re-

489 4446 582 4510 nit,
608 4455 653 4498 et
684 4444 766 4496 sui
801 4456 918 4495 eum
956 4456 1056 4492 non
1085 4443 1381 4506 receperunt
1405 4435 1592 4506 '(Joan.
1629 4435 1690 4506 ι).
1717 4434 1781 4488 Et
1808 4434 1974 4489 Isaias
2004 4434 2059 4488 iri

2159 3270 2502 3341 quanto-ham
2524 3268 2791 3323 naturalia
2814 3282 2941 3339 esse
2968 3280 3128 3336 quam
3153 3282 3272 3336 qua:
3295 3267 3575 3337 prophetae
3600 3281 3740 3336 pra:-

2161 3363 2412 3418 dixeraut
2440 3366 2813 3432 agnoscerent.
2841 3359 2993 3424 Ecce,
3021 3358 3216 3427 inquit.
3245 3357 3361 3412 Hoc
3388 3358 3562 3427 ipsum
3590 3352 3733 3426 quod

2156 3453 2306 3518 dicit,
2336 3468 2470 3518 ecce,
2499 3449 2818 3506 admirantis
2851 3456 2936 3504 est
2963 3448 3101 3502 tanti
3129 3447 3370 3519 mysterii
3401 3445 3729 3516 magnitudi-

2155 3558 2302 3608 nem,
2337 3550 2399 3596 ut
2423 3555 2611 3597 omnes
2638 3539 2786 3595 velut
2802 3554 2870 3593 ex
2901 3553 3102 3592 somno
3124 3535 3387 3598 suscitati,
3426 3536 3494 3588 ad
3529 3534 3634 3589 hoc
3658 3534 3732 3588 di-

2156 3640 2301 3687 ctum
2346 3629 2619 3700 evigilent.
2653 3627 2923 3701 (Ηίεναη.)
2952 3625 3110 3691 Ecce,
3146 3625 3245 3688 ait,
3289 3622 3454 3694 Virgo
3482 3623 3542 3678 in
3584 3631 3733 3677 utero

2158 3723 2361 3777 habebit
2386 3731 2433 3776 et
2456 3705 2621 3792 pariet
2648 3720 2839 3790 filium.
2865 3721 2973 3775 Pro
2994 3736 3059 3775 eo
3081 3724 3224 3788 quod
3249 3717 3578 3787 evangelista
3609 3717 3739 3771 Mat-

2159 3813 2330 3867 thacus
2360 3813 2489 3866 dicit
2532 3814 2587 3865 in
2625 3820 2770 3864 utero
2814 3809 3041 3875 habebit,
3069 3804 3129 3862 in
3169 3808 3432 3878 propheta
3477 3807 3736 3876 scripturn

2157 3911 2260 3966 est,
2295 3903 2350 3956 in
2381 3911 2526 3955 utero
2553 3900 2795 3971 accipiet,
2819 3900 2914 3954 sed
2938 3895 3062 3971 quia
3093 3897 3352 3968 prepheta
3383 3895 3571 3950 futura
3590 3911 3737 3966 pra:-

2158 3993 2309 4058 dicit,
2340 3991 2605 4062 signiﬁcat
2627 3990 2769 4062 quod
2795 3989 3034 4044 futurum
3065 3988 3156 4053 sit,
3185 3995 3241 4042 et
3265 3987 3458 4043 scribit
3481 3987 3734 4057 accipiet;

2157 4083 2482 4155 evangelista
2515 4082 2808 4157 vero;quia
2843 4095 2950 4136 non
2979 4082 3046 4136 de
3073 4079 3272 4158 future,
3305 4073 3411 4135 sed
3452 4080 3520 4155 de
3547 4090 3738 4149 praete-

2159 4177 2264 4231 rito
2291 4182 2478 4231 narrat
2510 4173 2812 4239 historiam,
2843 4171 3075 4232 mutavit
3095 4170 3391 4244 accipiere!
3432 4169 3618 4240 posuit
3644 4170 3739 4223 ha-

2156 4267 2308 4334 bebit,
2341 4267 2431 4337 qui
2460 4267 2602 4320 enim
2617 4265 2786 4319 habet
2811 4277 3150 4333 nequaquam
3173 4271 3493 4331 accepturus
3515 4269 3617 4315 est.
3645 4258 3739 4314 Se-

2158 4360 2340 4430 quitur
2363 4373 2377 4411 :
2405 4346 2475 4410 Ei
2501 4355 2754 4410 uocabunt
2785 4371 2972 4408 nomen
3000 4353 3114 4423 ejus
3137 4349 3473 4416 Emanuel,
3496 4355 3635 4421 quod
3665 4359 3738 4404 est

2159 4446 2552 4522 interpretatum
2587 4447 2856 4502 nobiscum
2882 4442 3042 4499 Deus.
3069 4443 3270 4516 (θήρ.)
3297 4443 3508 4498 Vocant
3543 4457 3737 4496 nomen

487 4547 716 4604 persona
733 4529 947 4619 ’Christi
975 4526 1105 4582 dicit
1128 4545 1148 4622 ε.
1168 4524 1296 4578 Τοια
1327 4525 1418 4578 die
1433 4524 1881 4622 eapandinmanus
1913 4538 2055 4622 meas
2082 4565 2134 4622 Β
2159 4541 2275 4609 eius
2308 4541 2458 4611 prius
2504 4537 2678 4608 angeli
2705 4535 2998 4606 psallean
3032 4533 3090 4589 in
3117 4533 3233 4609 gius
3262 4533 3542 4588 ηειίνίωιε
3578 4540 3738 4601 atque

488 4625 556 4679 ad
595 4611 840 4693 populum
877 4634 986 4672 non
1032 4617 1318 4670 credentem
1362 4623 1409 4667 et
1454 4613 1888 4667 contradicentem
1928 4612 2055 4664 mihi

491 4715 667 4787 (Rom.
702 4713 778 4784 χ).
800 4709 921 4764 Sed
951 4708 1038 4761 iile
1060 4705 1284 4777 populus
1310 4706 1375 4760 de
1398 4719 1502 4774 quo
1525 4703 1788 4758 Dominus
1811 4716 1908 4772 per
1934 4715 2057 4770 pro-

488 4802 889 4879 phetam~ait.:
941 4797 1146 4850 νοσαὺο
1202 4811 1305 4848 non
1365 4794 1558 4864 plebem
1610 4811 1813 4859 meam,
1860 4792 2054 4863 plebem

487 4912 689 4959 meum;
721 4905 766 4947 et
815 4903 920 4945 non
951 4887 1362 4942 misericordiam
1396 4895 1721 4938 consecutam
1763 4883 2055 4937 misericor-

487 4989 631 5042 diam
662 4991 1008 5039 consecutam.
1041 4978 1106 5032 Et
1133 4978 1228 5030 erit
1258 4977 1313 5029 in
1359 4975 1470 5028 loco
1497 4975 1582 5026 ubi
1612 4975 1808 5026 dictum
1849 4981 1921 5027 est
1953 4990 2069 5031 non,

485 5081 628 5151 plebs
653 5094 762 5131 mea
791 5093 895 5140 vos,
925 5075 994 5128 ibi
1024 5071 1340 5127 vocabuntur
1369 5068 1466 5137 lilii
1497 5068 1593 5120 Dei
1627 5068 1721 5121 vivi
1754 5066 1928 5137 (Rom.
1954 5068 2051 5133 lx),

490 5173 615 5243 quia
656 5186 781 5240 quos
827 5167 1077 5237 prtescivit
1107 5173 1152 5218 et
1193 5161 1580 5232 prwdestiuavit
1621 5159 1712 5212 hos
1747 5160 1964 5222 vocavit,
2010 5169 2055 5210 et

491 5267 618 5335 quos
644 5259 860 5323 vocarit;
892 5257 982 5309 hos
1007 5266 1053 5307 et
1075 5254 1409 5324 justi/ienuit,
1437 5268 1563 5324 quos
1595 5252 1769 5303 autem
1787 5249 2057 5319 justi/ica-

491 5357 580 5420 uit,
616 5353 732 5408 illos
759 5360 805 5404 et
845 5347 1193 5417 magni/ienuit
1225 5344 1400 5415 (Rom.
1431 5343 1580 5414 VIII);
1623 5351 1676 5397 et
1715 5343 1835 5397 ideo
1857 5343 2056 5397 dictum

487 5452 568 5499 est
597 5462 608 5495 :
637 5441 664 5495 1
669 5457 756 5511 pse
782 5437 982 5493 salvum
1020 5434 1173 5504 faciet
1199 5433 1444 5503 populum
1479 5448 1630 5485 suum
1657 5448 1687 5484 a
1713 5433 1936 5500 peccatis
1974 5447 2060 5483 eo-

493 5548 629 5596 rum,
677 5538 736 5584 ut
760 5543 885 5582 'ere
920 5527 1078 5580 Deus.
1123 5523 1217 5578 Dei
1252 5523 1393 5576 enim
1420 5531 1502 5576 est
1539 5522 1754 5575 virtutis
1783 5537 1810 5574 a
1838 5530 2057 5590 peecatr

494 5629 726 5691 salvare,
774 5623 856 5677 vel
885 5629 1103 5693 peccata
1151 5618 1440 5671 dimittere.
1473 5615 1578 5668 lste
1618 5629 1747 5685 ergo
1789 5613 1930 5668 ﬁlius
1967 5613 2059 5665 Dei

497 5721 698 5775 habens
726 5717 975 5788 populum
1014 5728 1189 5778 suum,
1224 5711 1394 5780 ipsum
1433 5709 1596 5773 venit,
1645 5717 1702 5760 ut
1728 5708 1926 5761 dictum
1958 5714 2058 5771 est,

2163 4633 2476 4703 gaudentes,
2493 4630 2642 4685 sicut
2686 4620 2856 4684 Deum
2882 4627 3125 4683 omnium
3153 4635 3209 4681 et
3251 4623 3455 4696 Regem
3492 4625 3644 4695 pacis
3672 4624 3739 4678 ad

2162 4726 2407 4780 homines
2443 4723 2768 4777 venientem.
2817 4719 3022 4775 Deinde
3065 4718 3291 4788 apostoli
3322 4714 3589 4787 unigeniti
3615 4713 3736 4768 Filii

2162 4815 2254 4870 Dei
2283 4813 2704 4869 dominationem
2735 4805 2898 4879 atque
2924 4809 3176 4863 virtutem
3203 4807 3462 4874 omnibus
3491 4803 3740 4877 gentibus

2163 4907 2530 4976 praedicantes.
2561 4903 2640 4957 Ad
2666 4904 2780 4957 haec
2806 4911 2860 4956 et
2891 4901 3061 4956 sancti
3086 4908 3356 4971 martyres
3377 4907 3568 4954 contra
3592 4897 3739 4967 ignes

2162 5012 2215 5056 et
2241 5003 2443 5073 gladios
2476 5015 2646 5070 usque
2675 4999 2740 5052 ad
2768 5005 2997 5052 mortem
3019 4995 3353 5050 resistentes.
3379 4989 3583 5045 Deinde
3609 5004 3741 5044 cuu-

2165 5096 2236 5150 cti
2287 5092 2569 5148 credentes
2626 5093 2728 5146 hoc
2779 5091 2952 5161 ipsum
3010 5100 3204 5141 nomen
3257 5097 3430 5151 usque
3474 5082 3542 5136 ad
3585 5095 3739 5137 con-

2167 5185 2576 5240 summationem
2616 5181 2797 5237 saeculi
2842 5185 3205 5246 memorantes
3247 5185 3409 5244 atque
3434 5166 3736 5228 laudantes.

2167 5275 2378 5349 (Beda.)
2404 5275 2822 5343 Nomenquippe
2845 5271 3161 5336 Salvatoris,
3186 5283 3292 5349 quo
3308 5266 3577 5321 nobiscum
3600 5263 3740 5318 Deus

2167 5344 2195 5425 a
2222 5370 2482 5440 propheta
2511 5376 2751 5425 vocatur,
2795 5372 3078 5432 utramque
3101 5344 3349 5416 naturam
3375 5357 3536 5411 unius
3559 5368 3744 5426 perso-

2167 5477 2247 5517 na:
2287 5460 2454 5530 ipsius
2489 5456 2775 5527 signiﬁcat.
2825 5453 2927 5520 Qui
2957 5453 3100 5508 enim
3140 5461 3263 5505 ante
3295 5458 3536 5518 tempora
3583 5452 3742 5498 natus

2167 5564 2231 5602 ex
2277 5547 2434 5601 Patre
2477 5546 2617 5600 Deus
2663 5553 2764 5610 est,
2807 5543 2918 5611 ipse
2965 5542 3017 5596 in
3063 5539 3394 5611 plenitudine
3435 5545 3738 5604 temporum

2168 5635 2496 5699 Emmanuel,
2529 5635 2578 5688 id
2624 5641 2727 5697 est,
2767 5632 3044 5686 nobiscum
3075 5630 3236 5694 Deus,
3286 5629 3338 5681 in
3369 5638 3526 5680 utero
3551 5622 3742 5676 matris

2172 5730 2343 5781 factus
2371 5734 2471 5793 est,
2497 5726 2618 5795 quia
2659 5731 2852 5778 nostra!
2878 5721 3218 5790 fragilitatem
3246 5726 3451 5772 natura:
3480 5715 3532 5767 in
3567 5712 3739 5768 unita-
