3948 6336
280 289 387 347 753

1245 284 1591 342 COMMENT.
1635 283 1697 337 IN
1740 281 2258 336 MATTii.'E.UM.--
2298 283 2421 337 LIB.
2461 283 2500 338 Ι.

3425 293 3529 348 751

280 411 398 458 tem
443 415 685 472 persona:
734 414 842 454 sua:
889 397 1160 467 suscipere
1199 398 1446 467 dignatus
1495 407 1597 463 est,
1649 397 1935 466 quandoA
1964 398 2242 468 aliquam,
2299 393 2620 455 coaeternum
2681 403 2780 457 sibi
2835 402 2994 459 Pater
3052 405 3236 476 genuit
3296 405 3528 476 Filium;

294 491 518 548 Verbum
540 507 662 545 caro
689 491 886 558 factum
914 501 986 544 est
1016 500 1062 544 et
1085 491 1332 544 habitauit
1363 492 1418 542 in
1446 489 1638 559 nobis..

358 581 659 648 Exsurgens
686 588 857 632 autem
887 578 1079 649 Ioseph
1110 597 1141 632 a
1161 595 1340 632 somno
1370 577 1488 646 fecit
1511 578 1855 648 sicutpra’cc-

279 675 357 742 pit
414 674 459 724 ei
500 671 718 740 angelus
745 670 974 737 Domini,
1010 681 1057 725 et
1084 671 1278 740 accepit
1310 669 1583 738 conjugem
1623 687 1770 722 suam
1809 679 1856 722 et

281 777 388 812 non
417 757 721 828 cognocebat
749 775 880 812 eam.
918 758 1141 827 Accepit
1166 773 1282 811 eam
1313 757 1380 810 ad
1405 770 1598 810 nomen
1618 755 1857 826 conjugis

279 845 354 903 ob
381 864 572 903 causas
591 865 727 917 quas
756 850 1120 918 praediximus,
1148 856 1203 902 et
1232 863 1336 901 non
1364 849 1718 917 cognoscebat
1739 862 1854 901 eam

281 940 354 993 ad
381 955 514 1009 opus
530 939 817 1010 conjugale
842 941 909 994 ob
943 954 1139 992 arcana
1165 953 1282 1007 qua:
1303 936 1585 992 didicerat.

355 1029 530 1083 Donec
564 1032 755 1100 peperit
793 1030 964 1098 [ilium
1009 1044 1158 1082 suum
1201 1026 1621 1097 primogenitum.
1674 1026 1852 1098 (Aug.)

278 1120 559 1176 Interdum
589 1123 749 1179 donec
775 1122 998 1176 verbum
1046 1136 1199 1174 sacra
1243 1119 1453 1188 eloquia
1496 1133 1593 1188 pro
1628 1117 1853 1186 conjun-

280 1214 465 1269 ctione
486 1221 836 1284 prmsumunt,
861 1229 965 1282 qua
990 1212 1161 1276 velet,
1190 1206 1272 1266 vel
1303 1205 1634 1286 ut,,indicari
1658 1217 1851 1279 potest.

278 1302 350 1357 Et
379 1304 497 1358 ideo
525 1305 782 1372 scriptum
815 1312 917 1367 est,
949 1303 1108 1356 donec
1143 1302 1336 1372 peperit
1363 1304 1366 1308 ’
1384 1301 1555 1370 ﬁlium
1585 1317 1754 1363 suum,
1802 1300 1855 1353 id

276 1403 386 1459 est,
433 1404 489 1450 et
540 1396 750 1465 peperit
795 1381 962 1448 lilium
1017 1409 1190 1449 suum.
1236 1390 1458 1465 (Hilam)
1502 1391 1855 1463 Cognoscitur

277 1487 462 1557 itaque
495 1488 656 1541 Maria
684 1496 804 1558 post
833 1495 1064 1557 partum,
1097 1488 1150 1541 id
1181 1494 1283 1550 est,
1313 1485 1506 1544 transit
1534 1484 1586 1538 in
1611 1484 1854 1553 conjugis

275 1592 504 1641 uolneri;
545 1578 885 1648 cognoscitur
913 1585 1114 1642 autem,
1156 1590 1261 1630 non
1294 1575 1638 1629 admiscetur.
1668 1572 1850 1645 (Ritu)

275 1664 648 1735 Nemoitaque
679 1664 1082 1735 intelligendqu
1110 1673 1279 1733 putet,
1322 1665 1474 1731 quasi
1512 1654 1636 1732 post
1664 1669 1850 1715 natum

1959 489 2273 558 priusquam
2299 492 2461 545 verbo
2488 493 2732 548 veritatis
2761 495 3065 566 adoptionis
3092 495 3193 552 sibi
3229 496 3366 552 ﬁlios
3388 499 3532 554 redi-

1958 578 2151 632 mendo
2179 579 2420 649 gigneret
2443 581 2671 650 aliquos,
2705 591 3031 639 cozeternum
3057 585 3158 640 sibi
3185 585 3347 642 Pater
3372 598 3531 643 teter-

1958 684 2058 722 nus
2079 672 2263 740 genuit
2285 669 2542 726 Verbum.
2577 673 2726 729 Unde
2753 676 2926 745 ipsum
2950 677 3204 743 Verbum,
3232 678 3344 746 ipse
3370 679 3530 746 lilius,

1957 757 2050 812 Dei
2086 758 2333 814 videlicet
2382 762 2554 816 virtus
2590 771 2644 816 et
2680 763 2972 832 Sapientia,
3016 764 3286 835 loquitur:
3317 765 3427 838 Ego
3467 785 3532 822 es

1957 863 2042 898 ore
2065 846 2306 901 altissimi
2333 849 2556 919 prodivi,
2589 854 2928 920 primogenita
2953 864 3070 908 ante
3100 873 3300 910 omnem
3329 869 3537 917 creatu-

1957 936 2291 1008 ram'(Eccli.
2343 939 2509 1011 μιν).
2550 940 2766 1009 Peperit
2809 957 2936 1012 ergo
2971 942 3137 998 Maria
3170 946 3334 1000 lilium
3371 963 3529 1002 suum

1953 1028 2390 1098 primogenitum,
2424 1031 2476 1084 id
2501 1040 2602 1096 est,
2631 1047 2739 1085 sua:
2767 1032 3079 1086 substantiae
3107 1033 3292 1088 lilium.
3316 1035 3533 1106 Peperit

1954 1128 2072 1168 eun:
2097 1117 2186 1185 qui
2216 1126 2270 1172 et
2315 1127 2440 1174 ante
2465 1134 2680 1174 onmem
2709 1132 3013 1175 creaturam
3039 1122 3179 1178 Deus
3214 1125 3278 1178 de
3305 1125 3413 1199 Deo
3442 1142 3527 1180 na-

1954 1212 2040 1258 tus
2065 1217 2202 1272 erat,
2224 1217 2277 1262 et
2305 1210 2358 1264 in
2378 1225 2440 1264 ea
2469 1226 2575 1280 qua
2600 1222 2818 1268 creatus
2844 1223 2926 1268 est
2955 1215 3288 1270 humanitate
3314 1231 3529 1272 omnem

1955 1297 2144 1352 merito
2168 1285 2470 1354 creaturam
2499 1304 2738 1371 prmibat.
2767 1303 3023 1375 Sequitur
3047 1325 3058 1360 :

2022 1385 2089 1438 Et
2128 1390 2325 1443 vocavit
2373 1407 2558 1446 nomen
2597 1393 2714 1468 ejus
2750 1393 2951 1448 Iesum.
2985 1393 3100 1451 Non
3147 1398 3290 1466 quod
3337 1399 3525 1455 statim

1952 1487 2073 1547 post
2108 1489 2317 1547 partum
2356 1483 2405 1536 ei
2439 1499 2630 1538 nomen
2677 1487 2780 1541 hoc
2824 1486 3157 1555 imposuerit,
3200 1490 3253 1544 id
3299 1499 3400 1557 est,
3432 1489 3524 1547 Je-

1953 1583 2092 1631 sum,
2125 1569 2250 1624 licet
2288 1571 2389 1625 hoc
2429 1581 2556 1628 ante
2596 1585 2913 1645 conceptum
2966 1576 3081 1645 ejus
3125 1581 3360 1650 angelica
3408 1583 3522 1650 sive

1952 1659 2266 1727 prophetica
2294 1663 2650 1732 praedicerent
2681 1666 2894 1720 oracula
2919 1683 2933 1731 ;
2962 1668 3078 1732 sed,
3109 1669 3247 1724 sicut
3267 1670 3440 1725 Lucas
3470 1672 3526 1728 in

276 1753 447 1806 tilium
479 1770 597 1809 eam
620 1753 819 1822 Ioseph
851 1753 1196 1823 cognoverit,‘
1229 1761 1287 1805 ut
1314 1749 1611 1814 l‘lelvidiani
1637 1765 1854 1823 pervcr—
1882 1751 1929 1810 B
1957 1747 2244 1822 Evangelio
2274 1765 2371 1804 suo
2399 1752 2676 1815 evidenter
2708 1754 2964 1821 insmuat,
3012 1763 3219 1810 eertum
3263 1759 3521 1829 temporis

253 1844 500 1898 ’sissitue
522 1845 841 1912 opinantur._
871 1842 971 1910 Qui
1019 1842 1204 1898 dicunt
1250 1841 1374 1895 inde
1412 1847 1563 1895 ortos
1596 1855 1717 1895 esse
1756 1853 1851 1896 eos

272 1951 410 2004 quos
436 1935 626 2004 fratres
655 1919 867 1989 Domini
899 1934 1172 2004 Scriptura
1223 1933 1472 2004 appellat,
1513 1941 1850 1989 assumentes

251 2016 376 2082 lboe
420 2029 472 2081 in
521 2016 847 2098 adjutorium
877 2027 959 2082 sui
1005 2027 1228 2091 erroris,
1268 2026 1416 2096 quod
1457 2025 1849 2097 primogenitus

269 2127 614 2186 uurncupatur
673 2108 1134 2182 Domintisvrsed,
1178 2115 1322 2186 quod
1352 2115 1627 2171 catholica
1675 2115 1849 2186 pietas

268 2209 447 2275 docet,
479 2211 828 2272 sentiendum.
847 2219 934 2266 est-
958 2220 1207 2280 parentes
1234 2211 1416 2265 nostri,
1441 2209 1740 2264 Salvatoris
1766 2211 1847 2264 in-

268 2309 531 2356 temerata
565 2301 730 2358 fuisse
751 2317 964 2373 semper
990 2302 1295 2372 virginitate
1320 2303 1628 2372 prmelaros,
1657 2311 1711 2358 et
1737 2319 1844 2357 non

264 2387 426 2453 filios,
452 2391 544 2445 sed
573 2399 830 2462 cognatos
854 2407 1064 2456 eorum,
1107 2391 1298 2460 fratres
1326 2392 1554 2457 Domini,
1585 2401 1843 2447 consueto

266 2477 669 2548 Scripturarum
697 2495 844 2534 more
872 2481 1188 2550 nuncupari.
1216 2481 1391 2550 Atque
1419 2481 1489 2536 ob
1524 2481 1576 2535 id
1615 2497 1843 2554 evange-

263 2567 470 2634 listam,
515 2584 583 2623 an
623 2578 745 2638 post
771 2561 958 2640 natum
995 2561 1191 2624 Filiu'ui
1231 2571 1326 2624 Dei
1369 2587 1489 2625 eam
1531 2563 1842 2643 cognoverit

261 2658 447 2714 dicere
483 2674 589 2713 non
627 2673 863 2724 curasse,
890 2659 1014 2728 quia
1057 2659 1186 2713 nulli
1232 2659 1300 2714 de
1324 2661 1427 2716 hoc
1468 2661 1842 2732 ambigendum

196 2786 205 2790 -
259 2749 550 2818 putaverit.
604 2749 668 2803 Et
713 2765 900 2805 revera
945 2749 1076 2804 nulli
1119 2750 1495 2821 ambigendum
1552 2759 1656 2825 est,
1700 2754 1842 2822 quod

252 2840 392 2909 justi
415 2840 692 2912 eonjuges,
721 2842 915 2910 quibus
941 2841 995 2896 in
1028 2841 1351 2912 virginitatis
1378 2843 1692 2897 castimonia
1715 2860 1842 2913 per-

257 2931 608 2987 manent-ibus
636 2931 732 2985 Dei
759 2930 952 2984 Filium
991 2932 1140 2985 nasci
1167 2931 1427 3002 singulari
1456 2933 1626 3001 gratia
1657 2933 1839 3008 datum

256 3031 366 3084 est,
411 3020 714 3075 nullatenus
760 3037 826 3074 ex
877 3035 942 3075 eo
989 3020 1255 3075 castitatis
1290 3021 1414 3091 jura
1466 3030 1730 3076 temerare
1783 3030 1836 3076 et

1956 1839 2243 1892 terminum
2287 1841 2923 1907 denotans,.secundum
2981 1846 3033 1901 id
3085 1849 3226 1917 quod
3283 1849 3338 1903 in
3403 1849 3518 1920 lege

1951 1935 2276 1996 prmeeptum
2311 1937 2414 1984 est.
2449 1928 2753 2002 Postquam,
2799 1933 2992 2002 inquit,
3024 1938 3368 1990 consummati
3399 1949 3524 2013 sunt

1950 2020 2059 2076 dies
2087 2030 2301 2086 octo,,ut
2329 2023 2786 2077 circumcideretur
2803 2041 2956 2095 puer,
2984 2036 3221 2084 vocatum
3243 2036 3316 2082 est
3339 2045 3524 2084 nomen

1947 2108 2064 2177 ejus
2090 2107 2268 2176 Iesus,
2292 2111 2427 2181 quod
2457 2121 2691 2166 vocatum
2723 2123 2795 2168 est
2831 2115 2893 2167 ab
2925 2115 3108 2186 angelo
3135 2118 3437 2190 priusquam
3469 2121 3522 2174 in

1949 2206 2094 2252 utero
2123 2200 2477 2269 conciperetur
2517 2199 2667 2277 (Luc.
2693 2201 2959 2273 u).'Iesus
2987 2220 3199 2276 quoque
3239 2206 3522 2274 Hebraice,

1947 2289 2137 2364 Latine
2168 2291 2450 2357 Salutaris,
2493 2293 2608 2348 sive
2646 2293 2913 2356 Salvator.
2953 2305 3012 2351 ut
3043 2297 3288 2368 superius
3318 2299 3520 2356 dictum

1945 2390 2049 2446 est,
2092 2383 2495 2453 interpretatur,
2540 2383 2691 2454 cujus
2739 2387 3072 2442 vocationem
3124 2388 3355 2444 nominis
3392 2405 3520 2460 pro-

1943 2473 2119 2544 phetis
2145 2474 2311 2544 liquet
2331 2491 2449 2530 esse
2470 2476 2858 2544 certissimam;
2891 2477 3038 2533 Unde
3061 2487 3186 2533 sunt
3201 2479 3297 2535 illa
3323 2497 3518 2553 magno

1943 2565 2210 2620 desiderio
2253 2565 2472 2620 visionis
2515 2565 2632 2635 ejus
2674 2575 2911 2622 cantata:
2961 2570 3149 2623 Anima
3183 2579 3355 2631 autem
3405 2588 3519 2626 mea

1943 2657 2218 2711 exsultavit
2258 2659 2312 2711 in
2353 2658 2597 2725 Domino,
2624 2664 2672 2712 et
2699 2659 3037 2714 delectabitur
3077 2661 3130 2714 in
3155 2661 3378 2731 salutari
3404 2665 3515 2734 ejus

1946 2745 2114 2816 (Psal.
2158 2748 2374 2818 xxxrv);
2426 2747 2626 2816 Defecit
2678 2749 2734 2803 in
2780 2750 3005 2805 salutari
3047 2759 3135 2806 tuo
3183 2754 3362 2808 anima
3404 2771 3517 2809 mea

1945 2836 2116 2907 (Psal.
2163 2837 2386 2910 CXVIII);
2417 2839 2498 2904 Et,
2529 2839 2642 2909 Ego
2687 2850 2861 2896 autem
2897 2842 2950 2896 in
2979 2841 3205 2898 Domino
3233 2843 3514 2916 gloriabor,

1941 2929 2175 2998 gaudebo
2205 2931 2262 2983 in
2311 2929 2421 2985 Deo
2446 2929 2576 2984 Iesu
2621 2947 2733 2985 meo
2765 2929 2991 3004 (Habac.
3030 2932 3136 3003 ιιι).
3173 2931 3242 2989 Ει
3283 2933 3516 2990 maxime

1943 3021 2070 3076 illud
2096 3040 2108 3074 :
2138 3021 2203 3075 In
2244 3023 2451 3078 nomine
2479 3033 2566 3078 tuo
2598 3022 2798 3078 saluum
2848 3009 2929 3079 ine
2957 3024 3041 3094 [ac
3071 3024 3241 3098 (Psal.
3272 3025 3410 3098 Lm).
3438 3025 3515 3083 Ac
3572 3018 3579 3025 ’

257 3111 518 3181 templum
556 3111 650 3177 Dei
683 3121 1086 3167 sacrosanctum
1114 3127 1224 3169 sua:
1248 3113 1452 3168 semine
1473 3115 1834 3183 corruptionis
1861 3097 1907 3160 ο
1938 3112 1982 3165 si
2013 3113 2215 3167 diceret
2239 3130 2252 3164 :
2281 3111 2524 3167 Nominis
2551 3113 2627 3168 tui
2662 3114 2908 3183 gloriam,
2941 3114 3033 3185 qui
3083 3097 3329 3171 Salvator
3355 3097 3515 3171 voca-

256 3202 583 3272 attaminare
622 3209 930 3272 potuerunt.
964 3203 1266 3258 Notandum
1307 3220 1520 3284 quoque
1550 3205 1688 3274 quod
1712 3206 1832 3274 ,pri-

255 3291 519 3361 mogeuiti
557 3306 685 3355 non,
712 3291 866 3361 juxta
908 3290 1284 3346 haereticorum
1315 3292 1700 3361 Opinationem,
1731 3295 1827 3348 soli

253 3390 386 3435 sunt
409 3395 544 3450 quos
573 3380 774 3437 fratres
792 3379 1233 3452 sequuntur'alii,
1273 3383 1389 3448 sed,
1407 3381 1562 3452 juxta
1595 3385 1829 3438 auctori-

243 3479 422 3527 tatem
468 3469 888 3541 Seripturarum,
919 3472 1228 3543 omnesqui
1259 3472 1416 3542 primi
1448 3471 1658 3526 vulvam
1703 3489 1829 3544 ape-

250 3559 420 3623 riunt,
472 3560 586 3616 sive
625 3559 822 3615 fratres
869 3576 962 3616 eos
990 3560 1174 3631 aliqui,
1207 3576 1300 3617 seu
1339 3562 1468 3616 nulli
1513 3565 1822 3632 sequantur.

247 3652 504 3707 Attamen
543 3655 799 3709 Dominus
824 3655 1042 3723 speciali
1070 3655 1277 3709 ratione
1303 3665 1476 3726 potest
1504 3659 1828 3727 primogeni-

249 3752 342 3796 tus
370 3744 546 3799 dictus
572 3745 812 3816 intelligi,
833 3745 987 3815 juxta
1016 3746 1118 3801 hoc
1140 3748 1281 3816 quod
1312 3748 1364 3801 in
1394 3748 1712 3820 Apocalypsi
1746 3752 1826 3805 di-

232 3836 328 3889 scit
357 3836 420 3890 de
449 3835 540 3889 illo
566 3828 842 3891 Joannes:
867 3836 971 3902 Qui
995 3847 1070 3892 est
1100 3841 1242 3893 testis
1268 3839 1459 3909 fidelis,
1505 3841 1827 3912 Primogeni-

247 3937 340 3980 tus
363 3935 706 3992 mortuorum,
735 3936 785 3980 et
816 3928 1053 3998 princeps
1081 3945 1256 3998 regum
1282 3938 1454 3984 terrm.
1489 3929 1669 4000 (Apoc.
1691 3930 1730 4002 ι)
1758 3932 1825 3985 Ει

244 4016 524 4086 apostolus
551 4016 748 4091 Paulus
778 4036 790 4069 :
819 4015 957 4070 Nam
984 4034 1110 4088 quos
1131 4019 1386 4087 praesciuit
1409 4029 1457 4072 et
1482 4019 1820 4089 pm’deslina-

241 4108 320 4160 vit
351 4105 642 4174 conformes
679 4107 795 4174 fieri
823 4107 1084 4184 imaginis_
1106 4106 1232 4160 Filii
1263 4109 1368 4174 sui,
1411 4118 1466 4161 ut
1489 4109 1553 4162 sit
1581 4109 1685 4178 ipse
1713 4110 1821 4179 pri-

241 4195 556 4265 mogenitus~
577 4195 632 4248 in
665 4194 843 4249 multis
876 4195 1126 4264 fratribus
1158 4195 1335 4266 (Rom.
1365 4197 1504 4269 vm).
1547 4197 1822 4270 Primoge—

242 4291 394 4344 nitus
432 4289 629 4359 quippe
675 4298 1005 4344 mortuorum
1039 4299 1281 4356 vocatur,
1310 4291 1434 4360 quia
1466 4301 1587 4362 post
1623 4293 1819 4348 multos

241 4381 373 4434 licet
402 4378 596 4434 fratres
638 4381 970 4444 incarnatus,
1005 4376 1212 4450 primus
1235 4383 1476 4439 omnium
1520 4385 1754 4439 surrexit
1783 4401 1812 4439 a

1937 3202 2029 3264 ris,
2064 3202 2117 3255 in
2149 3217 2234 3256 me
2263 3202 2520 3256 salvando
2557 3202 2812 3259 clarifica.
2841 3202 2997 3260 Iesus
3043 3221 3170 3280 ergo
3197 3221 3392 3262 nomen
3428 3215 3512 3261 est

1932 3292 2074 3357 Filii,
2112 3295 2200 3363 qui
2245 3309 2310 3349 ex
2347 3295 2564 3365 Virgine
2613 3302 2771 3351 natus
2800 3305 2902 3361 est,
2949 3297 3138 3366 angelo
3180 3307 3533 3370 exponentep‘

1931 3383 2237 3452 signiﬁcans
2266 3385 2406 3453 quod
2429 3385 2542 3455 ipse
2567 3385 2735 3448 salvet
2755 3387 3006 3458 populum
3027 3403 3182 3441 suum
3213 3404 3243 3442 a
3269 3390 3507 3458 peccatis

1929 3489 2134 3528 eorum.
2169 3474 2269 3550 Qui
2292 3484 2470 3530 autem
2502 3476 2673 3532 salvat
2697 3491 2727 3531 a
2751 3479 3007 3548 peccatis,
3040 3478 3096 3533 id
3121 3486 3224 3544 est,
3257 3495 3286 3532 a
3314 3495 3502 3534 corru-

1926 3564 2199 3632 ptionibus
2245 3567 2438 3623 mentis
2483 3575 2537 3621 et
2582 3568 2843 3634 corporis,
2871 3583 2990 3636 quae
3025 3569 3096 3623 ob
3124 3578 3344 3637 peccata
3379 3586 3506 3627 con-

1931 3655 2160 3724 tingunt,
2205 3669 2306 3712 nec
2359 3670 2481 3710 noua
2504 3663 2558 3711 et
2599 3656 2668 3712 ab
2708 3657 2822 3726 ipsa
2861 3664 3033 3711 morte
3086 3657 3146 3711 in
3185 3669 3501 3730 perpetuum

1927 3742 2171 3798 salvabit.
2699 3756 2712 3762 "

2543 3837 2769 3894 CAPUT
2803 3838 2864 3892 ll.

1924 3925 2000 3979 De
2032 3927 2299 3999 natiuitate
2329 3928 2521 3999 (Παίδιί
2547 3929 2600 3981 in
2631 3928 2924 3999 Bethleltem
2951 3928 3120 3999 Iuda,
3143 3937 3189 3983 et
3213 3931 3411 3999 magis;
3436 3932 3498 3985 de

2135 3997 2260 4068 fuga
2281 3999 2335 4050 in
2358 3997 2432 4051 1E
2436 4007 2646 4069 gyptum
2668 4007 2714 4051 et
2738 4014 2856 4051 nece
2875 3998 3160 4066 infantum,
3186 4006 3292 4054 etc.

1992 4108 2081 4180 [1.]
2102 4107 2239 4165 ’ϐαίη
2264 4126 2382 4179 ergo
2411 4119 2564 4165 natus
2589 4119 2718 4164 esset
2740 4109 2893 4163 Iesus
2919 4111 2972 4163 in
2999 4109 3297 4164 Bethlehem
3321 4109 3488 4177 Iuda,

1920 4198 1974 4252 in
2002 4199 2180 4252 diebus
2216 4199 2442 4254 Herodis
2479 4201 2634 4270 regis.
2673 4198 2882 4270 (MAUR.
2909 4199 2926 4271 )
2949 4201 3023 4254 De
3065 4201 3342 4256 nativitate
3376 4204 3496 4271 qui-

1919 4290 2038 4343 dem
2077 4291 2286 4345 Domini
2316 4291 2368 4344 in
2404 4291 2716 4346 Bethlebem
2752 4290 3034 4346 Matthreus
3059 4291 3336 4362 Lucasque
3365 4309 3490 4348 con-

1919 4381 2158 4436 sentiunt
2182 4398 2197 4447 ;
2223 4382 2316 4436 sed
2338 4382 2603 4450 quomodo
2643 4393 2699 4437 et
2737 4397 2840 4451 qna
2886 4398 3045 4437 causa
3088 4382 3154 4435 ad
3195 4396 3314 4436 eam
3343 4385 3487 4438 veni-

240 4469 494 4534 tnortuis,
521 4477 576 4523 et
602 4469 744 4522 viam
766 4469 837 4524 de
867 4442 1039 4524 morte
1064 4471 1407 4527 credentibus
1435 4473 1556 4528 vitae
1579 4474 1812 4533 cmlestis
1840 4442 1893 4499 Β
1917 4459 2035 4529 rent
2070 4442 2265 4543 Ioseph
2291 4442 2558 4539 et-Maria,
2587 4442 2770 4528 Lucas.
2786 4473 3027 4543 exponit,
3056 4473 3329 4530 Matthazus
3349 4489 3486 4544 prte-

238 4561 476 4630 aperuit.
609 4625 611 4630 η

314 4648 708 4719 Primogenitus
746 4650 799 4705 in
847 4649 1029 4710 multis
1077 4650 1357 4719 fratribus,
1405 4656 1530 4723 quia
1566 4665 1813 4725 quotquot

235 4751 538 4809 recepeth
567 4758 703 4806 eum,
745 4742 888 4798 dedit
936 4744 1010 4796 cis
1039 4753 1340 4812 potestatem
1378 4744 1516 4812 ﬁlios
1565 4746 1658 4800 Dei
1695 4747 1811 4815 ﬁeri

236 4830 427 4900 (Ioan.
456 4831 535 4902 I);
587 4847 816 4902 quorum
881 4840 1028 4901 recte
1063 4831 1452 4902 primogenitus
1492 4835 1811 4904 appellatur,

234 4919 366 4988 quia
390 4935 577 4973 omnes
601 4920 905 4989 adoptionis
931 4920 1068 4977 ﬁlios
1090 4922 1252 4976 etiam
1280 4931 1334 4977 et
1362 4922 1482 4982 illos
1507 4903 1598 4994 qui
1628 4903 1810 4980 ineat:

233 5012 472 5065 nationis
498 5011 611 5078 ejus
646 5021 885 5083 tempora
914 5016 1186 5070 nascendo
1206 5017 1808 5089 prmeesseruntﬁigid—

233 5109 347 5154 tale
391 5101 757 5170 praegreditur.
789 5100 1064 5170 Siquidem
1093 5113 1315 5174 [nissum
1348 5106 1421 5160 illi
1450 5122 1570 5161 cum
1601 5108 1805 5164 Joanne

234 5191 580 5246 veracissime
610 5193 794 5245 testari
828 5209 840 5244 :
875 5194 1009 5261 Quia
1055 5197 1146 5265 qui
1190 5207 1305 5265 post
1351 5215 1444 5252 nos
1489 5200 1646 5264 venit,
1685 5210 1804 5254 ante

231 5299 328 5335 nos
353 5282 525 5351 factus
551 5291 646 5347 est,
677 5283 730 5336 id
755 5291 857 5345 est,
887 5293 1009 5352 post
1031 5302 1129 5341 nos
1156 5289 1372 5356 quidem
1397 5291 1448 5344 in
1489 5293 1688 5346 mundo
1715 5292 1816 5362 ge-_

230 5376 378 5428 nitus
407 5374 510 5439 'est,
543 5375 638 5430 sed
678 5375 870 5453 merito
905 5376 1120 5431 virtutis
1142 5386 1203 5433 et
1230 5381 1376 5449 regni
1419 5383 1806 5450 primogenitus

229 5468 472 5521 omnium
502 5476 744 5521 nostrum
768 5465 891 5535 jure
921 5477 1160 5521 vocatur.
1189 5467 1289 5534 Qui
1317 5478 1365 5523 et
1398 5471 1449 5523 in
1481 5471 1593 5540 ipsa
1626 5472 1802 5526 divina

229 5558 517 5611 nativitate
555 5573 660 5612 non
709 5553 1149 5613 inconvenienter
1193 5552 1374 5628 potest
1416 5563 1803 5633 primogenitns

227 5648 352 5713 dici,
399 5649 525 5718 quia
577 5649 886 5718 priusquam
917 5649 1510 5707 creaturam'l‘aciendo
1553 5654 1795 5723 gigneret

1914 4570 2182 4624 termittit.
2212 4568 2506 4642 Quomodo,
2534 4578 2589 4624 et
2616 4570 2745 4624 illud
2774 4573 2914 4640 quod
2939 4573 3155 4641 angelus
3175 4573 3492 4641 pastoribus,

1912 4667 2121 4725 natum,
2155 4660 2287 4712 etin
2316 4661 2538 4730 prmsepi
2577 4661 2810 4730 positum
2851 4662 3216 4724 nuntiaverat;
3249 4668 3302 4715 et
3337 4663 3482 4731 quod

1913 4749 2199 4826 multitudo
2227 4750 2430 4804 militiae
2453 4750 2688 4805 caelestis
2709 4751 2844 4805 facta
2874 4760 2955 4806 est
2989 4767 3109 4805 cum
3138 4751 3328 4820 angelo
3356 4750 3478 4805 lau-

1912 4841 2155 4896 dantium
2191 4842 2474 4897 Dominum
2503 4859 2516 4907 ;
2552 4851 2607 4897 et
2641 4843 2781 4911 quod
2814 4850 3072 4895 venerunt
3108 4848 3351 4909 pastores
3373 4883 3387 4905 ,
3425 4851 3482 4896 et

1910 4932 2165 4987 viderunt
2192 4948 2378 4987 verum
2416 4948 2536 4987 esse
2567 4933 2709 5000 quod
2746 4932 2823 4986 eis
2851 4931 3071 5000 angelus
3101 4931 3475 4998 nuntiaverat;

1909 5030 1963 5075 et
1988 5022 2129 5089 quod
2152 5022 2236 5074 die
2263 5011 2686 5074 circumcisionis
2712 5035 2820 5072 suae
2850 5018 3007 5073 Iesus
3037 5022 3231 5073 nomen
3258 5035 3478 5089 accepe-

1911 5111 2022 5172 rit,
2064 5109 2204 5162 Luca
2248 5125 2343 5177 per
2377 5108 2620 5161 ordinem
2665 5116 2943 5171 narrante,
2989 5107 3267 5161 Matthzeus
3315 5118 3472 5162 tacet.

1911 5197 2060 5253 Sicut
2086 5206 2271 5252 contra
2308 5197 2373 5250 de
2406 5197 2605 5265 magis,
2644 5197 2795 5249 stella
2827 5198 2980 5260 duce,
3029 5197 3095 5250 ab
3131 5196 3347 5250 Oriente
3387 5213 3476 5250 vc-

1909 5289 2177 5344 nieutibus
2217 5287 2283 5340 ad
2323 5287 2608 5351 Herodem,
2647 5296 2701 5341 et
2742 5287 2942 5356 Regem
2978 5294 3156 5339 natum
3191 5288 3481 5352 quaerentia

1907 5381 2028 5443 bus,
2058 5361 2354 5446 oblatisque
2381 5377 2694 5430 muneribus
2717 5419 2730 5440 ,
2768 5386 2822 5430 et
2845 5377 2911 5430 de
2932 5376 3098 5429 reditu
3125 5390 3334 5439 eorum,
3363 5375 3471 5435 Lu-_

1906 5488 1997 5526 cas
2026 5479 2198 5534 tacet,
2232 5469 2509 5523 Mattbteus
2551 5469 2699 5523 dicit.
2739 5468 2903 5521 Natus
2940 5477 3019 5521 est
3067 5481 3193 5536 ergo
3216 5466 3473 5520 Dominus

1904 5561 2134 5621 Iesusein
2156 5560 2371 5614 civitate
2391 5575 2510 5629 quae
2541 5560 2847 5614 Bcthlehem
2875 5558 3005 5612 Jnda
3033 5559 3251 5620 dicitur,
3281 5559 3345 5610 ad
3374 5558 3470 5610 diti

1906 5650 2184 5704 furentium
2236 5650 2454 5704 alterius
2493 5668 2609 5720 qum
2650 5652 2700 5702 in
2731 5649 2942 5703 Galiizea
2991 5651 3211 5704 habetur
3247 5652 3295 5702 in
3330 5650 3470 5703 tribu
