3948 6330
223 289 327 345 71.7

1211 286 1556 343 COMMENT.
1600 285 1661 339 IN
1707 280 2137 337 MATTHJEUM.
2202 314 2205 317 ι

2286 280 2413 334 Llll.
2457 282 2493 333 Ι.
3386 280 3481 331 τἰἰ

313 410 543 462 Vidimus
559 403 1653 472 enimstellunttjusinOriente,etvunimns
1677 399 1802 452 at'lo-
1832 406 1870 461 Α
1905 397 2159 451 ostendit.
2195 395 2549 465 Congregavit
2596 397 2736 448 enim
2785 402 2977 449 eos'ul
3026 400 3275 471 probaret
3302 410 3478 451 utrum

221 518 346 553 rure
369 514 505 551 eum.
534 486 1003 549 Adconfusionem
1025 494 1348 560 .ludmorum,
1383 503 1439 547 ιιι
1463 492 1797 546 nativitatem

218 588 427 643 Christi
452 600 482 638 a
506 586 751 655 gentibus
776 584 1061 649 discerent,
1090 585 1261 639 oritur
1289 583 1437 637 stella
1470 583 1523 635 in
1554 581 1795 643 Oriente,

220 691 391 747 quam
417 675 672 735 futuram,
708 673 943 739 Balaam,
976 673 1128 742 cujus
1149 688 1489 727 successores
1513 680 1688 735 erant,
1713 687 1802 723 va-

220 766 415 821 ticinio
445 773 704 819 noverant
724 804 739 825 .
771 766 909 819 sicut
939 764 990 817 in
1021 763 1269 817 Numeris
1294 762 1503 831 legitur.
1545 761 1633 815 Ait
1656 760 1799 815 enim

218 854 370 909 inter
398 864 591 910 caetera
618 855 732 909 sic:
764 856 976 908 Urietur
1000 853 1147 907 stella
1178 870 1239 906 ex
1264 852 1427 906 Jacob
1447 893 1461 917 ,
1490 861 1534 905 et
1562 862 1801 921 exsurget

216 946 382 997 homo
429 962 493 999 ea:
525 944 712 998 Israel.
758 942 945 1015 (Num.
986 944 1155 1013 xxxv.)
1199 942 1400 996 Idcirco
1439 951 1613 995 autem
1661 944 1799 1012 magi

215 1036 367 1107 apud
398 1036 559 1091 Israel
597 1037 864 1108 prmeipue
898 1044 1079 1090 natum
1121 1050 1297 1105 regem
1325 1035 1639 1103 requirunt,
1675 1036 1799 1103 quia

214 1139 325 1193 per
363 1125 581 1179 Balaam
635 1127 699 1181 de
740 1125 903 1183 Israel
959 1124 1290 1180 nasciturum
1330 1140 1452 1179 eum
1492 1124 1795 1179 audierunt.

213 1216 240 1287 (
262 1214 425 1285 Fulg.
452 1226 470 1287 )
500 1216 645 1271 Nova
686 1218 829 1271 enim
864 1216 1018 1271 stella
1048 1230 1244 1270 novum
1274 1215 1588 1270 adventasse
1625 1216 1798 1269 homi-

212 1321 350 1363 nem
378 1307 667 1363 revelabat.
694 1307 898 1373 Quibus
924 1322 1051 1361 vero
1074 1306 1268 1370 radiis,
1298 1316 1564 1375 quantove
1599 1305 1797 1361 lu‘mine

212 1397 374 1452 illam
418 1398 627 1453 Domini
679 1393 887 1455 stellam
930 1398 1149 1467 antiqua
1195 1399 1464 1453 credimus
1503 1406 1630 1452 tunc
1658 1398 1799 1453 inter

213 1500 371 1545 astra
398 1489 638 1545 fulsisse!
668 1489 935 1556 Quantum
969 1488 1019 1543 in
1052 1488 1331 1559 splendore
1353 1489 1647 1558 praecessit,
1681 1476 1799 1542 tan-

213 1589 338 1634 tum
376 1579 602 1651 prmibat
653 1580 721 1639 in.
752 1594 994 1634 munere.
1027 1578 1156 1647 Quae
1195 1578 1341 1635 velut
1374 1579 1592 1650 quidam
1635 1579 1799 1633 totius

210 1668 369 1724 orbis
388 1667 596 1734 oculus,
628 1667 908 1739 caligantis
937 1668 1119 1722 mundi
1141 1676 1376 1723 veterem
1407 1668 1624 1723 novavit
1644 1682 1797 1737 aspe-

1904 490 2037 560 legis
2069 491 2315 557 peritiam
2359 492 2644 553 haberent,
2678 502 2734 545 et
2764 494 2815 546 in
2846 492 3190 547 Testamento
3230 494 3483 548 divinitus

1904 583 2206 650 conscripto
2236 582 2473 637 cmlestis
2504 585 2645 652 regis
2670 584 3001 637 nativitatem
3028 586 3327 651 potuissent
3347 598 3482 653 pra:-

1901 671 2101 725 dictatn
2152 672 2406 735 invenire,
2450 681 2504 726 et
2547 673 2776 726 fortasse
2820 681 2879 725 ut
2922 674 3128 726 videret
3172 683 3348 726 utrum
3380 672 3484 725 tale

1902 763 2019 831 ejus
2067 764 2313 817 nuntimn
2356 764 2542 829 laztos,
2600 780 2666 817 an
2715 764 2897 818 tristes
2940 763 3159 817 faceret.
3211 762 3479 815 Christum

1902 859 2046 911 enim
2080 873 2199 911 eum
2231 858 2471 911 nominat
2498 898 2511 922 ,
2544 859 2666 926 quia
2704 857 2854 911 novit
2888 854 3193 910 Judazorum
3225 870 3370 908 more
3404 871 3485 907 rc-

1903 965 1995 1017 ges
2019 950 2137 1003 oleo
2166 948 2414 1019 perungi.

1970 1039 2035 1091 At
2062 1039 2140 1091 illi
2166 1039 2411 1093 dixerunt
2436 1078 2450 1104 ,
2488 1039 2539 1091 in
2570 1038 2865 1091 Bethlehcm
2891 1038 3054 1091 Juda.
3084 1035 3169 1089 Sic
3198 1034 3333 1090 enim
3360 1036 3487 1087 scri-

1899 1141 2045 1199 ptum
2084 1140 2156 1185 est
2182 1149 2275 1201 per
2297 1132 2600 1205 prophetam
2630 1144 2646 1182 :
2672 1131 2740 1184 Et
2764 1142 2816 1185 tn
2848 1130 3143 1197 Betltleltem
3171 1140 3313 1183 terra
3342 1126 3489 1181 Juda

1901 1240 2226 1294 nequaquam
2277 1223 2495 1276 minima
2539 1239 2592 1275 es
2650 1223 2705 1275 in
2744 1219 3065 1293 principibus
3101 1221 3267 1274 Iuda.
3316 1219 3396 1272 Ex
3442 1228 3488 1272 .‘c

1897 1318 2036 1369 enim
2088 1317 2219 1370 exiet
2262 1318 2410 1377 dum,
2463 1316 2553 1386 qui
2605 1326 2740 1385 reget
2791 1313 3043 1385 populum
3101 1328 3270 1367 meum
3320 1310 3488 1365 Israel

1901 1404 2083 1476 (Micli.
2113 1405 2187 1476 v).
2238 1404 2459 1460 Michca:
2513 1412 2734 1459 utuntur
2785 1404 3092 1459 testimonio
3143 1404 3197 1456 in
3244 1417 3351 1471 quo
3396 1416 3485 1454 ar-

1899 1502 2132 1563 guuntur
2167 1494 2344 1548 nimia?
2380 1494 2666 1548 oblivionis
2689 1534 2705 1557 ,
2747 1493 2889 1562 quod
2927 1508 3032 1546 non
3070 1492 3273 1547 eisdem
3305 1490 3487 1545 verbis

1898 1584 2091 1652 quibus
2112 1585 2370 1654 propheta
2392 1585 2621 1650 dixerat,
2645 1593 2885 1639 utuntur.
2901 1584 2976 1638 Ita
2998 1585 3142 1639 enim
3159 1584 3235 1638 ait
3256 1583 3490 1654 prophe—

1898 1681 1953 1727 ta
1986 1691 1998 1726 :
2029 1673 2094 1725 Et
2120 1683 2176 1725 tu
2194 1672 2486 1727 Bethlehcm
2512 1674 2747 1743 Ephrata
2772 1690 3094 1743 nequaquam
3118 1673 3338 1742 parvula
3361 1691 3413 1727 es
3433 1674 3487 1726 in

209 1770 389 1816 ctum.
423 1760 627 1833 (Grcg.)
655 1761 760 1816 Sed
788 1760 1133 1830 qurerendum
1161 1760 1313 1813 nobis
1342 1768 1425 1814 est
1448 1760 1701 1828 quidnam
1730 1759 1810 1821 sit,
1828 1745 1875 1803 Β
1903 1762 2132 1816 millibus
2167 1763 2331 1817 Juda.
2362 1762 2444 1817 Ea:
2468 1772 2514 1817 te
2536 1764 2661 1816 mihi
2681 1764 2973 1833 egredietur
2995 1764 3081 1833 qui
3108 1764 3171 1817 sit
3194 1764 3490 1817 dominator

208 1846 363 1914 quod
386 1845 744 1913 Redemptore
775 1853 937 1909 nato,
973 1843 1280 1913 pastoribus
1319 1843 1372 1896 in
1407 1841 1587 1897 Iudaea
1636 1857 1804 1913 augeo

211 1935 308 1990 lus
329 1934 610 2004 apparuit,
656 1942 814 2003 atque
844 1936 911 1987 ad
942 1933 1272 1988 adorandum
1315 1934 1456 1988 hunc
1489 1933 1557 1987 ab
1586 1930 1803 1987 Oriente

213 2042 431 2098 magos,
465 2043 571 2082 non
598 2026 821 2099 angelus
846 2067 861 2089 ,
892 2025 986 2081 sed
1010 2025 1162 2081 stella
1196 2025 1461 2095 perduxit.
1488 2024 1620 2092 Quia
1654 2024 1802 2079 scili-

209 2126 310 2174 cet
360 2116 558 2173 ludatis
620 2128 876 2188 tanquam
943 2116 1152 2171 ratione
1203 2115 1477 2171 utentibus
1541 2114 1804 2169 rationale

209 2210 467 2283 animall
517 2211 570 2265 id
621 2218 705 2266 est
751 2208 1013 2281 angelus,
1058 2209 1351 2279 przedicarc
1403 2206 1621 2272 debuit;
1674 2221 1802 2278 gen-

210 2301 347 2358 tiles
387 2318 537 2370 vero,
580 2304 705 2374 quia
752 2303 961 2359 ratione
998 2302 1072 2357 uti
1128 2301 1456 2367 nesciebant,
1500 2301 1566 2355 ad
1599 2316 1803 2369 cogno-

210 2394 480 2449 scendum
524 2394 805 2449 Dominum
864 2409 969 2448 non
1023 2408 1119 2463 per
1164 2408 1350 2456 vocem
1378 2433 1392 2457 ,
1448 2392 1539 2447 sed
1587 2407 1683 2462 per
1730 2392 1805 2445 si-

211 2486 739 2583 gnayerducuntur.
773 2485 927 2553 Unde
965 2486 1128 2541 etiam
1174 2498 1269 2557 per
1296 2485 1519 2539 Paulum
1552 2485 1748 2540 dicitur
1787 2503 1799 2538 :

212 2574 505 2645 Prophetia
537 2577 795 2647 ﬁdelibus,
825 2595 929 2632 non
968 2578 1265 2647 inﬁdelibus
1290 2595 1308 2643 ;
1344 2578 1493 2648 signa
1520 2587 1691 2632 autem
1722 2578 1803 2630 in-

209 2666 481 2735 ﬁdelibus,
525 2684 627 2722 non
669 2668 908 2738 ﬁdelibus
963 2668 1013 2739 (1
1040 2670 1161 2723 Cor.
1208 2670 1345 2741 xw).
1392 2649 1459 2723 Et
1504 2669 1801 2725 notandum

212 2754 363 2822 quod
386 2754 797 2825 Redemptorem
826 2765 1070 2811 nostrum
1094 2773 1214 2813 cum
1241 2758 1353 2829 jam
1384 2758 1634 2829 perfecta:
1657 2768 1805 2813 esset

210 2844 397 2899 mtatis
435 2846 637 2901 eisdem
662 2846 908 2916 gentibus
945 2849 1170 2918 apostoli
1204 2850 1536 2920 praedicant,
1571 2865 1805 2918 eumque

210 2935 504 3005 parvulum
537 2944 591 2990 et
630 2938 859 2991 necdum
890 2954 989 3008 per
1018 2940 1236 2994 humani
1282 2941 1525 3011 corporis
1567 2940 1803 2997 ofﬁcium

212 3024 526 3092 loquentem
557 3025 711 3079 stella
755 3027 1003 3095 gentibus
1045 3014 1345 3083 denuntiat.
1378 3028 1513 3097 Quia
1544 3020 1801 3103 nimirum

213 3116 449 3171 rationis
471 3117 603 3171 ordo
623 3094 879 3187 poscebat
906 3124 965 3170 ut
990 3125 1044 3172 et
1072 3117 1379 3187 loquentem
1406 3094 1695 3174 Dominum
1725 3100 1802 3173 lo-
1828 3094 1873 3157 (ἶ

211 3215 450 3277 quentes
470 3208 623 3272 nobis
646 3208 1026 3277 praedicatores
1049 3209 1466 3278 innotescerent,
1495 3218 1549 3266 et
1572 3210 1800 3265 necdum

213 3299 529 3369 loquentem
555 3300 819 3355 elementa
851 3311 998 3355 muta
1023 3302 1395 3372 prtedicarent.

298 3393 531 3446 Audiens
562 3384 735 3446 autem
766 3391 999 3448 Herodes
1036 3410 1126 3448 rea:
1155 3381 1391 3449 turbatus
1414 3403 1508 3461 est,
1547 3403 1594 3449 et
1630 3395 1801 3449 omnis

213 3470 553 3554 Jcrosolyino
574 3500 690 3536 cum
724 3502 803 3539 eo.
833 3484 965 3540 ϐωιὶ
994 3486 1138 3556 Rege
1168 3494 1324 3551 nato,
1366 3502 1459 3542 rex
1492 3494 1651 3543 terra:
1690 3498 1802 3542 tur-

214 3576 385 3629 batus
419 3583 521 3639 est,
552 3574 675 3643 quia
701 3574 954 3628 nimirum
985 3584 1197 3631 terrena
1227 3576 1451 3631 altitudo
1476 3616 1489 3643 ,
1521 3576 1803 3631 confundi-

215 3674 314 3719 tur
361 3680 484 3720 cum
531 3665 791 3720 celsitudo
844 3666 1081 3722 caelestis
1133 3667 1389 3737 aperitur.
1444 3666 1686 3739 (Fulg.)
1738 3668 1804 3723 Et

216 3758 427 3812 frustra
471 3755 706 3811 Herodes
733 3757 978 3811 turbatur
1002 3757 1396 3826 suspicionibus
1426 3798 1440 3823 ,
1484 3757 1633 3813 falsis
1677 3773 1805 3814 nec-

218 3847 520 3917 quidquam
552 3846 807 3915 agitatur,
844 3846 1056 3899 invidia:
1082 3846 1315 3903 stimulis
1339 3848 1721 3915 inﬂammatur,
1750 3856 1804 3903 ct

214 3936 297 3992 ob
325 3937 427 3991 hoc
467 3927 652 3989 natum
701 3936 1187 4006 Regem‘occidcre
1233 3946 1478 3992 conatur.
1509 3938 1691 3994 Inanis
1714 3948 1821 4004 est

218 4028 330 4099 ista
362 4026 593 4080 turbatio
616 4034 671 4080 ct
704 4041 841 4082 vana
869 4042 1092 4096 prorsus
1120 4027 1401 4098 cogitatio;
1438 4026 1553 4083 Rex
1583 4029 1685 4085 iste
1710 4016 1822 4099 qui.

220 4125 387 4173 natus
422 4122 505 4171 est
536 4132 641 4205 non
689 4117 833 4170 venit
880 4133 1032 4188 rcges
1070 4132 1323 4188 superare
1354 4119 1680 4193 pugnando,
1707 4119 1802 4185 sed

218 4203 506 4259 moriendo
538 4203 854 4258 mirabiliter
872 4203 1177 4275 subjugare.
1206 4204 1317 4275 Nec
1341 4207 1459 4263 ideo
1491 4214 1648 4264 natus
1671 4210 1798 4273 est,

219 4304 287 4349 ut
315 4294 513 4351 Herodi
554 4297 837 4362 succedat,
884 4297 979 4352 sed
1013 4305 1070 4352 ut
1114 4298 1165 4352 in
1212 4313 1334 4353 eum
1362 4300 1593 4356 mundus
1631 4290 1803 4355 fideli?

219 4397 315 4445 ter
358 4389 565 4442 credat.
609 4389 766 4443 Venit
803 4390 944 4443 enim
985 4404 1093 4444 non
1129 4397 1187 4444 ut
1226 4398 1425 4460 pugnet
1467 4391 1656 4459 vivus,
1706 4392 1801 4448 sed

219 4488 286 4533 ut
337 4478 627 4548 triumphet
680 4462 910 4555 occisus.
967 4478 1077 4534 Nec
1121 4480 1267 4534 venit
1316 4488 1375 4535 ut
1421 4481 1522 4536 sibi
1570 4482 1637 4537 de
1678 4481 1799 4537 aliis

217 4569 475 4641 gentibus
516 4586 649 4624 auro
695 4566 1269 4639 exercitumquzerat,
1323 4562 1416 4626 sed
1460 4580 1517 4625 ut
1566 4588 1665 4643 pro
1694 4569 1823 4643 sal!

217 4659 416 4714 vandis
436 4659 684 4728 gentibus
716 4660 1013 4729 pretiosum
1054 4660 1367 4731 sanguinem
1403 4659 1608 4715 fundat.
1643 4642 1795 4728 Quod

218 4758 405 4805 autem
442 4750 573 4828 dicit
609 4749 821 4804 turbato
859 4749 1064 4804 Herode
1103 4758 1265 4803 totam
1305 4748 1603 4805 Jerusalem
1634 4750 1794 4807 simul

216 4854 349 4895 cum
394 4838 484 4893 illo
530 4840 772 4904 turbari,
812 4840 926 4895 sive
965 4839 1282 4895 adulationis
1328 4839 1508 4896 favore
1558 4842 1661 4896 hoc
1711 4842 1792 4895 fa-

217 4942 373 4986 ctum
399 4946 517 4986 esse
551 4931 822 4986 credimus
846 4972 860 4995 ,
902 4939 961 4985 ut
995 4932 1235 4985 membra
1260 4931 1440 4999 iniquo
1478 4931 1639 5003 capiti
1670 4948 1795 4991 con-

219 5021 486 5087 sentiant,
514 5022 655 5077 sicut
682 5020 937 5091 scriptum
973 5029 1058 5076 est
1083 5039 1097 5074 ε
1128 5021 1292 5075 Amici
1318 5021 1534 5077 divitum
1561 5020 1796 5092 plurimi,

218 5120 272 5165 et
308 5112 699 5194 dr‘vitijdecepto
728 5112 877 5166 multi
915 5122 1316 5183 recuperatores.
1361 5112 1585 5167 Locutus
1606 5124 1679 5168 est
1709 5132 1799 5169 su-

216 5201 379 5274 perbe
406 5212 453 5255 et
472 5201 889 5271 justi/icaveruut
912 5204 1059 5258 illum
1085 5202 1273 5274 (Prov.
1305 5205 1461 5276 xw);
1498 5206 1610 5260 sive
1630 5207 1795 5261 animi

217 5292 376 5354 odio,
402 5307 467 5347 eo
493 5293 636 5362 quod
658 5292 894 5363 legerent
922 5294 976 5347 in
1006 5294 1290 5364 prephetia
1310 5293 1523 5348 Balaam
1555 5312 1566 5347 :
1596 5294 1670 5349 De
1705 5294 1795 5350 .Ia-

219 5385 330 5443 cob
355 5370 478 5451 erit,
509 5385 599 5455 qui
634 5386 963 5451 dominetur,
992 5396 1045 5443 et
1066 5387 1253 5455 perdat
1274 5385 1507 5456 reliquas
1527 5386 1792 5443 civitates.

301 5477 369 5531 Et
388 5494 701 5549 congregans
721 5495 897 5533 omnes
920 5479 1173 5561 principes
1198 5478 1537 5541 sacerdotum
1566 5489 1613 5533 et
1651 5478 1799 5535 Scri-

218 5576 319 5625 [ιω
345 5571 546 5642 populi,
573 5572 933 5627 sciscitabatur
964 5589 1029 5627 ex
1067 5568 1138 5627 eis
1178 5574 1263 5627 ubi
1290 5571 1528 5629 Christus
1554 5592 1765 5631 nascere
1782 5605 1795 5617 -

224 5676 330 5715 tur.
383 5661 437 5726 In
489 5663 653 5727 verbo
696 5665 1049 5733 congregautli
1102 5664 1429 5736 diligentiam
1476 5666 1792 5739 inquirentis

1832 4441 1881 4501 D

1904 1853 1960 1906 in
1986 1850 2174 1907 Israel.
2209 1852 2378 1923 (Leo.)
2404 1851 2541 1918 Quid
2569 1853 2710 1907 enim
2737 1861 2846 1906 tam
2877 1867 3100 1918 czccum,
3120 1853 3247 1923 quid
3272 1862 3379 1907 tam
3402 1853 3487 1906 lu-

1906 1943 1984 1999 eis
1999 1943 2231 1999 alienum
2245 1958 2405 2013 quam
2422 1943 2495 1997 illi
2512 1944 2818 1999 sacerdotes
2839 1952 2893 2003 et
2908 1944 3108 1999 Scribw
3124 1942 3487 1998 Israelitarum

1905 2032 2161 2090 fuerunt?
2184 2035 2277 2105 qui
2308 2034 2756 2105 percontantibus
2784 2034 2955 2103 magis
2978 2076 2993 2101 ,
3033 2041 3088 2088 et
3114 2032 3325 2088 Herode
3346 2049 3491 2103 quae-
3588 2092 3591 2095 λ

1906 2134 2062 2183 rente
2091 2127 2181 2182 ubi
2207 2125 2454 2182 Christus
2492 2126 2789 2181 secundum
2817 2124 3223 2194 Scripturarnm
3249 2124 3491 2178 testimo-
3584 2204 3587 2205 ν

1888 2218 2057 2301 .nium
2092 2226 2408 2274 nasceretur
2430 2258 2444 2283 ,
2485 2218 2587 2273 hoc
2634 2216 3029 2286 responderunt
3075 2214 3140 2269 de
3176 2213 3492 2285 prophetico

1906 2299 2141 2380 eloquio,
2173 2309 2315 2380 quod
2358 2309 2630 2364 indicabat
2652 2308 2805 2363 stella
2849 2307 2913 2361 de
2954 2306 3112 2361 C(BIO.
3143 2305 3273 2373 Quae
3307 2304 3493 2373 utique

1904 2406 2156 2471 potuerat
2187 2413 2372 2469 magos
2412 2396 2764 2468 Jerosolymis
2810 2395 3191 2467 prretermissis
3221 2408 3392 2463 usque
3422 2394 3491 2448 ad

1906 2490 2170 2547 cunabula
2198 2490 2353 2561 pueri
2384 2490 2526 2546 sicut
2548 2489 2892 2560 postmodum
2923 2486 3069 2553 fecit,
3099 2501 3193 2541 sua
3224 2483 3493 2555 signiﬁca-

1906 2581 2051 2637 tione
2078 2581 2396 2651 perducere,
2426 2580 2529 2635 nisi
2557 2580 2624 2635 ad
2645 2577 3030 2635 confutandam
3057 2575 3364 2631 Judaeorum
3391 2574 3490 2628 du-

1906 2674 2085 2728 ritiam
2111 2674 2461 2747 pertinuisset
2497 2680 2561 2727 ut
2595 2688 2701 2727 non
2742 2672 2917 2735 pselam
2957 2670 3119 2725 ductu
3149 2666 3361 2731 sideris,
3398 2665 3492 2721 sed

1905 2767 2071 2821 etiam
2128 2764 2366 2832 ipsorum
2422 2762 2759 2833 professione
2824 2762 3187 2815 innotesceret
3238 2755 3492 2810 nativitas

1908 2857 2222 2913 Salvatoris.
2248 2856 2382 2911 Nam
2412 2857 2480 2911 ab
2503 2855 2715 2910 Herode
2739 2838 3002 2924 rcquisiti,
3035 2852 3212 2906 locum
3241 2847 3493 2903 nativita-

1907 2950 1975 3003 tis
2002 2947 2118 3017 ejus
2148 2948 2489 3017 exprimunt,
2526 2962 2685 3018 quem
2727 2943 3023 3014 Scriptura:
3061 2941 3380 2996 auctoritate
3413 2940 3495 2994 di-

1907 3040 2169 3096 dicerent.
2192 3035 2392 3111 (Greg.)
2420 3039 2484 3091 Et
2510 3036 2874 3093 testimonium
2902 3032 3181 3105 proferunt
3200 3048 3307 3103 quo
3336 3030 3496 3084 Beth-

1907 3132 2081 3187 Iehem
2110 3130 2420 3185 honoranda
2447 3129 2728 3183 nativitate
2758 3127 2879 3182 novi
2905 3126 3056 3181 ducis
3079 3124 3399 3188 ostenditur,
3434 3124 3493 3175 ut
3528 3134 3531 3141 ‘

1872 3219 2020 3292 ,ipsa
2059 3235 2242 3275 eorum
2282 3220 2510 3273 scientia
2567 3227 2624 3272 et
2666 3218 2773 3273 illis
2816 3216 2972 3273 fieret
3017 3215 3084 3269 ad
3124 3213 3490 3292 testiinonium

1904 3299 2372 3370 damnationisfet
2394 3309 2551 3363 nobis
2574 3306 2642 3362 ad
2669 3306 2997 3375 adjutorium
3026 3288 3384 3360 credulitatis.

1978 3398 2121 3453 Tunc
2147 3397 2380 3453 Herodes
2410 3397 2547 3451 clam
2576 3396 2769 3451 vocatis
2802 3396 2967 3467 magis
2997 3394 3272 3465 diligenter
3303 3391 3488 3445 didicit

1904 3491 1969 3546 ab
1998 3491 2070 3546 eis
2096 3500 2294 3560 tempus
2323 3489 2506 3555 stella',
2537 3504 2655 3559 qua:
2680 3488 2922 3559 apparuit
2948 3486 3056 3551 eis,
3090 3494 3138 3540 et
3166 3484 3374 3537 mittens
3399 3497 3487 3535 eos

1904 3584 1960 3643 in
1995 3582 2290 3638 Bethleltem
2340 3583 2473 3637 dixit
2516 3596 2534 3634 :
2567 3579 2648 3635 Ite
2689 3591 2739 3635 et
2781 3580 3093 3650 interrogate
3118 3576 3395 3647 diligenter
3423 3572 3489 3629 de

1905 3685 2114 3745 puero,’
2140 3683 2189 3727 et
2237 3689 2353 3726 cum
2386 3670 2683 3727 inveneritis
2714 3671 3006 3724 renuntiate
3038 3668 3204 3733 mihi,
3238 3675 3293 3719 ut
3322 3673 3519 3733 et'ego‘

1907 3766 2111 3821 veniens
2139 3764 2351 3843 adorem
2378 3778 2517 3818 eum.
2550 3759 2776 3833 (blitum)
2805 3758 3032 3815 Herodis
3060 3772 3235 3823 mens,
3264 3765 3330 3810 et'
3348 3752 3489 3809 facta

1907 3856 2254 3920 conveniunt,
2282 3854 2407 3925 quia
2434 3852 2660 3909 livorem
2687 3866 2847 3922 quem
2872 3848 3089 3905 tenebat
3115 3849 3169 3903 in
3193 3846 3377 3911 corde,
3399 3843 3491 3899 .fo-
3582 3892 3585 3895 λ

1906 3946 2151 4001 rinsecus
2209 3944 2447 4001 ostendit
2498 3944 2553 3998 in
2610 3956 2792 4013 opere.
2852 3939 3003 3999 Clam
3062 3946 3221 3993 vocat
3267 3936 3491 3991 Semotis

1909 4036 2113 4092 Scribis
2137 4042 2191 4091 et
2214 4035 2582 4091 sacerdotibus
2605 4044 2810 4104 magos,
2835 4031 2961 4103 quia
2992 4030 3308 4095 intestinum
3339 4027 3489 4084 dolo-

1906 4140 2021 4181 rem
2051 4123 2357 4180 occultabat
2386 4121 2732 4177 intrinsecus.
2775 4119 3070 4191 Diligenter
3100 4118 3289 4174 didicit
3315 4118 3383 4172 ab
3411 4117 3490 4173 eis

1906 4222 2118 4283 tempus
2146 4210 2334 4276 stellae,
2360 4210 2487 4281 quia
2516 4223 2701 4268 necem
2727 4206 3025 4267 Salvatoris
3052 4208 3413 4279 meditabatur
3436 4207 3490 4261 in

1905 4311 2115 4368 mente;
2149 4301 2302 4377 [ἰιιιιίι
2338 4316 2396 4356 se
2425 4299 2580 4377 vultu:
2614 4306 2668 4354 et
2698 4297 2881 4356 verbis
2906 4313 3031 4353 eum
3061 4297 3286 4353 adorare
3311 4296 3445 4351 velle
3470 4337 3485 4359 ,

1906 4408 2066 4464 quem
2100 4375 2277 4447 invida
2333 4375 2659 4464 cogitatione
2684 4382 2966 4445 tractabat
3006 4387 3269 4446 occidere.
3318 4387 3487 4458 Cujus

1906 4484 2121 4555 quidem
2158 4498 2442 4554 personam
2488 4495 2677 4537 omnes
2722 4478 3017 4552 hypocrita:
3063 4487 3264 4534 tenent.
3312 4478 3485 4551 (ιω.)

1908 4574 2043 4640 Quia
2074 4573 2198 4627 dum
2238 4571 2360 4627 flete
2402 4558 2688 4626 Dominum
2722 4574 3000 4639 quierunt,
3052 4567 3293 4631 invenire
3338 4563 3491 4623 illuni

1907 4656 2178 4733 nunquam
2213 4662 2505 4717 merentur.
2530 4658 2831 4729 Superﬂuo,
2865 4658 3125 4724 Herodes,
3158 4657 3349 4712 timore
3374 4667 3487 4712 tur-

1904 4754 2073 4819 baris,
2102 4762 2159 4809 et
2204 4752 2408 4807 frustra
2450 4752 2506 4811 in
2545 4759 2857 4822 suspectum
2897 4749 2993 4804 tibi
3023 4737 3248 4819 puerum
3291 4752 3482 4806 saavire

1906 4846 2129 4904 moliris.
2162 4844 2281 4901 Non
2322 4846 2467 4916 capit
2492 4843 2764 4900 Christum
2801 4843 2943 4917 regia
2985 4850 3106 4908 tua,
3148 4856 3249 4923 nec
3294 4843 3477 4897 mundi

1906 4938 2165 4993 Dominus
2210 4936 2493 5008 potestatis
2532 4944 2633 4991 tum
2673 4933 2870 5004 sceptri
2921 4941 3005 4988 est
3042 4943 3339 4989 contentus
3376 4923 3481 4987 Ian-

1904 5030 2115 5100 gustiis.
2143 5029 2312 5097 Quem
2340 5028 2393 5082 in
2415 5026 2597 5081 Judata
2625 5039 2851 5094 regnare
2873 5023 2978 5096 non
3006 5024 3086 5079 vis
3110 5064 3124 5089 ,
3164 5025 3359 5094 ubique
3393 5040 3481 5079 re-
3501 5054 3515 5063 κ

1904 5128 2051 5191 gnat.
2080 5120 2147 5173 Et
2168 5118 2376 5173 felicior
2402 5117 2516 5190 ipse
2540 5129 2795 5187 regnarcs
2815 5113 2862 5169 si
2888 5112 3006 5187 ejus
3036 5113 3263 5183 imperio
3283 5115 3479 5169 subde-i
3544 5118 3551 5129 ‘

1905 5212 2059 5267 reris.
2087 5210 2197 5266 Cur
2223 5210 2437 5264 sincero
2456 5206 2632 5263 oﬂicio
2655 5221 2761 5281 non
2782 5198 2939 5273 facis,
2960 5201 3106 5277 quod
3131 5206 3357 5281 subdola
3379 5207 3477 5261 fal-

1903 5304 2063 5360 sitate
2085 5299 2357 5374 promittis
2374 5299 2400 5353 ‘l
2423 5299 2596 5370 Perge
2620 5280 2970 5368 cummagis,
2992 5280 3267 5361 et.ve'rum'
3290 5280 3476 5368 regem

1900 5392 2213 5463 suppliciter
2236 5387 2513 5467 adorendo
2536 5402 2819 5445 venerare.
2884 5450 2887 5453 η

1972 5482 2215 5549 Quicum
2237 5482 2507 5536 audissent
2548 5497 2739 5553 regem,
2782 5480 3040 5535 abierunt.
3071 5480 3294 5538 Et~ecce
3320 5480 3472 5535 stella

1898 5591 2054 5645 quam
2075 5572 2311 5629 viderunt
2342 5558 2395 5627 in
2423 5573 2635 5650 Oriente
2652 5613 2667 5639 ,
2696 5571 3025 5626 antecedebat
3050 5589 3135 5642 eos
3160 5588 3321 5643 usque
3345 5572 3475 5626 dum

1899 5667 2102 5719 veniens
2126 5676 2281 5719 staret
2317 5665 2582 5736 supranbi
2626 5673 2735 5718 erat
2773 5680 2919 5733 puer.
2966 5656 3146 5728 Venit,
3189 5663 3385 5733 inquit.
3417 5669 3477 5723 et
