3948 6318
519 293 618 346 759

1150 294 1207 347 Β.
1253 294 1501 350 RABANI
1544 297 1757 352 MAUH
1797 297 2108 352 AliCllllT.
2152 299 2453 353 MtttiliN'l‘.
2495 302 2774 357 ()I‘liltL‘M
2815 306 2990 360 PARS
3028 308 3064 360 Ι.

3658 308 3759 359 760

517 404 665 460 stetit
693 404 780 459 ubi
813 411 928 457 erat
964 419 1114 473 puer.
1144 404 1388 476 Nunquid
1423 423 1524 460 non
1555 409 1730 461 dicere
1769 417 1822 461 et
1850 408 2083 461 clamare
2114 417 2159 467 Α
2191 407 2331 460 mine
2362 408 2522 462 David
2550 425 2709 462 secun
2737 411 2838 462 'um
2861 427 3077 464 carnem
3100 422 3300 476 uatum,
3331 429 3436 466 non
3467 404 3640 465 credit
3672 432 3757 465 re—

513 495 822 550 videbatur:
841 494 1061 560 llic,hic
1083 511 1384 566 puerqnem
1410 506 1591 550 natum
1616 499 1854 551 tcstabar
1874 513 1903 551 a
1924 497 2080 551 emlo.

515 583 611 638 llic
633 591 715 638 est
737 597 826 638 rex
858 584 943 638 ille
972 601 1195 656 magnus
1223 587 1310 654 qui
1353 587 1499 638 venit
1520 587 1725 641 cwlesti
1755 589 1975 656 imperio
2002 601 2084 640 re-

513 692 673 746 gnum
703 677 911 731 sociare
954 686 1246 732 terrenum.
1301 679 1436 731 Vere
1475 676 1628 731 stella
1657 679 1770 732 haec
1798 678 2084 733 Dominicaa

511 769 809 824 nativitatis
839 771 1081 824 ministra
1111 779 1211 835 est,
1249 787 1366 839 quae
1397 780 1548 825 tanto
1571 780 1654 826 est
1681 772 1958 826 Chaldaeos
1986 772 2084 825 ob-

512 868 695 914 seeuta
721 860 1003 923 famulatu,
1032 869 1089 914 ut
1119 861 1170 914 in
1197 861 1514 931 inquirendo
1536 862 1752 918 Christo
1781 878 1883 916 non
1912 861 2083 915 solum

513 966 606 1005 eos
633 963 872 1006 moneret
897 968 925 1006 e
959 953 1095 1006 carlo
1121 993 1137 1014 ,
1168 954 1262 1007 sed
1302 961 1357 1007 et
1401 954 1654 1007 ducatmn
1697 955 1801 1007 illis
1827 952 2087 1022 prmberet

2185 514 2324 567 gem,
2354 506 2405 551 et
2435 499 2663 552 Arianus
2689 499 2797 552 Deo
2836 500 3111 568 uuigenito
3147 502 3444 555 naturalem
3475 503 3759 571 assignare

2184 591 2372 643 nititur
2386 591 2718 643 servitutem.
2740 589 2972 655 Proinde
2991 598 3210 658 uterque
3227 607 3330 645 non
3347 592 3658 660 experietur
3677 606 3760 643 m-

2183 698 2302 751 gcm
2322 700 2349 737 a
2373 699 2478 752 quo
2499 700 2594 753 per
2609 684 2764 737 ﬁdem
2786 692 3019 752 regatur,
3049 684 3142 736 sed
3171 698 3199 736 a
3221 701 3327 753 quo
3349 703 3446 754 pro
3461 685 3746 739 inﬁdelita-

2186 773 2253 828 tis
2277 773 2501 831 crimine
2523 773 2791 844 puniatu‘r.
2821 773 2954 840 Quia
2977 773 3043 827 ab
3066 787 3172 826 uno
3192 773 3517 839 divinitatis,
3540 776 3605 830 ab
3619 775 3731 828 alte
3751 803 3758 809 ~

2186 879 2245 916 ro
2267 864 2444 917 carnis
2463 865 2663 918 veritas
2687 866 2996 934 denegatur.
3023 865 3076 917 lu
3094 865 3187 919 his
3217 865 3566 920 confunditur
3591 853 3757 919 etiam

2186 952 2483 1018 Nestorius,
2508 954 2596 1022 qui
2627 954 2816 1007 nititur
2837 954 3108 1007 Christum
3152 953 3206 1006 in
3235 953 3368 1007 duas
3395 969 3652 1023 personas
3678 952 3758 1005 di-

514 1041 568 1094 in
601 1042 932 1096 terrisullacc
977 1043 1128 1097 stella
1174 1060 1446 1114 nunquam
1489 1054 1614 1099 ante
1645 1046 1926 1116 apparuit,
1959 1044 2084 1113 quia
2113 1075 2141 1107 κ
2184 1043 2388 1109 videre,
2413 1059 2534 1098 cum
2564 1045 2743 1097 videat
2771 1059 2952 1114 magos
2980 1058 3084 1097 non
3131 1043 3233 1097 alia
3280 1043 3408 1107 Deo,
3442 1051 3497 1098 et
3521 1043 3623 1096 alia
3665 1044 3759 1096 ho-

513 1118 656 1184 nunc
679 1147 797 1185 eam
827 1146 960 1200 puer
987 1133 1087 1188 iste
1115 1134 1336 1199 creavit,
1375 1143 1428 1188 et
1455 1136 1622 1204 magis
1646 1135 1712 1188 ad
1738 1150 1795 1188 se
1821 1134 2084 1188 venienti-

513 1221 612 1275 bus
655 1223 906 1289 prreviam
934 1211 1241 1293 deputavit,
1287 1239 1405 1292 qua:
1437 1232 1656 1292 peracto
1683 1223 1936 1292 obsequio
1963 1239 2084 1277 mox

513 1325 634 1365 esse
658 1311 835 1365 desiit.

595 1400 833 1456 Videnles
870 1413 1041 1456 autem
1082 1404 1283 1458 stellam
1320 1406 1484 1474 quasi
1524 1415 1641 1459 sunt
1676 1405 1867 1474 gaudio
1898 1422 2084 1474 magno

515 1491 684 1545 valde.
713 1492 935 1564 (Μλυιι.)
964 1494 1280 1549 Gaudebant
1303 1512 1532 1566 namque
1559 1498 1697 1567 magi
1725 1511 1828 1567 non
1853 1497 1976 1551 inde
2005 1511 2087 1551 so-

515 1580 643 1644 lum,
683 1582 823 1652 quod
863 1583 1070 1638 stellam
1097 1584 1340 1640 viderant
1369 1595 1424 1640 et
1458 1601 1636 1657 regem
1676 1595 1858 1641 natum
1884 1601 2083 1656 cogno-

514 1681 722 1736 verant,
777 1673 885 1728 imo
929 1673 1067 1742 quod
1097 1690 1189 1730 eos
1233 1691 1401 1746 usque
1444 1677 1510 1730 ad
1547 1675 1692 1730 illum
1735 1676 2083 1745 perducebat,

2186 1136 2337 1197 mini,
2369 1138 2462 1191 sed
2491 1137 2581 1193 uni
2628 1137 2736 1194 Deo
2771 1135 2974 1193 homini
3001 1134 3186 1188 eadem
3229 1149 3455 1188 munera
3500 1135 3759 1193 obtulisse

2185 1226 2513 1295 suppliciter.
2554 1225 2668 1280 Non
2698 1241 2825 1298 ergo
2853 1226 3122 1280 dividatur
3150 1225 3202 1278 in
3240 1224 3505 1294 personis,
3531 1214 3623 1292 qui
3649 1240 3756 1279 non

2187 1316 2456 1370 invenitur
2498 1316 2700 1370 divisus
2744 1317 2796 1368 in
2841 1314 3015 1369 donis.
3063 1312 3352 1383 Propterea
3386 1313 3582 1383 quippe
3621 1328 3759 1366 unus

2152 1429 2159 1434 -
2188 1406 2438 1475 idemque
2468 1405 2585 1460 istis
2613 1405 2927 1469 muneribus
2969 1405 3286 1467 honoratur,
3332 1410 3391 1456 ut
3418 1417 3558 1457 unus
3593 1401 3761 1454 idem-

2187 1511 2291 1565 que
2333 1495 2474 1549 Deus
2499 1497 2555 1549 et
2585 1495 2745 1548 homo
2771 1502 3138 1562 cognoscatur.
3168 1492 3270 1547 Ista
3303 1506 3581 1560 magorum
3608 1489 3759 1543 obla-

2190 1587 2265 1641 tio
2306 1585 2583 1641 confundit
2622 1585 2781 1638 etiam
2831 1583 3142 1653 Eutychetis
3174 1583 3472 1646 insaniam,
3520 1581 3614 1650 qui
3654 1595 3762 1633 non

2188 1676 2301 1732 vult
2329 1677 2380 1730 in
2410 1675 2624 1731 Christo
2651 1683 2932 1742 utramque
2956 1688 3138 1727 veram
3169 1671 3449 1742 prmdieari
3485 1680 3756 1724 naturam.

515 1762 666 1831 cujus
703 1764 967 1820 desiderio
1004 1764 1257 1850 jamdum.
1288 1769 1499 1822 accensi
1539 1777 1713 1823 erant.
1755 1768 1906 1825 Unde
1949 1769 2084 1824 scri-
2115 1776 2161 1835 B
2192 1767 2483 1822 Veritatem
2527 1765 2721 1834 quippe
2769 1760 2992 1818 istorum
3025 1776 3310 1838 munerum
3357 1759 3520 1824 tollit,
3550 1761 3675 1813 dum
3709 1760 3760 1812 in

515 1865 662 1926 ptum
693 1865 775 1912 est
824 1874 836 1909 :
871 1856 1044 1913 Carisi
1093 1871 1211 1914 sunt
1252 1861 1445 1930 gaudio
1494 1877 1681 1931 magno
1723 1859 1892 1927 ualde,
1933 1861 2090 1916 valde

515 1948 709 2018 quippe
738 1951 817 2005 eis
843 1959 896 2004 et
921 1952 1114 2020 gaudio
1138 1965 1330 2019 magno
1359 1953 1696 2023 gaudendum
1721 1963 1871 2018 erat,
1903 1953 1993 2021 qui
2024 1952 2091 2008 ad

517 2040 1001 2106 pucrum'ccclestis
1029 2042 1171 2110 regis
1205 2043 1486 2112 pervenire
1511 2051 1854 2106 meruerant,
1887 2052 1940 2095 et
1969 2057 2090 2097 cor-

518 2130 691 2199 poreis
721 2130 889 2186 oculis
933 2132 1090 2187 simul
1129 2131 1184 2187 et
1211 2143 1429 2202 aspectu
1471 2133 1592 2188 ﬁdei
1633 2134 1780 2188 illum
1822 2134 2086 2207 aspicere,

513 2221 602 2289 qui
636 2223 782 2275 venit
810 2230 976 2276 totum
1005 2223 1262 2298 mundum
1291 2240 1320 2278 a
1352 2233 1694 2294 peccatorum
1723 2233 1778 2279 et
1804 2223 2088 2279 inﬁdelita-

516 2313 582 2364 tis
610 2313 843 2367 tenebris
867 2313 1114 2368 liberare.

591 2401 654 2455 Et
683 2403 933 2457 intrantes
960 2404 1170 2458 domum
1198 2408 1497 2459 invenerunt
1525 2422 1743 2475 puerum
1767 2421 1882 2459 cum
1913 2405 2086 2459 Maria

513 2496 678 2544 matre
704 2492 853 2560 ejus,
888 2503 934 2546 et
981 2495 1302 2564 procidentes
1344 2495 1693 2549 adoravcrunt
1736 2512 1873 2549 eum.
1916 2495 1982 2548 Et
2015 2496 2090 2548 in—

515 2591 719 2640 trantes
750 2583 963 2639 domum
998 2584 1163 2652 dicit,
1203 2585 1256 2639 id
1282 2593 1393 2651 est,
1443 2586 1494 2639 in
1534 2585 1887 2640 diversorium
1911 2628 1924 2650 ,
1960 2585 2088 2639 illud

514 2672 762 2729 videlicet
806 2675 948 2746 quod
993 2675 1169 2730 Lucas
1195 2677 1246 2730 in
1272 2677 1560 2746 Evangelia
1582 2693 1678 2732 suo
1702 2685 2088 2732 commemorat

515 2767 664 2840 (Luc.
693 2769 774 2839 ιι).
809 2767 1118 2825 Invenerunt
1140 2787 1354 2842 puerum
1383 2787 1498 2823 cum
1531 2769 1704 2823 Maria
1735 2781 1896 2822 matre
1932 2771 2084 2842 ejus,

512 2874 612 2912 cur
635 2865 861 2927 puerUm
888 2859 1034 2914 illum
1065 2867 1241 2924 vocat,
1268 2859 1360 2929 qui
1390 2859 1565 2914 adhuc
1597 2857 1771 2912 infans
1797 2868 1934 2922 erat,
1963 2859 2088 2928 quia

516 2963 622 3004 non
660 2948 966 3003 necessario
994 2949 1298 3019 assignatur
1324 2935 1454 3003 mtas
1479 2949 1528 3002 ei
1551 2949 1641 3017 qui
1672 2963 1884 3018 semper
1909 2947 2088 3018 perfe-

514 3045 633 3091 ctus
665 3046 765 3093 est.
799 3038 1070 3104 Quaeritur
1115 3053 1212 3092 cur
1248 3035 1444 3115 Ioseph
1487 3038 1644 3096 simul
1691 3053 1811 3091 cum
1835 3051 2005 3107 puero
2034 3045 2089 3091 et

515 3126 682 3182 Maria
713 3127 960 3182 inventus
987 3141 1019 3180 a
1050 3127 1221 3198 magis
1265 3142 1383 3182 esse
1427 3142 1532 3182 non
1577 3126 1826 3190 dicatur;
1859 3125 1961 3180 hoc
1983 3133 2084 3192 est,

513 3231 581 3270 ne
607 3217 782 3286 aliqua
817 3217 966 3271 mala:
995 3216 1313 3287 suspicionis
1334 3217 1580 3286 gentibus
1606 3216 1825 3270 daretur
1850 3215 2083 3281 occasio,

514 3325 632 3377 qua:
671 3309 932 3378 primitias
969 3324 1092 3364 suas
1133 3307 1412 3364 Salvatore
1458 3317 1584 3362 nato
1625 3309 1805 3363 statim
1853 3309 1918 3362 ad
1961 3324 2084 3362 eum

512 3398 841 3450 adorandum
886 3398 1166 3456 miserunt.
1213 3395 1345 3451 Nam
1389 3386 1726 3467 procidentes
1766 3396 1993 3451 adorant
2029 3398 2083 3450 in

512 3503 671 3542 carne
707 3487 958 3552 Verbum,
989 3488 1040 3541 in
1067 3485 1288 3541 infantia
1319 3487 1656 3557 sapientiam,
1689 3487 1741 3539 in
1773 3485 2084 3541 inﬁrmitate

511 3581 758 3637 virtutem
785 3587 839 3636 et
868 3580 919 3634 in
951 3576 1182 3635 hominis
1203 3580 1426 3636 veritate
1449 3580 1730 3634 Dominum
1761 3580 2079 3649 majestatis.

517 3670 687 3745 thue
716 3678 1110 3727 sacramentum
1152 3669 1274 3726 ﬁdei
1304 3686 1414 3725 sure
1457 3670 1820 3750 intelligentiae
1858 3671 2085 3731 manifec

510 3769 673 3824 stent,
700 3760 841 3829 quod
862 3759 1117 3814 cordibus
1144 3760 1368 3819 credunt
1433 3760 1746 3814 muneribus
1774 3768 2082 3829 protestan-

512 3863 615 3904 tur.
648 3851 796 3906 Unde
819 3852 1089 3919 sequitur:

585 3939 650 3993 Et
675 3942 866 4010 apertis
892 3941 1148 3994 thesauris
1177 3944 1284 3996 suis
1316 3943 1607 3998 obtulerunt
1633 3947 1678 3998 ei
1708 3962 1947 4009 munera,
1984 3963 2084 4011 au-

513 4047 624 4082 rum
644 4071 656 4094 ,
683 4031 801 4084 thus
822 4041 868 4084 et
897 4031 1179 4101 myrrham.
1212 4032 1348 4087 Ecce
1377 4042 1484 4088 tres
1512 4035 1649 4105 magi
1687 4023 1982 4090 simul-uno
2004 4038 2086 4090 iti-

447 4152 453 4160 η
514 4135 639 4175 nere
656 4121 925 4176 adoraturi
943 4122 1248 4188 veniebant,
1271 4124 1394 4193 quia
1415 4126 1468 4178 in
1487 4141 1592 4180 uno
1605 4124 1817 4181 Christo
1831 4125 1976 4191 Iesu,
1992 4128 2083 4196 qui

510 4211 745 4265 omnium
764 4211 1090 4265 credentium
1109 4212 1190 4265 via
1205 4221 1308 4278 est,
1339 4213 1641 4283 inseparata
1655 4223 1772 4269 erat
1788 4214 1856 4268 ab
1871 4215 1950 4269 eis
1965 4213 2083 4269 Tri-

510 4304 651 4358 nitas
682 4303 970 4358 adoranda.
1004 4304 1258 4358 Deferuut
1279 4313 1454 4358 autem
1479 4306 1528 4360 ei
1555 4321 1800 4371 munera,
1828 4322 1946 4376 qua:
1974 4322 2079 4362 non

510 4408 614 4448 tam
655 4411 870 4453 munera
911 4411 1068 4465 quam
1107 4397 1358 4466 mysteria
1393 4395 1802 4465 probantur,'id
1839 4405 1941 4462 est,
1984 4412 2082 4450 au-

509 4503 644 4548 ium,
691 4486 811 4539 thus
846 4494 898 4538 et
936 4485 1228 4556 myrrham.
1259 4484 1361 4539 Per
1391 4486 1491 4539 ista
1521 4500 1649 4557 ergo
1675 4500 1958 4541 munerum
1988 4500 2075 4554 ge-

508 4595 653 4641 uera,
696 4579 747 4631 in
779 4593 884 4633 uno
912 4577 1207 4656 eodemque
1245 4576 1460 4631 Christo
1494 4585 1548 4632 et
1585 4577 1762 4634 divina
1800 4575 2075 4644 maiestas,

504 4681 556 4720 ιιι
581 4669 724 4739 regia
771 4677 1025 4737 potestas,
1067 4679 1123 4723 et
1169 4669 1400 4722 humana
1449 4669 1744 4724 mortalitas
1773 4669 2073 4724 intimatur.

506 4761 652 4814 't'hus
678 4761 818 4815 enim
850 4761 913 4813 ad
943 4760 1291 4824 sacriﬁcium,
1325 4776 1514 4813 aurum
1549 4762 1784 4831 pertinet
1810 4761 1876 4816 ad
1903 4761 2074 4815 tribu-

508 4863 616 4906 tum
647 4893 659 4914 ,
709 4851 923 4920 myrrha
970 4849 1036 4904 ad
1071 4851 1398 4920 sepulturam
1443 4851 1673 4920 pertinet
1717 4852 2073 4906 mortuorum.

506 4939 693 4994 Omnia
723 4941 830 4995 haec
853 4950 1036 4996 sancta
1070 4941 1202 4996 ﬁdes
1226 4940 1439 4995 Christo
1467 4936 1731 4994 veraciter
1757 4937 1952 4995 oﬁ‘erre
1973 4953 2078 4992 non

508 5034 722 5097 desinit,
775 5035 898 5086 dmn
929 5023 1091 5087 unum
1141 5034 1496 5106 eamdemque
1541 5046 1725 5087 verum
1771 5031 2075 5094 Dominum,

509 5139 693 5176 verum
741 5137 938 5192 regem,
979 5139 1269 5196 verumque
1306 5123 1574 5177 hominem
1626 5122 1818 5181 credit.
1865 5129 1924 5175 ut
1949 5135 2076 5174 vere

506 5231 603 5284 pro
634 5213 788 5266 nobis
819 5221 1082 5267 mortuum
1116 5215 1374 5268 veraciter
1409 5221 1777 5284 recognoscat.
1825 5212 1880 5265 ln
1928 5212 2074 5265 obla-

507 5306 650 5364 tione
681 5302 854 5355 thuris
882 5300 1223 5355 confunditur
1266 5303 1512 5366 Arianus,
1554 5304 1644 5372 qui
1685 5303 1782 5357 soli
1814 5302 1956 5356 Patri
1989 5319 2074 5356 sa-

505 5392 764 5444 criﬁcium
799 5389 981 5444 oﬁ‘erri
1008 5391 1202 5444 debere
1228 5393 1518 5445 contendit.
1541 5395 1595 5447 In
1624 5393 1893 5447 oblatione
1924 5409 2073 5470 myrf

508 5484 615 5537 rhae
661 5482 1005 5536 confunditur
1059 5481 1416 5546 Manichmus,
1475 5485 1564 5552 qui
1622 5485 1893 5540 Christum
1949 5501 2073 5539 vere

507 5583 771 5628 mortuum
807 5587 903 5644 pro
931 5581 1111 5628 nostra
1142 5573 1311 5627 salute
1340 5588 1443 5627 non
1476 5575 1666 5628 credit.
1699 5575 1754 5629 In
1784 5591 1916 5630 auro
1943 5591 2072 5630 vero

501 5666 660 5725 simul
687 5676 902 5731 uterque
926 5667 1286 5722 confunditur.
1309 5668 1440 5734 Quia
1471 5677 1520 5724 et
1555 5669 1874 5725 Manichacus
1903 5671 1974 5724 de
1993 5687 2071 5724 sc-

2191 1859 2405 1916 Christo
2441 1873 2601 1912 unam
2633 1865 2879 1920 naturam
2916 1855 3208 1925 prtedicare
3253 1853 3548 1908 contendit.
3581 1851 3758 1906 Potest

2165 1959 2244 2018 ‘et
2288 1950 2428 2004 aliud
2478 1950 2528 2002 iu
2575 1963 2729 2012 auro,
2776 1949 2931 2022 thure
2976 1955 3029 2000 et
3083 1945 3300 2014 myrrha
3340 1941 3588 2012 intelligi.
3627 1941 3763 2008 Quia

2190 2042 2304 2095 hsce
2335 2040 2558 2110 mystica
2589 2040 2722 2113 dona
2765 2037 3034 2107 mysteriis
3080 2035 3387 2091 coalestibus
3431 2041 3556 2087 sunt
3586 2031 3760 2103 plena.

2188 2132 2243 2185 lu
2273 2145 2405 2185 auro
2450 2146 2680 2199 namque
2713 2128 3011 2182 ostenditur
3037 2126 3362 2198 captivitatis
3397 2125 3596 2179 nostra:
3644 2139 3770 2192 pre-7

2191 2221 2324 2276 tiosa
2351 2220 2663 2290 redemptio.
2705 2218 2762 2273 in
2790 2220 2945 2274 thure
2972 2227 3150 2271 autem
3175 2224 3229 2274 et
3257 2215 3647 2270 dtcmoniorum
3674 2228 3760 2266 su-

2188 2313 2432 2383 perstitio
2467 2320 2763 2376 cessatura,
2793 2319 2846 2364 et
2876 2308 3087 2362 futurus
3112 2323 3253 2362 verae
3287 2307 3560 2377 religionis
3590 2305 3768 2367 cultus

2190 2406 2446 2475 aperitur.
2479 2404 2534 2458 ln
2566 2404 2781 2474 myrrha
2805 2418 2932 2456 vero
2963 2417 3066 2472 qua
3092 2401 3402 2455 eranimata
3443 2399 3620 2454 solent
3645 2414 3767 2452 cor-

2188 2512 2315 2565 pora
2357 2495 2693 2561 conservari,
2743 2494 3114 2565 prmﬁguratur
3153 2492 3332 2547 carnis
3365 2499 3563 2547 nostrae
3605 2506 3766 2560 repa-

2189 2588 2346 2652 ratio,
2374 2596 2428 2641 et
2463 2586 2785 2642 resurrectio
2822 2592 3172 2638 mortuorum.
3200 2582 3333 2637 Item
3380 2597 3514 2635 auro
3551 2581 3766 2651 sapien-

2191 2677 2284 2742 tia,
2323 2677 2610 2732 Solomone
2654 2683 2963 2739 attestante,
3004 2674 3326 2745 assignatur,
3352 2671 3445 2741 qui
3491 2670 3601 2735 ait,
3635 2669 3770 2724 The.-

2190 2765 2379 2825 saurus
2408 2770 2765 2824 desiderabilis
2799 2769 3065 2838 requiescit
3096 2768 3147 2819 in
3176 2783 3264 2822 ore
3292 2765 3544 2833 sapientis
3577 2762 3763 2836 (Prov.

2191 2859 2323 2932 m).
2356 2859 2534 2914 Thure
2562 2868 2739 2930 autem
2772 2857 2912 2927 quod
2948 2853 3058 2911 Deo
3095 2855 3420 2919 incenditur,
3447 2855 3618 2908 virtus
3647 2869 3767 2913 ora-

2191 2951 2351 3005 tionis
2399 2949 2734 3020 exprimitur,
2772 2948 3052 3002 Psalmista
3097 2952 3412 3025 attestante,
3453 2943 3547 3014 qui
3591 2943 3766 3009 dicit,

2194 3044 2463 3113 Dirigatur
2507 3041 2680 3097 oratio
2722 3057 2837 3095 mea
2877 3040 3014 3094 sicut
3063 3040 3336 3092 incensum
3382 3037 3434 3090 in
3471 3044 3767 3104 conspectu

2137 3119 2158 3180 ἶ
2194 3143 2302 3188 tuo.
2348 3132 2456 3186 Per
2481 3132 2751 3202 myrrham
2793 3145 2920 3184 vero
2964 3127 3143 3184 carnis
3192 3136 3387 3181 nostra:
3417 3124 3764 3180 mortiﬁcatio

2189 3225 2466 3295 ﬁguratur.
2508 3223 2658 3279 Unde
2683 3230 2736 3277 et
2764 3229 2947 3276 sancta
2979 3218 3216 3274 Ecclesia
3246 3218 3311 3272 de
3340 3218 3455 3274 suis
3498 3217 3766 3288 cperariis

2187 3330 2356 3386 usque
2402 3315 2467 3369 ad
2507 3322 2733 3368 mortem
2784 3327 2881 3383 pro
2927 3311 3153 3366 Domino
3199 3310 3536 3365 certantibus
3579 3311 3755 3366 dicit:

2186 3403 2378 3463 Manus
2417 3419 2544 3457 mea:
2577 3401 2976 3469 distillaverunt,
2997 3402 3264 3472 myrrham
3309 3398 3486 3472 (Cant.
3514 3399 3586 3471 v).
3618 3399 3758 3455 Nato

2183 3509 2312 3564 ergo
2355 3494 2484 3564 Regi
2530 3508 2718 3548 aurum
2767 3491 3040 3548 oderimus
3075 3492 3119 3546 si
3177 3492 3228 3545 in
3270 3498 3564 3560 conspectu
3615 3491 3764 3546 illius

2110 3622 2146 3640 ..
2185 3586 2428 3641 claritate
2457 3589 2700 3656 snpernaa
2727 3586 3002 3656 sapientia:
3047 3584 3468 3655 resplendemus,
3519 3584 3648 3639 thus
3680 3582 3762 3638 of-

2145 3687 2149 3691 ’
2186 3676 2426 3740 ferimus,
2475 3677 2516 3731 si
2548 3676 2899 3746 cogitationes
2927 3675 3108 3729 carnis
3146 3689 3242 3743 per
3267 3683 3453 3732 sancta
3483 3675 3760 3746 operatio-

2185 3784 2310 3829 num
2343 3767 2515 3822 studia
2557 3767 2609 3821 in
2639 3782 2733 3820 ara
2777 3765 2953 3821 cordis
2985 3765 3338 3829 incendimus,
3382 3774 3441 3819 ut
3469 3779 3634 3825 suave
3664 3763 3765 3818 ali-

2185 3859 2310 3928 quid
2341 3859 2447 3913 Deo
2473 3874 2568 3928 per
2595 3858 2811 3914 caeleste
2838 3858 3160 3918 desiderium
3187 3855 3430 3913 redolere
3458 3855 3757 3939 valeamus.

2186 3951 2451 4030 Myrrham
2481 3949 2772 4015 otl‘erimus,
2801 3950 2844 4004 si
2877 3949 3056 4003 carnis
3084 3948 3214 4002 vitia
3245 3961 3342 4018 per
3369 3947 3758 4008 abstinentiam

2183 4041 2587 4096 mortiﬁcamus.
2635 4039 2738 4094 Per
2782 4040 3055 4110 myrrham
3099 4053 3350 4107 namque,
3384 4046 3444 4092 ut
3492 4037 3790 4106 diximug.

2184 4131 2379 4202 agitur,
2407 4145 2473 4193 ne
2503 4139 2708 4185 mortua
2739 4145 2864 4183 caro
2893 4128 3162 4200 putreﬁat.
3191 4127 3454 4181 Mortuam
3483 4141 3613 4182 vero
3637 4142 3761 4184 car-

2185 4236 2303 4274 nem
2329 4227 2656 4288 putrescere,
2683 4228 2760 4274 est
2800 4220 2900 4273 hoc
2925 4218 3150 4273 mortale
3178 4233 3372 4287 corpus
3397 4216 3562 4270 ﬂuxui
3602 4217 3784 4272 luxu--

2183 4303 2278 4366 riui
2300 4309 2591 4364 deservire.
2629 4308 2898 4382 Myrrham
2926 4323 3054 4378 ergo
3079 4309 3189 4361 Deo
3215 4306 3510 4370 oﬂ‘erimus,
3540 4306 3758 4376 quando

2183 4399 2285 4454 hoc
2316 4399 2540 4454 mortale
2566 4413 2760 4468 corpus
2802 4414 2831 4452 a
2859 4383 3082 4451 luxuria:
3111 4397 3394 4467 putredine
3436 4411 3532 4465 per
3566 4396 3757 4450 condi—

2183 4496 2420 4543 mentum
2441 4490 2782 4544 continentia:
2807 4489 3157 4542 custodimus.
3187 4487 3408 4557 Mystice
3436 4495 3611 4541 autem
3641 4495 3758 4540 tres

2181 4578 2322 4647 magi
2361 4579 2664 4648 signiﬁcant
2709 4577 2973 4633 Gentilem
3016 4578 3269 4648 populum
3315 4592 3378 4632 ex
3428 4577 3600 4631 tribus
3627 4576 3754 4631 ﬁliis

2181 4667 2292 4723 Noe
2319 4677 2681 4737 procreatum,
2709 4675 2762 4722 et
2787 4683 2815 4721 a
2851 4667 3022 4722 tribus
3048 4668 3294 4737 partibus
3328 4668 3477 4723 orbis
3503 4669 3570 4722 ad
3596 4666 3756 4723 Chri-

2181 4760 2247 4818 sti
2275 4761 2429 4815 ﬁdem
2456 4761 2775 4815 venientem.
2809 4760 2970 4814 Stella
2999 4760 3212 4829 quidem
3245 4747 3618 4830 propheticum
3642 4775 3754 4814 ser-

2182 4867 2394 4907 monem
2445 4845 2708 4921 signiﬁcat
2750 4853 3016 4906 veraciter
3043 4853 3251 4908 Domini
3290 4852 3627 4906 nativitatem
3659 4852 3754 4904 de-

2182 4949 2588 4994 monstrantem.
2642 4940 2879 4995 Herodes
2917 4957 3042 4996 vero
3091 4950 3271 5012 typum
3325 4949 3473 4995 tenet
3518 4938 3752 5004 diaboli,

2180 5031 2270 5103 qui
2313 5031 2527 5100 cognita
2556 5019 2847 5084 Salvatoris
2886 5031 3162 5086 nativitate
3191 5031 3536 5101 persequitur
3579 5029 3750 5093 illum,

2179 5121 2435 5175 membris
2479 5119 2594 5192 ejus
2638 5121 2983 5196 temporalem
3039 5136 3348 5196 praeparans
3404 5128 3654 5174 mortem.
3704 5119 3746 5174 Δ

2178 5226 2286 5281 quo
2313 5211 2454 5280 magi
2498 5220 2757 5281 pergunt.
2786 5227 2908 5266 cum
2939 5212 3006 5266 ab
3049 5211 3348 5266 idolOlatria
3378 5198 3566 5282 gentes
3597 5226 3748 5264 rece-

2180 5304 2333 5366 dunt,
2361 5312 2416 5357 et
2452 5302 2518 5354 ad
2548 5302 2762 5356 domum
2789 5302 2842 5356 in
2873 5317 2975 5372 qua
3001 5309 3084 5358 est
3110 5302 3379 5368 Christus,
3409 5303 3460 5356 id
3502 5310 3621 5364 est,
3650 5300 3751 5354 Ec.-

2178 5397 2396 5451 clesiam
2426 5395 2741 5450 catholicam
2779 5395 3115 5466 perveniunt.
3145 5395 3200 5448 ln
3231 5410 3393 5463 quam
3422 5409 3519 5463 per
3547 5393 3746 5462 baptis-

2181 5503 2324 5541 mum
2361 5496 2415 5542 et
2448 5488 2604 5542 ﬁdem
2634 5502 2814 5541 veram
2843 5488 3218 5558 ingredientes,
3256 5496 3574 5556 repererunt
3595 5483 3747 5540 Chri-

2178 5588 2321 5632 stum
2349 5596 2469 5633 cum
2501 5589 2672 5634 matre
2702 5595 2815 5643 sua,
2841 5595 2963 5634 cum
2992 5587 3172 5633 sancta
3203 5578 3452 5632 videlicet
3481 5575 3748 5638 Ecclesia.

2179 5685 2295 5738 quae
2329 5672 2474 5737 virgo
2509 5686 2825 5739 permanens
2875 5671 3110 5739 quotidie
3147 5669 3255 5723 Deo
3299 5669 3440 5738 patri
3481 5669 3622 5722 ﬁlios
3663 5679 3748 5737 εοη
