3948 6332
267 338 375 394 731

1231 328 1581 394 COMMENT.
1621 335 1685 389 IN
1730 333 2160 389 ΜΛἸἽΊΙᾸΞΕΜ.
2202 367 2268 375 -
2310 338 2433 392 LIB.
2473 338 2513 394 ι.

3424 348 3535 405 769

268 463 448 518 uerat,
473 452 667 522 Ioseph
691 452 812 506 inde
841 458 1191 526 sequestrate,
1220 451 1274 504 id
1295 459 1397 514 est,
1425 449 1729 502 Judmorum
1761 461 1852 514 ρο-
1883 450 1929 506 Α
1961 455 2095 502 trem
2144 446 2282 515 ejus,
2313 457 2371 501 ut
2423 449 2474 503 in
2507 448 2796 520 Egyptum
2844 461 3098 524 transeat,
3133 466 3288 514 nocte
3319 459 3438 515 tulit
3473 469 3529 516 et

270 547 400 616 pulo
429 553 647 614 propter
692 542 965 613 perﬁdiam
1002 541 1228 596 seclnso.
1261 540 1326 592 Et
1355 540 1548 608 apertis
1594 537 1851 589 thesauris

273 638 406 699 suis,
439 636 733 688 litterarum
763 633 980 701 peritia,
1014 630 1308 686 obtulerunt
1339 629 1386 682 ei
1418 637 1566 680 terna
1611 642 1848 696 munera,

268 727 328 782 id
365 737 474 789 est,
521 726 811 796 physicam,
840 725 1093 787 ethicam,
1123 723 1371 792 lngicam,
1399 721 1512 773 sive
1550 719 1849 782 historiam,

274 818 650 888 tropologia'n,
681 825 727 869 et
763 813 1102 886 allegoriam,
1135 812 1224 864 vel
1247 811 1403 864 ﬁdem
1432 819 1633 864 sancta:
1671 809 1851 863 Trini-

271 911 420 962 tatis.
454 907 668 960 Munera
702 922 826 976 ergo
863 907 915 959 in
951 901 1216 958 thesauris
1251 900 1430 953 clausa
1462 898 1766 969 signiﬁcant
1791 897 1852 952 ﬁ-

271 998 397 1050 dem
430 997 480 1049 in
511 996 670 1050 corde
701 995 1048 1049 reconditam.
1081 991 1300 1044 Munera
1323 1004 1452 1043 vero
1479 989 1545 1043 de
1586 987 1853 1042 thesauris

271 1087 476 1155 apertis
510 1085 712 1155 prolata
767 1083 1071 1153 signiﬁcant
1098 1080 1254 1132 ﬁdem
1281 1077 1392 1132 oris
1417 1075 1853 1131 confessione'at-

271 1195 380 1249 que
405 1181 581 1248 operis
611 1179 921 1249 probatione
957 1171 1374 1229 manifestatam.
1419 1168 1524 1224 Sed
1563 1169 1687 1238 quia
1729 1177 1851 1239 post

269 1281 544 1340 receptam
573 1270 728 1323 ﬁdem
751 1277 804 1322 et
831 1266 1099 1336 cognitam
1123 1262 1402 1316 veritatem
1429 1272 1725 1315 retrorsum
1751 1261 1850 1326 ire,

267 1371 326 1413 et
365 1362 416 1415 in
470 1359 836 1413 inﬁdelitatem
885 1355 1051 1409 relabi
1095 1355 1254 1409 alicui
1292 1368 1398 1407 non
1443 1352 1588 1416 licet,
1622 1367 1852 1420 sequens

268 1451 536 1505 sententia
567 1449 852 1518 signiﬁcat,
881 1463 1003 1501 cum
1031 1440 1403 1518 subjungitur:

347 1544 410 1596 Et
448 1559 690 1612 responso
718 1543 922 1610 accepto
960 1541 1014 1594 in
1045 1540 1241 1594 somnis
1277 1556 1338 1593 ne
1366 1537 1592 1592 redirent
1636 1537 1704 1591 ad
1745 1536 1853 1591 Ile-

269 1635 470 1698 rodem,
498 1649 588 1702 per
608 1633 764 1685 alium
791 1633 923 1686 viam
953 1633 1142 1686 reversi
1171 1641 1290 1685 sunt
1313 1632 1368 1684 in
1391 1631 1646 1685 civitatem
1674 1647 1848 1684 suam.

269 1721 412 1791 Ergo
460 1723 601 1792 magi
647 1736 868 1775 munera
908 1721 1220 1777 obtulerunt
1264 1714 1509 1787 Domino,
1545 1731 1609 1777 ‘et
1657 1736 1848 1777 conse-

1952 535 2009 588 in
2042 536 2290 589 tenebris.
2325 536 2548 602 Quando
2577 553 2704 593 vero
2734 543 3022 610 revertitur
3052 560 3150 599 nec
3179 535 3282 603 nox
3313 564 3412 604 nec
3449 557 3528 604 te-

1954 627 2134 680 nebrae
2163 637 2432 714 popuntnr
2459 631 2510 683 in
2549 631 2854 702 Evangelio.
2888 633 3022 700 Quia
3060 636 3176 692 luce
3215 654 3339 694 vera
3377 655 3526 695 rece-

1953 716 2134 779 dente,
2166 715 2300 770 lucis
2345 719 2508 787 ipsius
2536 735 2790 776 cxosores
2841 723 2891 775 in
2939 724 3130 793 priscis
3166 729 3405 783 tenebris
3440 745 3524 784 re-

1952 817 2285 862 manserunt.
2336 809 2452 879 Ipsa
2511 829 2638 867 vero
2695 815 2953 868 redeunte
3013 817 3319 886 quicunque
3377 820 3524 891 digni

1951 899 2188 953 existunt
2230 908 2488 969 perpetuo
2525 901 2662 956 lucis
2709 903 2914 974 fulgore
2961 904 3346 961 illuminantur.
3376 906 3528 974 Quod

1952 997 2129 1042 autem
2160 987 2416 1044 Dominus
2445 991 2556 1059 ipse
2585 1007 2651 1044 ne
2680 994 3014 1047 occideretur
3041 994 3106 1048 ab
3147 995 3357 1051 llerode
3394 999 3522 1053 sub-

1951 1077 2090 1133 latus
2115 1087 2197 1134 est
2222 1094 2250 1132 a
2277 1082 2590 1149 parentibus
2616 1082 2668 1135 in
2695 1081 3004 1153 Egyptnm,
3032 1085 3298 1155 signiﬁcat
3322 1087 3522 1143 electos

1951 1173 2144 1240 smpius
2192 1173 2302 1228 suis
2349 1173 2658 1244 elfugandos
2703 1177 2948 1241 sedibus,
2997 1177 3081 1229 vel
3128 1179 3290 1247 etiam
3337 1181 3527 1234 exsilio

1951 1262 2302 1319 damnandos.
2348 1265 2448 1320 Ubi
2497 1266 2654 1320 simul
2710 1267 3015 1335 exemplum
3055 1268 3214 1322 datur
3256 1268 3520 1335 ﬁdelibus,

1951 1369 2016 1407 ne
2048 1355 2300 1409 dubitent
2325 1356 2528 1410 rabiem
2559 1359 2996 1427 persequentium
3025 1356 3147 1430 (ubi
3165 1369 3522 1430 opportunum

1951 1443 2131 1516 fuerit)
2159 1447 2447 1512 declinare,
2478 1447 2747 1518 fugiendo,
2776 1465 2898 1506 cum
2929 1451 3031 1505 hoc
3063 1449 3232 1504 Deum
3258 1465 3323 1505 ac
3345 1450 3528 1505 Domi-

1950 1535 2075 1589 num
2120 1552 2274 1591 suum
2318 1536 2510 1593 fecisse
2550 1541 2915 1595 meminerint.
2962 1539 3238 1610 Siquidem
3282 1541 3397 1611 ipse
3436 1541 3527 1612 qni

1949 1635 2313 1695 prfecepturus
2341 1629 2451 1683 suis
2480 1638 2635 1683 erat:
2667 1627 2798 1684 Cum
2836 1647 2921 1684 vos
2957 1631 3212 1700 persecuti
3254 1630 3446 1698 fuerint
3473 1633 3529 1684 in

1951 1737 2058 1773 una
2086 1721 2308 1786 civitate,
2339 1721 2497 1791 fugite
2540 1724 2594 1776 in
2622 1723 2781 1776 aliam
2819 1722 3030 1794 (Matth.
3054 1724 3182 1794 xx),
3211 1725 3362 1793 prius
3401 1724 3530 1778 fecit

268 1824 498 1884 quenter
522 1829 742 1868 munera
773 1813 841 1866 ab
866 1829 930 1868 eo
955 1813 1243 1880 accipiunt.
1277 1811 1640 1874 Revertuntur
1671 1808 1850 1865 autem
1880 1804 1929 1864 B
1955 1812 2097 1880 quod
2143 1821 2493 1882 praeceperat,
2538 1814 2790 1883 fugiendo
2819 1815 3056 1879 homine,
3096 1815 3248 1883 quasi
3279 1815 3438 1870 homo
3475 1815 3527 1868 in

267 1923 369 1977 per
402 1907 562 1960 aliam
591 1908 755 1969 viam,
785 1905 876 1972 qui
916 1903 1222 1958 inﬁdelitati
1260 1903 1520 1958 miscendi
1552 1906 1657 1959 non
1691 1911 1852 1958 erant

266 1998 595 2054 Judaaorum'.
623 1983 678 2050 lii
716 2011 780 2050 eo
807 1995 948 2048 enim
976 1994 1118 2062 quod
1147 1994 1404 2048 admoniti
1434 1993 1655 2060 faciunt,
1693 1995 1850 2049 nobis

266 2087 809 2160 profecto‘insinuant
846 2085 974 2155 quid
1010 2084 1290 2139 faciamus.
1319 2083 1488 2155 Regio
1515 2085 1711 2156 quippe
1751 2100 1848 2140 no-

265 2189 378 2234 stra
405 2180 685 2251 paradisus
716 2187 819 2242 est,
849 2179 915 2233 ad
961 2193 1118 2248 quem
1150 2176 1274 2232 Jcsu
1304 2179 1518 2249 cognito
1549 2179 1726 2232 redire
1753 2193 1849 2246 per

263 2271 407 2324 viam
438 2285 540 2339 qua
582 2269 828 2323 venimus
873 2268 1244 2337 prohibemur.
1293 2267 1338 2321 A
1382 2268 1598 2339 regione
1646 2269 1846 2323 etenim
1893 2318 1898 2328 ,

263 2371 449 2415 nostra
473 2361 847 2436 superbiendo,
875 2361 1246 2423 inobediendo,
1279 2361 1506 2416 visibilis
1547 2361 1844 2431 sequendo,

260 2452 445 2506 cibum
493 2447 715 2506 vetitum
763 2453 1026 2522 gustando
1074 2452 1439 2516 discessimus,
1482 2453 1574 2506 sed
1627 2466 1846 2506 necesse

260 2553 349 2598 est
401 2543 469 2599 ad
510 2557 630 2598 eam
688 2541 893 2607 flendo,
938 2543 1268 2608 obediendo,
1317 2544 1549 2598 visibilia
1597 2553 1844 2600 contem-

262 2634 462 2700 nendo,
502 2643 666 2703 atque
701 2635 998 2703 appetitum
1049 2635 1230 2688 carnis
1265 2635 1608 2699 refrenando,
1659 2637 1845 2690 redea-

260 2739 406 2778 mus.
444 2723 549 2778 Per
593 2724 752 2778 aliam
794 2719 933 2778 viain
964 2723 1031 2777 ad
1068 2726 1339 2795 regionem
1375 2735 1622 2781 nostram.
1661 2742 1845 2798 regre-

260 2815 464 2882 dimur,
508 2815 722 2884 quando
767 2815 856 2885 qui
899 2831 930 2869 a
959 2815 1204 2880 Paradisi
1252 2817 1449 2886 gaudio
1477 2832 1572 2886 per
1611 2817 1846 2872 delecta-

260 2911 447 2958 menta
512 2904 900 2970 discessimus,
957 2906 1024 2960 ad
1081 2906 1184 2960 hoc
1240 2921 1338 2975 per
1395 2906 1628 2961 lamenta
1687 2922 1844 2962 revo-

262 3009 475 3049 camur.
589 3023 600 3030 -
762 3006 769 3011 ‘
1379 3058 1381 3060 η

336 3085 586 3151 Quicum
629 3087 978 3152 recessissent,
1018 3104 1132 3141 ecce
1171 3087 1387 3163 angelus
1427 3087 1637 3142 Domini
1676 3096 1844 3159 appa-

192 3201 200 3212 -
255 3178 366 3236 ruit
394 3177 446 3231 in
476 3178 670 3231 somnis
694 3177 910 3247 Ioseph,
941 3151 1116 3232 dicens
1141 3192 1159 3230 :
1198 3151 1391 3247 Surge,
1428 3188 1475 3232 et
1505 3179 1679 3248 accipe
1714 3151 1841 3248 pue-
1870 3151 1915 3214 C

256 3283 402 3330 rum,
433 3274 481 3320 et
510 3277 726 3320 matrem
765 3267 899 3336 ejus,
923 3276 971 3321 et
992 3267 1118 3337 ‘fuge
1147 3267 1201 3320 in
1228 3266 1536 3336 zEgyptum,
1563 3276 1610 3320 et
1637 3277 1744 3321 esto
1769 3267 1842 3321 ibi

252 3377 422 3432 usque
462 3361 585 3414 dum
613 3359 784 3412 dicam
813 3358 938 3422 tibi;
964 3357 1202 3427 futurum
1228 3367 1301 3411 est
1336 3357 1472 3410 enim
1516 3365 1574 3409 ut
1603 3355 1840 3412 Herodes

250 3447 460 3522 quierat
488 3465 703 3520 puerum
737 3448 804 3502 ad
840 3448 1158 3518 perdendum
1188 3464 1325 3522 eum.
1359 3446 1540 3518 (Aug.)
1569 3447 1670 3500 Hic
1706 3447 1841 3502 Mat-

197 3575 214 3590 ο
255 3543 432 3596 tbmus
471 3539 831 3610 praetermittit
868 3554 988 3607 qua:
1033 3537 1208 3592 Lucas
1256 3521 1440 3590 narrat
1488 3537 1555 3591 de
1600 3536 1834 3601 Christo,

252 3631 404 3704 quod
451 3639 584 3703 post‘
606 3630 856 3700 impletos
883 3629 996 3683 dies
1023 3617 1374 3704 purgationis
1405 3626 1612 3692 Mai-ite,
1649 3628 1842 3684 attule-

254 3702 388 3780 runt
430 3737 553 3776 eum
581 3702 914 3784 Jerusalem,
945 3725 998 3771 et
1033 3719 1098 3782 de
1132 3702 1384 3772 Siincone
1419 3723 1474 3772 et
1516 3716 1694 3799 Arma,
1723 3733 1842 3788 qua:

253 3817 511 3870 dixerunt
538 3813 605 3868 de
631 3812 722 3868 illo
764 3813 818 3867 in
865 3809 1084 3880 templo,
1134 3817 1422 3888 postquam
1469 3811 1842 3879 cognoverunt

253 3922 384 3963 eum
412 3905 618 3976 impleti
650 3903 852 3972 Spiritu
883 3910 1089 3956 sancto.
1118 3900 1309 3956 Omnia
1357 3901 1472 3955 hmc
1519 3909 1660 3956 tacet
1703 3917 1842 3971 prze-

252 3997 457 4060 dlctus,
490 3994 582 4049 ubi
609 3994 684 4048 ait
710 3992 921 4061 somnio
945 3990 1250 4045 admonitos
1281 4005 1466 4070 magos
1497 4006 1564 4045 ne
1602 3991 1843 4046 redirent

253 4085 330 4141 ad
357 4083 642 4148 Herodem,
679 4097 777 4151 per
819 4081 979 4134 aliam
1009 4094 1138 4135 vero
1167 4081 1308 4134 viam
1346 4095 1622 4150 regressos
1661 4082 1841 4136 inre-

254 4175 473 4246 gionem
514 4186 685 4226 suam.
718 4170 853 4226 Cum
894 4169 1074 4224 statim
1117 4168 1428 4241 subiungit:
1462 4169 1566 4236 Qui
1601 4189 1717 4226 cum
1760 4189 1841 4226 re-

253 4265 562 4328 cessissent,
599 4278 714 4315 eccs
750 4260 963 4331 angelus
1006 4260 1214 4314 Domini
1259 4261 1500 4330 apparuit
1544 4263 1599 4316 in
1641 4264 1838 4317 somnis

252 4356 474 4426 Ioseph.
512 4353 638 4410 Post
673 4367 947 4423 magorum
972 4352 1114 4407 enim
1150 4343 1420 4405 recessum
1449 4350 1724 4422 impletum
1755 4362 1839 4408 est

252 4447 596 4522 purgationis
641 4455 883 4514 tempus,
934 4451 990 4496 et
1032 4441 1194 4496 allato
1240 4442 1356 4512 ipso
1401 4443 1456 4498 in
1503 4441 1836 4510 Jerusalem,

251 4536 682 4611 perﬁciebantnr
707 4534 886 4588 omnia
917 4547 1035 4600 quae
1067 4547 1132 4586 eo
1159 4531 1279 4586 loco
1327 4532 1496 4588 Lucas
1525 4543 1653 4589 tunc
1695 4534 1836 4590 facta

253 4635 665 4687 commemorat.
707 4625 774 4678 Et
817 4623 896 4678 sic
924 4622 1114 4676 deinde
1147 4619 1366 4699 Jos‘eph,
1412 4625 1585 4694 angeli
1619 4625 1838 4695 appari-

255 4722 406 4774 tione
433 4714 810 4778 commonitus,
844 4726 963 4766 cum
991 4725 1156 4781 puero
1188 4720 1444 4766 etmatre
1473 4713 1589 4782 ejus
1621 4713 1757 4783 fugit
1785 4716 1836 4768 in

253 4811 573 4882 AEgyptum,
603 4805 744 4860 unde
768 4801 1105 4872 Evangelista
1129 4802 1476 4871 subsequitur
1505 4803 1689 4858 dicens
1717 4823 1728 4857 :

333 4884 444 4973 [ιι]
494 4898 596 4964 Qui
635 4912 850 4966 surgens
897 4895 1092 4964 accepit
1137 4910 1355 4965 puerum
1389 4904 1438 4948 et
1477 4905 1693 4950 matrem
1723 4897 1849 4966 ejus.

256 5007 428 5060 nocte,
460 5005 504 5048 et
537 4993 738 5048 recessit
774 4993 827 5045 in
871 4990 1180 5060 ngyptum,
1213 4999 1262 5044 et
1304 5001 1415 5044 erat
1461 4991 1531 5045 ibi
1567 5009 1727 5062 usque
1771 4995 1840 5047 ad

255 5089 456 5141 obitum
506 5083 751 5138 Herodis.
791 5081 1014 5155 (llilar.)
1058 5081 1252 5151 Joseph
1295 5097 1390 5151 per
1435 5085 1682 5154 angelum
1719 5102 1837 5141 mo-

255 5186 418 5233 netur
448 5184 507 5228 ut
541 5174 721 5229 Jesum
755 5174 807 5226 in
840 5172 1129 5242 Egyptum
1175 5172 1490 5238 transferat,
1543 5174 1836 5245 Egyptnm

255 5268 511 5322 videlicet
539 5265 696 5320 idolis
724 5264 935 5334 plenam
959 5272 1014 5318 et
1034 5266 1378 5333 omnigenum
1407 5268 1572 5320 Deum
1599 5277 1838 5322 monstra

258 5365 628 5414 venerantem.
658 5353 776 5409 Jam
820 5365 942 5424 post
983 5354 1291 5411 Iudaeorum
1340 5357 1751 5413 insectationem
1784 5368 1840 5414 et

258 5455 316 5508 in
344 5449 732 5520 exstinguendo
772 5445 1008 5515 profana:
1047 5449 1217 5519 plebis
1259 5466 1558 5516 assensum,
1593 5451 1840 5506 Christus

259 5546 330 5601 ad
361 5549 546 5614 gentes
575 5539 904 5617 inanissimis
929 5539 1277 5609 religionibus
1307 5541 1512 5595 deditas
1542 5543 1757 5607 transit,
1789 5553 1843 5597 et

259 5636 504 5691 Judazam
531 5631 840 5700 relinquens
883 5631 1147 5700 ignoranti
1192 5647 1314 5685 cum
1352 5632 1556 5686 saeculo
1584 5633 1841 5687 colendus

264 5729 512 5791 infertur.
545 5723 764 5795 Quando
787 5725 970 5795 igitur
998 5723 1112 5803 tulit
1145 5723 1340 5793 Joscpb
1372 5739 1594 5795 puerum
1627 5733 1680 5780 et
1728 5743 1838 5780 Ina-

1952 1909 2128 1967 terra,
2165 1918 2324 1971 quem
2363 1905 2533 1975 magis
2571 1903 2728 1974 paulo
2755 1913 2880 1960 ante
2926 1905 3246 1960 monstravit
3280 1905 3431 1961 stella
3460 1907 3526 1961 de

1953 1994 2111 2049 c0310.
3164 1996 3170 2002 '

2022 2084 2092 2140 Ut
2116 2087 2489 2158 adimpleretur
2510 2089 2649 2160 quod
2676 2089 2869 2162 dictum
2899 2099 2973 2144 est
3003 2106 3095 2160 per
3118 2091 3418 2160 prophetam
3446 2088 3525 2144 di-

1949 2187 2185 2232 centem:
2214 2179 2296 2232 Ea:
2341 2178 2570 2249 Egypto
2620 2181 2796 2234 vocavi
2853 2178 3050 2234 Filium
3091 2169 3283 2233 meum.
3317 2177 3443 2233 Hzec
3473 2178 3528 2232 in

1951 2260 2301 2339 Septuaginta
2333 2270 2687 2340 interpretum
2723 2262 2958 2327 editione
3002 2271 3270 2326 sententia
3318 2269 3530 2326 deside-

1949 2368 2125 2428 ratur,
2151 2355 2242 2415 sed
2270 2362 2425 2431 juxta
2467 2359 2787 2420 Hebraicam
2833 2362 3112 2417 veritatem
3143 2361 3193 2415 in
3225 2359 3376 2416 Osra
3406 2371 3529 2430 pro-

1948 2453 2106 2520 pheta
2159 2453 2359 2522 seripta
2415 2453 2697 2521 reperitur.
2748 2453 2814 2507 Et
2868 2454 2922 2507 in
2974 2452 3332 2507 Numerorum
3389 2451 3528 2505 libro

1947 2543 2207 2612 scriptum
2249 2552 2362 2607 est,
2409 2544 2618 2598 dicente
2649 2543 2864 2597 Balaam
2899 2561 2911 2596 :
2944 2542 3028 2610 Egi:
3061 2541 3292 2613 zEgypto
3327 2541 3524 2596 vocavit

1944 2654 2082 2700 eum,
2111 2636 2279 2705 gloria
2305 2637 2415 2706 ejus
2441 2638 2572 2690 sicut
2599 2637 2884 2690 unicornis.

2018 2726 2150 2798 [ιιι]
2186 2726 2329 2780 Tunc
2363 2726 2597 2780 Herodes
2655 2727 2830 2780 videns
2859 2725 3116 2796 quomodo
3165 2723 3351 2777 illusus
3397 2733 3554 2778 esset-

1946 2835 1978 2870 a
2003 2818 2189 2887 magis,
2206 2817 2372 2870 iratus
2398 2827 2470 2869 est
2496 2815 2663 2879 valde,
2690 2808 2735 2870 et
2767 2817 2970 2870 mittens
2997 2815 3181 2869 occidit
3208 2831 3384 2869 omnes
3409 2831 3530 2885 pue-

1947 2923 2053 2972 ros,
2096 2907 2185 2977 qui
2218 2916 2365 2960 erant
2415 2908 2470 2960 in
2512 2905 2809 2960 Bethlehem
2853 2917 2901 2960 et
2948 2907 3002 2960 in
3048 2906 3285 2960 omnibus
3331 2906 3522 2975 ﬁnibus

1946 2997 2079 3067 ejus,
2117 3016 2148 3051 a
2185 2997 2382 3050 bimatu
2411 3006 2456 3050 et
2484 2997 2646 3064 infra.
2695 2982 2873 3068 (Aug)
2913 2997 3210 3052 Verisimile
3247 3005 3330 3051 est
3372 3013 3525 3070 ergo,

1946 3087 2091 3157 quod
2129 3094 2415 3161 postquam
2463 3085 2657 3141 Herodi
2707 3077 2847 3156 magi
2882 3087 3013 3141 nihil
3048 3089 3525 3161 renuntiaverunt,

1946 3181 2066 3231 cum
2098 3178 2318 3232 credere
2347 3177 2588 3248 potuisse
2620 3177 2736 3232 illos
2770 3177 2971 3232 fallacis
2999 3177 3165 3232 stellre
3201 3179 3408 3233 visione
3433 3179 3527 3233 de-

1943 3273 2144 3335 ceptos,
2192 3275 2543 3336 posteaquam
2593 3282 2699 3320 non
2756 3257 3286 3336 inveneruntfqnem
3337 3277 3519 3325 natum

1941 3363 2276 3424 putaverant,
2319 3355 2598 3410 erubuisse
2623 3356 2689 3410 ad
2719 3341 2782 3410 se.
2819 3356 3015 3420 redire,
3061 3364 3223 3425 atque
3253 3357 3326 3409 ita
3363 3373 3518 3423 cum,

1941 3446 2134 3501 tintore
2158 3444 2399 3515 depulso,
2429 3445 2496 3499 ab
2522 3444 2839 3513 inquirendo
2866 3460 2929 3499 ac
2959 3446 3326 3515 persequendo
3353 3462 3521 3516 puero

1940 3536 2226 3605 quievisse.
2251 3531 2392 3590 'Cum
2436 3550 2565 3605 ergo
2595 3543 2716 3605 post
2745 3536 3113 3606 purgationem
3147 3536 3334 3590 matris
3381 3535 3518 3604 ejus,

1941 3626 1995 3680 in
2037 3625 2331 3682 Jerusalem
2360 3642 2481 3681 cum
2513 3626 2601 3681 illo
2631 3627 2936 3690 venissent,
2967 3634 3021 3681 et
3051 3643 3112 3681 ea
3149 3636 3304 3698 gesta
3339 3635 3524 3692 essent

1944 3718 1997 3772 in
2030 3718 2250 3788 templo,
2279 3733 2399 3787 qua:
2428 3733 2459 3772 a
2493 3717 2639 3772 Luca
2686 3725 3000 3783 narrantur,
3049 3718 3172 3786 quia
3219 3718 3384 3772 verba
3434 3715 3522 3771 Si-

1943 3787 2154 3863 meonisﬁ
2196 3816 2252 3864 et
2289 3806 2456 3862 Anna:
2505 3787 2719 3884 de'ivllo.
2761 3808 3217 3877 prophetantium,
3256 3824 3378 3863 cum
3411 3823 3523 3863 cte-

1941 3902 2148 3971 pissent
2191 3904 2259 3959 ab
2303 3904 2381 3958 eis
2443 3903 2534 3973 qui
2574 3902 2856 3957 audierant
2892 3903 3192 3972 prmdicari,
3232 3904 3299 3959 ad
3339 3905 3522 3974 pristi-

1942 4010 2067 4048 nam
2115 3995 2468 4051 intentionem
2518 4003 2836 4049 revocatura
2875 4002 3029 4049 erant
3075 3995 3315 4050 animum
3354 3997 3518 4067 regis,
3590 4036 3593 4040 η

1940 4086 2246 4139 admonitus
2275 4100 2370 4152 per
2401 4099 2648 4138 somnum
2685 4081 2883 4153 Ioseph
2927 4098 3050 4138 cum
3080 4083 3282 4138 infante
3319 4093 3372 4138 et
3403 4078 3520 4138 ma-

1944 4184 2024 4232 tre
2054 4175 2168 4249 ejus
2207 4175 2339 4246 fugit
2368 4176 2420 4230 in
2464 4173 2780 4246 Egyptum.
2827 4175 3028 4230 Deinde
3070 4175 3300 4245 vulgatis
3329 4177 3514 4241 rebus,

1940 4287 2058 4340 qua:
2102 4270 2156 4324 in
2205 4269 2400 4339 templo
2445 4268 2600 4321 dictze
2644 4266 2904 4336 factaeque
2950 4266 3184 4331 fuerant,
3217 4268 3456 4324 Herodes
3487 4283 3518 4322 a

1941 4361 2114 4428 magis
2147 4375 2203 4413 se
2231 4359 2398 4412 sensit
2440 4357 2681 4422 illusum,
2720 4373 2784 4411 ac
2813 4357 3002 4412 deinde
3033 4358 3100 4412 ad
3140 4357 3338 4412 Christi
3374 4373 3519 4412 mor-

1943 4460 2050 4505 tem
2095 4450 2316 4520 cupiens
2353 4449 2635 4519 pervenire
2679 4449 2874 4503 multos
2919 4447 3172 4513 infantes,
3213 4449 3354 4502 sicut
3385 4446 3513 4502 Mat-

1946 4542 2117 4595 tbmus
2159 4547 2362 4603 narrat,
2391 4538 2587 4592 occidit
2618 4538 2670 4591 in
2706 4537 3034 4616 Betldehcm,
3079 4546 3133 4591 et
3178 4537 3230 4590 in
3266 4537 3520 4591 omnibus

1946 4631 2140 4684 ﬁnibus
2168 4630 2303 4698 ejus,
2331 4637 2387 4683 et
2426 4627 2528 4682 hoc
2556 4643 2584 4680 a
2615 4628 2820 4682 bimatu
2867 4636 2920 4682 et
2956 4626 3114 4681 infra.
3146 4627 3280 4694 Quia
3326 4628 3518 4681 crude-

1942 4711 2066 4775 litas
2103 4721 2264 4774 animi
2311 4735 2406 4789 per
2443 4719 2696 4772 invidiam
2735 4726 2788 4772 et
2838 4719 3072 4772 furorem
3119 4719 3474 4772 exardescens
3499 4759 3513 4781 ,

1943 4811 2158 4865 modum
2186 4811 2237 4863 in
2278 4809 2422 4863 nullo
2462 4809 2651 4872 tenuit,
2680 4809 2774 4862 sed
2813 4793 3012 4861 malitia
3039 4823 3226 4863 omnes
3259 4823 3516 4878 superare

1941 4902 2232 4956 contendit.
2281 4899 2412 4952 Nam
2466 4915 2578 4952 non
2619 4907 2866 4952 contenta
2917 4906 2999 4951 est
3052 4897 3161 4950 sola
3216 4899 3517 4953 vastatione

1948 4995 2290 5056 Bethlebcm,
2333 4994 2423 5046 sed
2460 4999 2512 5045 et
2550 5005 2736 5044 omnes
2767 4989 2920 5042 simul
2955 4988 3071 5056 ejus
3104 4989 3236 5043 ﬁnes
3271 4990 3518 5042 devasta-

1946 5087 2052 5149 vit,
2095 5100 2192 5138 nec
2219 5084 2377 5136 etiam
2421 5081 2654 5151 parvula:
2681 5080 2854 5133 aetatis
2883 5080 3045 5132 ullam
3089 5081 3514 5136 misericordiam

1948 5176 2166 5238 habuit,
2210 5174 2336 5242 quin
2379 5186 2566 5226 omnes
2608 5186 2638 5224 a
2689 5171 2797 5224 ﬁlio
2837 5171 2996 5226 unius
3037 5173 3212 5226 noctis
3247 5154 3416 5242 usque
3447 5169 3515 5227 ad
3581 5189 3589 5194 '

1947 5266 2112 5321 ﬁlium
2161 5264 2386 5318 duorum
2434 5277 2696 5315 annorum
2731 5263 3189 5336 paritergoccidit.
3232 5263 3383 5318 Unde
3428 5279 3515 5317 sea

1946 5355 2128 5425 quitur
2149 5393 2162 5407 .

2013 5444 2306 5500 Secundum
2343 5452 2542 5512 tempus
2579 5442 2718 5512 quod
2753 5442 3065 5512 exquisierat
3094 5459 3124 5494 a
3153 5441 3337 5510 magis.
3383 5442 3514 5495 Dili-

1942 5549 2129 5605 genter
2161 5548 2390 5603 quoque,
2420 5540 2479 5586 ut
2526 5547 2689 5602 supra
2730 5532 2932 5586 dictum
2963 5538 3076 5595 est,
3105 5540 3380 5601 .tyrannus
3417 5533 3516 5585 im-

1942 5633 2272 5703 purissimus
2285 5637 2339 5684 et
2369 5631 2514 5684 omni
2544 5629 2662 5685 dolo
2706 5637 2865 5697 atque
2895 5627 3130 5696 nequitia
3171 5624 3514 5696 plenissimus

1943 5723 2124 5778 diiicit
2174 5739 2200 5774 a
2250 5721 2420 5790 magis
2469 5729 2678 5789 tempus
2739 5717 2904 5803 stcllm
2949 5731 3066 5786 quae
3120 5715 3366 5786 apparuit
3411 5713 3511 5778 eis,
