3948 6324
489 260 592 314 7ὓῦ

1128 258 1189 311 B.
1217 243 1482 312 tunam
1524 256 1733 311 suum
1776 254 2048 309 AllClllEl

2150 251 2439 309 llOGUt‘vT.
2482 252 2763 309 Oi’lﬁitUM
2803 254 2981 308 PARS
3020 258 3055 309 Ι.
3293 269 3303 277 ”
3630 260 3729 312 7M

485 366 610 437 quia
638 365 879 420 occulere
925 371 1147 433 puerum
1187 374 1369 417 natum
1408 363 1693 432 cogitabat.
1724 362 1833 417 Sed
1876 370 2052 415 tamen
2082 366 2129 422 A
2158 362 2365 419 miniin
2392 363 2581 415 somnis
2610 359 2823 432 Ioseph,
2854 366 2905 416 in
2931 364 3179 434 zEggpto,
3212 372 3385 423 (Νι-ωδε
3414 386 3430 421 :
3469 370 3656 440 Surge,
3688 382 3730 423 rt

488 471 596 510 non
644 460 858 523 apparet
901 461 1081 505 utrum
1123 462 1242 521 post
1288 469 1482 506 annum
1534 451 1832 505 nativitatis
1872 450 2053 504 Domi-

489 546 652 609 piem,
688 558 762 613 an
809 551 929 611 post
975 544 1108 597 duos
1138 558 1304 596 annos
1352 542 1493 595 hanc
1539 555 1727 596 necem
1768 541 2054 594 maximam

488 647 774 701 puerorqu
802 633 1110 687 confecerit.
1142 632 1252 685 Nisi
1290 630 1426 685 forte
1471 632 1713 685 dicamus
1758 631 1900 699 quod
1935 639 2055 698 post

487 743 683 781 annum
730 728 998 783 evolutum
1040 734 1097 815 9t
1135 728 1364 795 quatudr
1410 726 1525 780 dies
1560 725 1832 793 sequentis
1865 724 1991 777 anni
2024 738 2055 777 a

487 817 767 872 nativitate
802 814 1178 885 Domini,qum
1204 832 1299 871 Vlll
1344 817 1462 871 Kal.
1490 815 1609 869 Ian.
1648 814 1970 879 celebratur,
1999 815 2054 868 in

484 922 517 958 v
546 894 1065 961 Kalen.rearumdcm
1093 905 1325 961 infantes
1352 906 1522 961 occidi
1544 903 1792 973 jusserit,
1820 904 1910 957 ubi
1939 904 2054 959 dies

484 998 752 1067 passionis
787 1012 975 1051 eorum
1002 1013 1032 1051 a
1065 1005 1251 1052 sancta
1278 1006 1330 1052 et
1360 996 1645 1065 apostolica
1692 988 1936 1050 Ecclesia
1966 1010 2054 1049 ve-

485 1097 729 1141 neratur.
760 1087 831 1140 Et
863 1088 937 1141 ita
983 1102 1159 1157 regem
1203 1086 1631 1141 versutissimum
1666 1087 1951 1143 mandasse
1995 1096 2052 1143 ut

483 1191 656 1245 usque
678 1176 747 1231 ad
771 1176 996 1231 biennes
1016 1190 1200 1231 omnes
1226 1174 1642 1242 interﬁciautur,
1666 1186 1933 1245 quatenus
1963 1177 2050 1232 ille

460 1280 644 1335 -quem
668 1264 1004 1320 solummodo
1031 1265 1275 1319 occidere
1292 1265 1615 1335 jampridem
1644 1268 1878 1322 decrevit
1904 1268 2060 1323 nullo

483 1336 644 1411 modo
691 1356 748 1410 in
796 1363 942 1409 tanta
986 1355 1332 1429 multitudine
1373 1357 1774 1414 interfectorum
1822 1361 2050 1415 evadere

464 1454 681 1516 posset.
711 1446 929 1501 Poterat
956 1446 1099 1500 enim
1128 1462 1223 1501 rex
1254 1447 1469 1518 iniquus
1496 1457 1550 1503 et
1577 1439 1788 1503 subiilis
1814 1450 2051 1520 cogitare

480 1528 622 1603 quod
647 1533 756 1605 regi
786 1534 895 1589 Deo
930 1537 1331 1613 nascentigcu'r
1352 1538 1471 1592 coeli
1504 1539 1679 1609 sidera
1714 1534 2053 1596 tumulaban-

482 1635 589 1692 tur,
622 1627 877 1697 possibile
905 1636 1047 1684 esset
1080 1629 1135 1683 in
1166 1630 1424 1686 validiore
1452 1640 1632 1698 :etate,
1666 1633 1716 1689 id
1745 1643 1858 1701 est,
1893 1639 2045 1706 quasi

2158 451 2330 520 accipe
2364 468 2578 520 puerum
2610 462 2655 503 et
2688 462 2901 506 matrem
2941 454 3075 522 ejus,
3099 467 3143 507 et
3174 459 3300 509 vade
3331 462 3383 511 in
3425 452 3617 513 terram
3658 461 3729 513 ls-

2157 541 2285 593 racl.
2330 541 2477 617 Multi
2521 551 2739 611 prOpter
2793 545 3144 613 ignorantiam
3198 549 3434 605 historia:
3481 552 3727 606 labuntur

2154 644 2357 697 errore,
2392 642 2644 701 putantes
2688 636 2933 690 eumdem
2977 652 3095 691 esse
3134 638 3397 696 Herodem
3443 659 3473 697 a
3518 660 3625 711 quo
3674 644 3724 697 in

2153 723 2400 792 passione
2441 738 2534 777 sua
2561 726 2817 780 Dominus
2854 726 3124 781 irridetur.
3156 729 3293 799 Ergo
3341 732 3581 787 Herodes
3608 734 3724 807 ille,

2114 844 2119 847 ι
2154 814 2244 881 qui
2272 829 2393 867 cum
2418 814 2590 871 Pilato
2616 824 2799 895 postea
2830 818 3093 873 amicitias
3130 817 3275 883 facit,
3308 819 3468 889 hujus
3499 823 3725 879 llerodis

2154 902 2292 958 ﬁlius
2333 906 2464 972 fuit,
2506 901 2605 977 qui
2643 925 2785 963 nunc
2824 919 3066 963 mortuus
3106 926 3223 964 csse
3256 912 3505 975 refertur,
3559 916 3725 969 frater

2152 1003 2332 1049 autem
2376 996 2655 1062 Archelai,
2684 999 2774 1067 qui
2807 1000 3108 1055 testimonio
3141 1003 3306 1070 patris
3346 1003 3427 1056 sui
3474 1004 3719 1067 Herodis,

2152 1086 2488 1158 adjudicante
2515 1090 2675 1144 etiam
2714 1092 2925 1147 Caesare
2963 1092 3198 1163 Angusto
3225 1096 3373 1165 regni
3419 1094 3719 1150 Jurlmontm

2153 1193 2431 1234 successor
2474 1182 2782 1246 exstiterat,
2826 1183 3094 1252 trigesimo
3139 1182 3351 1252 quidem
3394 1193 3451 1238 et
3496 1186 3723 1254 septimo

2130 1270 2300 1337 regni
2355 1269 2437 1323 sui
2494 1285 2667 1336 anno,
2729 1271 2967 1326 Herodes
3031 1272 3145 1335 hic,
3198 1270 3263 1327 de
3317 1288 3426 1342 quo
3478 1272 3720 1343 Evange-

2150 1360 2280 1415 lium
2326 1371 2538 1428 narrat,
2580 1362 2864 1419 defunctus
2904 1372 3016 1429 est,
3052 1364 3149 1433 qui
3194 1364 3293 1418 fuit
3340 1364 3565 1434 Augusti
3605 1365 3719 1419 Ca:-

2151 1454 2288 1509 saris
2337 1455 2776 1525 quadragesimus
2831 1464 3080 1524 quartus,
3124 1454 3276 1523 juxta
3330 1454 3719 1509 Chronieorum

2152 1546 2333 1603 ﬁdem.

2156 1664 2161 1671 -
2221 1638 2480 1708 Defuncti.
2504 1647 2624 1693 sunt
2654 1639 2789 1693 enim
2818 1639 2908 1708 qui
2944 1639 3240 1709 quaerebant
3278 1639 3508 1691 animam
3553 1638 3719 1707 pueri.

479 1716 640 1772 unius
677 1717 803 1771 anni
842 1717 923 1771 vel
963 1717 1190 1773 duorum
1239 1734 1400 1789 puer,
1440 1722 1611 1776 oculis
1638 1724 1896 1810 omnium
1951 1740 2049 1797 ap;-
2077 1721 2123 1780 B
2153 1724 2419 1802 (Hieroni)
2448 1731 2525 1785 Ex
2567 1732 2667 1786 hoc
2699 1731 2817 1785 loco
2859 1730 3202 1799 intelligimus
3246 1744 3350 1783 non
3403 1728 3579 1783 solum
3618 1728 3723 1782 Hc-

480 1819 690 1874 parere,
730 1815 1028 1886 etlrursus,
1069 1809 1114 1863 si
1154 1809 1342 1875 vellet,
1380 1812 1432 1865 in
1472 1814 1735 1881 parvitate
1772 1818 2057 1885 corporis,

479 1903 933 1950 mtatem~naturze
968 1897 1176 1963 celare;
1208 1907 1262 1953 et
1291 1900 1411 1955 ideo
1443 1904 1550 1981 sub
1597 1903 1698 1958 hac
1742 1906 2047 1961 conditione

478 1986 757 2055 temporis,
782 2000 970 2041 omnes
1001 1988 1232 2056 occidit,
1276 2004 1412 2059 quos
1452 1991 1599 2060 prior
1626 2001 1679 2046 et
1704 1993 1840 2048 alter
1874 2010 2047 2050 annus

480 2078 733 2134 habebat.

516 2250 520 2255 ἢ
550 2170 1049 2243 Tuncadimpletum
1077 2185 1151 2230 est
1175 2176 1313 2247 quod
1338 2179 1532 2231 dictum
1556 2186 1631 2234 est
1653 2197 1743 2251 per
1764 2179 2046 2238 Ieremiam

476 2263 799 2333 prophetam,
841 2265 1133 2321 dicentem:
1170 2266 1284 2322 Vox
1308 2269 1361 2323 in
1402 2286 1549 2324 rama
1588 2272 1771 2327 audita
1798 2283 1905 2339 est,
1937 2274 2049 2345 plo-

477 2360 644 2418 ratus,
674 2362 721 2406 et
753 2353 983 2409 ululatus
1010 2356 1204 2412 multus
1229 2375 1245 2420 ;
1276 2353 1471 2415 Rachel
1503 2360 1715 2429 plorans
1741 2363 1880 2431 ﬁlios
1927 2381 2048 2421 suos

478 2440 642 2495 noluit
678 2443 956 2509 consolari,
998 2447 1121 2514 quia
1153 2463 1255 2501 non
1282 2457 1421 2502 sunt.
1466 2449 1541 2503 De
1586 2450 1786 2506 Rachel
1830 2454 2045 2523 quidem

478 2541 634 2587 natus
659 2542 743 2588 est
767 2533 1067 2605 Benjamin,
1108 2537 1161 2592 in
1192 2537 1362 2606 cujus
1386 2540 1525 2594 tribu
1573 2557 1680 2596 non
1726 2551 1807 2599 est
1836 2544 2047 2602 Bethle-

476 2622 620 2676 hem.
652 2623 916 2697 (Hieron.)
946 2624 1214 2693 Qumritur
1234 2640 1363 2698 ergo
1388 2632 1652 2697 quomodo
1681 2632 1882 2692 Rachel
1908 2634 2048 2691 ﬁlios

399 2731 402 2735 “
476 2709 643 2777 Iudas,
677 2713 729 2767 id
759 2720 842 2767 est
868 2715 1197 2781 Bethlehem,
1243 2718 1397 2786 quasi
1432 2734 1557 2780 suos
1583 2720 1774 2790 ploret.
1807 2722 2050 2792 Respon-

478 2801 722 2857 debimus
745 2802 980 2857 breviter
1005 2806 1128 2873 quia
1161 2806 1364 2862 Rachel
1393 2808 1601 2878 sepulta
1621 2810 1691 2864 sit
1711 2809 1863 2878 juxta
1889 2812 2050 2867 Beth-

477 2888 650 2946 lehem
693 2890 746 2944 in
788 2891 1081 2959 Ephratha,
1112 2893 1250 2948 sicut
1281 2895 1467 2951 titulus
1498 2890 1831 2953 monumenti.
1862 2901 2047 2969 ipsius,

478 2994 704 3034 manens
748 2996 916 3049 usque
950 2982 1109 3036 hodie
1153 2991 1397 3048 testatur,
1430 2986 1497 3040 ad
1536 2989 1867 3043 occidentem
1913 2992 2046 3045 civi-

2148 1823 2364 1887 rodcm,
2399 1822 2490 1876 sed
2530 1831 2585 1877 et
2631 1822 2939 1877 sacerdotes
2978 1827 3032 1873 et
3075 1818 3312 1882 Scribas,
3352 1816 3465 1886 jam
3497 1832 3563 1873 eo
3591 1828 3721 1872 tem-

2145 1916 2275 1982 pore
2316 1926 2503 1966 necem
2533 1912 2741 1966 Domini
2776 1910 2940 1965 fuisse
2970 1910 3270 1963 meditatos.
3304 1907 3521 1978 Legitur
3548 1908 3709 1962 etiam

2148 2004 2201 2057 in
2230 2003 2461 2073 Iosepho
2507 2003 2768 2058 Herodem
2819 2001 3099 2055 nonnullos
3144 2001 3209 2055 de
3250 2000 3583 2068 principibus
3631 1998 3721 2053 Iu-

2149 2093 2382 2149 dazorum
2421 2101 2544 2149 ante
2584 2102 2808 2147 mortem
2848 2107 2999 2147 suam
3046 2104 3295 2155 necasse,
3336 2098 3391 2143 et
3429 2089 3621 2143 merito
3666 2098 3723 2141 ut

2147 2182 2261 2247 eis,
2314 2198 2433 2239 cum
2490 2182 2682 2252 quibus
2731 2190 2856 2237 ante
2912 2180 3178 2250 paululum
3230 2181 3295 2234 de
3349 2179 3717 2233 Innocentium

2148 2282 2322 2328 morte
2378 2272 2678 2337 tractabat,
2718 2271 2829 2339 ipse
2878 2271 3111 2324 moriens
3160 2283 3321 2322 causa
3380 2269 3569 2321 mortis
3605 2268 3720 2321 exi-

2150 2371 2339 2418 steret.
2620 2384 2625 2385 ν
2754 2416 2757 2417 γ
3342 2404 3345 2407 .

2220 2453 2323 2518 ί)κί
2350 2469 2565 2523 surgens
2606 2436 2803 2520 accepit
2832 2465 3047 2521 puerum
3074 2458 3121 2501 et
3159 2457 3400 2512 matrem,
3425 2456 3472 2500 et
3507 2446 3638 2499 venit
3667 2447 3721 2498 in

2148 2554 2339 2598 terram
2365 2543 2553 2597 Israel.
2577 2542 2693 2597 Non
2718 2541 2853 2596 dixit
2878 2540 3084 2610 accepit
3112 2538 3275 2593 ﬁlium
3301 2552 3481 2601 suum,
3510 2545 3563 2591 ct
3593 2552 3722 2589 uxo—

2150 2648 2265 2687 rem
2297 2647 2472 2698 suam,
2503 2632 2596 2687 sed
2623 2645 2846 2702 puerum
2886 2638 2941 2683 et
2970 2636 3195 2682 matrem
3218 2625 3333 2695 ejus
3361 2624 3517 2696 quasi
3553 2625 3714 2679 nutri-

2151 2724 2279 2787 tius,
2306 2740 2412 2778 non
2439 2723 2684 2776 maritus.

2222 2812 2453 2866 Audiens
2493 2822 2664 2865 autem
2691 2810 2831 2881 quod
2861 2809 3141 2863 Archelaus
3172 2818 3407 2880 regnaret
3436 2808 3491 2861 in
3526 2806 3717 2859 Judira

2151 2923 2244 2976 pro
2275 2904 2478 2958 Ilerode
2499 2912 2645 2973 patre
2678 2918 2793 2966 suo,
2834 2901 3003 2954 timuit
3044 2896 3185 2953 illuc'
3211 2901 3305 2963 ire,
3340 2909 3386 2952 et
3420 2897 3717 2951 admonitus

2153 2993 2206 3046 in
2237 2992 2453 3057 somnis,
2475 2992 2677 3044 secessit
2710 2990 2762 3043 in
2787 3000 2960 3060 partes
2983 2988 3235 3042 Catillum.
3264 2986 3485 3059 (Μωιι.)
3514 2986 3713 3040 Arche-

479 3072 605 3126 tatis
633 3071 772 3125 ultra
816 3074 955 3127 viam
1000 3088 1120 3142 quae
1163 3075 1310 3131 ducit
1354 3076 1587 3143 Hebron,
1631 3087 1686 3133 et
1726 3094 1794 3134 ex
1832 3089 2047 3137 terreno
2075 3070 2119 3128 C
2150 3082 2266 3136 laus
2310 3081 2412 3134 istc
2445 3081 2535 3149 qui
2564 3079 2757 3133 Herodi
2802 3078 2943 3147 patri
2981 3078 3035 3132 in
3084 3092 3303 3148 regnum
3347 3083 3707 3137 successerat,

479 3162 784 3230 corpusculi
830 3164 1079 3233 hospitio,
1127 3166 1315 3220 matris
1354 3181 1547 3223 nomen
1589 3170 1876 3237 acceperit.
1922 3170 2046 3227 Sive

478 3251 730 3317 quoniam
760 3248 894 3305 Iuda
916 3258 971 3312 et
994 3250 1271 3320 Beniamin
1294 3252 1496 3321 junctre
1524 3256 1641 3309 duas
1669 3256 1840 3311 tribus
1868 3267 2041 3314 erant.

479 3340 545 3395 Et
591 3340 827 3396 Herodes
869 3352 1217 3413 praeceperat,
1260 3360 1367 3400 non
1416 3346 1588 3402 solum
1632 3348 1687 3402 in
1732 3348 2045 3406 Bethlehem

478 3430 709 3485 interﬁci
759 3447 975 3501 pueros,
1016 3435 1108 3489 sed
1156 3442 1211 3489 et
1261 3436 1315 3490 in
1360 3438 1609 3510 omnibus
1655 3440 1800 3495 circa
1849 3441 2046 3498 ﬁnibus

477 3521 615 3590 ejus.
646 3521 748 3576 Per
774 3524 1114 3579 occasionem
1139 3525 1448 3581 Bethlehem
1476 3529 1824 3600 intelligimus
1849 3532 2046 3587 multos

478 3612 639 3667 etiam
668 3613 731 3668 de
760 3612 1032 3681 Benjamin
1062 3613 1228 3670 fuisse
1259 3604 1448 3673 cresos.
1477 3617 1628 3684 Quod
1665 3625 1843 3675 autem
1872 3620 2047 3690 plorat

470 3701 615 3756 ﬁlios
666 3718 791 3757 suos
834 3702 1069 3770 Rachel,
1102 3713 1156 3759 et
1204 3721 1308 3759 non
1353 3708 1553 3776 recepit
1599 3710 2044 3778 consolationem,

479 3793 773 3847 secundum
800 3793 1062 3862 duplicem
1090 3795 1490 3865 intelligentiam
1512 3799 1678 3867 accipi
1705 3806 1900 3869 potest.
1923 3800 2048 3858 Sive

478 3882 622 3949 quod
657 3897 749 3936 eos
780 3884 832 3937 in
858 3892 1118 3938 aeternum
1160 3895 1400 3943 mortuos
1425 3888 1739 3955 aestimaret,
1765 3890 1877 3945 sive
1906 3894 2048 3960 quod

414 3974 417 3977 '
480 3972 743 4025 consolari
785 3988 843 4028 se
881 3975 1044 4029 nollet
1067 3976 1133 4030 de
1162 3976 1245 4031 his
1273 3992 1406 4046 quos
1434 3979 1597 4033 sciret
1634 3994 1752 4034 esse
1790 3981 2041 4037 victuros.

480 4063 631 4129 Quod
673 4054 852 4118 autem
880 4066 1074 4120 dicitur
1104 4067 1157 4120 in
1202 4084 1367 4133 rama,
1400 4084 1505 4123 non
1538 4078 1786 4139 putemus
1817 4071 1918 4127 loci
1950 4088 2046 4126 no-

478 4170 600 4209 men
644 4169 784 4220 esse,
828 4158 918 4225 qui
948 4165 1029 4211 est
1058 4157 1209 4226 juxta
1240 4159 1440 4225 Gabaa,
1478 4162 1571 4216 sed
1602 4177 1751 4216 rama
1786 4163 2044 4217 excelsum

479 4247 880 4315 interpretatur.
911 4246 983 4301 Ut
1017 4248 1085 4302 sit
1114 4264 1339 4303 sensus:
1368 4249 1480 4305 Vox
1527 4252 1581 4305 in
1616 4253 1827 4308 excelso
1863 4253 2046 4310 audita

479 4345 580 4402 cst,
608 4338 662 4392 id
704 4345 814 4404 est,
846 4338 1001 4408 longe
1026 4339 1237 4408 lateque
1278 4339 1538 4410 dispersa.
1570 4341 1793 4414 (Hilar.)
1837 4344 2041 4399 Rachel

2145 3188 2335 3227 novem
2352 3172 2516 3225 annis
2540 3168 2735 3224 Iudam:
2768 3184 2991 3240 regnum
3016 3169 3204 3222 tenuit.
3230 3167 3329 3234 Qui
3357 3182 3386 3221 a
3414 3166 3610 3221 Iudaeis
3644 3166 3713 3219 ob

2145 3260 2535 3316 intolerabilem
2570 3259 2733 3314 animi
2758 3244 3089 3313 ferocitatem
3120 3257 3259 3326 apud
3283 3256 3578 3324 Augustum
3609 3254 3711 3308 cri-

2144 3350 2396 3413 minatus,
2422 3356 2625 3403 zeterno
2647 3347 2786 3416 apud
2811 3346 3070 3400 Viennam
3100 3343 3281 3399 Galliae
3316 3342 3501 3397 urbem
3538 3342 3705 3409 dispe-

2145 3438 2235 3492 riit
2269 3436 2477 3492 exsilio.
2508 3434 2751 3505 Regnum
2781 3448 2911 3488 vero
2929 3430 3126 3486 Iudaea:
3149 3430 3458 3499 quominus
3485 3428 3711 3482 validum

2145 3529 2330 3592 ﬁeret,
2378 3528 2519 3582 idem
2548 3524 2819 3594 Augustus
2858 3539 2955 3594 per
2983 3522 3300 3577 tetrarchias
3331 3520 3575 3575 scindere
3620 3534 3684 3572 cu

2146 3617 2312 3680 ravit,
2361 3629 2494 3683 quas
2536 3620 2766 3683 quatuor
2813 3611 3007 3665 fratres
3050 3608 3299 3681 Archelai
3339 3618 3522 3662 tenere
3559 3606 3710 3669 fecit,

2130 3708 2444 3781 rllcrodem,
2488 3704 2845 3774 Antipatrum,
2893 3701 3162 3755 Lisaniam
3215 3707 3271 3753 et
3305 3698 3629 3766 Philippum,
3660 3706 3718 3750 ut

2146 3800 2439 3872 scriptores
2463 3806 2759 3866 temporum
2790 3794 3041 3864 produnt.
3067 3792 3246 3863 (Αυθ.)
3275 3790 3330 3844 Si
3355 3806 3513 3860 quem
3537 3799 3714 3844 autem

2147 3898 2324 3945 movet
2351 3887 2617 3958 quomodo
2638 3885 2784 3940 dicat
2803 3884 3082 3939 Matthtcus
3102 3890 3383 3952 propterea
3407 3896 3527 3935 cum
3552 3896 3718 3950 puero

2143 3983 2267 4038 Iesu
2309 3989 2557 4051 parentes
2581 3979 2697 4050 ejus
2733 3978 2839 4033 isse
2884 3978 2938 4030 in
2964 3971 3257 4040 Galilaeam,
3284 3974 3407 4044 quia
3436 3981 3581 4027 metu
3612 3972 3719 4027 Ar-

2144 4074 2315 4129 chelai
2342 4073 2395 4126 in
2423 4071 2663 4125 Judmant
2690 4069 2767 4123 ire
2796 4067 3103 4131 noluerunt,
3130 4080 3251 4119 cum
3290 4074 3575 4135 pr‘Opterca
3605 4081 3720 4119 ma-

2144 4166 2226 4235 gis
2256 4166 2361 4219 issc
2386 4165 2438 4239 in
2472 4162 2748 4217 Galilzeam
2791 4160 3091 4222 videantur,
3128 4159 3254 4229 quia
3290 4159 3486 4237 civitas
3529 4173 3717 4213 eorum

2144 4264 2259 4308 erat
2286 4252 2551 4307 Nazareth
2580 4249 2832 4313 Galilaxe,
2862 4246 3002 4302 sicut
3033 4246 3207 4300 Lucas
3250 4260 3352 4300 non
3402 4246 3596 4309 tacuit,
3640 4246 3719 4299 in-

2147 4344 2487 4414 telligendum
2524 4350 2639 4408 est,
2665 4342 2755 4397 ubi
2799 4339 3018 4409 angelus
3059 4339 3113 4392 in
3155 4338 3357 4392 somnis
3387 4337 3440 4391 in
3483 4337 3720 4409 Egypto

479 4425 645 4495 Iacob
670 4441 804 4481 uxor
826 4427 927 4482 fuit
958 4428 1047 4492 diu
1089 4430 1307 4496 sterilis,
1337 4409 1429 4486 sed
1471 4409 1673 4487 nullum
1700 4409 1878 4489 exibis
1907 4450 2041 4504 quos
2068 4409 2118 4465 D
2144 4409 2286 4491 dixit
2302 4435 2369 4489 ad
2394 4433 2588 4502 Ioseph
2616 4450 2628 4485 :
2661 4431 2849 4502 Surge,
2876 4440 2923 4483 et
2960 4429 3134 4497 accipe
3166 4443 3383 4497 puerum
3412 4435 3459 4480 et
3496 4437 3722 4481 matrem

480 4524 737 4585 genuerat
762 4518 958 4573 amisit.
987 4518 1181 4574 Verum
1220 4520 1334 4575 hare
1360 4520 1413 4574 in
1456 4536 1650 4591 genere
1685 4524 1937 4579 Ecclesia:
1968 4536 2046 4595 ty-
2141 4527 2276 4602 ejus,
2301 4534 2349 4580 et
2380 4524 2508 4578 vade
2548 4524 2601 4576 in
2634 4532 2827 4576 terram
2872 4518 3073 4583 Israel,
3104 4520 3183 4574 sic
3230 4518 3561 4573 intellectum
3598 4532 3722 4572 esse

481 4622 605 4675 pum
639 4608 890 4677 prmtulit.
924 4606 1039 4662 Non
1071 4610 1233 4678 igitur
1260 4610 1400 4667 illius
1428 4627 1529 4667 vox
1558 4622 1613 4667 ct
1636 4614 1875 4684 ploratus
1897 4616 2046 4670 audi—

481 4705 588 4759 tur,
615 4713 734 4766 qua:
763 4697 964 4751 nullum
988 4698 1174 4753 habuit
1194 4700 1510 4756 amissorum
1535 4703 1761 4757 ﬁliorum
1786 4705 2042 4768 dolorem,

383 4790 391 4796 ’
482 4788 577 4840 sed
602 4787 759 4857 hujus
791 4787 1043 4844 Ecclesia:
1070 4790 1157 4844 diu
1199 4791 1414 4856 sterilis,
1446 4809 1587 4847 nunc
1619 4810 1745 4849 vero
1782 4794 2041 4852 fecundae.

483 4876 646 4946 Cujus
675 4878 912 4946 ploratus
938 4895 1005 4933 ex
1031 4879 1174 4945 ﬁliis,
1204 4896 1310 4935 non
1348 4881 1568 4949 idcirco,
1592 4884 1717 4953 quia
1742 4895 2049 4955 peremptos

485 4966 717 5031 dolebat,
752 4968 983 5035 auditur,
1012 4966 1105 5024 sed
1139 4972 1264 5040 quia
1293 4973 1360 5027 ab
1389 4972 1474 5026 his
1499 4963 1887 5043 perimebatur,
1914 4990 2049 5044 quos

483 5058 719 5127 primum
772 5058 979 5128 genitos
1024 5060 1159 5116 ﬁlios
1211 5063 1444 5117 retinere
1483 5064 1755 5120 voluisset.
1808 5065 2048 5135 Denique

483 5141 748 5205 consolari
789 5165 849 5206 se
896 5152 1096 5219 noluit,
1144 5170 1260 5223 quae
1301 5155 1534 5210 dolebat.
1580 5156 1696 5211 Non
1744 5158 1888 5211 enim
1939 5174 2046 5212 non

484 5250 638 5315 erant
670 5242 721 5297 hi
750 5245 841 5313 qui
871 5244 1067 5305 mortui
1092 5246 1433 5313 putabantur,
1462 5249 1515 5302 in
1556 5249 1873 5303 aeternitatis
1900 5249 2046 5303 enim

485 5333 779 5401 prolectant
822 5349 919 5403 per
952 5335 1198 5406 martyrii
1239 5335 1460 5406 gloriam
1495 5338 1872 5395 ellerebantur.
1911 5338 2048 5395 Con-

488 5426 677 5483 solatio
731 5430 911 5483 antem
966 5428 1044 5483 rei
1100 5429 1310 5484 amissa:
1365 5440 1480 5485 erat
1543 5432 1843 5502 praestanda
1872 5435 1895 5498 ,'
1940 5447 2048 5487 non

490 5535 586 5576 auc
593 5528 678 5576 ιω.

558 5612 808 5685 Defuncto
838 5626 1006 5670 autem
1040 5615 1267 5684 Herode,
1295 5632 1405 5671 ecce
1436 5619 1673 5685 apparuit
1698 5618 1907 5686 angelus
1945 5618 2045 5672 Da-

2140 4615 2314 4685 primo
2356 4628 2387 4667 a
2415 4611 2645 4682 Ioseph,
2680 4619 2739 4665 ut
2764 4616 2977 4679 putaret
3006 4607 3213 4676 jussqu
3244 4619 3303 4661 se
3332 4620 3453 4660 esse
3494 4619 3723 4674 pergere

2142 4707 2196 4760 in
2230 4705 2488 4760 Iudaeam.
2510 4702 2630 4773 Ipsa
2655 4703 2798 4757 enim
2829 4700 3074 4773 primitus
3106 4698 3327 4768 intelligi
3366 4698 3542 4767 potuit
3571 4705 3719 4751 terra

2141 4794 2322 4849 Israel.
2367 4794 2536 4848 Porro
2575 4800 2755 4847 autem
2787 4799 2979 4866 postea
3006 4804 3165 4859 quam
3197 4787 3462 4857 comperit
3494 4786 3603 4841 illic
3633 4800 3721 4839 re-

2149 4887 2506 4959 gnarc'ﬁlium
2536 4884 2761 4940 Herodis
2800 4881 3144 4944 Archelaum,
3177 4879 3348 4934 noluit
3390 4878 3623 4948 ohjicere
3658 4890 3720 4930 se

2150 4978 2223 5032 illi
2250 4975 2507 5047 periculo,
2534 4991 2657 5030 cum
2685 4983 2866 5044 posset
2894 4980 3037 5027 terra
3070 4970 3233 5025 lsracl
3259 4970 3423 5025 etiam
3450 4969 3529 5023 sic
3558 4969 3720 5023 intel-

2148 5067 2276 5137 ligi,
2303 5077 2362 5121 ut
2394 5075 2450 5121 ct
2489 5065 2711 5122 Galilma
2737 5064 2845 5118 illic
2871 5063 3241 5131 deputaretur,
3279 5060 3405 5129 quia
3446 5067 3504 5113 et
3543 5058 3718 5129 ipsam

2148 5157 2373 5227 populus
2426 5154 2587 5211 lsracl
2635 5152 2922 5207 incolebat.
2964 5144 3278 5220 Quanquam
3323 5156 3380 5203 et
3419 5146 3524 5203 alio
3558 5147 3719 5202 modo

2151 5247 2284 5302 solvi
2330 5248 2502 5317 possit
2559 5246 2674 5317 haec
2722 5242 2968 5314 quaestio.
3013 5240 3149 5308 Quia
3199 5240 3371 5310 potuit
3408 5238 3576 5293 videri
3613 5252 3712 5308 pa—

2151 5341 2392 5394 rentibus
2416 5337 2615 5393 Christi
2643 5349 2764 5390 cum
2802 5347 2969 5403 puero
3004 5331 3092 5404 (de
3118 5346 3225 5401 quo
3252 5329 3377 5384 talia
3420 5341 3517 5399 per
3551 5340 3718 5395 ange-

2149 5432 2252 5485 lica
2293 5446 2548 5501 responsa
2588 5426 2972 5499 cognoverunt)
3015 5439 3124 5480 non
3165 5437 3283 5478 esse
3330 5419 3713 5481 habitandum,

2152 5521 2253 5576 nisi
2280 5523 2332 5575 in
2362 5520 2679 5585 Ierusalem,
2706 5520 2797 5574 ubi
2825 5525 2936 5572 crat
2967 5514 3218 5584 templum
3244 5511 3478 5575 Domini,
3502 5518 3557 5564 ct
3593 5522 3745 5590 pro--

2151 5623 2331 5684 pterea
2359 5594 2641 5668 redetmtes
2673 5625 2737 5667 ex
2779 5608 3011 5679 {Egypto
3038 5606 3163 5668 illuc
3189 5620 3282 5660 eos
3321 5604 3491 5656 ituros
3527 5597 3714 5663 fuisse.
