3948 6324
247 314 353 367 ῗϐὅ

1206 277 1549 371 (ξολιᾷιωτ.
1590 312 1653 367 lN
1692 314 2119 371 MATTHJZUM.
2170 350 2232 356 --
2271 319 2395 371 Lm.
2438 321 2477 375 ι.

3371 322 3470 377 766

247 440 307 484 et
354 428 463 481 illic
498 427 849 493 habitaturos,
884 428 983 481 nisi
1035 428 1276 482 Archelai
1325 428 1605 496 prmsentia
1640 436 1810 481 terre-
1840 438 1885 494 Α
1916 431 2087 484 denuo
2111 432 2453 499 reddendam,
2488 444 2539 489 et
2580 444 2794 491 sanctos
2837 439 2925 507 qui
2961 440 3226 493 latuerunt
3262 440 3325 494 ad
3374 458 3471 496 sua

247 526 454 571 rentur.
495 513 847 583 Nequeenim
892 517 1145 570 divinitus
1188 516 1508 584 jubebantur
1538 518 1609 571 ibi
1654 517 1804 571 habi-

249 618 388 673 tare,
433 614 492 659 ut
536 606 602 659 de
647 606 906 660 Archelao
935 607 1075 677 quod
1118 608 1372 660 timebant
1410 606 1639 662 debeant
1680 623 1806 663 con-

249 706 511 752 temnere.

318 785 455 858 [ιιι]
497 785 561 839 Et
606 789 807 843 veniens
848 788 1093 841 habitavit
1122 788 1174 840 in
1204 788 1403 861 civitate
1446 804 1560 859 qua:
1594 798 1809 843 vocatur

253 876 545 941 Naweth,
573 887 629 929 ut
670 876 1036 946 adimpleretur
1062 877 1197 946 quod
1226 877 1418 929 dictum
1455 892 1528 931 est
1556 896 1646 947 per
1682 882 1805 949 pro-

246 965 428 1033 phetas
452 978 471 1015 :
494 962 756 1038 Quoniam
799 964 1085 1018 Nazarmus
1113 964 1393 1017 vocabitur.
1431 964 1695 1035 (IIieron.)
1749 966 1806 1020 Si

248 1054 415 1109 ﬁxum
440 1057 508 1111 de
550 1056 842 1127 Scripturis
886 1057 1150 1127 posuisset
1184 1056 1504 1126 exemplum,
1537 1073 1807 1127 nunquam

245 1145 473 1211 diceret,
498 1147 637 1215 quod
665 1132 862 1201 diet‘um
889 1154 975 1199 est
1000 1160 1098 1213 per
1136 1147 1444 1214 pr0phetas,
1473 1146 1568 1199 sed
1603 1146 1808 1217 simpli-

243 1236 385 1289 citcr
405 1228 547 1306 quod
574 1238 775 1291 dictum
815 1242 898 1290 est
935 1250 1030 1304 per
1068 1236 1403 1305 prophetam.
1435 1235 1586 1291 Nunc
1627 1248 1806 1291 autem

242 1325 525 1394 pluraliter
550 1327 833 1396 prophetas
869 1339 1085 1389 vocans,
1128 1326 1358 1379 ostendit
1390 1341 1447 1380 se
1484 1342 1588 1380 non
1623 1327 1802 1393 verba,

242 1415 341 1470 sed
362 1431 581 1470 sensum
602 1416 672 1471 de
694 1414 985 1485 Scripturis
1014 1416 1320 1485 sumpsisse.
1354 1415 1643 1486 Nazaracus
1678 1418 1811 1472 san-

243 1516 358 1563 ctus
396 1507 800 1577 interpretatur.
832 1505 1086 1581 Sanctum
1131 1516 1306 1562 autem
1340 1508 1624 1563 Dominum
1667 1507 1809 1563 lutu-

244 1611 366 1650 rum
412 1597 587 1654 omnis
633 1595 909 1667 Scriptura
967 1582 1370 1655 commemorat.
1418 1598 1709 1657 Possumus
1753 1608 1808 1653 et

243 1683 403 1739 aliter
427 1686 624 1750 dicere,
650 1687 790 1756 quod
812 1686 975 1744 etiam
995 1686 1191 1757 eisdem
1212 1688 1399 1742 verbis
1412 1686 1562 1755 juxta
1587 1689 1808 1745 Hebrai-

1910 521 2025 575 loca
2055 538 2172 578 esse
2210 540 2537 581 reversuros.
2571 525 2859 580 Possumus
2902 544 3110 597 quoque
3148 531 3327 585 odium
3367 531 3471 586 lle-

1912 606 2056 664 rotlis
2108 628 2211 681 quo
2239 602 2460 683 perdere
2498 613 2679 669 Jcsum
2719 614 2904 678 voluit,
2939 632 3096 685 super
3142 621 3471 689 persecutio-

1911 702 2089 759 nibus.
2117 718 2233 770 qum
2268 706 2631 773 apostolorum
2684 705 3011 774 temporibus
3064 708 3215 763 facta:
3262 711 3469 764 suntin

1906 786 2109 851 Iudaea,
2141 790 2443 857 specialiter
2496 793 2779 861 accipere,
2840 793 3050 861 quando
3115 794 3469 851 invalescentc

1909 875 2131 938 invidia,
2181 878 2557 943 prmtlicatores
2613 880 2761 933 verbi
2806 894 2942 947 pene
2982 894 3169 935 onmes
3214 890 3336 935 sunt
3380 899 3471 937 ex-

1908 964 2041 1033 pulsi
2076 966 2139 1017 tlc
2170 966 2465 1032 provincia,
2520 976 2573 1020 et
2618 968 2667 1019 in
2700 968 2944 1035 gentibus
2972 968 3311 1035 prmdicaturi
3351 978 3470 1024 sunt

1905 1054 2061 1123 longe
2115 1053 2326 1123 lateque
2371 1056 2616 1124 dispersi.
2664 1056 2857 1123 Sicque
2894 1054 3092 1108 factum
3128 1064 3210 1110 est
3246 1064 3307 1111 ut
3342 1062 3471 1127 ge‘n-

1906 1145 2096 1209 tilitas,
2139 1153 2257 1212 qum
2288 1160 2384 1213 per
2432 1145 2724 1219 [Egyptum
2783 1144 3061 1213 ﬁguratur,
3092 1148 3327 1213 peccatis
3352 1157 3474 1203 ante

1907 1234 2210 1297 tenebrosa,
2267 1234 2443 1288 lumen
2493 1234 2640 1287 verbi
2689 1235 3008 1303 perciperet.
3056 1232 3168 1287 Hoc
3204 1239 3301 1305 est.
3331 1236 3471 1291 enim

1904 1338 2130 1393 puerum
2156 1322 2336 1377 Jesum
2362 1338 2458 1393 per
2498 1322 2695 1392 Joscph
2722 1330 2776 1377 et
2818 1331 3041 1377 matrem
3073 1324 3188 1393 ejus
3220 1324 3271 1378 in
3304 1324 3472 1395 Egy-

1907 1420 2053 1480 ptum
2087 1412 2368 1477 transferri
2389 1454 2403 1479 ,
2435 1412 2592 1468 ﬁdem
2646 1413 2935 1467 Dominicm
2982 1413 3391 1479 incarnationis,
3422 1423 3476 1470 et

1908 1500 2157 1557 Ecclesia:
2184 1504 2494 1559 societatem
2539 1519 2637 1574 per
2687 1505 2932 1559 doctores
2981 1514 3197 1561 sanctos
3226 1507 3471 1576 gentibus

1908 1591 2192 1645 committi.
2236 1590 2387 1663 Quod
2417 1601 2574 1647 erant
2599 1594 2651 1646 in
2695 1592 2924 1665 Egypto
2955 1608 3125 1662 usque
3152 1595 3218 1650 ad
3266 1596 3472 1650 obitum

1908 1678 2132 1734 Herodis
2172 1680 2370 1735 indicat
2426 1681 2651 1753 ﬁgurate
2700 1681 2857 1737 ﬁdem
2890 1682 3085 1739 Christi
3137 1684 3188 1737 in
3227 1685 3473 1754 gentibus

241 1788 368 1831 eam
394 1776 671 1829 veritatem
698 1776 750 1829 in
778 1774 914 1831 Isaia
958 1777 1214 1846 scriptum
1244 1785 1324 1831 est
1352 1796 1364 1831 :
1396 1777 1545 1831 Exiet
1570 1780 1711 1849 virga
1741 1780 1805 1834 de
1834 1791 1879 1850 Β
1908 1785 2236 1835 mansuram.
2267 1772 2438 1828 donec
2473 1773 2749 1842 plenitudo
2794 1788 2979 1828 earum
3002 1764 3269 1841 '.introeat,
3298 1782 3353 1830 et
3394 1776 3473 1830 sic

243 1864 422 1918 radice
458 1864 604 1919 Iesse
648 1875 694 1919 et
746 1865 1035 1921 Nazarwus
1078 1866 1141 1920 de
1188 1869 1360 1923 radice
1407 1870 1521 1940 ejus
1566 1872 1807 1925 ascendet

240 1953 401 2025 (hai.
434 1956 531 2026 ιι).
574 1955 865 2027 Allegorice
910 1966 1087 2031 autem
1117 1960 1228 2013 hazc
1275 1977 1419 2025 mors
1458 1961 1806 2018 lnnocentum

238 2044 927 2128 parvulorumprmligurat
967 2049 1266 2117 passionem
1316 2050 1555 2105 omnium
1604 2060 1806 2122 marty-

239 2149 362 2189 rum
393 2133 613 2201 C’nristi,
642 2136 731 2205 qui
766 2137 972 2206 parvuli
1002 2147 1057 2193 et
1100 2138 1412 2195 innocentes
1440 2150 1593 2214 sunt,
1630 2142 1680 2196 id
1724 2156 1808 2198 cst

238 2222 490 2301 humiles,
523 2232 579 2280 et
596 2228 672 2280 .ab
700 2226 844 2279 omni
875 2225 995 2283 dolo
1026 2228 1240 2283 malitia:
1270 2230 1450 2297 alieni,
1481 2241 1535 2286 et
1567 2231 1659 2301 qui
1698 2246 1803 2287 non

238 2312 415 2369 Solum
450 2314 503 2369 in
533 2314 865 2379 Bethlehem,
892 2317 944 2371 id
968 2326 1051 2372 est
1075 2318 1126 2371 in
1153 2310 1355 2383 Iudaea,
1383 2320 1524 2374 unde
1556 2320 1805 2377 Ecclesia:

237 2404 407 2477 cepit
444 2406 612 2483 origo,
657 2408 751 2487 sed
794 2416 848 2463 ct
887 2408 943 2466 in
986 2411 1234 2472 omnibus
1264 2411 1516 2468 Ecclesiae
1561 2412 1801 2481 ejusdem

238 2494 435 2550 ﬁnibus
478 2512 573 2565 per
614 2504 782 2552 totum
819 2498 1001 2571 orbem
1048 2507 1311 2554 terrarum
1367 2502 1800 2571 persecutionem

233 2584 383 2653 passi
416 2594 560 2649 sunt,
586 2587 651 2640 ah
683 2586 860 2657 impiis
884 2596 936 2643 et
963 2589 1300 2657 aequissimis
1337 2593 1796 2659 persecutoribus,

253 2692 469 2746 [uorum
513 2677 748 2734 Herodes
789 2680 1269 2739 truculentissimus
1296 2690 1477 2751 typum
1509 2685 1697 2739 tenuit.
1730 2684 1798 2739 ili

250 2783 369 2837 :rgo
408 2768 539 2825 bimi
564 2770 728 2826 occisi
756 2777 901 2835 sunt,
934 2770 984 2823 id
1016 2781 1098 2826 est
1123 2771 1363 2826 doctrina
1388 2780 1444 2827 et
1486 2774 1797 2843 operatione

252 2856 481 2913 rerl'ecti.
516 2858 667 2939 Quod
706 2860 780 2914 illi
818 2859 1031 2931 quidem
1060 2862 1221 2917 occisi
1251 2871 1394 2928 sunt,
1425 2863 1517 2917 sed
1557 2863 1801 2921 Christus

251 2949 331 3018 [ni
373 2950 709 3019 quaerebatur
733 2950 920 3006 vivens
944 2952 1133 3018 evasit,
1178 2953 1412 3008 insinuat
1441 2955 1655 3023 quidem
1682 2971 1800 3011 cor-

254 3052 372 3091 rora
401 3037 469 3091 ab
497 3038 675 3107 impiis
698 3054 853 3108 posse
875 3040 1088 3109 perimi,
1112 3043 1202 3095 sed
1235 3040 1533 3109 Christum,
1565 3059 1661 3114 pro
1693 3060 1799 3115 quo

1909 1862 2083 1916 omnis
2118 1861 2281 1916 lsrael
2310 1862 2489 1918 salvus
2518 1862 2629 1916 ﬁat.
2654 1862 2842 1919 Obitus
2869 1858 3061 1934 quippe
3104 1864 3329 1921 Herodis
3362 1874 3472 1920 ter-

1908 1952 2111 2008 minum
2148 1954 2459 2011 intentionis
2508 1955 2817 2021 malitiosa};
2866 1971 2968 2026 qua
3002 1972 3143 2011 nunc
3164 1966 3349 2011 contra
3374 1957 3475 2013 Ec-

1906 2041 2122 2097 clesiam
2145 2041 2326 2098 Judaaa
2354 2044 2525 2110 saevit,
2564 2044 2827 2111 insinuat;
2861 2045 3060 2099 occisio
3102 2045 3471 2114 parvulorum,

1905 2140 2129 2187 mortem
2158 2133 2436 2188 humilium
2459 2130 2676 2203 spiritu,
2705 2148 2859 2202 quos,
2892 2119 3073 2204 fugato
3091 2150 3118 2187 a
3150 2148 3208 2189 se
3234 2133 3471 2198 Christo,

1904 2219 2071 2275 Judaei
2104 2222 2369 2291 perimere
2420 2220 2745 2279 desiderant.
2789 2224 2939 2291 Quod
2988 2232 3167 2283 autem
3219 2224 3472 2280 defuncto

1904 2308 2112 2365 Herode
2154 2310 2293 2368 redit
2319 2312 2386 2367 ad
2421 2312 2820 2368 terram‘lsrael
2862 2312 3049 2380 Jesus,
3082 2314 3243 2371 ﬁnem
3288 2313 3473 2368 steculi

1903 2400 2219 2469 denuntiat,
2268 2404 2481 2473 quando
2536 2402 2719 2460 Enoch
2762 2413 2817 2460 et
2870 2404 2982 2459 Elia
3034 2403 3465 2475 prmdicantibus,

1901 2488 2091 2558 Judaai,
2120 2493 2293 2562 sopita
2319 2494 2588 2549 modernae
2624 2493 2835 2549 invidia)
2862 2493 3070 2548 ﬂamma
3092 2535 3106 2560 ,
3144 2493 3303 2549 ﬁdem
3330 2494 3475 2547 veri-

1902 2580 2030 2635 tatis
2076 2582 2365 2652 accipient.
2400 2583 2467 2637 Et
2504 2582 2641 2639 bene
2680 2598 2801 2638 cum
2850 2581 3087 2637 Judaeum
3136 2582 3358 2648 deserit,
3391 2580 3474 2636 fu-

1899 2662 2045 2740 gere,
2076 2680 2129 2726 et
2157 2672 2260 2727 hoc
2308 2672 2362 2727 in
2408 2682 2565 2728 nocte
2595 2674 2809 2738 dicitur,
2838 2688 2960 2727 cum
3000 2687 3130 2727 vero
3158 2672 3467 2738 revertitur,

1900 2759 2044 2813 nulla
2078 2775 2183 2814 non
2212 2760 2383 2815 solum
2416 2760 2572 2830 fugre,
2604 2761 2697 2816 sed
2726 2776 2793 2815 ne
2821 2762 2994 2816 noctis
3014 2759 3073 2815 ﬁt
3094 2761 3316 2827 mentio,
3346 2760 3471 2830 quia

1899 2851 2154 2905 nimirum
2182 2867 2318 2921 quos
2356 2853 2426 2907 ob
2464 2860 2806 2922 peccatorum
2844 2854 3092 2908 tenebras
3121 2852 3247 2908 olim
3281 2867 3468 2922 perse-

1900 2938 2113 2996 cutores
2167 2942 2402 3014 reliquit,
2453 2944 2597 3014 ipsos
2648 2944 2717 2999 ob
2760 2944 2933 2999 lucem
2987 2944 3106 2999 ﬁdei
3139 2944 3353 2998 tandem
3407 2957 3465 2998 se

1903 3041 2204 3100 quazrentes
2238 3033 2443 3088 revisit.
2475 3032 2645 3100 Quod,
2673 3033 2925 3087 damnato
2965 3032 3348 3104 licetHerode,
3373 3030 3469 3086 Jo-

249 3132 351 3182 .ota
387 3128 687 3198 persecutio
712 3128 879 3192 saevit,
920 3128 1224 3185 nullatenus
1264 3132 1344 3186 eis
1372 3134 1674 3188 viventibus
1717 3137 1796 3189 vel

1902 3120 2029 3189 seph
2058 3122 2250 3176 timore
2278 3121 2532 3177 Archelai
2570 3122 2661 3198 ﬁlii
2690 3122 2804 3193 ejus
2834 3121 3107 3188 ’Judteam,
3138 3122 3228 3177 ubi
3270 3130 3469 3179 metro-

251 3213 453 3281 )ccisis,
481 3213 639 3286 pesse
673 3214 892 3270 auferri.
928 3216 1077 3283 Quod
1105 3216 1257 3283 juxta
1288 3220 1599 3275 vaticinium
1641 3220 1796 3277 Jere—

253 3304 361 3360 uite
386 3319 490 3360 vox
520 3304 574 3359 in
603 3320 773 3371 rama,
802 3305 855 3361 id
879 3314 964 3360 est
990 3306 1043 3361 in
1067 3308 1298 3374 excelso,
1330 3310 1507 3363 audita
1545 3319 1647 3375 est,
1680 3311 1795 3381 plo-

250 3401 499 3458 atusyet
538 3394 769 3449 ululatus
807 3394 1021 3460 multus,
1061 3396 1341 3452 manifeste
1389 3399 1667 3453 denuntiat
1708 3399 1791 3453 lu-

247 3478 385 3536 :tum
428 3490 627 3536 sancta:
651 3482 921 3548 Ecclesiae,
964 3498 1071 3554 quo
1096 3484 1161 3539 de
1209 3484 1403 3553 injusta
1431 3488 1792 3542 membrorum

248 3591 460 3631 morum
499 3590 631 3631 nece
668 3576 853 3647 gemit,
884 3592 1012 3642 non,
1038 3584 1097 3631 ut
1121 3577 1305 3633 hostes
1328 3579 1588 3647 garriunt,
1624 3580 1674 3633 in
1704 3594 1794 3633 va-

248 3678 401 3718 :uum
429 3663 643 3730 cedere,
673 3654 769 3719 sed
796 3679 965 3734 usque
996 3666 1069 3725 ad
1115 3666 1308 3720 solium
1351 3668 1565 3737 superni
1611 3682 1795 3723 ascen-

251 3752 368 3807 lere
389 3740 606 3821 judicis,
647 3752 788 3831 sicut
816 3752 885 3807 de
921 3769 1177 3825 sanguine
1214 3754 1345 3810 Abel
1384 3758 1796 3828 protomartyris

247 3843 495 3912 mriptutn
524 3852 625 3899 est.
651 3843 801 3910 Quod
829 3852 1006 3898 autem
1036 3844 1235 3899 Rachel
1265 3846 1475 3915 plorare
1505 3846 1641 3903 ﬁlios
1670 3863 1794 3903 suos

252 3934 455 3998 licitur,
482 3948 581 3990 nec
615 3934 844 3989 voluisse
877 3934 1139 3989 consolari
1170 3935 1294 4004 quia
1324 3951 1429 3990 non
1460 3945 1604 4003 sunt,
1632 3938 1796 4008 signi-

250 4025 367 4079 lcat
405 4024 695 4079 Eeclesiam
736 4024 948 4093 quidem
991 4024 1200 4093 plorare
1232 4032 1541 4081 sanctorum
1582 4027 1649 4082 de
1693 4028 1795 4082 hoc

249 4113 432 4169 mulo
460 4113 806 4185 ablationem,
834 4113 925 4168 sed
970 4129 1073 4167 non
1112 4113 1183 4168 ita
1224 4114 1360 4169 velle
1401 4116 1698 4181 consolari,
1734 4126 1794 4171 ut

1896 3200 2060 3278 pelim
2089 3211 2340 3276 habebat,
2386 3211 2465 3285 ire
2512 3212 2838 3279 formidans,
2871 3221 3120 3268 monente
3163 3213 3378 3284 angelo,
3412 3215 3465 3269 in

1894 3300 2157 3357 Nazareth
2181 3302 2413 3359 Caliltete
2443 3305 2660 3365 secedit,
2691 3305 2877 3359 ultima
2904 3306 3184 3374 prazsentis
3211 3305 3466 3361 Ecclesiae

1894 3397 2131 3459 tempora
2160 3390 2423 3461 designat,
2450 3390 2664 3461 quando
2693 3407 2791 3460 per
2818 3406 2902 3457 ea,
2931 3407 3049 3461 qua:
3076 3408 3218 3447 nunc
3244 3393 3463 3450 univer-

1893 3476 1989 3531 sali
2038 3477 2210 3547 gentis
2256 3478 2398 3533 illius
2468 3479 2707 3533 edacitate
2777 3478 3113 3535 Christianos
3182 3480 3239 3534 in
3288 3464 3462 3550 quan-

1893 3575 2003 3619 tum
2033 3566 2173 3620 valet
2194 3568 2443 3636 persequi
2470 3584 2575 3622 non
2601 3569 2832 3633 desistit,
2861 3568 3037 3624 acrior
3061 3568 3116 3623 in
3138 3569 3460 3640 quibusdam

1892 3654 2207 3709 Antichristi
2249 3658 2554 3724 persecutio
2587 3666 2893 3729 consurget.
2928 3659 2993 3713 Et
3043 3659 3257 3729 quidem
3297 3658 3464 3728 pluri-

1893 3745 1995 3799 mis
2016 3745 2083 3799 ad
2106 3746 2540 3814 praedicationem
2578 3747 2762 3802 Enoch
2792 3757 2847 3803 et
2874 3748 3001 3803 Eliae
3026 3737 3056 3802 a
3084 3747 3307 3819 perﬁdia
3335 3764 3465 3804 con-

1895 3836 2086 3900 versis,
2135 3836 2229 3915 scd
2260 3837 2472 3891 caeteris
2514 3838 2581 3893 ad
2628 3838 2938 3893 instinctum
2981 3838 3315 3915 Antichristi
3351 3848 3463 3895 tota

1894 3909 2419 3984 intentione'cont‘ra
2448 3929 2629 3989 ﬁdem
2683 3918 3079 3997 dimicantibus.
3123 3930 3256 3987 Pars
3296 3908 3464 4014 igitur

1891 4015 2089 4079 Iudaeae
2110 4017 2163 4071 in
2186 4032 2287 4086 qua
2316 4019 2573 4086 regnabat
2598 4018 2894 4074 Archelaus
2919 4018 3150 4087 perﬁdos
3183 4020 3460 4075 Antichri-

1841 4135 1846 4140 -
1893 4106 1962 4160 sti
1988 4121 2243 4176 sequaces
2282 4108 2538 4163 ostendit.
2577 4107 2745 4163 Porro
2788 4108 3052 4164 Nazareth
3074 4109 3323 4176 Galilaeaa,
3352 4126 3460 4180 quo

251 4202 330 4271 [ui
358 4201 606 4257 saeculum
644 4209 820 4255 morte
863 4201 1106 4255 vicerunt
1132 4218 1319 4258 rursus
1346 4202 1411 4274 ad
1452 4204 1629 4258 saeculi
1676 4220 1793 4260 cer—
1818 4198 1847 4203 “
1892 4194 2163 4253 Dominus’
2182 4198 2521 4264 transfertur.
2568 4216 2753 4270 pacem
2798 4202 2971 4270 gentis
3014 4199 3290 4269 ejusdem.
3344 4216 3462 4271 quae

250 4293 645 4365 .amina‘sccum
671 4290 945 4347 toleranda
978 4293 1213 4347 redeant.
1242 4293 1376 4360 Quia
1406 4294 1657 4348 nimirum
1684 4310 1792 4349 non
1892 4296 2020 4342 tunc
2042 4290 2297 4357 temporis
2324 4288 2479 4345 ﬁdem
2504 4289 2702 4345 Christi
2733 4299 2817 4345 est
2841 4299 3172 4361 susceptura,
3195 4292 3457 4362 designat.

249 4392 367 4449 utut
387 4384 523 4438 ultra
567 4383 845 4439 revocandi
875 4383 928 4440 in
967 4384 1242 4450 mundum,
1269 4386 1333 4439 de
1363 4383 1513 4453 cujus
1541 4386 1791 4440 aerumnis
1893 4377 2046 4435 Unde
2078 4380 2212 4435 bene
2254 4378 2471 4436 Galilzea
2499 4391 2791 4452 perpetrata
2829 4383 3217 4452 transmigratio
3239 4421 3252 4443 .
3281 4382 3458 4441 Nam:

246 4474 405 4530 temet
448 4481 760 4537 evaserunt,
791 4465 1081 4529 cor-otiandi
1125 4475 1191 4529 ad
1231 4464 1519 4555 Christum,
1552 4476 1616 4529 Et
1656 4476 1792 4531 bene
1816 4457 1868 4515 D
1894 4468 2010 4523 reth
2040 4469 2157 4538 ﬂos,
2194 4478 2284 4523 aut
2305 4468 2579 4540 virgultum
2618 4470 2750 4539 ejus,
2775 4470 3175 4539 interpretatur.
3209 4471 3344 4538 Quia
3374 4472 3457 4526 ni-

246 4562 458 4627 iachel,
500 4576 617 4631 qua:
645 4563 773 4627 ouis,
802 4572 895 4615 aut
923 4562 1095 4617 videns
1126 4562 1326 4629 Deum,
1363 4563 1581 4629 dicitur,
1612 4564 1795 4620 Eccle-
1888 4562 2084 4616 mirum
2126 4560 2574 4617 sancta'Ecclcsia
2610 4576 2717 4631 quo
2754 4562 3059 4617 ardentiore
3084 4562 3349 4619 desiderio
3388 4563 3455 4617 ab

243 4654 369 4707 dam
402 4651 632 4722 ﬁgurare
669 4650 1081 4715 demonstratur,
1117 4650 1271 4718 cujus
1300 4660 1408 4708 tota
1454 4653 1699 4717 intentio,
1738 4661 1794 4708 ut

242 4740 418 4795 ridere
461 4730 626 4794 Deum
665 4734 952 4803 mereatur,
998 4738 1255 4810 invigilat.
1301 4741 1368 4795 Et
1412 4741 1522 4811 ipsa
1568 4750 1652 4797 est
1679 4743 1795 4798 ovis

245 4829 544 4893 :entesima,
577 4843 736 4897 quam
778 4828 969 4883 Pastor
994 4829 1183 4894 bonus,
1217 4830 1416 4885 relictis
1452 4831 1506 4886 in
1532 4831 1670 4888 cutio
1698 4846 1795 4887 no-

248 4921 453 4990 naginta
501 4933 688 4974 novem
716 4918 903 4972 ovibus
942 4917 1299 4991 angelicarum
1329 4920 1621 4987 virtutum,
1658 4923 1792 4987 abiit

244 5028 471 5083 [merere
512 5012 565 5069 in
614 5019 787 5086 terra,
836 5011 1206 5081 inventamque
1252 5012 1363 5065 suis
1407 5012 1646 5070 humeris
1687 5012 1791 5068 im-

244 5103 438 5171 )osuit,
464 5106 519 5157 et
550 5102 629 5163 sic
665 5100 960 5170 reportavit
988 5101 1053 5155 ad
1094 5114 1325 5172 gregem.
1351 5100 1502 5167 Quod
1544 5116 1675 5159 vero
1696 5111 1792 5159 bc-

244 5190 360 5243 eisis
402 5205 497 5259 pro
548 5180 771 5247 Domino
814 5190 1013 5258 pueris,
1041 5187 1280 5244 Herodes
1322 5203 1427 5242 non
1468 5188 1621 5259 longe
1666 5200 1789 5259 post

243 5279 392 5343 thiit,
422 5289 475 5332 et
516 5277 743 5353 Joseph‘,
782 5287 1031 5333 monente
1067 5278 1269 5349 angelo,
1331 5272 1615 5335 Dominum
1660 5295 1784 5334 cum
1825 5314 1830 5319 -

242 5378 403 5424 natre
446 5367 509 5421 ad
560 5379 753 5421 terram
795 5366 959 5422 Israel
1004 5368 1241 5435 reduxit,
1287 5367 1552 5437 signiﬁcat
1594 5382 1785 5424 omnes

242 5464 660 5518 )crsecuttoncs,
710 5470 829 5524 qua!
857 5465 1042 5509 contra
1074 5456 1363 5511 Ecclesiam
1388 5464 1542 5511 erant
1570 5470 1787 5511 moven-

240 5550 352 5611 ιω,
411 5547 645 5616 ipsorum
699 5549 1102 5615 persecuturum
1168 5541 1339 5600 morte
1395 5545 1779 5611 vindicandas,

241 5639 535 5711 isdemque
566 5636 799 5690 multatis
842 5636 1283 5704 persecutoribus,
1318 5638 1504 5705 pacein
1528 5637 1779 5693 Ecclesiae

1889 4650 1973 4705 his
2028 4666 2145 4720 qua:
2197 4650 2250 4705 in
2298 4651 2456 4706 terris
2499 4652 2650 4707 videt
2698 4653 2764 4707 ad
2811 4651 3049 4707 caelestia
3094 4652 3454 4722 promerenda

1890 4740 2253 4811 transmigrat,
2300 4756 2367 4796 eo
2414 4742 2620 4813 majore
2662 4742 2979 4813 spiritalium
3030 4740 3264 4795 abundat
3323 4740 3453 4796 ﬁore

1888 4845 1952 4887 ac
1980 4830 2219 4905 germine
2246 4831 2527 4886 virtutum.

2475 4918 2847 5001 .CAPUTIH.

1936 5008 2014 5083 De
2054 5009 2424 5079 prazdicatione
2453 5009 2681 5129 Joagzis
2720 5006 3003 5087 ﬁaptistaz,
3056 5015 3104 5060 et
3148 5006 3399 5076 baptismo

2414 5094 2419 5095 ν
2548 5108 2551 5115 ί
2637 5087 2769 5129 nstt.
3180 5087 3185 5093 ‘

2414 5094 2419 5095 ⁷
2548 5087 2769 5129 πωιηδιι.
3180 5087 3185 5093 ”
3434 5094 3439 5099 ’

1957 5191 2069 5264 [1.]
2094 5190 2161 5245 In
2185 5191 2363 5245 diebus
2398 5191 2501 5244 illis
2544 5190 2680 5244 venit
2717 5189 2948 5247 Joannes
2973 5188 3233 5256 Baptista,
3261 5187 3465 5264 pardi...

1886 5298 2009 5335 cans
2031 5281 2083 5333 in
2104 5280 2303 5332 deserto
2325 5278 2548 5341 Judwaz,
2573 5288 2621 5332 et
2643 5278 2818 5332 dicens
2851 5292 2869 5329 :
2899 5276 3258 5331 Paenitentiam
3285 5276 3446 5355 agite,

1861 5367 2255 5439 Iappropinquat
2288 5366 2425 5418 enim
2474 5378 2686 5436 regnum
2740 5365 3002 5419 caelorum.
3044 5361 3234 5431 (Aug.)
3290 5362 3447 5439 Quod

1884 5455 2016 5511 dicit
2043 5456 2097 5509 t'n
2120 5455 2299 5509 diebus
2318 5454 2451 5521 illis,
2500 5471 2605 5510 non
2646 5456 2829 5524 utique
2859 5451 3220 5507 tantummodo
3254 5452 3437 5521 pueri-

1885 5549 1971 5604 tia:
1998 5548 2137 5605 illius
2183 5548 2298 5603 dies
2333 5548 2584 5613 insinuat,
2618 5546 2708 5602 sed
2748 5560 2931 5600 omnes
2957 5542 3071 5599 dies
3100 5543 3170 5598 ab
3194 5543 3310 5615 ejus
3339 5558 3428 5597 na-

1885 5641 2089 5696 tivitate
2116 5656 2283 5710 usque
2306 5642 2371 5705 ad
2398 5648 2605 5709 tempus
2635 5654 2738 5709 quo
2768 5632 3057 5707 praidicare
3079 5650 3141 5691 ac
3165 5635 3439 5711 baptizare
