3948 6322
528 214 627 273 itii
722 190 729 193 “

1130 213 1220 268 ιΒ.
1259 170 1773 273 R‘ABANIIMAURI
1809 211 2130 270 ARClllEP.
2171 194 2483 270 MOGUNT.
2521 212 2804 269 OPERUM
2840 213 3018 271 PARS
3056 214 3096 271 l.

3685 221 3795 279 763‘

459 392 462 396 λ
521 334 688 403 εωρίῑ
711 328 997 411 Joannes‘g‘
1011 328 1170 384 simul
1194 307 1651 400 \comprehendit.
1700 326 1817 393 Quo
1859 333 2100 405 tempore
2128 326 2176 388 Α
2204 325 2397 397 inquit,
2421 327 2673 394 habebat,
2706 344 2813 383 non
2840 329 2906 409 de
2935 328 3081 397 lana,
3106 331 3234 400 quia
3262 332 3406 390 aliud
3436 343 3525 391 est
3552 344 3779 391 austera:

523 422 725 479 Christi
770 431 901 479 tetas
939 419 1191 492 juvenilis
1241 420 1530 475 invenitur.
1560 418 1696 484 Quia
1739 416 1905 474 coaevi
1941 415 2112 471 erant.

523 512 769 569 Christus
806 522 861 567 et
904 503 1158 577 Joannes,
1212 519 1267 565 et
1324 508 1545 578 triginta
1604 505 1776 573 ferme
1832 517 2099 562 annorum

523 611 779 659 narratur
812 603 1009 669 fuisse,
1037 616 1156 659 cum
1183 599 1363 654 abillo
1399 600 1701 668 baptizatus
1730 606 1892 653 esset.
1924 596 2101 653 Lucas

523 703 706 750 autem
724 711 818 766 per
835 704 1125 765 potestates
1149 700 1390 747 terrenas
1405 691 1702 762 si‘gnantius
1722 691 1836 760 ipsa
1858 700 2101 760 tempora

524 787 791 854 expressit
840 782 1235 853 praedicationis
1278 782 1362 838 vel
1412 784 1664 853 baptismi
1712 781 1966 848 Joannis,
2014 782 2099 837 di-

526 891 656 931 cens
692 895 704 930 :
735 877 879 935 Anno
925 868 1445 949 autem'duodecima
1498 874 1700 944 imperii
1743 873 1934 928 Tiberii
1980 871 2098 927 Ca:-

524 966 683 1033 saris,
729 977 1043 1035 procurante
1077 961 1271 1019 Pontio
1312 962 1489 1019 Pilato
1536 964 1805 1030 Iudaeam,
1837 965 2101 1019 tetrarcha

524 1067 698 1120 autem
724 1056 959 1115 Galilww
991 1058 1230 1125 Herode,
1274 1056 1520 1129 Philippo
1572 1068 1747 1113 autem
1778 1058 1942 1129 fratre
1986 1058 2101 1128 ejus

526 1149 787 1203 tetrarclia
818 1149 1061 1225 Iturwte,
1093 1158 1139 1205 et
1172 1147 1558 1203 Tracbonitidis
1586 1148 1906 1219 regionis,'et
1951 1147 2103 1203 Lisa-

527 1240 618 1293 nia
644 1230 870 1295 Abilina:
900 1241 1179 1309 te'trarcha,
1211 1240 1410 1310 factum
1431 1250 1505 1295 est
1534 1242 1743 1295 verbum
1769 1240 1981 1295 Domini
2013 1258 2101 1296 su-

524 1345 617 1399 per
639 1328 897 1383 Joannem
924 1328 1198 1386 Zacharias
1247 1328 1418 1398 ﬁlium
1446 1330 1502 1385 in
1545 1330 1770 1397 deserto,
1806 1339 1856 1385 et
1884 1331 2019 1399 venit
2047 1332 2101 1385 in

524 1430 729 1473 omnem
777 1420 1034 1492 regionem
1080 1420 1371 1487 Iordanis,
1432 1403 1729 1493 pridicans
1789 1422 2101 1493 baptismum

523 1510 859 1580 paenitentia,
882 1513 939 1565 in
966 1514 1321 1568 remissionem
1336 1521 1665 1582 peccatorum
1687 1512 1838 1585 (Luc.
1856 1512 1960 1587 iu).
1976 1512 2103 1570 Ρω-

525 1602 811 1661 nitentiam
868 1603 1030 1675 igitur
1090 1606 1267 1662 facere
1314 1605 1369 1659 in
1422 1605 1636 1661 deserto
1681 1604 1878 1662 Judzeai
1921 1621 2103 1676 praeco

2200 418 2368 473 vestis
2393 418 2671 484 indicium,
2686 403 3083 476 aliudiluxuriie
3102 421 3561 482 mollioris.~Zona
3596 434 3775 483 autem

2199 509 2410 575 bellica,
2438 526 2545 581 qua
2576 519 2629 565 et
2663 512 2939 568 accinctus
2968 512 3069 568 fuit
3118 514 3261 570 Elias
3280 557 3295 581 ,
3343 520 3774 579 mortiﬁcationis

2203 602 2504 673 symbolum
2537 610 2639 659 est.
2686 603 2857 660 Porro
2887 607 3030 676 quod
3068 609 3312 678 sequitur
3360 628 3373 664 :
3407 610 3551 668 Esca
3608 622 3773 667 autem

2201 692 2315 762 ejus
2330 702 2442 747 erat
2468 694 2667 749 locusta
2692 704 2740 748 et
2762 695 2863 749 mel
2884 695 3138 761 silvestre,
3159 698 3452 756 habitatori
3476 703 3775 759 solitudinis

2201 798 2499 854 congruum
2528 794 2631 851 est,
2660 793 2722 854 ut
2748 801 2854 841 non
2885 787 3106 844 delicias
3133 791 3394 854 ciborum,
3448 794 3545 847 sed
3594 808 3778 849 neces-

2200 874 2413 946 sitatem
2445 876 2693 932 humanae
2718 878 2896 932 carnis
2924 878 3181 948 expleret,
3212 868 3318 937 non
3340 898 3590 952 quarens
3615 886 3779 955 dapes

2200 955 2641 1021 ex'nutrimento
2666 982 2944 1037 pecorum,
2991 982 3093 1025 nec
3126 984 3195 1025 ex
3249 972 3484 1028 sollicita
3534 975 3777 1029 custodia

2202 1053 2518 1123 alvearium,
2566 1056 2845 1135 sedtenui
2895 1059 3040 1114 victu
3083 1070 3390 1128 contentus,
3443 1078 3509 1118 ex
3562 1064 3777 1121 minutis

2201 1143 2527 1225 volatilibus,
2555 1154 2610 1201 et
2630 1161 2697 1202 ex
2738 1147 2896 1204 melle
2926 1148 3144 1206 invento
3179 1151 3232 1206 in
3262 1151 3475 1207 truncis
3499 1152 3774 1207 arborum.

2202 1233 2387 1290 Potest
2436 1236 2657 1293 habitus.
2704 1246 2759 1293 et
2792 1238 3126 1311 victus‘ejus
3176 1257 3276 1312 per
3327 1242 3773 1315 signiﬁcationem

2203 1326 2367 1381 etiam
2395 1324 2707 1399 qualitatem
2757 1330 2985 1387 interna
3016 1334 3446 1391 conversationis
3499 1335 3621 1406 ejus
3673 1352 3775 1391 non

2203 1416 2645 1499 inconvenienter
2670 1421 3014 1489 exprimere;
3054 1439 3182 1479 nam
3223 1426 3348 1496 quia
3390 1428 3777 1493 austerioribus

2202 1511 2455 1566 utebatur
2481 1500 2830 1579 indumentis,
2860 1514 2940 1570 sic
2959 1514 3121 1570 etiam
3161 1503 3421 1574 Dominus
3448 1518 3504 1572 in
3535 1518 3777 1576 laudibus

2204 1600 2320 1671 ejus
2343 1608 2676 1671 protestatus
2700 1606 2804 1670 est,
2833 1603 3020 1659 dicens
3044 1604 3113 1660 ad
3142 1603 3357 1662 Judieos
3393 1626 3405 1660 :
3439 1607 3583 1673 Quid
3602 1609 3775 1663 existis

526 1691 769 1749 veritatis
812 1668 985 1749 docet.
1034 1694 1168 1762 Quia
1196 1709 1260 1750 ea
1290 1695 1522 1751 maxime
1564 1695 1874 1767 indigebant
1912 1668 2022 1762 illi,
2070 1711 2102 1751 a
2131 1668 2177 1727 Β
2204 1668 2686 1755 videreﬂiominem
2709 1668 2950 1749 mollibus
2974 1696 3400 1753 vestitum?Ecce
3539 1698 3776 1754 mollibus

524 1785 719 1854 quibus
745 1792 964 1855 propter
987 1794 1266 1855 peccatum
1291 1786 1547 1842 Dominus
1570 1786 1871 1848 habitatum
1892 1785 2108 1863 longius

526 1887 857 1941 recesserat,
885 1886 943 1931 ut
967 1878 1239 1933 desertum
1276 1878 1487 1934 ﬁerent.
1522 1878 1728 1944 Quibus
1756 1880 2101 1948 postmodum

526 1968 638 2038 ipse
664 1966 1032 2037 peacantibus,
1058 1976 1115 2023 et
1138 1968 1429 2025 homicidia
1472 1983 1616 2027 nova
1655 1970 1825 2025 veteri
1870 1971 2104 2040 prophe-

526 2064 697 2112 tarum
745 2056 876 2113 caedi
902 2059 1385 2115 'accumulantibus
1432 2059 1507 2114 ait
1546 2057 1730 2121 :Ecce
1781 2058 2103 2130 relinquetur

523 2148 664 2204 vobis
706 2149 1083 2221 domus;vestra
1115 2149 1323 2205 deserta
1350 2150 1500 2223 (Luc.
1531 2150 1675 2221 xm).
1720 2148 2101 2204 Paenitentiam

505 2251 651 2310 ergo
698 2237 1021 2303 facientibus
1078 2253 1302 2311 regnum
1355 2239 1615 2297 cmlorum
1671 2241 2103 2311 appropinquare

522 2328 737 2384 dicitur.
776 2328 910 2396 Quia
946 2330 1087 2399 quod
1134 2339 1354 2401 propter
1382 2331 1688 2401 superbiam
1724 2342 1888 2401 atque
1924 2340 2102 2387 trans-

522 2419 854 2489 gressionem
888 2421 1059 2490 primi
1089 2422 1326 2491 parentis
1367 2421 1537 2476 nostri
1577 2420 1788 2492 longius
1815 2422 2109 2500 abscessit,

522 2528 646 2568 cum
678 2528 824 2567 mors
875 2522 929 2567 et
976 2512 1220 2569 infernus
1280 2513 1673 2584 appropriavit,
1725 2514 1830 2568 hoc
1880 2522 2101 2585 propter

521 2599 724 2656 Christi
757 2601 1107 2657 humilitatem
1133 2610 1188 2657 et
1211 2604 1593 2667 obedientiam,
1623 2601 1835 2658 inferno
1870 2612 2100 2669 semoto,

521 2707 551 2745 a
584 2691 827 2761 peccatis
850 2692 1220 2747 recedentibus
1246 2682 1479 2748 vicinum
1525 2693 1727 2747 factum
1755 2701 1856 2748 est.
1900 2694 1968 2747 Et
1997 2694 2101 2749 hoc

521 2781 590 2835 ad
620 2782 1077 2851 comparationem
1108 2784 1308 2837 veteris
1337 2783 1470 2852 legis
1501 2783 1704 2837 dictum
1731 2790 1835 2849 est,
1862 2783 1954 2838 ubi
1980 2797 2100 2837 eam

521 2871 843 2927 facientibus
890 2871 1030 2927 bona
1059 2880 1218 2928 terra:
1246 2862 1721 2942 promittebantur.
1774 2873 1875 2929 Hic
1921 2883 2101 2930 autem

521 2978 628 3017 non
660 2962 908 3017 fertilitas
932 2971 1108 3029 terrae,
1139 2963 1235 3018 sed
1260 2977 1482 3032 regnum
1508 2964 1768 3019 caelorum
1786 2965 1923 3020 bene
1944 2979 2103 3033 δεθεὶς

2202 1782 2489 1835 vestiuntur
2513 1782 2568 1836 in
2606 1782 2843 1839 domibus
2892 1770 3071 1855 regum
3118 1798 3240 1859 sunt
3279 1786 3438 1859 (Luc.
3474 1790 3607 1862 vii);
3658 1790 3777 1860 quia

2200 1872 2366 1927 vitam
2396 1873 2737 1943 peccantium
2764 1890 2871 1931 non
2892 1876 3271 1935 blandimentis
3297 1879 3450 1947 fovit‘,
3477 1884 3574 1938 sed
3603 1883 3779 1954 vigore

2201 1976 2407 2033 asperae
2440 1962 2757 2031 invectionis
2782 1966 3081 2037 increpavit
3111 1988 3124 2023 :
3158 1970 3375 2027 dicens:
3402 1971 3686 2039 Genimina
3709 1975 3777 2029 vi-

2199 2050 2462 2123 perarum,
2512 2054 2629 2125 quis
2683 2056 2823 2111 vobis
2871 2057 3243 2114 demonstravit
3289 2059 3468 2131 fugere
3513 2078 3545 2116 a
3601 2061 3777 2131 [mare

2172 2143 2323 2198 -ira?
2346 2145 2547 2201 Zonam
2580 2146 2809 2202 habebat
2832 2148 2977 2205 circa
3002 2149 3214 2206 lumbos
3232 2165 3380 2218 suos,
3407 2152 3537 2222 quia
3559 2167 3775 2208 carnem

2202 2250 2356 2291 suam
2380 2237 2646 2293 cruciﬁxit
2665 2253 2788 2295 cum
2812 2240 2960 2295 vitiis
2978 2249 3039 2314 et_
3053 2242 3507 2312 concupiscentiis
3532 2241 3675 2313 (Gal.
3702 2245 3774 2314 ν).

2202 2315 2354 2392 Quod
2388 2340 2575 2394 eorum
2622 2342 2740 2383 esse
2782 2329 2873 2399 qui
2916 2306 3043 2384 simi
3066 2328 3195 2385 Jesu
3224 2306 3477 2397 -Christi,
3525 2306 3778 2401 Apostolo

2202 2422 2513 2482 attestante,
2563 2416 2868 2475 didicimus.
2930 2418 3195 2477 Locustas
3248 2429 3305 2477 et
3357 2421 3466 2477 mel
3522 2422 3779 2494 Sylvestre

2202 2508 2416 2576 edebat,
2448 2510 2573 2579 quia
2630 2510 2788 2567 dulce
2825 2512 3044 2583 quidem
3083 2513 3330 2583 sapiebat
3375 2513 3551 2569 turbis
3588 2514 3780 2585 pradi-

2204 2600 2346 2654 eatio
2397 2600 2535 2670 eius,
2565 2601 2908 2677 existiman'te
2940 2602 3139 2673 populo
3183 2611 3238 2659 et
3267 2603 3633 2675 cogitantibus
3662 2619 3779 2659 om-

2205 2689 2363 2746 nibus
2415 2690 2468 2745 in
2515 2690 2765 2746 cordibus
2811 2691 2923 2746 suis
2968 2691 3036 2746 de
3078 2707 3165 2759 eo,
3215 2707 3283 2748 ne
3313 2692 3452 2748 forte
3480 2692 3595 2763 ipse
3640 2702 3783 2748 esset

2204 2779 2471 2848 Christus,
2495 2780 2587 2837 sed
2609 2781 2761 2837 ocius
2784 2780 2947 2855 linem
2972 2782 3185 2847 sortita,
3210 2781 3637 2854 intclligentibus
3668 2783 3781 2853 eius

2204 2869 2538 2928 auditoribus
2565 2873 2691 2942 quia
2720 2889 2826 2939 non
2867 2874 2984 2943 ipse
3021 2873 3289 2939 Christus,
3331 2874 3428 2929 sed
3476 2888 3780 2945 praecursor-

2202 2971 2257 3018 et
2282 2962 2543 3037 propheta
2568 2970 2710 3018 esset
2731 2963 2951 3019 Christi.
2985 2955 3213 3036 (usus)
3256 2964 3315 3019 In
3369 2964 3531 3021 melle
3579 2967 3779 3029 etenim

523 3052 665 3107 tibus
688 3053 877 3107 adesse
901 3052 1244 3108 describitur.
1263 3053 1474 3107 Primus
1500 3054 1643 3107 enim
1673 3043 1911 3121 Baptista
1933 3052 2099 3109 Joan-
2127 3039 2171 3100 C
2203 3048 2447 3119 dulcedo,
2481 3053 2533 3106 in
2572 3052 2796 3108 locustis
2832 3063 2977 3109 esset
3027 3055 3209 3111 alacer
3233 3055 3466 3123 volatus,
3519 3057 3613 3113 sed
3675 3059 3781 3114 cito

521 3157 631 3197 nes.
668 3150 891 3213 regnum
920 3141 1178 3197 ctelorum
1213 3143 1547 3212 praedicavit,
1580 3150 1639 3197 ut
1664 3158 1967 3213 przecursor
1996 3146 2100 3200 Do-

525 3233 664 3287 mini
689 3234 791 3289 hoc
817 3233 1176 3288 honoraretur
1203 3223 1505 3304 privilegio.
1689 3225 1694 3230 ’

588 3322 693 3375 Hic
715 3331 789 3377 est
808 3324 946 3378 enim
973 3322 1036 3377 de
1060 3339 1161 3394 quo
1188 3324 1385 3379 dictum
1420 3333 1493 3378 est
1537 3341 1632 3395 per
1658 3324 1860 3379 Isaiam
1883 3326 2102 3396 prophe-

515 3421 623 3468 tam
649 3413 926 3480 dicentem,
960 3411 1074 3468 νοω
1093 3412 1367 3469 clamantis
1398 3416 1451 3469 in
1479 3405 1679 3470 deserto
1704 3430 1722 3468 :
1749 3413 1944 3471 Parate
1964 3416 2100 3471 viam

498 3502 753 3569 -Domini,
796 3512 961 3558 rectas
987 3502 1145 3571 facite
1168 3506 1379 3560 semitas
1422 3504 1555 3575 ejus.
1593 3505 1736 3560 Idem
1778 3521 1908 3561 vero
1938 3503 2099 3561 Joan-

516 3596 616 3646 nes
652 3593 945 3647 secundum
996 3593 1160 3648 alium
1202 3594 1587 3664 evangelistam
1638 3593 1931 3663 requisitus
1976 3594 2100 3664 quis

516 3690 678 3747 esset,
696 3684 973 3752 respondit
990 3698 1003 3736 :
1021 3683 1133 3753 Ego
1150 3700 1248 3738 vox
1262 3683 1536 3739 clamantis
1550 3686 1607 3738 in
1618 3684 1821 3738 deserto
1837 3683 2019 3756 (Ioan.
2032 3684 2096 3757 ι).

516 3772 618 3840 Qui
637 3772 756 3836 ideo
771 3788 869 3828 vox
886 3789 915 3827 a
936 3775 1199 3843 propheta
1222 3782 1446 3829 vocatus
1462 3782 1562 3840 est,
1580 3775 1705 3844 quia
1720 3775 1945 3830 verbum
1962 3790 2121 3844 prie-.

516 3864 771 3919 ibat.Vox
801 3879 929 3936 ergo
956 3865 1096 3919 inter
1122 3867 1227 3921 duo
1242 3868 1402 3922 verba
1430 3867 1565 3922 solet
1594 3866 1731 3933 fieri,
1753 3867 1855 3923 hoc
1872 3876 1957 3923 est
1983 3868 2100 3924 ani-

518 3968 618 4007 mae
643 3954 1067 4023 incorporale,ct
1098 3956 1208 4010 oris
1234 3956 1532 4025 corporale.
1561 3956 1652 4013 Sic
1682 3964 1735 4013 et
1754 3956 1990 4014 Joannes
2013 3974 2099 4014 ve-

490 4058 491 4061 ‘
516 4042 596 4096 nit
619 4043 760 4118 inter
786 4029 1122 4099 nativita‘tem
1146 4045 1347 4102 Christi
1376 4048 1612 4102 divinam
1633 4047 1721 4121 (de
1738 4064 1843 4120 qua
1867 4049 2094 4105 dicitur:

514 4133 583 4188 In
604 4135 857 4205 principio
878 4148 987 4191 erat
1020 4138 1266 4211 Verbum)
1312 4148 1366 4195 et
1396 4142 1709 4209 humanam,
1754 4144 1820 4199 de
1866 4160 1971 4213 qua
2020 4134 2094 4200 ita

516 4222 772 4277 scribitur
803 4241 816 4278 :
844 4224 913 4278 Et
974 4224 1191 4280 Verbum
1232 4244 1355 4281 caro
1384 4226 1583 4297 factum
1628 4239 1737 4297 est,
1756 4242 1813 4310 ,ει
1844 4231 2097 4286 habitavit

434 4368 438 4373 ,
513 4310 573 4366 in
592 4311 756 4366 nobis.
784 4312 885 4379 Qui
912 4314 1075 4369 etiam
1105 4314 1158 4369 in
1188 4317 1403 4372 deserto
1430 4318 1647 4386 clamat,
1672 4322 1797 4392 quia
1826 4321 2097 4377 derelictae

516 4412 591 4473 et.
616 4406 884 4462 destituta:
912 4406 1109 4463 Judmzc
1165 4409 1417 4465 solatium
1469 4413 1852 4484 redemptionis
1886 4429 2094 4469 annun-

516 4497 636 4550 tiat.
682 4496 820 4564 Quid
849 4506 1032 4553 autem
1082 4500 1344 4555 clamaret
1371 4504 1585 4573 aperit,
1635 4520 1759 4559 cum
1803 4504 2087 4579 subditur:

518 4586 714 4643 Parate
759 4592 896 4644 viam
951 4591 1200 4657 Domini,
1262 4603 1429 4647 rectas
1488 4594 1643 4664 facile
1700 4596 1910 4649 semitas
1953 4594 2086 4664 ejus.

470 4730 475 4733 ,
516 4678 702 4733 Omnis
730 4682 819 4749 qui
850 4682 1009 4737 ﬁdem
1053 4692 1258 4737 rectam
1309 4692 1362 4738 et
1394 4684 1531 4739 bona
1577 4700 1741 4754 opera
1792 4684 2085 4754 przedicat,

517 4769 646 4836 quid
673 4770 812 4825 aliud
837 4787 998 4840 quam
1028 4773 1264 4828 venienti
1318 4774 1547 4828 Domino
1574 4774 1639 4828 ad
1668 4773 1831 4828 corda
1869 4774 2088 4828 audien-

519 4858 652 4911 tium
674 4860 815 4912 viam
841 4870 1013 4929 parat,
1043 4871 1101 4915 ut
1130 4864 1272 4919 hanc
1294 4864 1373 4919 vis
1403 4865 1591 4934 gratia:
1634 4871 1902 4933 penetret,
1925 4870 1980 4918 et
2003 4863 2089 4916 lu-

517 4964 639 5003 men
674 4950 915 5004 veritatis
941 4951 1190 5018 illustret,
1222 4964 1281 5010 ut
1308 4965 1484 5011 rectas
1515 4957 1625 5010 Deo
1654 4957 1875 5011 semitas
1903 4953 2085 5022 faeiat,

516 5040 642 5094 dum
672 5041 899 5096 mundas
946 5042 1000 5095 in
1048 5044 1228 5099 animo
1256 5048 1606 5117 cogitationes
1643 5063 1743 5117 per
1784 5062 2087 5102 sermonem

515 5128 669 5184 bona:
690 5130 1085 5198 praedicationis
1113 5132 1324 5188 format.

550 5261 552 5265 μ
588 5219 707 5273 lose
744 5231 916 5273 autem
944 5220 1175 5275 Ioannes
1224 5224 1441 5277 habebat
1486 5225 1837 5279 vestimentum
1864 5226 1928 5279 de
1966 5225 2085 5295 pilis

515 5311 846 5375 camelorum,
880 5322 928 5365 et
976 5329 1160 5367 zonam
1211 5315 1478 5385 pelliceam
1524 5319 1663 5370 circa
1705 5318 1904 5372 lumbos
1943 5335 2085 5383 suos,

513 5417 631 5453 esca
661 5412 833 5454 autem
872 5402 984 5471 ejus
1014 5413 1126 5457 erat
1151 5404 1353 5459 locusta
1376 5447 1389 5470 ,
1432 5416 1479 5459 et
1508 5406 1607 5458 mel
1636 5406 1882 5479 silvestre.
1933 5407 1953 5477 (
1971 5406 2090 5459 Πίθ-

517 5486 655 5556 ron.)
684 5488 820 5563 Ecce
850 5491 901 5543 in
932 5485 1136 5546 Joanne
1176 5493 1356 5547 vilitas
1405 5494 1511 5547 cibi
1541 5502 1595 5547 et
1640 5494 1942 5548 vestimenti
1974 5495 2087 5548 lau-

517 5576 689 5643 datur,
705 5594 929 5646 quorum
954 5584 1264 5638 exercitatio
1289 5584 1337 5637 in
1369 5584 1530 5638 divite
1558 5582 1813 5653 arguitur.
1850 5589 1917 5642 Dc
1941 5583 2084 5654 pilis,

2118 4376 2172 4436 D

2203 3141 2478 3197 deciduus.
2522 3141 2632 3199 Nec
2675 3142 2939 3199 silendum
2985 3153 3089 3212 est,
3112 3148 3256 3215 quod
3287 3147 3343 3202 in
3380 3148 3543 3204 dictis
3583 3149 3778 3206 Arculli

2201 3230 2492 3286 Galliarum
2519 3233 2776 3303 episcopi,
2802 3235 2891 3304 qui
2916 3232 2983 3290 de
3007 3233 3140 3291 locis
3165 3228 3369 3292 sanetis
3390 3223 3622 3308 ptui-ima
3657 3256 3787 3294 nar-

2202 3320 2363 3387 ravit,
2394 3323 2694 3392 reperimus
2725 3324 3007 3379 minimum
3056 3342 3224 3397 genus
3251 3327 3580 3401 locustarum
3614 3329 3781 3393 fuisse

2202 3410 2255 3464 in
2285 3411 2500 3465 deserto
2548 3409 2768 3479 Judiem,
2799 3429 2904 3482 quo
2946 3424 3135 3487 pastus
3158 3426 3239 3472 est
3280 3415 3515 3473 Joannes
3539 3418 3778 3490 Baptista

2201 3506 2257 3552 et
2282 3512 2450 3567 usque
2504 3500 2665 3556 hodie
2708 3501 2789 3556 ibi
2836 3518 3126 3572 apparere,
3180 3521 3298 3575 qua:
3340 3509 3677 3578 corpusculis
3726 3511 3778 3565 in

2203 3588 2419 3641 modum
2460 3588 2613 3659 digiti
2658 3604 2849 3646 manus
2883 3591 3115 3648 exilibus
3140 3602 3196 3649 et
3224 3595 3483 3652 brevibus
3507 3598 3561 3652 in
3595 3600 3778 3655 herbis

2202 3677 2359 3734 facile
2378 3680 2681 3751 capiuntur,
2711 3689 2985 3752 coctisque
3004 3682 3065 3755 iu
3078 3683 3198 3740 oleo
3223 3700 3515 3756 pauperem
3538 3695 3779 3758 m'azhent

2200 3770 2421 3825 victum.
2456 3769 2717 3827 Similiter
2744 3781 2934 3860 narrat
2959 3773 3100 3829 idem
3127 3775 3212 3829 vir
3238 3775 3293 3830 in
3320 3776 3515 3833 eodem
3560 3779 3777 3835 deserto

2200 3864 2423 3919 arbores
2449 3877 2571 3918 esse
2622 3864 2876 3921 habentes
2930 3863 3055 3920 folia
3103 3866 3211 3921 lata
3242 3876 3298 3923 et
3347 3870 3579 3925 rotunda
3618 3870 3775 3927 lactei

2198 3950 2400 4008 coloris
2427 3960 2482 4008 et
2510 3952 2695 4008 molliti
2724 3954 2954 4024 saporis,
2996 3970 3117 4026 quin.
3161 3965 3354 4011 natura
3403 3955 3617 4030 fragilia
3663 3976 3780 4016 ms.

2199 4043 2359 4101 nibus
2391 4040 2761 4101 confricantur
2807 4055 2863 4101 et
2911 4047 3167 4107 eduntur.
3200 4048 3268 4103 Et
3317 4049 3423 4106 hoc
3458 4065 3582 4107 esse
3631 4054 3774 4123 quod

2199 4136 2304 4192 mel
2330 4137 2578 4194 silvestre
2601 4137 2655 4193 in
2676 4137 2965 4209 Evangelia
2984 4140 3202 4195 dicitur.
3234 4140 3548 4212 Ibidemque
3565 4141 3774 4197 ostendi

2197 4226 2331 4282 dicit
2352 4226 2557 4283 fontem
2585 4215 2815 4284 lucidam
2832 4242 3027 4299 aquam
3054 4229 3363 4309 habentem,
3382 4244 3413 4282 a
3430 4244 3539 4298 quo
3555 4218 3774 4284 sanctus

2197 4317 2431 4389 Joannes
2452 4320 2666 4385 biberit,
2697 4320 2791 4389 qui
2819 4329 2875 4375 et
2892 4320 3101 4392 lapideo
3143 4328 3287 4377 tecto
3306 4320 3565 4390 calceque
3584 4321 3773 4392 perlito

2196 4417 2471 4478 protectus
2505 4408 2595 4462 sit.
2632 4408 2851 4479 Mystice
2888 4419 3066 4465 autem
3092 4409 3335 4467 Joannes
3355 4410 3409 4467 in
3444 4412 3661 4466 deserto
3679 4409 3773 4465 Ju-

2193 4498 2321 4555 daeze
2350 4499 2649 4570 praedicans
2677 4499 2943 4570 signiﬁcat
2966 4499 3238 4556 Christum
3276 4503 3331 4557 in
3359 4503 3580 4558 deserto
3618 4502 3772 4558 istius

2194 4589 2377 4644 mundi
2407 4589 2701 4659 praedicare
2730 4589 2843 4645 sive
2868 4605 2965 4661 per
2996 4604 3076 4656 se,
3100 4590 3213 4646 sive
3230 4606 3326 4661 per
3345 4592 3601 4648 doctores
3624 4608 3767 4656 suos,

2192 4680 2285 4748 qui
2323 4689 2467 4735 recte
2488 4695 2591 4735 vox
2628 4679 2914 4735 clamantis
2935 4680 3005 4735 ob
3029 4680 3396 4737 fortitudinem
3426 4683 3766 4752 praedicatio-

2192 4772 2275 4826 nis
2301 4770 2520 4825 dicitur.
2573 4771 2708 4838 Quia
2738 4772 2791 4825 in
2825 4771 3114 4841 Evangelio
3155 4772 3224 4827 de
3266 4788 3332 4827 eo
3359 4774 3619 4844 scriptum
3644 4782 3724 4830 est
3748 4794 3765 4829 :

2189 4862 2344 4916 Iesus
2374 4862 2484 4915 lucc
2520 4862 2717 4925 dicens,
2760 4861 3019 4915 clamabat
3068 4876 3086 4914 :
3126 4861 3229 4928 Qui
3277 4862 3432 4916 habet
3476 4880 3632 4918 aures
3671 4882 3767 4918 au-

2188 4949 2364 5003 diendi
2393 4950 2575 5003 audiat
2599 4948 2747 5020 (Luc.
2780 4949 2916 5021 vui).
2944 4950 3041 5005 Et:
3060 4949 3126 5004 In
3152 4951 3429 5005 novissimo
3452 4951 3537 5004 die
3565 4968 3766 5022 magna:

2187 5038 2478 5108 festivitatis
2518 5039 2687 5093 stabat
2726 5038 2901 5105 Iesus,
2938 5049 2986 5093 et
3016 5040 3276 5095 clamabat
3313 5040 3493 5095 dicens
3517 5057 3537 5096 :
3565 5042 3762 5112 Siquis

2185 5129 2310 5192 sitit,
2343 5130 2509 5184 veniat
2527 5130 2606 5183 ad
2632 5146 2712 5183 me
2742 5142 2789 5184 et
2832 5129 2971 5184 bibat
3006 5129 3186 5202 (Ioan.
3214 5129 3333 5203 vii).
3379 5132 3448 5186 Et
3487 5131 3765 5203 discipulis

2192 5219 2303 5273 suis
2334 5219 2450 5287 ipse
2500 5213 2775 5289 priecepit,
2819 5220 3005 5275 dicens
3037 5238 3049 5274 :
3084 5220 3236 5287 Quod
3272 5222 3389 5277 dico
3419 5223 3562 5277 vobis
3609 5224 3667 5279 in
3689 5234 3764 5279 te.-

2192 5310 2380 5374 nebris,
2407 5310 2559 5364 dicite
2579 5310 2634 5363 in
2663 5310 2873 5375 lumine,
2905 5321 2952 5364 et
2979 5313 3117 5383 quod
3140 5314 3195 5366 in
3218 5298 3766 5381 aure-audistiswrc-

2189 5399 2358 5452 dicate
2409 5416 2563 5469 super
2591 5408 2723 5454 tecta
2773 5400 2983 5471 (Matth.
3043 5403 3122 5475 x).
3176 5404 3370 5459 Tribus
3417 5421 3548 5475 ergo
3592 5403 3760 5461 Iliadis

2190 5488 2393 5543 clamor
2432 5490 2660 5555 accidit,
2708 5493 2811 5546 hoc
2845 5502 2947 5557 est,
2999 5494 3044 5547 si
3095 5494 3251 5566 longe
3278 5494 3469 5566 positis
3511 5496 3639 5563 quis
3681 5492 3773 5549 ιο·-

2190 5580 2485 5653 (ιιιιιιιιῐ,,δί
2512 5581 2717 5650 surdis,
2746 5583 2788 5637 si
2814 5599 2909 5655 per
2954 5585 3393 5657 indignationem.
3429 5587 3491 5641 Et
3523 5586 3637 5642 hace
3662 5584 3785 5645 tris.
