3948 6342
165 349 169 351 ·
189 327 303 388 769

1152 328 1500 387 COMMENT.
1542 330 1608 383 l-N
1649 313 2080 386 ιιΑῑτιιιΕυιι.
2121 359 2188 368 -
2229 328 2354 384 LIB.
2390 329 2430 383 ι.

3342 332 3448 395 ’ΠΟ

186 446 381 519 generi
411 447 647 500 humano
681 443 1007 500 acciderunt.
1040 443 1218 516 Longe
1256 454 1430 508 erant,
1460 444 1586 514 quia
1628 443 1762 505 scri-
1793 451 1844 507 Α
1871 442 2016 513 xu),
2049 451 2315 513 quatenus
2362 443 2606 500 abdicata
2647 443 2755 498 vita
2805 454 3005 513 vetere,
3038 447 3300 502 'renovari
3332 464 3445 501 mc-

184 543 450 607 ptumest
480 551 494 588 :
525 532 696 602 Longe
734 551 764 586 a
801 534 1156 603 peccatoribus
1186 534 1331 600 salus
1366 531 1538 605 (Psal.
1560 530 1769 602 cxvm).

189 627 263 680 Et
299 625 529 694 prophta
557 622 752 677 talibus
777 622 1012 690 loquitur
1037 624 1219 679 dicens
1249 642 1261 678 :
1291 622 1482 676 Audite
1505 621 1594 693 qui
1623 619 1774 690 longe

186 716 341 778 estis,
367 712 492 765 dicit
521 711 772 779 Dominus
801 711 932 782 (lsa.
965 712 1174 785 χχχιιι).
1198 712 1356 768 Surdi
1378 720 1551 776 erant,
1580 711 1773 780 quibus

189 818 294 872 per
320 801 513 856 Isaiam
559 800 754 854 dicitur
787 819 798 853 :
830 799 1011 866 Surdi,
1035 801 1248 866 audite;
1291 811 1346 856 et
1377 821 1389 854 :
1425 801 1556 867 Quis
1596 812 1667 855 est
1716 800 1773 854 in

189 892 338 946 vobis
383 894 470 962 qui
520 891 699 945 audiat
736 894 864 958 hoc,
907 891 1170 956 attendat,
1204 901 1251 944 et
1287 891 1541 944 auscultet
1591 892 1772 960 futura

189 981 334 1053 (Isa.
386 980 539 1053 xui).
576 982 715 1036 lram
767 988 1101 1047 meruerunt,
1148 981 1213 1035 de
1262 981 1455 1049 quibus
1510 982 1771 1050 prepheta

184 1074 329 1128 dicit
369 1088 385 1126 :
416 1072 668 1129 Dominus
699 1073 847 1144 fortis
877 1073 1168 1143 egredietur
1196 1072 1329 1126 sicut
1369 1072 1445 1126 vir
1482 1072 1768 1141 praeliator,

185 1163 467 1218 suscitabit
512 1164 679 1218 zelum
706 1204 720 1230 ,
772 1163 1161 1231 vociferabitur,
1200 1170 1247 1214 et
1294 1161 1567 1226 clamabit,
1617 1146 1774 1232 super

185 1254 432 1309 inimicos
477 1271 597 1309 suos
648 1252 1031 1323 confortabitur
1076 1251 1289 1322 (Exod.
1337 1251 1463 1323 xv).
1496 1252 1561 1306 Et
1600 1252 1767 1306 item:

187 1339 620 1398 Provocaverunt
665 1358 777 1406 me,
816 1339 1009 1408 inquit,
1054 1340 1111 1393 in
1161 1339 1263 1393 diis
1307 1340 1492 1394 alienis
1514 1349 1562 1394 et
1586 1357 1678 1410 ego
1716 1342 1772 1393 in

186 1434 379 1502 furore
431 1432 686 1503 expellam
731 1447 818 1484 eos
859 1431 1036 1502 (Deut.
1083 1430 1276 1503 xuii).
1312 1431 1464 1486 Viam
1505 1447 1634 1503 ergo
1662 1433 1770 1486 Do-

185 1500 352 1599 mino
375 1500 505 1578 tunc
545 1500 886 1593 praeparavit,
933 1521 1147 1592 quando
1178 1500 1339 1592 cmpit
1382 1500 1676 1593 praedicare
1719 1529 1774 1577 et

185 1615 420 1673 dicere:
464 1613 828 1675 Paenitentiam
876 1615 1046 1685 agite,
1088 1616 1466 1687 appropinquat
1513 1617 1650 1670 enim
1692 1632 1774 1668 re-

184 1725 358 1780 gnum
386 1707 651 1763 caelorum.
679 1707 750 1762 Et
777 1725 791 1762 :
839 1707 1141 1779 Designavit
1170 1711 1496 1780 septuaginta
1527 1710 1680 1775 duos,
1723 1719 1772 1764 et

1874 541 2120 587 rerentur
2145 534 2198 588 iu
2221 533 2456 589 Christo.
2484 532 2636 589 Unde
2666 534 2832 589 etiam
2850 537 3008 590 beato
3035 536 3196 592 Petro
3216 539 3449 594 ostensis

1874 624 1928 677 in
1952 623 2118 680 linteo
2143 625 2350 680 cmlesti
2380 624 2579 680 diversi
2605 625 2819 696 generis
2844 625 3207 681 animantibus
3247 627 3447 682 dictum

1875 725 1952 769 est
1983 734 1996 768 :
2023 714 2213 786 Surge,
2244 712 2420 783 Petre,
2452 717 2627 771 occide
2647 726 2694 771 et
2724 717 2982 774 manduca
3011 716 3147 789 (Act.
3181 717 3259 790 x).
3300 718 3452 786 Quod
3493 771 3496 775 .

1874 812 1958 859 est
1981 812 2165 872 aperte
2191 804 2401 859 dicere:
2422 797 2618 861 Occide
2633 804 2879 860 inﬁdeles
2902 805 2969 858 ab
2989 822 3053 862 eo
3068 807 3212 876 quod
3236 807 3452 862 fuerant

1873 892 2043 961 prius,
2070 893 2538 947 abrenuntiatione
2582 893 2844 948 scelerum
2885 879 2941 948 et
2963 894 3321 962 promissione
3350 896 3452 965 pias

1875 982 2168 1052 religionis,
2202 999 2264 1038 ac
2309 985 2388 1038 sic
2421 977 2543 1038 fidei
2585 975 2906 1063 Christianm
2940 986 3319 1040 sacramentis,
3346 986 3453 1042 im-

1872 1073 2034 1127 butos
2063 1072 2118 1127 in
2148 1081 2351 1128 sanctae
2371 1073 2629 1128 Ecclesia:
2658 1075 2901 1128 membra
2938 1084 3231 1140 commuta.

1971 1164 2162 1219 Videas
2208 1174 2380 1220 autem
2439 1165 2632 1219 multos
2682 1162 3078 1220 Pltarisa’orum
3128 1177 3176 1221 et
3239 1165 3474 1248 Saddu7.

1873 1274 2101 1312 eteorum
2139 1258 2394 1312 venientes
2441 1257 2510 1311 ad
2553 1258 2868 1328 baptismum
2920 1275 3071 1311 suum
3098 1299 3112 1323 ,
3165 1259 3298 1312 dixit
3339 1261 3451 1314 eis:

1875 1348 2158 1420 Progenies
2186 1351 2501 1419 viperarum,
2534 1350 2650 1420 quis
2679 1350 3051 1403 demonstravit
3099 1349 3238 1403 vobis
3282 1349 3458 1420 fugere

1873 1440 1936 1493 ab
1963 1441 2045 1493 ira
2074 1441 2331 1494 ventura."
2358 1439 2616 1495 Pharisazi
2647 1455 2775 1510 ergo
2807 1448 2861 1493 et
2884 1438 3197 1502 Sadduczci,
3232 1454 3297 1494 ex
3345 1441 3460 1494 bae—

1873 1527 2056 1582 reticis
2084 1528 2233 1584 fuere
2256 1528 2582 1594 Judacorum,
2605 1529 2699 1583 sed
2731 1539 2909 1582 tamen
2937 1529 3080 1582 inter
3102 1543 3160 1582 se
3190 1528 3460 1586 contrarie

1873 1619 2194 1685 sentiebant,
2228 1628 2286 1674 ut
2336 1621 2390 1674 in
2430 1620 2639 1674 actibus
2669 1620 3029 1689 apostolorum
3080 1620 3293 1674 dicitur.
3324 1620 3460 1674 Nam

1877 1705 2131 1778 Pharisaei
2161 1721 2227 1761 ex
2272 1708 2497 1762 Hebraeo
2525 1708 2579 1761 in
2623 1707 2871 1761 Latinum
2921 1707 3352 1776 interpretantur
3372 1709 3458 1761 di-

185 1798 340 1853 misit
367 1795 488 1852 illos
511 1796 656 1850 binos
680 1806 801 1851 ante
824 1797 1012 1867 faciem
1034 1814 1184 1852 suam
1212 1799 1266 1852 in
1289 1814 1492 1853 omnem
1528 1802 1699 1853 locum
1724 1810 1779 1854 et
1802 1794 1846 1853 B
1876 1794 1987 1859 visi,
2021 1811 2085 1875 eo
2116 1797 2257 1865 quod
2282 1797 2628 1851 traditionum
2647 1805 2700 1849 et
2721 1797 3157 1850 Observationum
3174 1834 3190 1861 ,
3223 1811 3357 1864 quas
3384 1796 3459 1850 illi

187 1886 477 1953 civitatem,
505 1903 606 1958 quo
628 1897 740 1942 erat
766 1888 874 1958 ipse
895 1898 1136 1942 venturus
1160 1888 1310 1961 (Luc.
1338 1889 1414 1960 χ).
1439 1890 1540 1945 Pili
1562 1907 1774 1961 quoque

186 1976 528 2032 camelorum
555 1975 858 2047 signiﬁcant
896 1988 1083 2050 gentes
1123 1978 1176 2031 in
1226 1978 1509 2034 Dominum
1537 1981 1773 2035 creditu-

189 2084 311 2135 ras,
342 2083 462 2138 qua:
483 2067 551 2124 ab
577 2066 907 2124 inﬁdelitatis
929 2082 1138 2134 errore,
1162 2077 1217 2128 et
1251 2084 1282 2123 a
1305 2067 1618 2126 fortitudine
1646 2085 1773 2141 pec-

188 2166 446 2214 catorum
490 2164 689 2227 ereptae
746 2157 801 2212 in
859 2156 1062 2236 Christi
1114 2159 1491 2215 vestimentum
1545 2162 1776 2215 redactae

189 2255 346 2304 Sunt.
373 2242 526 2326 Unde
551 2263 649 2319 per
675 2249 991 2319 prophetam
1015 2250 1212 2306 dicitur
1233 2266 1248 2304 :
1266 2248 1518 2327 Omnibus
1534 2251 1614 2305 his
1636 2251 1775 2306 velut

189 2349 508 2395 ornamento
532 2340 761 2395 vestieris
792 2338 1006 2412 (Ezech.
1033 2340 1170 2411 xw).
1198 2341 1341 2396 Zona
1370 2357 1500 2397 vero
1526 2341 1773 2412 pellicea,

179 2444 323 2501 qua:
364 2431 428 2486 de
455 2431 596 2500 pelle
643 2431 934 2486 animantis
975 2431 1170 2486 mortui
1219 2446 1381 2487 carne
1433 2441 1485 2487 et
1519 2432 1776 2503 sanguine

191 2520 393 2574 deraso
423 2519 674 2586 eflicitur,
719 2520 968 2576 similiter
1016 2520 1285 2591 significat
1323 2531 1509 2595 gentes
1557 2537 1675 2592 quae
1710 2524 1778 2578 de

185 2617 559 2675 mortuorum,
591 2608 650 2663 id
672 2615 756 2664 est
785 2617 1135 2679 peccatorum
1175 2609 1475 2676 hominum,
1518 2610 1775 2665 societate

157 2767 173 2774 _
191 2696 508 2762 abstractae,
541 2696 681 2751 uitra
727 2697 879 2752 carui
907 2697 1233 2767 etgsanguini
1261 2711 1367 2750 non
1394 2698 1652 2752 serviunt.
1682 2697 1776 2751 Hae

191 2785 414 2842 lumbos
439 2785 642 2841 Christi
673 2785 942 2841 veraciter
988 2786 1228 2855 cingunt,
1276 2789 1398 2855 quia
1447 2785 1775 2841 incarnatio-

193 2895 325 2936 nem
355 2879 472 2950 ejus
502 2879 733 2934 fideliter
761 2879 1009 2934 credunt.
1034 2877 1203 2960 Porro
1235 2877 1453 2933 locustae
1475 2892 1594 2946 qua:
1617 2886 1777 2933 vento

193 2973 417 3044 agitatae
445 2988 542 3043 per
576 2980 786 3042 segetes
807 2971 1063 3036 volitant,
1109 2979 1163 3024 et
1188 2970 1365 3040 spicas
1396 2971 1681 3026 succidunt
1707 2971 1780 3026 si-

189 3064 461 3135 gnificant
500 3063 745 3130 Judaaos‘,
769 3063 859 3133 qui
891 3062 1246 3137 prius'legem
1292 3067 1556 3136 tenentes,
1597 3076 1779 3115 sacra-

1876 1888 2187 1943 deutereses
2243 1896 2471 1953 vocant,
2525 1877 2788 1955 justitiam
2831 1885 3146 1956 prasferunt.
3185 1880 3361 1940 Unde
3407 1894 3464 1940 et

1877 1977 2032 2032 divisi
2062 1992 2092 2030 a
2120 1977 2312 2047 populo
2343 1985 2624 2043 vocantur,
2651 1976 2805 2046 quasi
2850 1990 2946 2044 per
2991 1977 3256 2044 privatam
3296 1974 3460 2044 justi-

1877 2069 2039 2135 tiam;
2066 2068 2344 2123 Sadducaei
2367 2083 2496 2124 vero
2526 2068 2949 2138 interpretantur
2978 2066 3129 2137 justi,
3172 2065 3464 2120 vendicant

1876 2162 2018 2216 enim
2062 2162 2163 2216 sibi
2194 2162 2336 2230 quod
2377 2177 2484 2216 non
2530 2168 2676 2226 sunt,
2707 2161 2952 2231 corporis
3005 2159 3462 2216 resurrectionem

1877 2261 2098 2322 negant,
2120 2260 2173 2306 et
2204 2251 2439 2308 animam
2470 2252 2689 2306 interire
2723 2266 2842 2305 cum
2889 2265 3115 2320 corpore
3142 2250 3457 2320 praedicant.

1876 2343 1943 2397 lli
1995 2343 2230 2412 quinque
2262 2350 2469 2396 tantum
2499 2343 2667 2398 libros
2712 2342 2845 2413 legis
2893 2343 3191 2413 recipiunt,
3225 2344 3459 2412 proplie-
3536 2379 3538 2383 -

1878 2441 2054 2488 tarum
2102 2433 2355 2488 vaticinia
2399 2442 2680 2502 respuunt.
2735 2434 2891 2488 Tales
2914 2449 3126 2504 quoque
3154 2434 3220 2488 ad
3246 2434 3452 2502 baptis-

1875 2539 2022 2576 mum
2067 2538 2223 2578 suum
2271 2523 2550 2578 venientes
2595 2523 2837 2592 increpat
2877 2521 3134 2588 Joannes,
3174 2523 3300 2592 quia
3345 2537 3458 2592 pm-

1876 2611 2103 2666 nitentia
2126 2620 2179 2666 et
2204 2612 2539 2667 correctione
2575 2613 2808 2666 maxime
2848 2612 3180 2683 indigebant.
3217 2609 3487 2667 Ventura’

1876 2703 2018 2757 enim
2041 2705 2118 2757 ira
2142 2711 2227 2758 est
2253 2704 2418 2757 animi
2450 2703 2699 2758 adversio
2735 2703 2956 2758 ultionis
2979 2713 3253 2770 extremm.
3287 2702 3458 2770 Quam

1877 2799 2005 2845 tunc
2034 2799 2288 2861 peccator
2316 2791 2554 2862 effugere
2601 2807 2709 2846 non
2735 2792 2901 2858 valet,
2943 2794 3036 2861 qui
3084 2767 3227 2848 n\unc
3265 2794 3332 2848 ad
3373 2794 3455 2847 la-
3519 2824 3528 2838 ν

1877 2886 2060 2939 menta
2093 2884 2428 2954 paenitentiae
2471 2883 2578 2938 non
2614 2884 2863 2939 recurrit.
2895 2884 2962 2939 Et
2982 2886 3277 2940 notandum
3318 2889 3464 2959 quod

1878 2974 2033 3029 mala:
2073 2974 2286 3029 soboles
2332 2973 2592 3028 malorum
2628 2982 2913 3044 parentum
2950 2977 3190 3032 actiones
3242 2963 3461 3033 imitanJ

1881 3072 1986 3130 tes,
2016 3064 2301 3135 progenies
2346 3065 2654 3133 viperarum
2694 3073 2979 3130 vocantur,
3032 3066 3156 3135 quia
3208 3081 3306 3135 per
3356 3069 3460 3121 hoc

192 3147 384 3207 menta
410 3151 670 3223 spiritalia
717 3166 824 3206 non
871 3135 1421 3232 intelligebant,_nunc
1447 3158 1627 3204 autem
1654 3149 1779 3218 Spi-
1807 3135 1851 3198 Ο
1883 3155 2025 3232 quod
2053 3155 2210 3210 bonis
2241 3154 2482 3209 invident
2512 3168 2712 3222 eosque
2750 3163 3164 3224 persequuntur,
3190 3157 3331 3225 quod
3353 3160 3467 3227 qui-

187 3245 312 3299 ritu
337 3250 526 3300 sancto
563 3241 691 3308 acti,
718 3240 1017 3312 spiritalem
1063 3227 1359 3308 sequuntur
1401 3251 1638 3304 sensum,
1685 3253 1780 3292 va-

125 3375 134 3379 -
192 3347 328 3391 nam
356 3332 608 3403 stipulam
637 3331 832 3385 litterae
864 3329 1247 3400 relinquentes,
1304 3335 1361 3383 ut
1403 3342 1527 3383 esca
1565 3327 1778 3384 Domini

195 3424 323 3480 ﬁeri
349 3430 678 3478 mereantur;
711 3421 812 3476 Mel
847 3429 1027 3476 autem
1068 3421 1289 3494 dulcedo
1325 3429 1406 3476 est
1452 3433 1642 3476 sensus
1670 3421 1780 3491 spi-

194 3513 399 3581 ritalis,
423 3514 477 3569 in
504 3512 645 3569 foliis
671 3513 923 3577 arborum
967 3513 1235 3576 inventus,
1261 3512 1502 3581 quicum
1546 3526 1645 3582 per
1678 3512 1777 3566 do-

195 3614 411 3661 ctorum
436 3589 795 3658 ministerium
825 3603 880 3656 in
903 3600 1136 3657 fidelium
1161 3602 1410 3657 cordibus
1446 3602 1774 3666 reconditur,

193 3695 447 3754 suaviter
472 3709 668 3766 corpus
694 3693 896 3749 Christi
922 3692 1172 3746 satiatur.
1260 3694 1266 3698 ’

275 3786 407 3860 [11.]
457 3786 600 3842 Tunc
653 3787 863 3841 exibant
910 3785 978 3838 ad
1023 3799 1144 3838 eum
1186 3801 1250 3838 ex
1291 3782 1703 3854 Hierosolymis,
1733 3794 1780 3838 et

199 3879 373 3932 omnis
415 3875 629 3942 ludam,
659 3884 706 3930 et
757 3875 924 3929 omnis
960 3875 1117 3943 .regio
1163 3875 1303 3927 circa
1361 3873 1678 3947 Iordanem,
1733 3882 1782 3927 et

200 3969 607 4039 baptizabantur
635 3968 700 4021 ab
749 3967 842 4020 illo
869 3968 924 4020 in
964 3965 1200 4019 Iordane
1243 3956 1539 4033 conﬁtentes
1568 3975 1781 4036 peccata

200 4075 325 4113 sua.
382 4057 527 4112 Bene
574 4067 756 4111 autem
813 4056 904 4127 qui
950 4055 1258 4124 baptizandi
1310 4063 1467 4109 erant
1515 4056 1665 4122 exire
1713 4055 1782 4110 ad

199 4150 523 4221 prophetam
565 4149 834 4203 dicuntur.
868 4148 1002 4214 Quia
1047 4146 1150 4200 nisi
1193 4145 1312 4215 quis
1357 4146 1424 4200 ab
1467 4145 1781 4201 infidelitate

208 4242 442 4306 recedat,
465 4249 519 4294 et
540 4255 570 4294 a
602 4238 925 4308 perﬁdorum
958 4237 1226 4292 consortio
1270 4237 1549 4307 egrediens
1570 4252 1780 4306 pompae

203 4332 404 4388 diaboli
434 4346 498 4386 ac
527 4330 709 4384 mundi
737 4327 1004 4383 illecebris
1047 4327 1418 4392 abrenuntiet,
1453 4327 1780 4397 baptismum

201 4423 477 4478 salubrem
506 4420 762 4490 consequi
786 4435 892 4474 non
918 4419 1136 4490 poterit.
1172 4418 1324 4475 Unde
1354 4427 1475 4488 apte
1502 4410 1775 4489 sequitur:

203 4513 276 4567 Et
321 4512 718 4582 baptizabantur
755 4509 817 4562 ab
844 4509 936 4562 illo
963 4511 1017 4562 in
1039 4509 1302 4573 Iordane,
1333 4508 1631 4577 conﬁtentes
1660 4525 1781 4577 pec-

202 4612 325 4658 cata
348 4619 462 4656 sua.
488 4601 738 4657 Jordanis
763 4585 911 4654 'enim
955 4599 1178 4678 Hebraeo
1204 4599 1462 4654 vocabulo
1505 4599 1783 4654 descensio

203 4705 394 4746 eorum
425 4689 641 4744 dicitur.
677 4688 812 4742 Nam
835 4688 970 4741 bene
993 4687 1045 4740 in
1072 4686 1303 4742 Jordane
1342 4687 1778 4756 baptizabantur,

204 4784 300 4854 qui
328 4783 395 4837 de
418 4780 668 4850 superbia
714 4780 858 4844 vitae,
889 4785 943 4833 et
971 4779 1181 4833 actibus
1223 4778 1420 4832 veteris
1452 4778 1686 4832 hominis
1715 4778 1782 4831 ad

205 4874 567 4931 humilitatem
631 4885 773 4925 verae
819 4868 1177 4924 confessionis
1238 4876 1294 4922 et
1351 4869 1783 4923 emendationem

205 4982 420 5021 morum
447 4965 848 5020 descenderant.
881 4962 1015 5030 Quia
1043 4970 1172 5016 tunc
1207 4947 1309 5016 rite
1329 4961 1554 5030 quisque
1573 4959 1783 5030 baptis-

205 5071 359 5109 mum
412 5055 657 5125 percipit,
707 5054 752 5107 si
799 5069 896 5123 per
939 5052 1331 5108 confessionem
1377 5059 1722 5128 peccatorum
1755 5063 1784 5102 a

206 5147 458 5215 superbia
514 5147 818 5212 recesserit,
867 5155 922 5201 et
969 5146 1210 5201 melioris
1251 5147 1376 5201 vitae
1419 5144 1782 5215 professione,

205 5238 400 5310 prisca:
425 5240 819 5293 conversationi
847 5240 1064 5308 penitus
1092 5239 1446 5294 interdixerit.
1472 5238 1786 5308 Exemplum

208 5329 353 5384 enim
378 5327 490 5398 jam
512 5336 640 5383 tunc
659 5329 946 5384 conﬁtendi
967 5338 1208 5399 peccata,
1238 5345 1301 5384 ac
1321 5330 1598 5383 meliorem
1620 5330 1784 5402 vitam

205 5417 558 5492 promittendi
588 5420 666 5474 eis
719 5420 810 5488 qui
854 5421 1118 5490 baptisma
1166 5421 1408 5490 accipere
1455 5419 1784 5486 desiderant,

209 5510 461 5565 dabatur.
489 5507 579 5563 Sic
615 5509 777 5563 etiam
805 5519 930 5579 post
977 5512 1348 5566 ascensionem
1385 5510 1616 5574 Domini,
1651 5527 1786 5579 prae-

209 5600 428 5656 dicante
467 5599 630 5654 Paulo
681 5601 734 5654 in
782 5601 1024 5671 Epheso,
1056 5602 1209 5656 multi
1256 5602 1570 5656 credentium
1616 5604 1785 5655 venie—

209 5691 367 5760 bant,
416 5693 714 5764 conﬁtentes
755 5704 802 5748 et
850 5696 1218 5750 annuntiantes
1269 5706 1412 5748 actus
1457 5712 1578 5748 suos
1633 5697 1778 5767 (Act.

1879 3246 2106 3300 busdam
2127 3244 2268 3304 male
2290 3244 2613 3309 retribuunt,
2650 3251 2785 3309 etc.,
2808 3245 3059 3314 quoniam
3087 3245 3142 3299 in
3175 3246 3259 3300 his
3287 3249 3467 3301 omni-

1879 3336 1980 3390 bus
2025 3335 2267 3405 priorum
2315 3348 2537 3387 suorum
2599 3328 2896 3388 carnalium
2963 3335 3082 3389 vias
3130 3344 3462 3405 sequuntur,

1880 3427 2032 3496 quasi
2083 3425 2333 3479 venenati
2376 3423 2476 3478 ﬁlii
2529 3423 2596 3477 de
2645 3423 2925 3493 venenatis
2973 3425 3289 3494 parentibus
3350 3429 3462 3481 nati

1880 3525 2023 3572 sunt.
2050 3516 2162 3571 Sed
2201 3515 2323 3586 quia
2354 3516 2591 3586 peccatis
2630 3523 2685 3569 et
2733 3531 2832 3570 usu
2867 3516 3022 3570 malae
3059 3519 3466 3573 consuetudinis

1881 3593 2103 3662 invaluti
2133 3621 2318 3662 sumus
2343 3645 2357 3671 ,
2410 3607 2552 3661 dicat
2584 3607 2711 3676 quid
2741 3598 2895 3662 nobis
2938 3607 3243 3663 faciendum
3282 3609 3373 3675 sit,
3406 3619 3465 3663 nt

1881 3699 2068 3771 fugere
2090 3716 2120 3753 a
2151 3692 2376 3755 ventura
2410 3699 2490 3752 ira
2520 3700 2814 3754 valeamus.

1890 3798 1895 3802 ’
1952 3789 2136 3843 Facite
2181 3806 2301 3860 ergo
2344 3789 2576 3858 fructum
2626 3774 2839 3858 dignum
2888 3789 3220 3860 pmnitentiaz.
3262 3787 3464 3859 (Creg.)

1883 3881 1981 3936 Hic
2027 3889 2184 3947 nota,
2230 3883 2373 3951 quod
2431 3897 2539 3935 non
2589 3881 2762 3935 solum
2819 3879 3054 3935 fructum
3111 3883 3465 3950 paenitentiae,

1882 3974 1977 4028 sed
2021 3972 2243 4044 dignum
2293 3972 2628 4043 poenitentia
2681 3971 2934 4025 admonet
2969 3987 3091 4026 esse
3135 3970 3468 4025 faciendum.

1880 4064 2040 4129 Aliud
2083 4077 2314 4131 namque
2361 4061 2595 4116 fructum
2637 4060 2848 4125 facere,
2893 4061 3037 4115 aliud
3079 4061 3300 4131 dignum
3354 4076 3470 4130 pte-

1881 4155 2120 4210 nitentize
2157 4153 2356 4208 facere.
2385 4151 2569 4221 Neque
2604 4139 2890 4222 enim'par
2919 4151 3126 4207 fructus
3170 4153 3296 4206 boni
3339 4167 3465 4221 ope-

1882 4247 1959 4302 ris
2005 4260 2124 4301 esse
2175 4245 2335 4300 debet
2377 4242 2494 4312 ejus
2537 4244 2628 4312 qui
2681 4244 2897 4309 minus,
2929 4251 2998 4309 ,et
3046 4245 3163 4314 ejus
3206 4245 3294 4313 qui
3354 4260 3468 4297 am-

1881 4338 2020 4409 plius
2066 4336 2308 4406 deliquit,
2340 4344 2434 4390 aut
2459 4333 2574 4402 ejus
2605 4335 2695 4403 qui
2738 4335 2790 4388 in
2826 4334 3012 4399 nullis,
3044 4344 3098 4391 et
3130 4335 3245 4403 eju’s
3294 4336 3382 4404 qui
3414 4335 3466 4388 in

1886 4430 2204 4499 quibusdam
2233 4426 2583 4482 facinoribus
2616 4427 2831 4482 cecidit.
2874 4426 2981 4483 Per
3021 4427 3123 4482 hoc
3151 4443 3279 4498 ergo
3319 4429 3462 4496 (μανι

1888 4521 2085 4576 dicitur
2128 4519 2286 4592 facite
2329 4519 2533 4588 fructus
2580 4518 2766 4588 dignos
2817 4517 3150 4588 patiuntur,
3202 4518 3460 4572 uniuscu-

1880 4613 2077 4684 jusque
2132 4609 2465 4666 conscientia
2519 4609 2878 4673 convenitur,
2939 4617 3000 4664 ut
3051 4615 3199 4664 tanto
3256 4599 3482 4677 majora.

1886 4712 2093 4774 quaerat
2139 4703 2404 4757 bonorum
2457 4708 2683 4771 Operum
2726 4700 2875 4755 lucra
2918 4713 3017 4770 per
3059 4699 3465 4771 paenitentiam,

1887 4802 2088 4863 quanto
2118 4787 2362 4862 graviora
2393 4791 2495 4845 sibi
2539 4789 2720 4844 intulit
2744 4789 2936 4843 damna
2963 4800 3062 4857 per
3083 4786 3318 4859 culpam.
3359 4785 3467 4839 Sed

1886 4883 2052 4939 Judaei
2095 4900 2153 4938 se
2201 4898 2496 4953 agnoscere
2539 4889 2854 4951 peccatores
2899 4877 3192 4942 nolebant,
3238 4877 3365 4947 quia
3403 4877 3470 4931 de

1885 4974 2115 5029 Abraha:
2145 4974 2313 5044 stirpe
2358 4970 2768 5034 descenderant,
2815 4967 3013 5036 quibus
3052 4974 3198 5022 recte
3228 4967 3426 5022 dicitur
3454 4986 3464 5019 ;

1957 5063 2026 5117 Et
2071 5079 2132 5117 ne
2180 5062 2344 5116 velitis
2373 5063 2512 5115 intra
2540 5077 2628 5112 vos
2675 5059 2847 5111 dicere
2893 5071 2912 5108 :
2955 5056 3170 5112 Ρανακ
3217 5056 3466 5110 habemus

1887 5156 2172 5208 Abraham.
2198 5154 2329 5206 Dico
2360 5153 2497 5205 enim
2526 5150 2689 5214 vobis,
2719 5149 2970 5220 quoniam
2995 5159 3179 5221 potens
3214 5158 3290 5202 est
3321 5148 3463 5201 Deus

1887 5246 1951 5299 de
1980 5243 2240 5315 lapidibus
2280 5243 2391 5295 istis
2438 5241 2694 5294 suscitare
2750 5241 2890 5308 ﬁlios
2937 5238 3180 5296 Abraha.
3232 5235 3465 5308 (Μλυιι.)

1887 5337 2023 5405 Quia
2063 5351 2191 5408 ergo
2238 5348 2416 5404 praeco
2461 5332 2708 5386 veritatis
2760 5332 2829 5386 ad
2868 5333 3088 5404 dignum
3134 5331 3467 5402 panitentire

1888 5428 2120 5483 fructum
2156 5425 2461 5480 faciendum
2509 5439 2604 5478 eos
2659 5423 2886 5477 incitare
2925 5419 3160 5488 volebat,
3188 5420 3254 5474 ad
3284 5419 3467 5472 immi-

1886 5519 2093 5572 litatem
2124 5515 2468 5586 provocabat,
2502 5522 2555 5567 ct
2577 5528 2794 5568 omnem
2822 5508 3147 5582 arrogantia:
3200 5521 3466 5563 tumorem

1887 5606 2202 5662 abscindere
2249 5605 2550 5674 satagebat,
2582 5603 2708 5672 quia
2761 5603 2937 5657 omnis
2982 5599 3288 5670 arrogantia
3341 5599 3471 5654 abo-

1885 5697 2109 5751 minatio
2141 5697 2278 5765 apud
2331 5697 2635 5758 hominum,
2680 5705 2782 5759 qua
2827 5687 2994 5746 Judaei
3026 5691 3092 5749 ob
3133 5688 3468 5742 nobilitatem
