3948 6322
489 320 597 376 7'75

1172 313 1234 369 Β.
1273 312 1524 368 MBAN!
1562 310 1782 369 MAURI
1814 307 2133 364 ARCIIIEP.
2176 306 2485 364 MOGUNT.
2526 302 2806 362 OPliRULti
2849 305 3025 358 PARS
3062 299 3100 358 ἰ.

3631 297 3735 356 776

487 449 579 504 per
605 432 773 502 ignem
798 436 846 482 et
867 440 1076 497 aquam,
1096 432 1144 479 et
1168 424 1365 498 duxisti
1384 441 1476 479 nos
1506 427 1560 478 in
1582 421 1906 492 refrigerium
1981 419 2060 473 in-
2088 422 2140 481 Α
2165 421 2231 475 ad
2257 420 2360 476 hoc
2385 419 2531 474 venit
2572 418 2624 472 in
2661 417 2918 471 mundum
2946 425 3002 470 ut
3044 423 3259 486 peccata
3291 414 3505 469 tolleret
3531 412 3736 465 mundi.

490 519 657 573 troibo
680 519 734 570 in
758 517 967 569 domum
997 523 1141 568 tuam
1167 513 1220 568 in
1246 512 1582 590 holocaustis,
1615 510 1669 565 id
1697 516 1800 572 est,
1835 507 2057 562 devictis

490 621 862 678 pressurarum
894 603 1203 676 angoribus,
1249 603 1301 657 in
1337 605 1630 672 gratiarum
1678 599 1888 653 actione
1911 597 2059 666 regni

495 697 567 748 tui
591 695 727 748 atria
751 693 1063 763 pcnetrabo.
1340 759 1349 763 _
1537 687 1541 693 '

563 805 697 876 [HL]
730 804 874 858 Tunc
899 805 1032 857 venit
1055 801 1208 855 Iesus
1243 817 1275 854 a
1315 796 1535 854 Galiltea
1558 799 1614 852 in
1649 797 1955 861 Iordanem,
1997 795 2095 873 ad.

493 894 772 957 Joannem,
805 902 858 945 ut
884 891 1236 960 baptizaretur
1271 889 1336 942 ab
1366 905 1446 942 eo.
1481 886 1708 960 (Mauru)
1756 887 1908 954 Quod
1939 887 2068 942 dicit

500 983 641 1036 Tunc
670 983 801 1034 venit
830 980 1006 1044 Jesus,
1058 979 1113 1034 id
1150 987 1270 1044 est,
1308 993 1373 1033 eo
1414 986 1652 1048 tempore
1692 993 1798 1048 quo
1836 977 2069 1033 Joannes

495 1074 840 1143 praedicabat,
893 1079 948 1126 et
981 1071 1310 1142 baptizabat,
1346 1070 1662 1126 duodecimo
1693 1084 1834 1125 anno
1868 1069 2072 1125 scilicet

499 1164 698 1218 Tiberii
732 1163 985 1228 Cznsaris,
1031 1178 1153 1216 cum
1178 1163 1290 1231 ipse
1317 1160 1474 1215 Jesus
1502 1161 1836 1229 trigesimum
1874 1144 2071 1214 annum

499 1254 673 1308 aetatis
700 1237 924 1307 haberet
950 1269 964 1316 ;
996 1251 1291 1320 legitimum
1319 1248 1572 1303 videlicet
1607 1250 1661 1302 in
1693 1250 1796 1303 hoc
1826 1255 1880 1302 et
1900 1256 2073 1300 matu-

501 1361 620 1399 rum
652 1354 860 1414 tempus
889 1333 1174 1398 ostendens
1193 1340 1368 1395 aetatis
1394 1340 1478 1394 bis
1505 1340 1598 1408 qui
1626 1351 1840 1395 omnem
1859 1339 2073 1392 aetatem

501 1438 584 1491 vel
610 1436 674 1490 ad
715 1433 1092 1497 sacerdotium,
1135 1430 1221 1484 vel
1247 1430 1316 1485 ad
1341 1429 1640 1485 docendum
1669 1435 1856 1499 putant
1883 1443 2075 1498 Oppor-

506 1537 707 1590 tunam,
760 1524 899 1592 quod
939 1524 1053 1592 ipse
1082 1520 1303 1590 triginta
1351 1535 1613 1576 annorum
1659 1519 1984 1588 baptizatur,
2024 1523 2079 1572 et

504 1626 631 1670 tunc
659 1615 874 1669 demum
904 1611 1090 1681 incipit
1126 1611 1278 1681 signa
1330 1609 1536 1676 facere,
1590 1615 1645 1662 et
1678 1608 1889 1663 docere.
1940 1606 2076 1661 Nam

504 1707 765 1762 duodenis
787 1705 1153 1774 interrogabat
1189 1702 1431 1757 homines
1459 1701 1518 1755 in
1547 1708 1711 1766 terra,
1748 1699 1839 1770 qui
1882 1714 1981 1770 per
2006 1698 2081 1753 di-

2163 511 2246 566 Ab
2273 512 2362 566 illo
2393 510 2575 566 debuit
2604 510 2717 580 ipse
2742 507 2977 563 Joannes
2999 507 3288 577 baptizari,
3325 506 3376 560 id
3404 515 3511 568 est,
3550 519 3580 556 a
3612 519 3741 573 pec-

2167 601 2271 656 cati
2317 599 2594 670 originalis
2642 599 2959 668 contagione
3014 597 3285 650 mundari.
3344 596 3443 662 Qui
3495 593 3744 664 quamvis

2166 693 2312 748 nullo
2360 694 2677 751 internatos
2702 690 2984 746 mulierum
3022 690 3219 751 minor,
3263 697 3441 742 tamen
3468 687 3621 756 quasi
3653 701 3742 738 na-

2171 792 2257 838 tus
2293 797 2360 836 ex
2399 782 2624 837 muliere
2671 782 2839 852 culpa;-
2885 796 3036 836 nacvo
3074 795 3198 834 non
3225 781 3467 833 carebat.
3518 779 3746 846 Ideoque

2169 889 2291 930 cum
2318 872 2536 928 c1eteris'
2556 873 2842 927 mulierum
2869 872 3008 926 natis
3037 863 3107 924 ab
3132 885 3197 925 eo
3221 870 3314 938 qui
3346 879 3504 924 natus
3540 885 3606 924 ex
3631 868 3743 921 V'ir-

2170 965 2294 1036 gine
2319 964 2461 1018 Deus
2486 963 2538 1016 in
2553 977 2714 1017 carne
2741 962 3132 1033 apparuitopns
3154 960 3388 1014 habebat
3409 960 3575 1013 ablui.
3610 958 3746 1024 Quo-

2171 1058 2314 1111 niam
2343 1071 2471 1127 ergo
2493 1056 2752 1124 scriptum
2785 1062 2903 1110 est:
2937 1052 3074 1120 Quid
3104 1062 3187 1108 est
3215 1053 3380 1106 homo
3404 1060 3462 1104 ut
3491 1051 3748 1104 immacu-

2173 1148 2386 1202 culatus
2422 1147 2509 1210 sit,
2547 1153 2600 1200 et
2626 1154 2685 1199 ut
2733 1143 2964 1198 mundus
3000 1150 3288 1213 appareat,
3343 1149 3503 1194 natus
3530 1156 3597 1193 ex
3637 1156 3749 1192 mn-

2173 1239 2306 1294 liere
2335 1237 2514 1308 (Joan.
2545 1236 2720 1308 xxv)?
2766 1235 2893 1291 Jure
2921 1236 3117 1300 timuit,
3158 1235 3320 1288 homo
3353 1231 3601 1302 quamvis
3625 1246 3742 1282 sau~

2175 1338 2313 1394 ctus,
2347 1337 2504 1382 natus
2533 1335 2710 1382 tamen
2741 1343 2808 1382 ex
2845 1326 3093 1390 muliere,
3124 1331 3174 1378 et
3194 1324 3263 1378 ob
3293 1323 3343 1376 id
3372 1337 3403 1374 a
3433 1321 3603 1401 culpce
3637 1335 3747 1371 Ina-

2177 1420 2293 1476 cula
2315 1435 2422 1474 non
2441 1418 2714 1481 immunis,
2743 1417 3017 1485 baptizare
3032 1414 3336 1478 Dominum,
3363 1425 3524 1482 quem
3557 1424 3622 1463 ex
3647 1411 3748 1460 vir~

2177 1513 2299 1582 gine
2330 1520 2514 1565 natum
2536 1517 2758 1564 noverat
2783 1508 2982 1562 nullam
3011 1523 3234 1576 prorsus
3256 1507 3458 1562 habere
3487 1501 3747 1557 maculam

2167 1601 2367 1672 culpae.
2430 1599 2536 1654 Sed
2561 1599 2693 1668 quia.
2708 1613 2836 1652 vera
2864 1604 2948 1652 est
2976 1596 3249 1650 humilitas
3277 1596 3413 1663 ipsa,
3446 1607 3606 1662 quam
3629 1592 3750 1645 obe-

2181 1692 2379 1748 dientia
2420 1705 2602 1746 comes
2632 1704 2737 1744 non
2782 1688 3001 1752 deserit,
3051 1687 3195 1757 quod
3221 1687 3369 1754 prius
3403 1683 3636 1739 otlicium
3664 1697 3720 1734 re

506 1799 783 1852 vinitatem
832 1767 1187 1851 suam'docet
1235 1793 1453 1863 angelos
1491 1792 1546 1847 in
1582 1791 1739 1847 cmlo.
1765 1767 1968 1847 'Sic‘et
1988 1788 2076 1844 Jo-
2106 1792 2152 1851 Β
2179 1782 2425 1847 cusavit,
2480 1769 2819 1852 postmodum
2870 1778 3146 1833 humiliter
3173 1776 3452 1846 implevit;
3495 1767 3630 1844 nam
3671 1788 3752 1852 sc-

508 1890 660 1958 scph,
690 1888 779 1957 qui
818 1887 871 1941 in
903 1885 1127 1956 ﬁguram
1154 1882 1589 1951 resurrectionis
1620 1880 1859 1950 Novique
1895 1879 2078 1934 Testa-

510 1980 672 2034 inenti
718 1978 990 2047 octoginta
1018 1976 1174 2029 annis
1221 1973 1505 2044 Egyptios
1559 1988 1590 2026 a
1635 1971 1777 2026 fame
1820 1968 2075 2032 defendit,

510 2069 848 2131 tricenarius,
877 2065 1074 2121 ablutis
1095 2063 1350 2135 ergastuli
1379 2061 1654 2126 sordibus,
1699 2060 1847 2131 regni
1884 2060 2077 2132 guber-

512 2160 702 2216 nacula
731 2158 984 2227 suscepit.
1015 2155 1082 2210 Et
1106 2153 1273 2209 David
1300 2154 1487 2208 eadem
1514 2160 1672 2208 aetate
1692 2165 1916 2221 regnum
1935 2149 2080 2220 quod

513 2248 973 2320 septuagenarius,
1002 2245 1056 2301 id
1077 2253 1181 2312 est,
1219 2252 1476 2314 perpetua
1508 2243 1691 2313 quiete
1717 2242 1909 2312 dignus
1936 2256 2081 2295 com-

512 2341 703 2411 pleret,
766 2337 1058 2392 inchoavit.
1103 2336 1170 2389 Et
1219 2333 1468 2390 Ezechiel
1526 2332 1746 2404 triginta
1797 2345 2077 2394 annorum,

514 2432 714 2500 apertis
764 2429 864 2483 sibi
916 2429 1102 2492 caelis,
1139 2426 1432 2497 prophetia:
1469 2425 1609 2479 dona
1654 2423 1980 2494 promeruit;
2030 2432 2086 2475 et

513 2520 635 2588 quia
667 2533 762 2587 per
806 2517 962 2570 tidem
1002 2524 1056 2570 et
1084 2515 1306 2568 adversa
1338 2512 1715 2582 longanimiter
1744 2509 1875 2564 ferri
1914 2518 1970 2564 et
1997 2525 2083 2564 su-

514 2609 749 2664 bliinitcr
778 2609 970 2662 debent
991 2606 1209 2675 praemia
1238 2603 1479 2673 sperari,
1527 2611 1584 2659 et
1619 2619 1762 2658 arca:
1791 2602 1872 2657 vel
1899 2601 2083 2671 templi

517 2697 761 2763 altitudo,
821 2705 874 2750 et
922 2694 1251 2750 tabernaculi
1293 2694 1570 2764 longitudo
1623 2694 1840 2764 triginta
1889 2692 2086 2747 cubitis

517 2793 876 2843 tuensuratur.
911 2782 1053 2837 Tunc
1079 2783 1234 2847 venit,
1287 2782 1479 2850 inquit,
1508 2781 1664 2835 Iesus
1690 2781 1745 2834 in
1776 2780 2088 2848 Iordanem,

516 2876 585 2928 ad
622 2873 903 2936 Joannem,
938 2881 992 2924 ut
1018 2871 1367 2939 baptizaretur
1393 2870 1456 2923 ab
1482 2886 1561 2923 eo.
1600 2867 1868 2940 (Ilieron.)
1897 2868 2089 2938 Tripli-

517 2980 634 3020 cem
669 2965 736 3019 ob
778 2976 994 3016 causam
1026 2960 1285 3028 Salvator‘
1311 2975 1342 3013 a
1385 2959 1590 3014 Joanne
1636 2959 1844 3028 accepit
1869 2951 2091 3028 baptis-

518 3071 685 3109 mum.
718 3053 980 3116 Primum,
1009 3059 1069 3104 ut
1118 3051 1242 3119 quia
1274 3052 1434 3105 homo
1483 3057 1642 3104 natus
1691 3057 1829 3113 erat,
1876 3065 2088 3105 omnem

2180 1874 2395 1944 quitur:

2250 1962 2581 2032 Respondent
2606 1969 2777 2014 autem
2805 1961 2982 2025 Jesus,
3031 1960 3165 2014 dixit
3207 1958 3252 2013 ei
3281 1976 3298 2013 :
3330 1956 3453 2012 Sine
3479 1957 3653 2016 modo,
3682 1956 3753 2007 sic

2180 2055 2316 2111 enim
2343 2054 2482 2109 decet
2515 2071 2608 2108 nos
2633 2053 2844 2124 implere
2881 2070 3083 2107 omnem
3107 2053 3392 2122 justitiam.
3430 2050 3574 2104 Tunc
3599 2051 3752 2101 dimi-

2182 2148 2246 2202 sit
2273 2163 2409 2201 eum.
2437 2147 2495 2201 ld
2516 2155 2618 2212 est,
2652 2155 2777 2201 tunc
2800 2138 3014 2201 demum
3052 2145 3276 2210 dimisit,
3306 2151 3436 2198 tunc
3463 2143 3751 2204 consensit,

2185 2247 2314 2292 tunc
2335 2252 2524 2308 passus
2544 2245 2626 2292 est
2653 2252 2775 2291 eum
2815 2252 2847 2291 a
2875 2251 2933 2291 se
2959 2235 3245 2306 baptizari,
3293 2248 3416 2288 cum
3456 2231 3546 2286 tali
3572 2231 3757 2286 ordine

2185 2328 2524 2399 cognovisset
2562 2311 2772 2382 omnem
2793 2327 3058 2398 justitiam
3081 2326 3278 2381 debere
3302 2323 3580 2392 compleri.
3628 2320 3757 2374 Sine

2188 2421 2365 2484 modo,
2392 2419 2586 2487 inquit,
2626 2419 2743 2473 sine
2771 2433 2858 2473 me
2897 2415 3076 2483 modo,
3104 2427 3162 2472 ut
3183 2417 3342 2484 jussi,
3373 2408 3634 2484 baptizari
3665 2413 3758 2464 abs

2189 2521 2240 2568 te
2266 2513 2318 2567 in
2347 2528 2506 2582 aqua,
2547 2520 2605 2566 ut
2635 2519 2692 2566 tu
2737 2521 2859 2582 post
2904 2512 3120 2567 modum
3153 2527 3182 2564 a
3207 2493 3294 2565 me
3315 2550 3329 2575 ,
3358 2509 3501 2580 quod
3543 2508 3758 2577 quzeris,

2188 2604 2478 2674 baptizeris
2505 2605 2557 2658 in
2585 2604 2796 2674 spiritu.
2844 2603 2936 2658 Sic
2958 2603 3099 2658 enim
3144 2604 3298 2658 decet
3335 2617 3432 2657 nos
3459 2593 3763 2668 praerogare

2189 2693 2490 2762 exemplum
2522 2692 2804 2761 implendas
2831 2693 3009 2747 omnis
3031 2681 3270 2760 iustitiae,
3311 2699 3371 2744 ut
3410 2689 3660 2744 videlicet
3687 2687 3764 2741 di-

2193 2790 2349 2838 scant
2379 2782 2562 2838 ﬁdeles
2607 2783 2874 2837 neminem
2909 2796 3067 2850 posse
3097 2779 3367 2835 hominem
3399 2779 3600 2846 absque
3627 2778 3764 2831 unda

2193 2870 2531 2941 baptismatis
2582 2871 2819 2940 perlecte
2860 2868 3065 2937 justum
3095 2869 3348 2932 existere,
3389 2867 3764 2934 omnibusque,

2195 2959 2441 3030 quamvis
2468 2960 2782 3013 innocenter
2809 2967 2862 3012 et
2881 2957 3028 3027 jnste
3054 2957 3382 3021 viventibus,
3407 2956 3767 3010 necessarium

2196 3048 2420 3108 viviﬁcw
2447 3049 2866 3120 regenerationis
2894 3048 3123 3103 otIicium
3144 3088 3158 3114 ,
3185 3063 3309 3102 cum
3337 3061 3441 3111 me,
3479 3047 3571 3116 qui
3601 3046 3770 3114 Spiriv

511 3144 779 3214 justitiam
807 3151 861 3197 et
889 3140 1244 3195 humilitatem
1275 3139 1407 3210 legis
1439 3139 1684 3208 impleret
1711 3157 1725 3206 ;
1775 3129 2007 3194 secundo
2032 3147 2091 3192 ut
2117 3137 2160 3198 C
2195 3146 2280 3194 tus
2322 3140 2494 3194 sancti
2520 3154 2682 3209 opere
2716 3146 3007 3208 conceptus
3031 3146 3085 3192 et
3125 3145 3287 3191 natus
3329 3151 3469 3202 sum,
3500 3151 3770 3206 cognove-

517 3236 839 3305 baptismate
865 3247 961 3287 suo
985 3231 1206 3287 Joannis
1229 3230 1496 3300 baptisma
1525 3232 1937 3300 comprobaret;
1983 3238 2090 3284 ter-

518 3328 593 3381 tio
622 3335 677 3379 ut
705 3323 953 3379 Jordanis
983 3337 1148 3390 aquas
1178 3320 1521 3376 sanctiﬁcans
1552 3336 1649 3391 per
1688 3322 2086 3376 descensionem

517 3415 805 3479 columbze,
860 3411 1093 3482 Spiritus
1149 3410 1322 3464 sancti
1381 3408 1435 3463 in
1483 3409 1702 3464 lavacro
1749 3409 2086 3464 credentium

516 3511 841 3560 monstraret
871 3503 1179 3557 adventum.
1215 3499 1426 3572 (Beda.)
1475 3498 1634 3554 Venit
1678 3515 1892 3569 quoque
1918 3499 2088 3553 Filius

517 3596 610 3652 Dei
644 3592 905 3663 baptizari
937 3592 1004 3646 ab
1035 3590 1283 3653 homine,
1315 3605 1418 3645 non
1444 3588 1602 3644 anxia
1642 3590 1965 3644 necessitate
1995 3589 2088 3643 ab-

518 3684 696 3738 luendi
744 3680 967 3750 alicujus
1009 3679 1086 3734 sui
1140 3680 1367 3750 peccati,
1396 3679 1485 3750 qui
1528 3687 1793 3748 peccat-um
1841 3695 1945 3731 non
1969 3678 2090 3747 fecit

517 3777 702 3840 ullum,
736 3791 826 3828 nec
847 3773 1081 3827 inventus
1107 3780 1180 3824 est
1205 3771 1355 3824 dolus
1386 3771 1441 3824 in
1468 3786 1553 3823 ore
1581 3770 1715 3839 ejus,
1748 3769 1839 3823 sed
1865 3770 1953 3838 pia
1983 3769 2090 3830 dis:

519 3864 829 3934 pensatione
861 3859 1106 3915 abluendi
1136 3875 1322 3914 omnes
1361 3867 1668 3914 noslrorum
1696 3861 1882 3914 sordes
1905 3873 2091 3928 pecca-

521 3963 717 4008 torum.
749 3951 880 4018 Quia
909 3953 961 4004 in
987 3949 1162 4003 multis
1185 3949 1494 4018 offendimus
1521 3965 1716 4013 omnes,
1751 3958 1796 4002 et
1826 3937 2091 4004 sidixet‘i-

519 4059 634 4095 mus
659 4041 795 4112 quod
824 4047 1089 4110 peccatum
1129 4054 1229 4091 non
1267 4036 1534 4100 habemus,
1576 4051 1668 4090 nos
1698 4037 1833 4106 ipsos
1883 4037 2088 4090 seduci-

521 4149 654 4196 mus,
697 4140 745 4185 et
788 4131 978 4184 veritas
1028 4127 1081 4180 in
1109 4128 1254 4182 nobis
1287 4144 1389 4180 non
1415 4135 1508 4181 est.
1543 4127 1701 4182 Venit
1744 4128 2005 4196 baptizari
2036 4128 2088 4181 in

520 4221 674 4289 aquis
718 4220 954 4288 ipsarum
982 4216 1226 4289 ﬁnditor
1274 4230 1559 4284 aquarum,
1613 4224 1672 4269 ut
1724 4217 1880 4270 nobis
1907 4218 1994 4286 qui
2035 4217 2087 4271 in

516 4310 887 4380 iniquitatibus
910 4307 1094 4361 sun‘lTis
1121 4307 1384 4374 concepti,
1415 4315 1468 4359 ct
1490 4307 1544 4360 in
1581 4307 1793 4361 delictis
1828 4308 2086 4377 generati,

517 4402 763 4456 secunda:
789 4396 1107 4461 nativitatis,
1144 4410 1260 4463 quae
1289 4411 1381 4464 per
1409 4412 1602 4465 aquam
1633 4405 1688 4450 et
1721 4397 1967 4467 spiritum
1997 4412 2086 4452 ce-

517 4493 773 4554 lebratur,
806 4487 1157 4558 appetendum
1191 4485 1487 4539 insinuaret
1517 4487 1850 4556 mysterium.
1884 4486 2085 4556 Digna-
2114 4473 2164 4530 Ι)

520 4591 604 4634 tus
629 4588 710 4632 cst
736 4579 902 4630 lavari
954 4576 1105 4645 aquis
1149 4573 1469 4640 Jordanicis,
1522 4577 1612 4643 qui
1638 4586 1754 4630 erat
1797 4577 2026 4631 mundus
2059 4592 2088 4629 a

519 4670 767 4725 sordibus
793 4665 1020 4728 cunctis,
1048 4674 1106 4717 ut
1146 4663 1213 4715 ad
1254 4663 1528 4717 diluendas
1554 4672 1858 4718 nostrorum
1903 4665 2090 4720 sordes

518 4762 781 4816 scelerum
809 4756 1048 4812 omnium
1075 4753 1270 4807 ﬂuenta
1311 4752 1670 4807 sanctificaret
1691 4769 1970 4822 aquarum.

590 4871 820 4925 Joannes
870 4875 1042 4919 autem
1079 4861 1377 4932 prohibebat
1405 4879 1520 4915 eum
1558 4863 1731 4916 (licens
1767 4881 1778 4915 :
1822 4864 1932 4933 Ego
1980 4882 2010 4918 a
2044 4875 2092 4918 te

519 4963 671 5017 debeo
706 4957 958 5028 baptizari
999 4964 1044 5007 et
1073 4965 1127 5005 tu
1157 4953 1296 5006 venis
1334 4953 1402 5004 ad
1429 4954 1556 5006 me?
1584 4953 1808 5021 Expavit
1846 4954 1992 5006 illum
2023 4956 2089 5008 ad

522 5069 579 5107 sc
609 5052 811 5110 venire,
867 5054 925 5097 ut
975 5044 1336 5111 baptizaretur
1365 5059 1543 5113 aqua,
1592 5045 1677 5098 cui
1732 5046 1875 5098 nulla
1920 5046 2091 5100 inerat

524 5157 638 5211 qiuc
660 5137 925 5206 baptismo
961 5140 1254 5200 tcrgcrctur
1276 5132 1448 5202 culpa,
1483 5133 1590 5187 imo
1629 5132 1718 5202 qui
1746 5149 1841 5203 per
1869 5135 1948 5188 sui
1975 5150 2092 5203 gra-

526 5234 652 5287 tiam
701 5229 920 5296 spiritus
967 5231 1214 5276 cunctam
1258 5225 1597 5280 credentibus
1645 5225 2094 5280 mundi'lollerct

524 5323 730 5390 culpam
759 5337 770 5371 :
814 5315 952 5369 unde
977 5323 1122 5368 recte
1159 5314 1470 5384 intelligitur
1493 5317 1636 5384 quod
1665 5317 1753 5370 hic
1773 5317 1903 5371 dicit
1933 5315 2093 5372 Joan-

521 5431 647 5475 nes,
683 5410 792 5478 Ego
820 5427 849 5460 a
893 5417 940 5460 te
959 5405 1115 5458 debeo
1146 5405 1428 5473 baptizari,
1470 5407 1569 5461 hoc
1597 5423 1735 5472 esse,
1784 5409 1926 5477 quod
1956 5409 2092 5478 apud

521 5500 901 5569 evangelistam
941 5494 1222 5559 Joannem,
1273 5495 1360 5549 illo
1388 5498 1452 5549 ad
1483 5513 1540 5551 se
1582 5499 1863 5564 veniente,
1895 5499 2094 5555 dixisse

526 5601 790 5652 narratur,
850 5589 981 5641 Ecce
1022 5604 1188 5657 agnus
1248 5586 1374 5651 Dei,
1418 5603 1530 5640 ecce
1575 5590 1664 5656 qui
1702 5589 1833 5642 tollit
1882 5601 2092 5659 peccata

527 5681 723 5733 mundi.
753 5680 830 5731 Ab
866 5678 954 5731 illo
985 5677 1126 5730 cnim
1171 5677 1424 5730 debemus
1465 5691 1653 5732 omnes
1689 5679 1966 5747 baptizari,
2000 5682 2087 5750 qui

2191 3228 2302 3285 rint
2326 3231 2572 3309 secunda:
2595 3231 2891 3284 nativitatis
2918 3230 3143 3296 subisse,
3186 3229 3270 3284 vel
3301 3230 3481 3299 potius
3524 3229 3626 3284 sibi
3648 3245 3770 3284 con-

2189 3329 2427 3375 secrasse
2449 3319 2739 3375 lavacrum.
2792 3320 2946 3374 Nulla
2969 3333 3324 3390 personarum
3353 3319 3614 3388 maiorum
3642 3335 3772 3374 oon-

2191 3417 2396 3465 temnat
2432 3411 2498 3465 ab
2524 3410 2815 3465 humilibus
2858 3411 2992 3464 meis
3018 3411 3074 3464 in
3109 3410 3484 3465 remissionem
3521 3419 3794 3478 peccato-,

2192 3517 2310 3556 rum
2350 3502 2650 3571 baptizari,
2680 3517 2802 3556 cum
2853 3487 3198 3556 meminerint
3241 3501 3546 3574 Dominum,
3593 3502 3683 3570 qui
3715 3501 3768 3559 in

2191 3591 2394 3662 Spiritu
2417 3601 2604 3645 sancto
2641 3574 2936 3661 baptizans,
2989 3598 3209 3661 peccata
3255 3592 3528 3646 dimittere
3566 3601 3769 3661 potest,

2192 3696 2346 3735 suum
2369 3680 2749 3748 baptizandum
2779 3680 2832 3734 in
2859 3694 2996 3750 aqua
3017 3679 3331 3735 submisisse
3358 3680 3499 3735 servi
3519 3681 3771 3735 manibus

2189 3781 2369 3844 caput.
2425 3821 2427 3824 r
3179 3824 3212 3846 ί
3659 3782 3664 3791 ·

2217 3872 2226 3887 ⁸
2262 3861 2398 3934 [lV.]
2427 3860 2736 3931 Baptizatus
2761 3873 2932 3916 autem
2957 3863 3222 3932 confestim
3249 3864 3478 3917 ascendit
3510 3864 3585 3918 de“
3609 3882 3766 3932 aqua,

2190 3960 2238 4007 et
2257 3969 2371 4006 ecce
2395 3952 2696 4022 apertisunt
2738 3953 2785 4007 ei
2812 3953 2958 4017 cwli,
2985 3962 3032 4006 et
3073 3952 3198 4006 vidit
3237 3951 3496 4022 Spiritum
3537 3954 3636 4008 Dei
3680 3955 3770 4008 de-

2189 4044 2510 4098 scendentem
2541 4044 2674 4096 sicut
2699 4031 2986 4097 columbam
3013 4052 3058 4097 et
3087 4045 3366 4098 venientem
3395 4062 3553 4114 super
3585 4064 3662 4101 se.
3704 4046 3769 4100 Et

2191 4133 2293 4187 hoc
2332 4133 2401 4187 ad
2445 4132 2809 4202 impletionem
2859 4133 3035 4187 omnis
3073 4133 3296 4203 iustitiae
3329 4135 3582 4204 pertinet,
3626 4119 3770 4206 quod

2189 4223 2460 4292 baptizato
2483 4223 2708 4307 Domino
2729 4225 2899 4293 aperti
2919 4236 3045 4278 sunt
3068 4224 3117 4278 ei
3148 4225 3290 4292 coeli,
3317 4233 3374 4281 et
3415 4225 3653 4296 Spiritus
3678 4229 3771 4283 dc»

2191 4318 2398 4372 scendit
2445 4332 2606 4386 super
2649 4331 2806 4382 eum,
2859 4325 2918 4371 ut
2963 4319 3087 4373 hinc
3113 4319 3364 4374 nimirum
3408 4320 3541 4376 ﬁdes
3580 4331 3767 4376 nostra

2191 4405 2540 4460 confirmetur
2566 4421 2662 4476 per
2687 4408 3002 4477 myﬂerium
3025 4410 3162 4463 sacri
3199 4410 3540 4480 baptismatis
3566 4412 3768 4481 aperiri

2193 4498 2347 4552 nobis
2394 4497 2670 4551 introitum
2708 4501 2861 4570 regni
2900 4500 3170 4564 caelestis,
3218 4509 3273 4556 et
3321 4503 3492 4556 sancti
3532 4501 3769 4571 Spiritus

2193 4589 2422 4659 gratiam
2472 4589 2789 4645 ministrari.
2850 4590 3097 4661 Nunquid
3127 4592 3268 4646 enim
3302 4593 3447 4649 credi
3477 4593 3635 4648 decet
3662 4594 3768 4645 Du-

2193 4681 2340 4735 mino
2370 4690 2492 4736 tunc
2517 4681 2749 4750 primum
2785 4669 3041 4737 cmlestia'
3063 4685 3302 4752 patuisse
3338 4683 3589 4738 secreta?
3637 4683 3769 4737 lich

2193 4771 2355 4826 habet
2389 4771 2649 4826 catholica
2681 4788 2789 4827 non
2825 4773 3003 4828 minus
3028 4781 3267 4844 tempore
3294 4790 3398 4843 quo
3424 4790 3546 4830 cum
3590 4777 3766 4830 homi-

2195 4859 2352 4915 nibus
2381 4869 2726 4917 conversatus
2750 4871 2850 4929 est,
2881 4878 3042 4932 quam
3078 4873 3227 4932 post,
3270 4875 3324 4918 et
3348 4873 3532 4929 antea,
3563 4866 3615 4919 in
3649 4867 3768 4919 sinu

2195 4951 2369 5006 Patris
2395 4952 2490 5007 Dei
2517 4953 2709 5008 Filium
2734 4955 3017 5020 mansisse,
3062 4963 3115 5009 et
3139 4957 3316 5010 sedem
3343 4957 3581 5011 tenuisse
3605 4958 3770 5012 cccle—

2197 5053 2352 5098 stem.
2391 5044 2496 5098 Aut
2537 5045 2860 5101 credendum
2893 5052 2976 5101 est
3017 5061 3046 5100 a
3094 5049 3364 5102 tricesimo
3391 5051 3568 5103 mlatis
3600 5065 3766 5113 anno,

2197 5135 2407 5201 quando
2437 5134 2736 5204 baptizatus
2760 5144 2864 5200 cst,
2898 5134 3128 5204 Spiritus
3143 5138 3309 5190 sancti
3333 5139 3469 5191 dona
3497 5154 3620 5191 eum
3648 5154 3770 5207 per-

2197 5223 2420 5294 cepisse,
2451 5227 2543 5294 qui
2574 5241 2603 5280 a
2627 5227 2799 5296 prima
2830 5227 3180 5297 conceptione
3208 5229 3407 5296 Spiritu
3437 5240 3626 5284 sancto
3659 5230 3768 5299 ple-

2198 5329 2299 5367 nus
2325 5329 2535 5385 semper
2565 5316 2790 5370 exstitit.
2841 5315 3005 5370 Nobis
3051 5333 3281 5387 quoque,
3333 5321 3422 5388 qui
3449 5320 3569 5390 ejus
3600 5337 3770 5375 mem-

2198 5404 2292 5457 bra
2314 5419 2518 5470 sumus,
2551 5414 2674 5460 sunt
2699 5406 2814 5460 hate
2843 5406 3109 5461 celebrata
3149 5411 3436 5479 mysteria;
3469 5413 3597 5480 quia
3621 5412 3766 5465 enim

2200 5496 2351 5550 nobis
2383 5495 2638 5550 Dominus
2675 5499 3000 5552 sacrosancti
3029 5501 3108 5553 sui
3134 5503 3373 5571 Corporis
3403 5504 3635 5557 intinctu
3676 5503 3769 5556 ba-

2198 5585 2376 5652 ptismi
2406 5587 2676 5648 lavacrum
2706 5587 2999 5652 dedicavit,
3036 5592 3189 5646 nobis
3215 5608 3426 5661 quoque
3457 5601 3577 5661 post
3615 5605 3770 5646 acco-

2199 5685 2344 5744 ptum
2377 5679 2636 5747 baptisma
2667 5679 2785 5731 (τωιὶ
2810 5681 3010 5734 aditum
3043 5693 3223 5751 patere
3267 5692 3319 5734 ct
3361 5682 3618 5750 Spiritum
3645 5699 3767 5733 sail—
