3948 6334
241 272 348 328 ἸῚἹ

1210 273 1562 328 COMMI‘ZNI'.
1607 271 1668 323 Ιζκ
1713 269 2139 324 ΜΛἸΊἸΙΛΞΙΞΜ.
2182 299 2251 309 -—
2292 271 2414 322 ιλιι.
2459 271 2497 324 Ι.

3410 268 3511 324 773

242 399 394 445 ctum
421 388 539 443 dari
567 388 883 441 monstravit
908 406 918 440 :
952 397 1006 441 et
1033 402 1267 457 congrua
1297 390 1522 442 multmn
1546 387 1820 448 distantia,
1854 391 1896 446 Λ
1930 387 2045 453 ipso
2081 384 2437 452 lledemptore
2465 394 2671 450 nostro,
2700 389 2992 439 mediatore
3011 389 3062 441 Ι)ι
3088 390 3099 441 i
3132 400 3180 442 et
3210 390 3507 454 hominum,

222 466 373 548 quia
402 476 609 547 primus
638 475 805 529 Adam
831 477 897 529 ab
924 477 1198 530 immundo
1221 479 1414 545 spiritu
1444 478 1702 545 deceptus
1732 493 1827 545 per

230 558 555 637 serpentem
600 549 800 637 gaudia
836 568 983 637 regni
1028 568 1263 622 caelestis
1293 568 1493 621 amisit.
1547 566 1827 622 Secundus

240 659 415 713 Adam
444 671 476 710 a
515 654 716 726 Spiritu
758 667 944 712 sancto
996 674 1093 727 per
1126 657 1430 712 columbam
1472 658 1826 729 glorificatus,

240 748 486 817 ejusdem
528 748 677 819 regni
730 749 931 803 lumina
980 748 1277 813 rescravit,
1322 747 1699 819 ﬂammamque
1748 750 1827 803 vis

241 837 532 902 brantem,
586 852 690 906 qua
745 838 1045 908 ingressum
1089 836 1348 906 paradisi,
1400 840 1623 908 expulso
1652 842 1824 897 Adam

241 926 442 995 primo,
494 928 696 982 cberub
737 937 921 983 custos
952 927 1295 994 interclusit,
1352 931 1621 985 secundus
1654 932 1823 988 Adam

239 1032 343 1085 per
362 1033 555 1088 aquam
573 1019 771 1075 lavacri
801 1020 1133 1075 renascentis
1156 1022 1421 1091 exstingui
1453 1021 1649 1077 debere
1678 1039 1825 1078 mon-

237 1113 455 1166 stravit.
497 1112 564 1167 Ut
596 1114 735 1167 unde
766 1114 856 1169 ille
911 1129 1033 1168 cum
1074 1129 1169 1168 sua
1203 1112 1427 1183 conjuge
1467 1116 1534 1169 ab
1565 1116 1718 1169 hoste
1750 1108 1849 1170 vi-'

235 1210 364 1257 ctus
389 1204 540 1269 exiit,
564 1203 688 1258 illuc
724 1205 827 1259 iste
848 1220 968 1259 cum
991 1212 1301 1258 sanctorum
1334 1204 1594 1271 Ecclesia,
1629 1222 1823 1276 sponsa

236 1294 488 1352 videlicet
514 1312 612 1352 sua
636 1335 651 1363 ,
687 1297 755 1352 de
780 1298 933 1352 hoste
978 1298 1151 1352 victor
1193 1297 1412 1352 rediret.
1460 1299 1604 1354 Bene
1643 1312 1822 1355 autem

236 1386 477 1457 Spiritus
500 1388 876 1443 reconciliator
916 1389 968 1443 in
1000 1389 1267 1453 columba,
1296 1405 1414 1458 qua:
1445 1391 1668 1446 multum
1694 1393 1825 1447 sim-

234 1476 357 1545 plex
391 1485 477 1531 est
496 1477 636 1543 avls,
667 1478 937 1549 apparuit,
986 1488 1045 1532 ut
1088 1490 1143 1533 et
1184 1496 1295 1534 sua:
1324 1480 1571 1536 videlicet
1616 1492 1825 1538 natura:

233 1566 640 1637 simplicitatem
669 1584 767 1638 per
790 1568 949 1636 hujus
978 1570 1213 1638 speciem
1241 1572 1487 1637 animalis
1515 1573 1824 1629 ostenderet

214 1656 492 1727 (Spiritus
526 1661 665 1713 enim
693 1670 906 1715 sanctus
948 1661 1238 1731 disciplina:
1276 1663 1487 1733 effugiet
1527 1666 1727 1737 fictum)
1766 1676 1823 1721 et

1928 491 2024 543 per
2053 475 2357 527 columbam
2382 476 2649 544 apparuit,
2676 476 2726 529 in
2754 477 3027 546 discipulis
3054 495 3179 532 vero
3200 480 3508 549 perignetn.

1928 566 2087 619 Certe
2132 564 2441 633 unigenitus
2488 565 2580 618 Dei
2633 565 2800 619 Filius
2849 566 3017 619 Judex
3057 577 3138 621 est
3177 570 3385 637 generis
3415 570 3514 622 lm-

1904 656 2094 709 inaui.
2142 654 2248 709 Sed
2283 656 2404 725 quis
2453 656 2569 726 ejus
2595 655 2862 724 justitiam
2898 656 3067 711 ferret
3100 660 3143 711 si
3194 661 3510 730 priusquam

1928 762 2028 801 nos
2053 762 2150 817 per
2197 748 2666 803 mansuetudinem
2704 748 3019 819 colligeret,
3067 750 3251 818 culpas
3300 762 3514 806 nostras

1927 855 2025 909 per
2048 840 2224 893 zelmn
2253 840 2595 895 rectitudinis
2634 842 2950 895 examinare
2998 843 3295 896 voluisset?
3344 844 3513 897 lloino

1927 947 2055 1009 ergo
2081 947 2179 1001 pro
2210 932 2519 986 hominibus
2555 931 2731 987 factus
2754 934 2937 986 mitem
2960 950 3017 988 se
3052 935 3360 988 lunuinilms
3382 950 3511 1003 prce-

1928 1018 2085 1077 bnit:
2127 1024 2300 1078 noluit
2325 1031 2642 1094 peceatores
2679 1024 2860 1090 ferire,
2909 1027 3001 1079 sed
3043 1026 3313 1096 colligere.
3358 1027 3514 1079 l’rius

1926 1113 2092 1167 voluit
2118 1123 2395 1168 mansuete
2433 1115 2727 1185 corrigere,
2776 1122 2832 1168 ut
2861 1115 3087 1169 haberet
3115 1134 3249 1184 quos
3275 1127 3511 1184 postmo—

1926 1200 2049 1254 dum
2083 1202 2135 1256 in
2164 1202 2370 1271 judicio
2408 1203 2661 1257 salvaret.
2716 1204 2772 1257 lu
2805 1204 3052 1260 columba
3082 1223 3211 1274 ergo
3251 1222 3512 1275 apparere

1926 1307 2087 1361 Super
2137 1308 2259 1347 cum
2299 1292 2485 1347 debuit
2514 1294 2786 1363 Spiritus,
2827 1296 2952 1364 quia
3008 1312 3112 1350 non
3166 1297 3414 1351 veniebat
3453 1305 3511 1350 ut

1926 1392 2142 1452 peccata
2178 1384 2341 1438 etiam
2372 1400 2471 1454 per
2517 1384 2690 1439 zelum
2721 1394 3059 1455 percuteret,
3101 1386 3193 1440 sed
3218 1386 3394 1440 adhuc
3418 1402 3515 1455 per

1926 1476 2393 1529 mansuetudinem
2425 1475 2698 1530 toleraret.
2731 1476 2802 1529 At
2827 1485 3013 1531 contra
3036 1492 3198 1545 super
3223 1476 3514 1546 discipulos

1926 1560 1980 1614 in
2016 1561 2138 1629 igne
2186 1563 2369 1617 debuit
2420 1561 2655 1631 Spiritus
2682 1573 2899 1618 sanctus
2945 1566 3329 1631 demonstrari,
3368 1574 3427 1619 ut
3456 1566 3509 1619 lii

1926 1651 2018 1719 qui
2044 1662 2201 1707 erant
2248 1654 2564 1722 simpliciter
2606 1654 2875 1719 nomines,
2924 1664 3084 1724 atque
3117 1656 3236 1710 ideo
3268 1665 3513 1725 peccato—

230 1760 360 1799 eum
392 1746 446 1800 in
484 1762 646 1816 quem
691 1749 969 1804 descendit
1006 1759 1367 1816 mansuetum,
1389 1731 1399 1733 ⁷
1420 1731 1718 1824 mitemque
1754 1770 1819 1809 ac
1848 1731 1895 1790 Β
1925 1757 2031 1807 ωδ,
2056 1758 2152 1798 005
2179 1752 2369 1798 contra
2394 1745 2716 1813 semetipsos
2743 1745 3005 1813 spiritalis
3041 1746 3218 1801 fertur
3245 1748 3511 1801 accende-

231 1838 624 1896 misericordize
647 1856 890 1911 superna:
922 1858 1225 1911 pra-cenem
1274 1842 1694 1915 ministrumque
1722 1848 1819 1902 do-

230 1938 383 1987 ceret
405 1931 606 1986 mundo
630 1921 1041 1996 esse‘futurum,
1074 1934 1233 1988 simul
1257 1943 1313 1989 et
1341 1951 1551 2002 omnes,
1586 1920 1673 2005 qui
1696 1931 1817 2009 gra-

230 2021 310 2075 tia
351 2028 535 2077 essent
564 2023 857 2077 renovandi
894 2022 1168 2092 simplices
1205 2039 1268 2080 ac
1311 2026 1507 2080 mundo
1535 2028 1697 2082 corde
1724 2029 1817 2082 ad-

228 2118 480 2165 moneret
510 2111 737 2182 ingredi.
779 2110 939 2166 Juxta
972 2112 1112 2182 quod
1150 2114 1411 2182 scriptum
1445 2123 1529 2170 est
1559 2133 1571 2168 :
1623 2114 1819 2171 Semita

227 2203 298 2255 de
323 2202 550 2257 Domino
577 2203 630 2256 in
654 2204 904 2269 bonitate,
943 2215 992 2257 et
1033 2204 1088 2258 in
1111 2203 1443 2275 simplicitate
1477 2206 1650 2260 cordis
1670 2224 1810 2278 qua:-

227 2294 331 2347 rite
353 2292 504 2348 illum
526 2310 546 2360 ;
596 2295 846 2365 quoniam
889 2295 942 2348 in
983 2294 1290 2348 malevolam
1322 2296 1553 2350 animam
1596 2313 1699 2351 non
1734 2299 1818 2351 in-

226 2384 411 2438 troibit
438 2384 716 2453 sapientia,
745 2400 838 2438 nec
864 2378 1118 2437 habitabit
1150 2385 1204 2437 in
1226 2399 1441 2454 corpore
1460 2387 1671 2440 subdito
1692 2404 1814 2457 pec-

226 2474 362 2527 catis
398 2472 551 2544 (Sep.
592 2471 653 2543 ι).
709 2472 845 2527 Nam
887 2472 1011 2542 quia
1051 2472 1208 2527 nobis
1251 2475 1321 2527 ad
1363 2475 1674 2530 discendam
1705 2478 1816 2534 Deo

225 2562 485 2631 placitam
517 2562 915 2631 simplicitatem
942 2561 1190 2617 columba
1212 2564 1561 2635 proponitur,
1592 2566 1817 2639 diligen-

226 2651 341 2705 tius
382 2658 633 2703 naturam
662 2650 964 2715 videamus,
1008 2660 1069 2704 ut
1106 2666 1203 2719 per
1241 2653 1448 2723 singula
1492 2654 1816 2712 innocentiae

227 2738 350 2811 ejus
386 2739 651 2809 exempla,
678 2741 803 2795 vitae
839 2741 992 2796 nobis
1036 2743 1420 2798 emendatioris
1452 2742 1697 2801 instituta
1722 2763 1784 2803 su

227 2844 461 2884 mantus.
491 2829 536 2882 A
566 2829 769 2884 malitia
788 2829 925 2885 fellis
950 2831 1120 2887 aliena
1144 2841 1247 2887 est.
1285 2831 1467 2889 Omnis
1495 2838 1816 2906 amaritudo,

227 2928 279 2973 et
305 2918 390 2973 ira
409 2928 457 2973 et
478 2918 772 2989 indignatio
797 2920 1015 2976 tollatur
1036 2939 1067 2975 a
1093 2921 1237 2976 nobis
1262 2964 1276 2988 ,
1301 2939 1417 2976 cum
1446 2925 1586 2979 omni
1612 2927 1817 2982 malitia

229 3007 449 3080 (Ephes.
485 3006 583 3078 tv).
611 3007 823 3062 Nullum
850 3023 944 3065 ore
983 3009 1065 3065 vel
1100 3013 1370 3081 unguibus
1396 3011 1563 3079 laedit,
1607 3030 1676 3069 ne
1714 3015 1816 3070 mi-

1922 1841 2027 1898 ret,
2070 1843 2127 1889 et
2173 1842 2418 1905 peccata,
2469 1836 2668 1904 quibus
2719 1835 2860 1889 Deus
2903 1850 3000 1904 per
3046 1836 3511 1891 mansuetudinem

1918 1935 2193 1993 parceret,
2234 1926 2336 1996 ipsi
2366 1926 2419 1980 in
2460 1940 2520 1981 se
2560 1939 2659 1995 per
2682 1925 3058 1995 ptenitentiam
3086 1927 3355 1995 punirent.
3402 1926 3513 1981 Nec

1919 2018 2020 2088 ipsi
2044 2019 2244 2088 quippe
2269 2033 2392 2073 esse
2434 2027 2687 2088 poterant
2730 2018 2847 2073 sine
2872 2028 3115 2088 peccato,
3151 2019 3243 2088 qui
3272 2020 3514 2075 adhaere-

1918 2109 2052 2163 bant
2076 2108 2285 2163 coelcsti
2321 2107 2653 2179 magisterio,
2703 2105 2910 2161 Joanne
2953 2116 3265 2173 attestante,
3296 2109 3389 2177 qui
3413 2109 3507 2171 ait,

1920 2198 1980 2253 Si
2004 2198 2293 2252 dixerimus
2334 2200 2458 2269 quia
2486 2207 2758 2269 peccatum
2789 2215 2892 2251 non
2930 2198 3199 2264 habemus,
3249 2215 3342 2253 nos
3376 2199 3512 2269 ipsos

1919 2288 2235 2351 seducimus,
2263 2296 2310 2340 et
2341 2288 2532 2341 veritas
2559 2305 2663 2342 non
2691 2297 2765 2341 est
2787 2289 2840 2342 in
2868 2287 3013 2341 nobis
3043 2287 3092 2359 (ι
3128 2287 3290 2343 Joan.
3324 2289 3384 2361 ι).

1991 2372 2060 2427 Ει
2084 2391 2200 2429 ecce
2224 2391 2320 2430 v0.1:
2342 2376 2407 2430 de
2429 2375 2589 2440 cretis,
2614 2376 2823 2432 dicens:
2846 2374 2948 2431 Hic
2971 2386 3045 2430 est
3072 2372 3245 2431 Filius
3267 2394 3410 2433 meus
3438 2377 3522 2432 di-

1920 2463 2085 2519 lectus
2109 2467 2165 2519 in
2192 2483 2295 2537 quo
2326 2468 2456 2520 mihi
2480 2466 2791 2537 complacui.
2838 2468 3019 2541 (Aug)
3052 2467 3165 2524 Hoc
3203 2478 3258 2523 ct
3284 2470 3376 2524 alii
3405 2470 3512 2526 duo

1919 2555 2131 2611 Marcus
2170 2565 2226 2611 et
2270 2557 2446 2611 Lucas
2493 2557 2743 2612 similiter
2770 2570 3012 2623 narrant,
3061 2559 3154 2614 sed
3205 2562 3271 2615 de
3329 2561 3513 2615 verbis

1919 2648 2070 2703 vocis
2097 2664 2218 2717 qua:
2244 2650 2310 2703 de
2339 2648 2478 2704 etnlo
2507 2648 2645 2703 facta
2673 2657 2758 2703 est
2782 2649 2995 2703 variant
3023 2650 3371 2716 locutionem,
3407 2651 3515 2707 sal-

1918 2754 1985 2793 va
2008 2746 2188 2792 tamen
2213 2738 2501 2793 sententia.
2531 2738 2686 2806 Quod
2710 2739 2853 2792 enim
2874 2738 3155 2793 Matthacus
3176 2740 3251 2793 ait
3275 2741 3509 2796 dictum:

1922 2827 2025 2882 llic
2047 2839 2122 2881 est
2155 2825 2327 2881 Filius
2365 2844 2512 2881 meus
2547 2827 2783 2887 difectus,
2826 2836 2881 2881 et
2921 2830 3011 2882 alii
3047 2830 3153 2884 duo
3177 2831 3398 2886 dicunt:
3434 2831 3514 2885 Tu

1918 2933 1973 2971 es
2001 2915 2172 2970 Filius
2200 2933 2347 2971 meus
2374 2916 2615 2982 dilectus,
2645 2917 2711 2971 ad
2735 2916 2978 2971 eamdem
3000 2919 3318 2972 sententiam
3344 2920 3515 2989 expli-

1920 3007 2150 3061 candam
2187 3006 2351 3063 valet.
2384 3005 2500 3061 Vox
2521 3007 2665 3060 enim
2691 3006 2930 3061 cmleslis
2952 3022 3113 3061 unum
3145 3008 3334 3062 horum
3357 3010 3510 3071 dixit.

228 3098 409 3153 uimas
448 3096 666 3167 quidem
690 3097 951 3162 aviculas,
982 3099 1064 3153 vel
1087 3101 1427 3167 vermiculos,
1467 3102 1663 3172 quibus
1706 3105 1810 3159 mi-
1842 3087 1886 3149 C
1919 3096 2014 3152 sed
2038 3096 2372 3168 evangelista
2398 3096 2688 3152 ostendere
2716 3098 2885 3153 voluit
2907 3099 2975 3153 ad
3010 3098 3151 3154 idem
3174 3098 3351 3154 valere
3372 3102 3514 3170 quod

228 3199 397 3241 nores
422 3199 559 3255 pene
583 3200 771 3240 omnes
798 3176 1020 3240 aviculae
1048 3203 1106 3242 se
1152 3205 1385 3258 suosque
1415 3192 1678 3245 nutriunt.
1713 3192 1811 3247 Vi-

229 3274 456 3329 deamus
487 3290 555 3330 ne
601 3275 779 3328 dentes
804 3277 979 3329 nostri
1006 3278 1107 3331 sint
1139 3294 1287 3332 arma
1326 3289 1371 3332 et
1403 3281 1605 3349 sagitta:
1636 3281 1807 3351 (Psal.

228 3367 369 3437 LVI),
409 3381 478 3420 ne
506 3360 814 3421 mordentes
827 3374 880 3421 et
899 3368 1240 3423 comedentes
1279 3370 1504 3426 invicem
1529 3388 1813 3428 consumas

229 3472 359 3515 mur
387 3458 454 3512 ab
479 3456 711 3527 invicem
736 3454 878 3527 (Gal.
900 3457 973 3529 v).
1012 3458 1393 3517 Contineamus
1429 3478 1620 3519 manus
1657 3481 1688 3519 a
1729 3482 1814 3519 ra-

228 3543 412 3614 pinis;
443 3543 535 3616 qui
563 3544 845 3614 {urabatur
860 3546 979 3615 jam
1007 3563 1111 3600 non
1138 3547 1361 3613 amplius
1393 3550 1618 3618 furetur',
1647 3554 1814 3623 magis

229 3642 413 3686 autem
439 3631 638 3688 laboret
666 3634 931 3704 operando
958 3636 1217 3702 manibus,
1258 3639 1395 3707 quod
1420 3640 1609 3693 bonum
1631 3652 1729 3709 est,
1761 3655 1817 3696 ut

230 3726 422 3781 habeat
460 3726 599 3780 unde
624 3726 818 3780 tribuat
845 3727 1197 3782 necessitatem
1226 3732 1441 3798 patienti
1474 3731 1689 3802 (Ep/tes.
1718 3735 1814 3805 IV).

232 3816 373 3870 Nam
394 3823 449 3871 et
472 3816 718 3870 columba
741 3831 883 3885 saepe
914 3818 1116 3872 alienos
1144 3820 1295 3887 quasi
1319 3836 1443 3875 suos
1485 3822 1655 3876 fertur
1676 3823 1819 3878 alere

232 3906 434 3977 pullos,
480 3906 595 3976 ipsa
622 3915 779 3961 terrae
813 3905 1075 3961 fructibus
1114 3917 1169 3960 et
1191 3910 1393 3962 semine
1420 3911 1676 3977 pascitur.
1710 3913 1849 3967 Au»

235 3997 775 4067 diamusApostolum
802 4016 815 4051 :
845 3997 1050 4052 Bonum
1070 4009 1144 4052 est
1178 4015 1280 4053 non
1302 4002 1566 4054 comedere
1586 4020 1817 4068 carnem,

236 4102 287 4143 et
320 4106 422 4144 non
470 4089 640 4143 bibere
683 4090 860 4143 vinum
902 4087 1079 4161 (Rom.
1120 4088 1251 4160 xw).
1313 4090 1377 4143 Et
1412 4091 1686 4159 apostolus
1716 4092 1815 4147 Pe-

240 4192 396 4235 trus:
446 4179 764 4246 Ministrate,
796 4179 993 4248 inquit,
1031 4179 1086 4231 in
1110 4178 1215 4247 ﬁde
1242 4189 1408 4232 vestra
1454 4179 1713 4246 virtutem,
1764 4184 1820 4237 in

238 4274 432 4327 virtute
454 4280 628 4324 autem
668 4270 965 4331 scientiam,
1004 4270 1057 4322 in
1096 4270 1312 4323 scientia
1339 4280 1512 4324 autem
1552 4271 1819 4327 abstinen-

240 4363 393 4429 tiam,
440 4363 496 4415 in
527 4361 839 4415 abstinentia
883 4370 1054 4414 autem
1096 4361 1433 4430 patientiam,
1484 4363 1539 4415 in
1567 4364 1819 4432 patientia

1916 3188 2120 3242 dictum
2152 3195 2271 3241 est:
2304 3186 2407 3239 llic
2441 3195 2518 3239 est
2556 3185 2732 3240 Filius
2762 3204 2907 3241 meus
2933 3187 3173 3254 dilectus,
3210 3198 3267 3243 ut
3291 3190 3395 3244 illis
3419 3206 3516 3260 po-

1914 3277 2022 3331 tius
2043 3278 2133 3346 qui
2173 3278 2459 3332 audiebant
2500 3278 2831 3332 indicaretur
2853 3292 2972 3333 esse
2995 3279 3161 3335 Filius
3188 3281 3280 3336 Dei
3306 3299 3319 3345 ;
3352 3292 3514 3352 atque

1913 3371 1989 3425 ita
2017 3370 2217 3425 dictum
2242 3370 2442 3425 referre
2462 3371 2659 3425 voluit:
2690 3370 2766 3423 Tu
2787 3388 2838 3424 es
2866 3370 3034 3425 Ιπὶίὶτιδ
3063 3390 3226 3435 meus,
3254 3391 3317 3428 ac
3342 3376 3387 3429 si
3409 3377 3513 3431 illis

1916 3464 2223 3517 diceretur:
2268 3462 2372 3516 Hic
2418 3471 2493 3516 est
2538 3461 2711 3516 Filius
2757 3480 2921 3517 meus.
2954 3463 3067 3519 Non
3098 3467 3241 3519 enim
3292 3468 3511 3522 Christo

1920 3553 2260 3607 indicabatur
2298 3553 2439 3622 quod
2494 3552 2718 3617 sciebat,
2772 3553 2865 3607 sed
2908 3555 3223 3621 audiebant,
3264 3556 3356 3625 qui
3384 3557 3514 3611 ade-

1920 3650 2060 3705 rant,
2090 3651 2308 3710 propter
2363 3656 2501 3711 quos
2553 3641 2717 3695 etiam
2768 3642 2882 3711 ipsa
2935 3658 3037 3696 vox
3073 3642 3213 3698 facta
3244 3653 3347 3699 est.
3389 3644 3511 3700 Jam

1920 3747 2049 3787 vero
2076 3734 2217 3801 quod
2249 3721 2387 3786 alius
2415 3730 2544 3785 dicit
2571 3748 2585 3782 :
2616 3730 2683 3784 In
2704 3748 2806 3803 quo
2828 3732 2956 3785 mihi
2978 3733 3305 3803 complacui;
3331 3735 3468 3790 alius
3495 3755 3507 3789 :

1923 3822 1989 3876 In
2017 3832 2065 3876 te
2090 3821 2381 3892 complacui
2411 3840 2429 3888 ;
2473 3822 2648 3876 alius:
2705 3820 2772 3875 In
2814 3832 2861 3875 te
2906 3822 3215 3893 complacuit
3245 3826 3392 3891 milii,
3421 3842 3503 3896 ap-

1922 3921 2092 3983 paret,
2145 3927 2266 3966 cum
2314 3912 2536 3981 quilibet
2583 3911 3036 3982 evangelistarum
3088 3913 3323 3970 cmlestis
3366 3917 3513 3971 vocis

1920 4003 2082 4056 etiam
2112 4002 2276 4057 verba
2306 4002 2558 4065 tenuerit,
2614 4001 2748 4056 alios
2777 3991 2844 4055 ad
2893 4002 3137 4057 eamdem
3187 4006 3512 4060 sententiam

1921 4091 2238 4146 fatniliarius
2281 4091 2654 4161 explicandam
2702 4092 2867 4145 verba
2918 4106 3191 4157 narrasse,
3235 4104 3294 4148 ut
3320 4094 3514 4149 intelli-

1920 4190 2077 4250 gatur
2109 4182 2212 4235 hoc
2250 4179 2453 4234 dictum
2499 4194 2619 4235 esse
2647 4181 2715 4235 ab
2764 4180 3035 4247 omnibus,
3088 4191 3342 4253 tanquam
3372 4185 3515 4241 dicc-

1876 4309 1879 4313 ς
1924 4279 2104 4325 retur:
2132 4271 2187 4323 lu
2214 4277 2266 4324 te
2287 4269 2543 4338 placitum
2569 4282 2744 4322 meum
2775 4270 3053 4349 constitui,
3079 4272 3179 4325 hoc
3206 4283 3310 4337 est,
3338 4290 3433 4343 per
3463 4282 3515 4328 te

1926 4379 2135 4433 gerere,
2159 4362 2301 4432 quod
2323 4362 2451 4415 mihi
2476 4360 2674 4430 placet.
2709 4361 3026 4432 (ιὶΛθΑΝυε.)
3057 4363 3195 4432 Ergo
3221 4364 3388 4420 Filius
3417 4366 3513 4421 Dei

239 4459 417 4505 autem
454 4451 719 4520 pietatem,
760 4452 817 4503 in
835 4451 1025 4518 pietate
1053 4459 1225 4503 autem
1251 4467 1479 4504 amorem
1508 4452 1819 4521 fraternita-
1848 4423 1897 4481 Β
1923 4460 2226 4528 baptizatur
2254 4457 2307 4509 in
2358 4456 2595 4519 homine,
2648 4454 2879 4524 Spiritus
2906 4454 3001 4509 Dei
3029 4456 3304 4510 descendit
3335 4457 3386 4510 in
3416 4472 3509 4512 co-

241 4542 314 4595 tis
344 4539 431 4611 (l!
454 4540 599 4594 Petr.
642 4540 701 4611 ι).
730 4540 999 4595 Gemitum
1022 4554 1119 4609 pro
1144 4548 1304 4594 cantu
1334 4542 1513 4597 habet.
1546 4542 1728 4601 Miseri
1749 4547 1821 4601 si-

242 4652 370 4692 mus
394 4646 449 4691 et
481 4637 777 4705 lugeamus,
825 4644 881 4689 et
922 4634 1197 4705 ploremus
1238 4650 1420 4711 coram
1451 4637 1702 4705 Domino,
1730 4642 1822 4711 qui

243 4730 377 4785 fecit
399 4745 515 4785 nos.
550 4729 707 4784 Risus
736 4736 919 4783 noster
946 4728 1000 4782 in
1025 4728 1227 4783 luctum
1246 4736 1592 4783 convertatur
1614 4739 1670 4786 et
1695 4747 1825 4801 gau-

244 4824 397 4878 dium
419 4823 473 4876 in
500 4836 808 4877 mteroretn.
835 4819 985 4873 Beati
1010 4820 1146 4873 enim
1172 4818 1420 4890 lugentes,
1459 4822 1707 4891 quoniam
1727 4824 1825 4892 ipsi

245 4914 683 4983 consolabuntur(
693 4911 882 4965 Matth.
906 4910 980 4983 v).
1007 4910 1181 4982 Super
1202 4926 1371 4981 aquas
1397 4913 1584 4967 sedere
1604 4928 1833 4969 censue;

248 5006 347 5069 vit,
390 5014 450 5059 ut
471 5005 681 5061 venturi
712 5011 921 5073 raptum
964 5002 1261 5073 accipitris,
1298 5003 1525 5071 prmvisa
1575 5004 1630 5057 in
1670 5005 1827 5073 aquis

248 5096 469 5161 umbra,
486 5095 746 5160 declinet;
772 5110 835 5149 ac
866 5092 1220 5148 mundatoriis
1234 5092 1635 5160 Scripturarum
1661 5091 1828 5147 ﬂuen—

251 5189 327 5243 tis
360 5187 530 5242 seduli
556 5188 793 5242 assidere
813 5200 1085 5250 curemus,
1110 5198 1337 5253 quarum
1367 5183 1595 5252 speculis
1624 5184 1822 5247 edocti,

254 5277 566 5347 dignoscere
585 5286 639 5331 et
658 5290 962 5346 praecavere
985 5274 1255 5331 valeamus
1285 5273 1503 5328 insidias
1528 5273 1699 5329 hostis
1726 5276 1826 5328 ini-

247 5366 366 5439 qui.
403 5364 530 5421 Haec
547 5367 613 5420 de
638 5376 829 5421 natura
849 5364 1109 5420 columbae
1132 5372 1333 5433 septem
1359 5365 1615 5418 virtutum
1648 5379 1826 5419 exem-

249 5460 341 5531 pla
377 5473 830 5513 commemorasse
864 5456 1111 5522 suﬂiciat,
1152 5466 1207 5513 et
1247 5466 1391 5511 recte
1420 5454 1671 5521 fortasse,
1697 5458 1821 5526 quia

251 5553 490 5623 Spiritus
511 5552 706 5615 sancti,
752 5552 843 5621 qui
867 5551 918 5604 in
942 5550 1187 5605 columba
1230 5550 1524 5615 descendit,
1576 5549 1823 5620 septifor-

254 5646 359 5699 mis
384 5654 467 5700 est
520 5644 710 5715 gratia.
760 5639 960 5712 (ϐυ-ες.)
1011 5641 1115 5695 Sed
1164 5642 1509 5711 quierendum
1535 5648 1617 5695 est
1641 5656 1739 5695 cur
1769 5641 1822 5693 in

650 5737 927 5796 ΡΑΤιιυι..
973 5733 1157 5794 Cl’ll.

1870 4568 1873 4571 ·
1925 4549 2129 4613 lumba,
2172 4548 2331 4603 Pater
2357 4548 2497 4601 Deus
2526 4554 2681 4601 sonat
2720 4546 2771 4598 in
2802 4559 2952 4608 voce,
2985 4553 3184 4599 saneta:
3230 4554 3283 4599 et
3312 4546 3510 4600 indivi-

1927 4643 2045 4698 duaa
2072 4642 2353 4696 Trinitatis
2388 4642 2441 4695 in
2494 4640 2765 4711 baptismo
2816 4638 3121 4695 declaratur
3171 4641 3505 4709 mysterium.

1928 4736 1994 4789 Et
2017 4742 2183 4796 recte.
2233 4741 2293 4787 ut
2334 4733 2426 4803 qui
2472 4740 2933 4787 sacramentorum
2968 4744 3186 4783 suorum
3233 4729 3511 4798 dispensa-

1932 4826 2137 4880 toribus
2185 4832 2305 4879 erat
2348 4831 2717 4893 praecepimus
2764 4822 2947 4874 docere
2998 4835 3172 4873 omnes
3221 4831 3416 4889 gentes,
3463 4830 3511 4872 et

1931 4917 2194 4984 baptizare
2218 4932 2304 4968 eos
2326 4918 2379 4968 in
2426 4915 2632 4967 nomine
2674 4911 2872 4973 Patris,
2920 4920 2967 4962 et
3006 4908 3155 4973 Filii,
3186 4920 3233 4961 et
3282 4908 3511 4979 Spiritus

1928 5010 2115 5070 sancti,
2148 5009 2356 5077 primus
2383 5006 2495 5073 ipse
2518 5021 2614 5059 suo
2639 5005 2687 5058 in
2719 5004 3036 5071 baptismate
3067 5010 3233 5056 totam
3256 5017 3512 5070 persona-

1930 5098 2053 5152 liter
2080 5096 2340 5166 panderet
2359 5095 2546 5149 adesse
2570 5093 2905 5147 Trinitatcm.
2936 5092 3086 5157 Quod
3112 5100 3290 5146 autem
3314 5092 3389 5144 ait
3410 5108 3510 5145 vox

1930 5200 2190 5260 paterna:
2226 5186 2327 5239 llic
2363 5195 2439 5251 est
2470 5184 2641 5238 Filius
2686 5201 2829 5238 meus
2872 5186 3108 5248 dilectus,
3153 5185 3203 5235 in
3243 5201 3343 5253 quo
3384 5186 3510 5236 mihi

1931 5277 2237 5347 complacui,
2269 5276 2335 5329 ad
2364 5276 2826 5345 comparationem
2855 5274 3050 5327 terreni
3084 5272 3317 5327 hominis
3358 5273 3506 5334 dicit,

1932 5369 1984 5422 in
2014 5384 2119 5437 quo
2179 5375 2436 5436 peccante
2487 5366 2880 5435 quodammodo
2929 5379 2986 5419 se
3035 5364 3137 5417 sibi
3173 5363 3509 5431 displicuisse

1928 5458 2068 5512 Deus
2104 5457 2349 5511 conditor
2376 5457 2631 5525 insinuat,
2661 5472 2781 5511 cum
2826 5456 2933 5509 ait:
2979 5452 3193 5506 Paenitet
3236 5469 3315 5506 me
3342 5454 3509 5506 Immi-

1929 5566 2042 5603 nem
2070 5549 2251 5617 fecisse
2276 5551 2326 5602 in
2369 5560 2508 5602 terra
2534 5547 2685 5619 (Gen.
2713 5548 2809 5618 vi).
2844 5546 3167 5600 Pmnitentia
3206 5544 3420 5613 quidem
3452 5545 3505 5597 in

1927 5641 2094 5695 Deum
2129 5641 2269 5693 nulla
2325 5657 2386 5693 ra
2412 5643 2491 5701 lit,
2546 5642 2639 5694 sed
2690 5647 2871 5691 nostro
2922 5651 3071 5689 more
3121 5634 3367 5703 loquens,
3416 5634 3507 5701 qui

2998 5727 3071 5786 25
