3948 6346
422 278 553 341 ’779

1113 287 1172 340 Β.
1219 288 1465 345 ιιΑΒΑΝι
1509 291 1723 347 Μελίη
1759 290 2020 348 ARClllEl

2123 289 2423 345 liOGUNT.
2466 288 2750 347 OPERUM
2790 289 2969 347 PARS
3008 292 3048 347 l.

3604 293 3705 356 780

445 395 728 465 compungi
759 393 1074 463 pmnitcntia
1102 396 1356 460 solemus,
1386 398 1599 467 quando
1624 409 1809 454 contra
1838 406 2020 453 votum
2050 398 2094 458 A
2123 399 2282 455 debat
2315 400 2372 473 in,
2399 414 2456 454 se
2500 398 3045 477 nostrumlaborcm,
3098 403 3204 459 illic
3237 416 3421 462 autem
3464 410 3521 463 in
3550 404 3708 464 nobis

447 499 626 542 nostra
657 499 819 555 opera
849 485 985 539 verti
1016 484 1281 550 videmus,
1305 489 1564 556 pmnitere
1604 504 1662 543 sc
1686 488 1821 543 dixit
1845 487 2021 544 homi-

446 565 565 630 nem
598 575 812 641 iecisse,
862 589 1022 646 quem
1074 591 1104 630 a
1134 576 1450 633 rectitudine
1487 592 1597 633 suae
1645 576 1870 633 iacturae
1894 591 2024 646 pec-

443 663 613 719 cando
641 662 968 745 degenerare
1000 653 1296 738 conspexit.
1334 665 1389 720 ln
1414 663 1549 722 Filio
1572 674 1750 721 autem
1785 681 1883 721 suo
1910 666 2024 721 uni-

442 754 621 826 genito
649 746 751 823 sibi
794 752 1138 832 singulariter
1164 756 1523 828 complacuit,
1556 759 1682 829 quia
1731 759 1874 813 hunc
1920 758 2021 812 lio—

401 914 409 921 ν
441 839 641 904 minem
676 848 835 917 quem
870 848 1118 903 induerat
1141 863 1171 902 a
1200 857 1421 920 peccato
1463 850 1755 906 immunem
1803 861 2022 903 scrvare

442 923 715 1019 cognovit.
745 937 814 993 Et
839 939 894 993 in
921 938 1023 994 hac
1064 953 1279 1012 quoque
1304 954 1436 996 voce
1474 937 1653 994 Patris
1702 940 1841 994 sicut
1888 947 1936 993 et
1968 938 2020 992 in

442 1020 937 1100 cmteris'baptizati
986 1028 1199 1087 Domini
1239 1030 1532 1102 mysteriis,
1578 1032 1751 1103 omnis
1800 1030 2022 1101 iustitia:

441 1119 746 1175 declaratur
770 1119 1029 1189 impletio.
1057 1117 1368 1181 Cozeternus
1394 1119 1535 1174 enim
1572 1128 1627 1175 et
1663 1121 2015 1187 consubstanl

405 1202 408 1207 λ
442 1211 583 1266 tialis
604 1210 747 1265 Patri
776 1210 941 1266 Filius
967 1209 1340 1265 descendendo
1361 1224 1521 1279 super
1544 1224 1667 1265 eum
1692 1211 1906 1282 spiritu,
1929 1212 2020 1281 qui

436 1307 524 1369 sit,
553 1304 857 1379 hominibus
889 1305 1185 1369 intimatur,
1208 1311 1266 1357 ut
1287 1318 1382 1373 per
1404 1303 1508 1359 hoc
1539 1304 1749 1359 discant
1776 1302 2022 1360 homines

412 1396 534 1464 ‘per
562 1386 787 1467 gratiam
819 1409 877 1449 se
903 1393 1243 1465 baptismatis
1271 1401 1493 1477 accepto
1519 1392 1934 1482 Spiritu.san,eto
1956 1395 2021 1450 de

439 1484 560 1540 ﬁliis
590 1483 786 1555 diaboli
814 1485 870 1539 in
900 1483 993 1538 Dei
1023 1483 1159 1539 ﬁlios
1186 1499 1346 1555 posse
1367 1471 1669 1564 transferri.
1700 1471 1852 1541 Sicut
1877 1488 2022 1557 Apo-

436 1567 604 1661 stolus
641 1568 849 1659 edocet,
877 1570 1121 1634 ﬁdelibus
1150 1579 1220 1632 ita
1244 1567 1504 1648 loquens:
1535 1578 1817 1651 Accepistis
1848 1578 2021 1651 Spiri-

437 1678 546 1740 tum
564 1668 856 1739 adeptionis
876 1667 1125 1736 ﬁliorum,
1141 1670 1195 1722 in
1215 1685 1315 1736 quo
1333 1666 1620 1741 clamamus
1635 1669 1820 1733 {Abba
1840 1679 2021 1741 pater;

2128 506 2279 547 suam
2310 491 2751 557 consolationem,
2795 492 3151 564 quadragenis
3176 495 3367 552 diebus
3418 506 3709 569 utrumque

2125 582 2405 647 deﬁniens,
2454 583 2578 653 quia
2623 597 2881 639 numerus
2915 582 3052 651 ipse,
3099 585 3202 640 hoc
3249 596 3350 653 est,
3402 589 3709 660 quadrage-

2125 672 2326 737 narius,
2379 672 2539 742 huius
2588 670 2766 728 saeculi
2822 672 3128 742 signiﬁcare
3176 674 3392 731 videtur
3419 692 3705 740 excursus.

2122 757 2489 819 obServandus
2535 764 2586 817 in
2620 763 2703 818 bis
2742 764 2831 837 qui
2861 778 2930 827 ex.
2970 773 3200 832 quatuor
3227 767 3473 833 partibus
3520 769 3707 824 mundi

2123 859 2384 908 vocantur
2408 868 2506 923 per
2533 854 2758 925 gratiam
2785 854 2853 909 ad
2892 870 3038 923 eum,
3086 855 3175 924 qui
3210 872 3317 910 non
3353 860 3503 913 venit
3535 859 3705 929 legem

2124 944 2349 1009 solvere,
2402 944 2493 999 sed
2541 944 2852 1016 adimplere.
2892 940 3092 1019 Decem
3151 961 3384 1016 namque
3435 960 3703 1019 praecepta

2114 1030 2255 1103 legis
2278 1041 2401 1087 sunt
2417 1033 2528 1103 jam
2557 1034 2727 1103 gratia
2757 1032 2955 1105 Christi
2986 1032 3175 1089 dilfus‘a
3205 1051 3302 1105 per
3333 1026 3611 1093 mundum.
3644 1040 3706 1093 Et

2123 1124 2546 1193 quadripartitus
2572 1133 2653 1178 est
2698 1125 2945 1190 mundus,
2983 1134 3037 1180 et
3060 1188 3063 1191 Ἴ
3084 1126 3268 1184 decem
3295 1128 3704 1197 quadrnplicata

2124 1213 2740 1284 quadragintal‘aeiunt,
2790 1214 3051 1283 Quoniam
3096 1217 3187 1288 qui
3236 1217 3486 1287 redempti
3529 1230 3704 1273 sunto

2122 1304 2348 1359 Domino
2390 1306 2523 1378 (ιω.
2556 1305 2654 1377 ιε),
2683 1308 2756 1362 de,
2780 1308 3086 1378 regionibus
3113 1309 3460 1378 congregavit
3491 1324 3606 1371 eos,
3637 1310 3707 1364 ab

2124 1395 2362 1459 Oriente,
2390 1404 2446 1473 et
2472 1390 2540 1478 ab
2567 1396 2877 1461 Occidente,
2919 1398 2987 1453 ab
3019 1397 3279 1468 Aquilon.
3349 1406 3402 1451 et
3432 1400 3587 1453 mari.
3614 1396 3704 1454 Je—

2118 1488 2317 1559 junans
2341 1487 2523 1556 itaque
2548 1488 2904 1559 quadraginta
2935 1490 3150 1544 diebus.
3195 1494 3259 1545 ut
3311 1497 3546 1548 mortem
3582 1505 3705 1547 car-

2124 1577 2229 1643 nis,
2256 1576 2420 1632 veluti
2450 1576 2713 1632 clamabat
2738 1596 2751 1631 :
2775 1578 3049 1633 Abstincte
3069 1593 3163 1633 vos
3184 1594 3220 1635 ει
3241 1579 3525 1642 desideriis
3548 1578 3704 1648 huius

2118 1660 2325 1728 simili.
2364 1669 2687 1725 Manducans
2711 1680 2887 1726 autem
2916 1680 2969 1725 et
2999 1672 3188 1726 bibens
3208 1672 3567 1741 quadraginta
3594 1671 3704 1725 dies

409 1767 497 1829 et
519 1758 848 1831 evangelista
875 1752 1468 1833 Joannesz'Quotquot';
1499 1760 1697 1831 inquit,
1723 1775 2019 1833 receperunt
2053 1750 2095 1809 Β
2122 1763 2223 1816 bus
2271 1770 2391 1831 post
2436 1760 2880 1815 resurrectionem
2933 1761 3133 1826 carnis,
3183 1760 3351 1815 veluti
3394 1760 3701 1816 clamabat:

435 1865 553 1903 cum
581 1850 722 1923 dedit
743 1850 816 1905 eis
839 1860 1144 1921 potestatem
1166 1850 1305 1920 ﬁlios
1336 1850 1436 1905 Dei
1463 1850 1582 1921 ﬁeri
1612 1849 1791 1923 (Joan.
1816 1856 1876 1922 ι).

487 1994 493 2001 .
940 2014 943 2015 ί
1045 1938 1395 1996 CAPUTIV.

435 2017 513 2101 De
541 2028 971 2103 jejunioC/aristi
1010 2029 1066 2084 in
1099 2029 1302 2084 deserto
1333 2039 1381 2085 et
1404 2030 1544 2085 trina
1573 2018 1879 2102 tentatione,
1908 2041 2015 2088 etc.

508 2116 596 2190 {l.]
628 2116 773 2175 Tunc
796 2110 961 2175 Iesus
1005 2118 1192 2175 ductus
1221 2119 1276 2191 in
1314 2117 1575 2191 desertum
1616 2135 1649 2173 a
1692 2118 1917 2190 Spiritu,
1964 2127 2020 2173 ut

435 2197 739 2264 tentaretur.
761 2226 794 2263 a
841 2207 1072 2287 diabolo.
1108 2207 1352 2264 Dubitari
1388 2208 1757 2281 ajquibusdam
1785 2215 1961 2278 potest
1987 2222 2018 2262 a

436 2316 541 2370 quo
567 2299 756 2369 spiritu
780 2296 941 2379 Iesus
958 2300 1149 2382 ductus
1172 2301 1245 2356 sit
1268 2300 1323 2355 in
1350 2299 1644 2365 desertum,
1678 2308 1896 2370 propter
1918 2299 2021 2355 hoc

434 2389 895 2467 nuod'subditur:
939 2389 1231 2467 Assumpsit
1269 2387 1669 2465 eum'diabolus
1699 2390 1755 2444 in
1784 2388 2020 2443 sanctam

434 2464 714 2547 ciuitatem,
739 2489 795 2543 et
838 2464 1073 2546 rursum,
1102 2478 1382 2555 assumpsit
1426 2494 1544 2535 eum
1583 2479 1639 2534 in
1679 2486 1903 2533 montem
1931 2492 2023 2531 ex-

435 2570 627 2653 celsum
646 2568 991 2653 illatthqv).
1016 2563 1277 2653 Sed-vere
1292 2579 1347 2624 et
1372 2569 1576 2641 absque
1595 2569 1700 2625 ulla
1728 2569 2022 2647 quastione

439 2646 821 2731 convenienter
843 2646 1213 2731 .accipitur‘.‘ut
1235 2675 1265 2714 a
1294 2668 1481 2715 sancto
1523 2658 1727 2728 Spiritu
1758 2658 1812 2717 in
1838 2646 2023 2739 deser-

438 2765 551 2807 tum
568 2739 1072 2829 ductuscredatur,
1099 2758 1159 2805 ut
1189 2750 1316 2807 illuc
1341 2765 1464 2806 eum
1496 2766 1627 2806 suus
1666 2748 1901 2819 Spiritus
1927 2750 2024 2805 du-

435 2830 609 2922 ceret,
647 2840 747 2895 ubi
772 2840 919 2917 hunc
956 2840 1023 2895 ad
1037 2839 1367 2895 tentandum
1396 2840 1617 2910 spiritus
1654 2839 1921 2917 malignus
1942 2838 2023 2895 in-

440 2920 667 3009 veniret.
708 2930 863 2998 Quod
890 2939 947 2986 et
997 2930 1139 3001 apud
1187 2928 1569 3001 evangelistam
1618 2928 1820 2984 Lucam
1846 2930 2025 2985 mani-

438 3012 574 3087 feste
601 3020 932 3100 designatur,
989 3034 1112 3078 cum
1141 3019 1377 3077 dicitur:
1423 3020 1583 3077 Jesus
1616 3028 1791 3075 autem
1835 3020 2021 3091 plenus

2120 1850 2257 1905 Ecce
2276 1868 2367 1922 ego
2390 1851 2647 1912 vobiscum
2669 1867 2785 1906 sum
2814 1850 3051 1905 omtzibus
3073 1850 3279 1915 diebus,
3300 1868 3464 1921 usque
3485 1850 3557 1903 ad
3578 1866 3700 1905 cou-

2118 1940 2514 1996 sumniationem
2536 1930 2714 2003 seculi
2736 1940 2949 2007 (Matth.
2980 1938 3192 2012 xxvm).
3215 1938 3484 2010 ieiunium
3508 1939 3704 2009 quippe

2118 2039 2201 2084 est
2260 2030 2312 2083 in
2381 2018 2721 2087 trilntlti‘inne
2780 2028 3112 2082 certaminis.
3169 2022 3430 2095 Quoniam
3491 2027 3582 2097 qui
3645 2028 3737 2082 ia-

2118 2116 2288 2192 agbne
2316 2128 2419 2185 est,
2444 2118 2496 2175 in
2523 2106 2773 2174 omnibus
2804 2118 3084 2184 abstinens
3107 2124 3209 2174 est.
3241 2118 3411 2173 Cibus
3440 2127 3621 2172 autem
3648 2108 3730 2172 ἧκ’

2118 2226 2213 2282 spe
2240 2209 2406 2281 pacis,
2454 2225 2572 2281 qua:
2615 2208 2852 2281 perfecta
2907 2223 3013 2263 non
3041 2208 3167 2269 erit.
3217 2207 3320 2265 nisi
3358 2222 3483 2262 cum
3510 2221 3704 2277 corpus

2118 2309 2358 2369 nostrum
2392 2298 2544 2368 cuius
2568 2306 2945 2371 exspectamus
2983 2297 3429 2369 redemptionem,
3473 2294 3707 2352 induerit

2118 2390 2598 2457 immortalitatem,
2647 2390 2790 2461 quod
2830 2389 3066 2445 nondum
3112 2388 3461 2459 adipiscendo
3503 2384 3701 2456 gloria-

2118 2496 2261 2546 mur,
2290 2479 2384 2535 sed
2410 2481 2679 2553 sperando
2713 2478 2828 2549 jam
2879 2479 3187 2551 pascimur.
3218 2477 3522 2547 Utrumque
3562 2474 3706 2546 Apo—

2118 2574 2292 2630 stolus
2341 2572 2501 2629 simul
2546 2586 2645 2627 nos
2673 2582 2834 2640 agere
2877 2567 3136 2635 ostendit,
3184 2567 3404 2623 dicens:
3438 2565 3542 2637 Spe
3567 2582 3716 2638 gas:

2120 2665 2317 2727 dentes,
2352 2663 2407 2719 in
2438 2661 2772 2733 tribulatione
2795 2658 3046 2730 patientes
3075 2658 3246 2731 (Rom.
3277 2658 3396 2730 xu).
3424 2657 3701 2728 Tanquam

2120 2751 2251 2807 illud
2274 2759 2416 2806 esset
2443 2750 2496 2806 in
2522 2750 2664 2816 cibo,
2696 2749 2799 2804 hoc
2843 2750 2896 2803 in
2936 2747 3163 2819 jejunio.
3204 2747 3374 2803 Simul
3398 2749 3543 2803 enim
3579 2763 3701 2806 cum

2121 2843 2263 2897 viam
2308 2842 2516 2898 Domini
2543 2842 2834 2914 carpimus,
2866 2849 2919 2896 et
2962 2856 2994 2895 a
3024 2840 3259 2917 vanitate
3294 2841 3576 2911 praesentis
3599 2855 3700 2897 sa:-

2121 2932 2226 2988 culi
2250 2930 2579 3002 jejunamus,
2610 2942 2666 2987 et
2692 2931 2857 2986 futuri
2903 2931 3259 3000 promiSsione
3291 2930 3583 2997 reﬁcimur,
3613 2932 3699 2987 hic

2123 3038 2229 3078 non
2259 3022 2585 3093 apponentes
2613 3038 2725 3088 cor,
2758 3022 2866 3077 illic
2890 3031 3151 3091 ponentes
3175 3037 3390 3077 sursum
3411 3006 3524 3077 cor.
3550 3022 3700 3092 Quod

439 3114 641 3190 Spiritu
672 3121 863 3179 sancto
885 3127 1163 3183 regressus
1192 3118 1268 3169 est
1318 3129 1352 3166 α
1389 3109 1645 3178 Iordane,
1677 3122 1725 3167 et
1766 3104 2018 3182 agebatur
2041 3102 2087 3166 C
2118 3120 2296 3175 autem
2325 3112 2584 3167 Dominus
2617 3112 3001 3166 consummatis
3035 3109 3224 3182 jejunii
3253 3111 3445 3168 diebus
3486 3113 3700 3177 esuriit,

436 3204 498 3273 iit
521 3196 723 3273 Spiritu
752 3202 806 3255 in
825 3201 1105 3256 desertum.
1133 3199 1250 3257 Non
1270 3215 1410 3273 ergo
1428 3200 1624 3258 virtute
1645 3203 1867 3272 spiritus
1890 3203 2014 3257 mali

436 3288 592 3357 Iesus
617 3288 875 3359 agebatur
903 3289 955 3343 in
982 3289 1278 3365 desertum,
1313 3291 1408 3346 sed
1437 3290 1708 3346 voluntate
1738 3291 1821 3346 sui
1848 3290 2018 3361 Spiri-

437 3384 523 3430 tus
544 3376 669 3429 boni
698 3374 875 3430 locum
904 3374 1219 3431 certaminis
1238 3378 1363 3446 ‘quo
1397 3377 1766 3435 adversarium
1812 3386 2019 3434 sternat

436 3465 505 3520 de
531 3464 754 3521 victoria
773 3474 960 3536 certus
994 3465 1312 3537 ingreditur.
1359 3466 1464 3523 Ubi
1492 3467 1649 3525 nobis
1688 3468 1895 3537 pariter
1924 3482 2015 3523 or-

364 3580 391 3609 -,
439 3545 616 3611 tliuem
646 3563 793 3617 recte
822 3556 1176 3611 conversandi
1219 3565 1619 3626 praemonstrat,
1662 3566 1723 3613 ut
1765 3567 1887 3628 post
1929 3573 2019 3614 ac-

439 3632 649 3721 ceptam
679 3642 928 3703 videlicet
969 3646 1021 3700 in
1066 3641 1329 3715 baptismo
1366 3645 1734 3701 remissionem
1773 3654 2018 3716 peccato-

351 3793 356 3799 ,
442 3730 887 3807 rumusanctique
918 3734 1149 3805 Spiritus
1170 3734 1418 3805 gratiam,
1442 3735 1620 3805 aptius
1638 3740 1829 3792 contra
1853 3752 2020 3793 novas

442 3824 648 3895 antiqui
689 3826 859 3881 hostis
887 3825 1112 3881 insidias
1138 3825 1504 3895 accingamur,
1536 3835 1821 3897 menteque
1853 3843 2019 3883 saecu-

442 3914 552 3968 lum
581 3916 910 3979 deserentes,
959 3914 1111 3985 quasi
1134 3928 1341 3971 .manna
1389 3912 1609 3982 deserti,
1665 3916 1776 3972 sola
1806 3925 2019 3973 aeternae

444 4003 568 4058 vita:
593 3993 790 4077 gaudia
820 4004 1091 4061 discamus
1122 4004 1349 4061 esurire.

516 4092 584 4150 Et
613 4112 730 4151 cum
763 4096 1057 4167 jcjmtasset
1090 4097 1441 4168 quadraginta
1479 4097 1661 4153 diebus
1691 4109 1738 4153 et
1782 4100 2015 4169 quadra-

443 4188 587 4266 ginta
612 4179 843 4241 noctibus
871 4197 1049 4257 postea
1089 4187 1291 4241 esuriit.
1325 4176 1537 4259 (Beda.)
1586 4188 2017 4260 Quadragesima:

444 4265 696 4349 jejunium
724 4278 1281 4336 babet‘auctlritatem
1307 4290 1363 4335 et
1385 4281 1440 4335 iu
1470 4282 1742 4336 veteribus
1770 4281 1921 4337 libris
1948 4297 2013 4337 ex

444 4366 643 4437 jejunio
668 4366 850 4433 Mosis,
879 4377 935 4423 et
957 4368 1104 4433 Elim,
1135 4377 1189 4424 et
1217 4383 1283 4423 es
1309 4369 1768 4449 Evangelio,.quia
1793 4372 2012 4425 totidem

2119 3217 2243 3265 cum
2272 3201 2339 3256 de
2364 3199 2508 3256 ilose
2532 3200 2614 3255 vel
2636 3200 2749 3255 Elia
2771 3201 3145 3271 jejunantibus
3171 3201 3435 3257 nihil-tale
3464 3203 3537 3257 sit
3561 3203 3701 3258 scri-

2117 3276 2289 3362 ptum,
2337 3290 2459 3346 ideo
2501 3289 2721 3345 factum”
2749 3297 2853 3354 est,
2889 3305 2957 3344 ne
2984 3289 3053 3344 ab
3100 3304 3165 3345 eo
3213 3290 3473 3364 tentando
3500 3305 3702 3363 pavens

2118 3358 2291 3436 bostis
2319 3377 2615 3451 aufugeret,
2663 3393 2820 3447 quem
2875 3394 2997 3433 cum
3046 3386 3125 3433 tot
3170 3380 3337 3449 signis
3389 3358 3701 3435 amicalibus

2118 3478 2502 3540 praeconatmn,
2565 3477 2676 3523 tum
2730 3469 2892 3523 etiam
2945 3470 3075 3524 visis
3127 3469 3593 3524 excellentissimis
3643 3471 3697 3526 in

2122 3562 2447 3617 abstinendo
2489 3560 2699 3615 videret
2722 3550 3030 3642 ’mquatum.
3061 3560 3261 3615 Esuriit
3286 3563 3433 3616 enim
3482 3562 3699 3637 humilis

2118 3653 2262 3708 Deus
2290 3653 2469 3718 homo,
2501 3666 2588 3725 ne,
2612 3650 2832 3723 inimico
2884 3650 3198 3713 innotescat,
3247 3650 3496 3706 sublimis
3536 3652 3699 3707 homo

2120 3744 2278 3799 Deus.
2300 3740 2585 3815 (iisunum)
2610 3739 2831 3811 Mystice
2861 3748 3040 3793 autem
3067 3740 3271 3794 esuries
3290 3739 3379 3794 illa
3400 3756 3506 3810 qua
3520 3739 3699 3797 Domi-

2119 3849 2220 3889 nus
2249 3832 2519 3888 esuriebat
2543 3829 2812 3901 signiﬁcat
2837 3828 3161 3905 desiderium
3194 3830 3338 3898 quod
3365 3831 3556 3887 habuit
3572 3847 3697 3905 erga

2118 3922 2345 3978 salutem
2374 3930 2633 3977 nostram.
2655 3918 2789 3987 Quia
2808 3919 2930 3973 ideo
2952 3918 3065 3987 ipse
3086 3916 3347 3989 jejunavit
3366 3920 3643 3977 abstinens
3666 3937 3698 3976 a
3748 3972 3751 3975 .

2118 4021 2333 4068 terreno
2355 4012 2495 4078 cibo,
2522 4018 2582 4065 ut
2608 4025 2709 4066 nos
2747 4008 2871 4065 cibo
2911 4007 3116 4063 ctelesti
3164 4007 3530 4075 reﬁceremur,
3580 4010 3699 4068 ideo

2118 4110 2355 4159 tentatus
2396 4109 2502 4167 est,
2534 4109 2593 4154 ut
2639 4115 2735 4156 sua
2790 4099 3015 4155 victoria
3067 4112 3167 4152 nos
3212 4098 3432 4154 vincere
3478 4099 3698 4168 faceret,
3788 4106 3791 4109 ’

2103 4195 2345 4262 ideoque
2378 4200 2624 4247 mortuus
2673 4199 2776 4255 est,
2814 4199 2865 4245 et
2902 4188 3221 4253 resurrexit,
3251 4196 3311 4242 ut
3357 4204 3458 4243 nos
3505 4191 3701 4246 mortui

2117 4287 2323 4344 delictis
2348 4286 2399 4340 in
2428 4285 2638 4355 iustitia
2666 4284 2908 4337 vivamus
2931 4296 3029 4352 per
3063 4281 3258 4351 ipsum.
3306 4279 3534 4347 Quando
3579 4295 3705 4353 ergo

2117 4394 2215 4433 nos
2243 4365 2336 4447 per
2364 4378 2481 4447 ejus
2507 4375 2734 4447 gratiam
2782 4374 2848 4429 ad
2899 4371 3202 4447 faciendam
3232 4369 3567 4426 voluntatem
3590 4370 3705 4441 eius

446 4457 630 4512 diebus
656 4457 911 4512 Dominus
933 4457 1220 4528 jejunavit.
1267 4445 1653 4517 Demonstrans
1678 4460 2021 4531 Evangelium
2048 4452 2100 4511 D
2124 4445 2525 4531 conicum—iur,
2544 4462 2887 4519 refectionem
2919 4461 2993 4517 illi
3038 4445 3361 4532 pracbemus.
3412 4458 3568 4514 Sicut
3594 4458 3707 4530 ipse

449 4564 550 4603 non
582 4550 865 4606 dissentire
890 4566 919 4604 a
943 4551 1081 4623 lege,
1108 4560 1163 4606 et
1178 4555 1475 4624 prophetis.
1496 4555 1552 4610 in
1574 4570 1805 4625 persona
1828 4556 2022 4625 quippe

449 4641 609 4696 Mosis
640 4642 744 4705 lex,
778 4643 831 4697 in
874 4658 1106 4711 persona
1152 4644 1282 4700 Eliae
1326 4649 1601 4718 prophetae
1635 4649 1974 4718 accipiuntur
2006 4667 2018 4701 :

450 4732 589 4787 inter
612 4747 746 4802 quos
785 4732 836 4785 in
881 4732 1062 4787 monte
1104 4720 1372 4803 gloriosus
1418 4738 1683 4806 apparuit,
1708 4744 1771 4791 ut
1808 4724 2023 4792 eviden-

452 4821 558 4878 tius
604 4823 863 4902 emineret
895 4825 1039 4896 quod
1087 4823 1151 4878 de
1194 4823 1286 4879 illo
1315 4824 1446 4879 dicit
1493 4824 1810 4903 Apostolus:
1863 4825 2027 4903 Testi-

451 4900 678 4972 monium
708 4915 898 4974 habens
921 4934 952 4972 a
989 4915 1099 4986 lege
1136 4926 1183 4970 et
1207 4917 1467 4987 prophetis
1491 4900 1661 4988 (Rom.
1694 4918 1798 4992 tu).
1828 4900 1884 4973 in
1919 4935 2023 4988 qua

454 5011 629 5060 autem
657 5011 807 5073 parte
854 5005 979 5066 anni
1024 5008 1403 5079 congruentius
1440 5010 1747 5065 observatio
1781 5008 2015 5077 Quadra-

454 5097 1140 5166 gesimm‘constituerctur,
1172 5099 1273 5158 nisi
1321 5099 1514 5156 contini
1570 5110 1733 5170 atque
1776 5102 2025 5175 contigua

454 5188 743 5247 Dominica!
767 5185 1073 5260 passionis?
1095 5188 1227 5254 Quia
1255 5191 1307 5249 in
1337 5207 1399 5248 ea
1423 5192 1759 5263 signiﬁcatur
1779 5194 1895 5250 limc
1920 5196 2027 5249 vita

453 5277 745 5341 laboriosa,»
787 5275 877 5337 cui
926 5290 1063 5348 opus
1113 5287 1197 5332 est
1236 5281 1589 5347 .continentia,
1636 5294 1689 5336 ut
1743 5286 1811 5339 ab
1862 5284 2029 5353 ipsius

455 5366 635 5425 mundi
660 5365 893 5419 amicitia
915 5362 1210 5435 jejutietur.
1240 5366 1446 5430 Aliter;
1464 5368 1728 5439 jejnnavit
1749 5371 2020 5431 Dominus,

456 5473 576 5511 cum
616 5443 910 5511 tentaretur
937 5464 1063 5510 ante
1109 5464 1339 5511 mortem
1381 5458 1501 5513 cibo
1546 5460 1723 5517 adhuc
1763 5460 2005 5529 indigens

459 5547 793 5602 Manducavit
812 5554 990 5631 autem
1023 5557 1079 5604 et
1100 5547 1236 5603 bibit
1260 5563 1384 5603 cum
1412 5549 1763 5619 gloriﬁcatur,
1800 5558 2025 5620 postre-

460 5641 841 5699 stzrrectionem
862 5637 974 5717 jam
1002 5642 1125 5698 cibo
1153 5658 1256 5702 non
1276 5642 1538 5718 indigens.
1566 5641 1663 5698 llic
1686 5644 1829 5699 enim
1852 5652 2031 5704 estcu-

2129 4573 2157 4612 a
2186 4556 2409 4612 muliere
2435 4554 2777 4609 Samaritana
2803 4561 2989 4626 potum
3034 4548 3308 4622 poscebat.
3338 4548 3407 4607 Et
3430 4547 3706 4617 discipulis

2130 4647 2241 4702 suis
2268 4645 2445 4701 cibum
2494 4653 2765 4700 terrenum
2818 4644 2919 4699 sibi
2970 4641 3323 4698 offerentibus
3375 4640 3497 4694 ait:
3558 4637 3705 4692 less

2130 4735 2275 4791 cibus
2299 4745 2373 4791 est
2416 4745 2471 4790 ut
2514 4735 2707 4805 faciam
2746 4734 3057 4789 voluntatem
3101 4734 3215 4803 ejus
3239 4732 3328 4802 qui
3354 4731 3495 4785 misit
3520 4746 3621 4794 me,
3648 4739 3705 4783 at

2132 4825 2399 4897 perﬁciam
2424 4842 2550 4895 opus
2572 4825 2685 4895 ejus
2726 4823 2908 4895 (Joan.
2942 4826 3037 4895 Iv).
3076 4811 3293 4877 Et'alibi
3318 4840 3332 4876 :
3365 4819 3479 4875 Hoc
3508 4829 3604 4884 est,
3628 4820 3706 4875 in-

2133 4919 2269 4988 quit,
2298 4934 2426 4989 opus
2455 4917 2551 4971 Dei
2579 4926 2635 4971 stt
2664 4916 2908 4970 credatur
2933 4916 2988 4968 in
3014 4931 3133 4989 eam
3156 4931 3307 4984 quem
3332 4914 3471 4989 misit
3494 4911 3601 4966 ille.

2202 5010 2269 5064 Et
2284 5009 2530 5063 accedens
2556 5017 2781 5063 tentator
2801 5008 2931 5062 dixit
2953 5008 3032 5060 ei:
3052 4998 3113 5061 Si
3131 5004 3302 5059 Filius
3324 5005 3419 5059 Dei
3440 5021 3518 5069 es,
3544 5003 3629 5058 dic
3649 5012 3705 5055 ut

2131 5099 2329 5169 lapides
2352 5097 2438 5152 isti
2457 5113 2613 5164 panes
2633 5097 2783 5164 ﬁant.
2829 5094 2937 5150 Nisi
2963 5110 3092 5165 ergo
3116 5094 3374 5149 Dominus
3409 5092 3705 5163 jejunasset

2134 5188 2369 5243 tentandi
2392 5188 2606 5244 occasio
2626 5185 2837 5242 diabolo
2859 5201 2967 5239 non
2991 5184 3180 5239 fuisset
3227 5182 3469 5238 Accessit
3490 5180 3706 5250 quidem

2132 5280 2369 5334 tentandi
2399 5278 2772 5348 permissione,
2809 5276 2901 5345 qui
2931 5276 3088 5346 longe
3128 5282 3248 5330 erat
3295 5280 3418 5327 voto
3468 5269 3703 5325 malitiae.

2132 5371 2372 5426 Accessit
2398 5372 2681 5443 instigatus
2729 5370 2868 5425 fastu
2918 5368 3202 5438 superbiae,
3250 5364 3340 5434 qui
3369 5376 3476 5417 non
3519 5360 3705 5441 obser'

2133 5461 2293 5515 vabat
2319 5470 2557 5517 tenorem
2579 5462 2820 5532 justitiaz.
2860 5459 3045 5515 Erexit
3085 5474 3141 5513 se
3171 5469 3360 5532 servus
3387 5464 3574 5509 contra
3601 5450 3707 5529 Do:
3798 5450 3801 5451 ⁷

2136 5552 2360 5615 minum,
2402 5530 2643 5621 captivus
2692 5557 2891 5607 contra
2934 5550 3180 5612 liberum,
3229 5530 3477 5600 in’ﬁrmus
3524 5546 3704 5592 wntm

2138 5642 2351 5703 fortem,
2379 5650 2430 5694 et
2457 5642 2580 5694 dum
2609 5641 2945 5696 innocentem
2990 5636 3237 5692 studebat
3273 5634 3455 5700 ligare.
3508 5640 3629 5679 reos
3654 5639 3708 5679 se
