3948 6352
229 336 324 404 791i

1187 350 1537 407 COMMENT.
1583 352 1645 405 IN
1687 353 2115 410 MATTll/EUM.
2160 387 2217 394 ———
2270 355 2391 409 Lm.
2430 355 2468 409 l.

3382 354 3480 408 ’ἴξξῇ

226 462 443 517 dulebat
489 461 757 515 amittere.
807 458 920 514 Non
959 475 1085 531 ergo
1130 462 1404 531 indignum
1454 461 1804 531 Redemptore
1833 469 1876 526 Α
1909 467 2005 521 tibi
2031 468 2172 537 quod
2201 484 2303 522 non
2345 467 2398 520 in
2426 467 2539 522 solo
2565 481 2701 536 pane
2739 468 2866 520 vivit
2900 468 3079 532 homo,
3114 467 3208 522 sed
3245 467 3298 521 in
3329 471 3476 524 omni

228 564 437 615 nostro,
470 548 610 618 quod
643 551 835 604 tentari
883 551 1064 610 voluit.
1102 551 1192 621 qni
1244 561 1465 606 venerat
1489 553 1681 610 occidi.
1713 552 1808 608 Ju~
1906 557 2070 611 verbo
2095 557 2234 625 quod
2264 555 2540 624 egreditur
2584 569 2646 608 ex
2680 569 2774 608 ore
2804 555 2920 608 Dei.
2962 555 3102 625 Ergo
3127 556 3172 610 si
3212 555 3336 625 quis
3373 570 3480 611 non

227 653 370 696 stum
396 641 592 709 quippe
613 647 728 695 erat
754 650 813 695 ut
834 641 912 697 sic
941 643 1262 697 tentationes
1300 625 1514 697 nostras
1539 643 1651 698 suis
1693 653 1806 698 ten-

227 730 523 785 tationibus
550 730 806 794 vinceret,
845 732 985 785 sicut
1027 739 1252 784 mortem
1304 740 1540 786 nostram
1584 743 1804 788 venerat

224 835 322 876 sua
356 829 526 876 morte
555 837 825 892 superare.
855 822 915 878 Si
947 821 1138 886 Filius,
1174 821 1364 890 inquit,
1397 822 1494 876 Dei
1522 840 1596 887 es,
1637 824 1720 877 die
1749 834 1803 878 ut

223 913 423 982 lapides
445 913 533 966 isti
559 931 715 983 panes
737 916 889 983 ﬁant.
921 914 1190 984 Antiquus
1207 915 1350 968 enim
1379 915 1548 969 hostis
1578 915 1774 971 Redem

222 1014 432 1075 ptorcm
456 1007 673 1060 humani
703 1008 916 1077 generis
957 1007 1336 1071 debellatorem
1369 1021 1524 1060 suum
1556 1007 1609 1060 in
1650 1022 1801 1061 mun-

221 1096 350 1148 dum
383 1096 591 1151 venisse
620 1097 884 1166 cognovit.
931 1097 1065 1164 Quia
1115 1113 1208 1153 seu
1233 1111 1330 1166 per
1360 1098 1646 1167 prophetas
1673 1113 1800 1166 pro-

219 1189 446 1241 missum
477 1204 568 1244 seu
597 1198 690 1258 per
712 1190 928 1257 a'ngelds
954 1190 1352 1255 annuntiatum,
1387 1189 1503 1244 sive
1529 1190 1688 1243 etiam
1705 1205 1801 1260 per

217 1276 482 1333 Joannem
542 1281 708 1350 digito
766 1281 1188 1334 demonstratum
1253 1295 1544 1352 agnoscere
1605 1282 1796 1352 potuit.

219 1367 374 1421 Unde
401 1377 454 1422 et
477 1385 571 1438 per
593 1370 870 1423 obsessum
902 1368 1172 1423 hominem
1205 1368 1340 1424 dixit
1364 1386 1377 1422 :
1411 1367 1564 1434 Quid-
1580 1369 1724 1424 nobis
1750 1378 1798 1424 et

216 1461 333 1524 tib',
363 1459 472 1514 Fili
494 1461 590 1514 Dei
605 1462 630 1514 .9
653 1461 832 1514 venisti
860 1469 977 1515 ante
997 1470 1197 1532 tentpus
1216 1471 1451 1534 torquere
1473 1480 1565 1519 nos
1584 1463 1794 1537 (Matth.

216 1554 358 1619 vin).
399 1550 530 1604 Cum
581 1559 760 1605 tamen
809 1551 951 1605 hunc
1005 1551 1311 1621 passibilem
1356 1563 1627 1621 cerneret,
1674 1571 1795 1611 cum

216 1656 377 1709 posse
404 1641 642 1695 mortalis
669 1645 873 1712 perpeti
895 1642 1204 1699 humanitus
1224 1644 1451 1720 videret,
1475 1661 1636 1702 omne
1655 1647 1798 1716 quod

214 1734 283 1785 de
314 1732 430 1809 ejus
450 1731 728 1786 divinitate
757 1732 1062 1802 suspicatus
1088 1740 1171 1788 est
1196 1734 1244 1788 ei
1289 1732 1428 1789 fastu
1458 1751 1568 1790 sua:
1611 1746 1799 1805 super-

216 1822 320 1876 biae
349 1823 402 1876 in
430 1823 646 1878 dubium
678 1825 842 1878 venit.
875 1823 1018 1878 Nihil
1046 1825 1243 1896 quippe
1271 1840 1329 1880 se
1371 1827 1473 1880 nisi
1512 1827 1799 1895 superbum

213 1913 414 1974 sciens,
445 1927 565 1966 cum
596 1914 737 1967 hunc
761 1927 879 1968 esse
902 1913 1160 1967 humilem
1185 1915 1470 1985 conspicit,
1511 1915 1800 1972 Dominum

212 2016 336 2056 esse
366 2001 648 2064 dubitavit,
685 2003 823 2056 unde
849 2010 902 2057 et
923 2003 990 2057 ad
1021 2005 1459 2070 tentationumﬁse
1479 2012 1799 2077 argumenta

213 2092 503 2147 convertit.
547 2091 652 2148 Sed
677 2109 781 2147 non
812 2083 1096 2159 sicut‘nos,’
1131 2095 1222 2165 qui
1263 2092 1385 2166 puri
1406 2095 1408 2098 ’
1433 2096 1680 2156 homines
1705 2114 1799 2152 su-

211 2200 358 2248 mus,
390 2184 628 2240 irruente
675 2201 816 2255 saepe
849 2187 1143 2241 tentatione
1188 2189 1550 2254 concutimur,
1580 2189 1656 2244 ita
1692 2188 1798 2245 Be-

213 2273 513 2343 demptoris
545 2273 710 2329 nostri
762 2275 939 2329 anima
983 2277 1294 2342 tentationis
1347 2286 1430 2334 est
1478 2263 1800 2336 necessitate

212 2363 449 2418 turbata.
481 2358 677 2420 Tribus
702 2379 933 2434 namque
979 2367 1152 2422 modis
1180 2368 1404 2423 tentatio
1431 2367 1631 2440 agitur,
1671 2383 1798 2439 sng-

211 2455 479 2524 gestione,
527 2453 904 2520 delectatione,
950 2471 1236 2522 consensu,
1295 2465 1350 2513 et
1400 2472 1498 2512 nos
1525 2474 1646 2513 cum
1677 2468 1796 2513 ten-
1835 2501 1842 2508 .

199 2554 398 2598 tamur
443 2544 754 2614 plerumque
812 2545 864 2599 in
907 2543 1336 2614 delectationem,
1384 2553 1479 2604 aut
1523 2550 1684 2608 etiam
1740 2551 1792 2604 in

212 2624 536 2691 censensum
564 2635 979 2705 iabimur.'Quia
1005 2646 1182 2695 carnis
1224 2649 1446 2708 peccato
1487 2641 1791 2711 propagati,

213 2727 269 2781 in
295 2726 692 2795 nobismetipsis
743 2727 904 2781 etiam
937 2729 1173 2798 gerimus
1211 2730 1352 2784 unde
1392 2730 1792 2786 certamina-to—

211 2817 468 2872 leramus.
499 2816 642 2872 Deus
664 2831 791 2872 vero
817 2818 907 2887 qui
933 2819 1000 2874 ad
1031 2819 1421 2890 susceptionem
1467 2821 1650 2876 carnis
1677 2823 1793 2878 sine

211 2916 438 2979 peccato
491 2894 734 2973 venerat,
784 2908 860 2963 nil
908 2910 1351 2965 contradictionis
1398 2911 1453 2966 in
1501 2913 1793 2983 semetipso

213 2999 498 3056 tolerabat.
555 2999 774 3054 Tentari
831 3013 960 3071 ergo
999 3015 1094 3071 per
1146 2989 1542 3074 suggestionem
1594 3004 1790 3074 potuit,

1903 647 2138 701 vescitur
2172 647 2265 701 Dei
2295 647 2479 708 verbo,
2514 647 2613 699 iste
2638 659 2744 699 non
2771 645 2920 698 vivit.
2953 648 3089 712 Quia
3116 648 3255 704 sicut
3281 661 3481 719 corpus

1906 736 2196 791 humanum
2224 753 2328 792 non
2357 736 2487 790 vivit
2516 737 2632 791 sine
2680 744 2895 790 terreno
2939 735 3081 800 cibo,
3114 737 3184 790 ita
3215 745 3271 792 et
3301 739 3477 794 anima

1903 825 2083 879 vivere
2112 840 2218 878 non
2247 833 2421 895 potest
2452 825 2568 879 sine
2598 823 2690 878 Dei
2723 824 2904 878 verbo.
2958 822 3257 879 Procedere
3299 834 3480 884 autem

1901 918 2121 970 verbum
2165 917 2231 970 de
2273 931 2367 970 ore
2397 918 2488 970 Dei
2525 917 2741 981 dicitur,
2769 930 2892 970 cum
2920 915 3202 974 consilium
3232 931 3384 970 suum
3415 932 3480 974 ac

1900 1006 2229 1060 voluntatem
2276 1007 2522 1061 conditor
2569 1020 2814 1060 summus
2857 1021 2953 1074 per
2998 1016 3306 1060 sanctarum
3335 1007 3482 1064 Scri-

1899 1105 2178 1166 pturarum
2207 1095 2510 1150 testimonia
2560 1095 2804 1150 revelare
2849 1101 3046 1149 nostrae
3082 1094 3358 1166 fragilitati
3387 1113 3482 1154 vo-

1898 1185 2077 1240 luerit.
2127 1183 2242 1240 Non
2270 1184 2410 1254 quod
2442 1185 2792 1255 incorporeus
2839 1185 2980 1238 Deus
3008 1184 3329 1240 lineamenta
3357 1201 3478 1241 cor-

1897 1276 2046 1347 poris
2090 1277 2143 1331 in
2193 1287 2385 1332 natura
2433 1293 2528 1332 sua
2572 1277 2789 1341 habeat,
2819 1277 2912 1332 sed
2944 1277 3225 1332 invisibilia
3251 1278 3363 1347 ejus
3391 1261 3483 1350 per

1897 1379 1959 1416 ea
1982 1381 2099 1435 qua:
2120 1364 2260 1434 facta
2287 1374 2406 1419 sunt
2444 1363 2702 1418 intellecta
2732 1365 3139 1434 conspiciuntur,
3169 1367 3480 1436 sempiterna

1896 1466 2096 1528 quoque
2137 1458 2298 1510 virtus
2345 1458 2459 1526 ejus
2499 1473 2561 1510 ac
2589 1450 2848 1510 divuzitas'
2872 1455 3048 1525 (Rom.
3075 1456 3137 1530 I).
3177 1455 3480 1514 Notandum

1897 1553 2077 1600 autem
2105 1547 2248 1615 quod
2277 1545 2605 1616 Redemptor
2627 1555 2811 1601 noster
2837 1554 3071 1602 tentatus
3098 1547 3333 1618 ideoper
3356 1563 3479 1604 scn-

1900 1634 2096 1691 tentias
2129 1634 2531 1706 Scripturarum
2578 1635 2792 1693 diabolo
2838 1637 3138 1706 respondit,
3181 1639 3305 1708 quia
3353 1654 3480 1711 pro—
3548 1647 3550 1649 ’

1899 1724 2132 1794 positum
2154 1725 2213 1781 ei
2235 1736 2356 1781 erat
2377 1727 2682 1782 humilitate
2707 1727 2977 1783 diabolum
3001 1730 3216 1784 vincere
3237 1746 3343 1785 non
3378 1746 3476 1800 po-

1829 1805 1876 1865 B
1903 1815 2094 1869 tentia.
2133 1815 2404 1885 Nobisque
2440 1816 2743 1886 exemplum
2777 1817 2945 1882 dedit,
2972 1825 3029 1870 ut
3063 1818 3322 1886 quotiesa
3357 1833 3481 1890 pra—

1905 1905 1984 1960 vis
2017 1905 2324 1962 hominibus
2352 1905 2553 1976 aliquid
2580 1907 2838 1976 patimur,
2870 1907 2937 1961 ad
2967 1906 3276 1963 doctrinam
3302 1909 3480 1978 petius

1902 1997 2219 2059 excitemur,
2267 2011 2428 2065 quam
2465 1997 2538 2051 ad
2584 1997 2898 2053 vindictam.
2930 1997 3112 2054 llostis
3133 2000 3274 2055 cnim
3296 2009 3481 2055 uoster

1901 2089 2077 2144 adhuc
2105 2089 2156 2143 in
2196 2089 2299 2144 hac
2327 2089 2437 2144 vita
2465 2104 2564 2145 nos
2588 2090 2815 2160 positos,
2839 2099 3041 2160 quanto
3067 2077 3237 2162 magis
3255 2105 3354 2146 nos
3375 2090 3479 2161 sibi

1899 2179 2161 2254 rebellare
2205 2178 2490 2252 conspicit,
2543 2189 2692 2236 tanto
2743 2181 2971 2253 amplius
3015 2197 3325 2254 expugnare
3349 2197 3480 2239 con-

1903 2271 2090 2327 tendit.
2147 2272 2254 2328 Eos
2289 2285 2524 2344 namque
2553 2272 2785 2346 pulsare
2819 2272 3062 2345 negligit,
3111 2287 3247 2344 quos
3296 2274 3479 2342 quieto

1889 2364 2015 2435 jure
2054 2366 2336 2437 possidere
2375 2381 2434 2421 se
2467 2367 2650 2422 sentit.
2699 2365 2900 2421 Contra
2933 2379 3030 2421 nos
3059 2377 3185 2421 vero
3227 2377 3293 2420 eo
3317 2365 3490 2422 vebe-'

1897 2455 2132 2512 mentius
2157 2455 2414 2512 incitatur
2436 2471 2543 2526 quo
2566 2471 2634 2511 ex
2677 2456 2840 2511 corde
2863 2465 3048 2512 nostro
3075 2455 3231 2526 quasi
3251 2460 3319 2511 ex
3353 2453 3479 2527 jure

1894 2549 2129 2620 preprizn
2159 2547 2506 2618 habitationis
2530 2546 2832 2616 expellitur.
2866 2546 2977 2602 lloc
3023 2547 3168 2602 enim
3196 2546 3254 2610 in
3273 2554 3334 2604 “se
3356 2547 3474 2620 ipso

1895 2638 2153 2694 Dominus
2199 2637 2299 2695 sub
2340 2638 2572 2707 quadam
2598 2637 3009 2710 dispensatione
3061 2624 3342 2708 ﬁguravit;
3381 2636 3477 2708 qui

1893 2729 2164 2785 diabolum
2192 2743 2297 2783 non
2321 2722 2424 2782 nisi
2447 2716 2573 2797 post
2589 2724 2857 2796 baptisma
2883 2714 2947 2781 se
2971 2713 3180 2781 tentare
3202 2727 3474 2796 permisit,

1893 2825 1953 2873 ut
1978 2818 2190 2889 signum
2216 2817 2372 2872 nobis
2411 2814 2679 2885 quoddam
2717 2814 2911 2873 futurae
2940 2815 3367 2886 conversatiOnis
3393 2815 3477 2871 in-

1895 2915 2111 2972 nueret,
2141 2907 2282 2978 quod
2318 2907 2558 2962 membra
2596 2904 2713 2976 ejus
2745 2913 3036 2978 postquam
3061 2905 3128 2960 ad
3143 2894 3322 2962 Deum
3337 2920 3469 2979 pro-

1894 2998 2262 3055 ﬁciscerentur
2288 3039 2306 3065 ,
2363 3008 2490 3055 tunc
2543 2999 2782 3054 acriores
2841 2995 3196 3079 tentatiouum
3253 2993 3474 3069 insidias

211 3089 308 3144 sed
363 3088 480 3159 ejus
527 3097 760 3144 mentem
809 3089 1010 3158 peccati
1062 3090 1346 3146 delectatio
1397 3107 1504 3147 non
1559 3108 1793 3150 momor-
1820 3088 2214 3170 "tolerarent.-

211 3171 312 3232 dit.
368 3145 543 3247 A'tque
587 3175 704 3232 ideo
739 3145 916 3233 omnis
939 3177 1200 3233 diabolica
1242 3145 1333 3232 ina
1372 3145 1788 3248 ieiuno—teris,
1818 3145 1864 3209 ο

211 3277 322 3321 non
351 3266 492 3321 intus
539 3263 658 3320 fuit.
710 3265 800 3321 Sic
833 3267 976 3321 enim
1002 3267 1253 3338 dignatus
1301 3278 1385 3324 est
1411 3270 1528 3327 haec
1553 3271 1792 3328 exterius

213 3364 410 3411 cuncta
434 3357 725 3426 suscipere,
754 3364 814 3411 ut
848 3367 1031 3424 tamen
1055 3357 1174 3428 ejus
1222 3374 1377 3416 mens
1404 3360 1631 3416 interius
1657 3363 1790 3418 divi-

213 3445 372 3502 nitati
409 3454 520 3500 suae
575 3444 860 3512 inhaerens,
907 3446 1227 3504 inconcussa
1278 3453 1637 3520 permaneret.
1688 3451 1788 3520 Qui

211 3537 317 3592 etsi
345 3535 560 3607 quando
585 3538 830 3593 turbatus
846 3539 1051 3609 spiritu
1077 3537 1418 3597 infremuisse
1437 3541 1652 3610 dicitur,
1678 3544 1790 3615 ipse

211 3626 474 3682 divinitus
515 3625 833 3697 disponebat
877 3637 1138 3698 quantum
1177 3629 1292 3699 ipse
1332 3630 1648 3700 humanitus
1677 3643 1789 3687 tura

210 3718 454 3772 baretur.
512 3716 784 3786 Esurienti
822 3718 1018 3789 quippe
1065 3719 1294 3775 Domino
1340 3731 1447 3776 no‘n
1495 3723 1562 3777 de
1605 3723 1785 3789 humo,

213 3820 318 3864 nec
342 3810 408 3864 de
433 3808 580 3876 t‘eno,
605 3811 700 3866 sed
745 3812 811 3867 de
850 3811 1117 3882 lapidibus
1140 3827 1308 3883 panes
1345 3813 1530 3879 facere
1548 3815 1789 3872 diabolus

213 3901 408 3964 suasit,
446 3901 568 3970 quia
612 3905 790 3956 mente
835 3901 1000 3957 durus
1040 3901 1293 3958 duritiam
1327 3918 1575 3960 sermone
1611 3917 1790 3961 osten-

215 3989 316 4046 dit.
347 3989 462 4056 Dic,
486 3991 677 4062 inquit,
710 4000 764 4044 ut
785 3990 983 4061 lapides
1005 3992 1094 4046 isti
1115 4009 1277 4068 partes
1299 3993 1450 4062 ﬁant.
1494 3993 1611 4050 Non
1649 3996 1790 4066 ,dixit

211 4079 324 4149 fac,
355 4079 446 4134 sed
471 4078 576 4146 llic,
600 4080 722 4149 quia
767 4080 1026 4151 scriptum
1065 4088 1326 4137 noverat:
1361 4082 1508 4138 Dixit
1530 4075 1670 4139 Deus
1691 4086 1785 4154 ﬁat

209 4170 329 4232 ltax,
347 4180 394 4224 et
417 4172 556 4239 facta
581 4181 653 4224 est
676 4169 768 4224 lux
790 4167 939 4242 (Gen.
980 4169 1042 4242 ι).
1073 4171 1140 4226 Ει
1167 4171 1293 4226 alibi
1319 4190 1332 4225 :
1361 4172 1498 4239 Quia
1523 4175 1632 4244 ipse
1653 4175 1785 4229 dixit

212 4264 261 4314 et
313 4259 450 4328 facta
496 4267 637 4325 sunt,
666 4261 774 4330 ipse
821 4260 1086 4316 mandavit
1131 4270 1179 4316 et
1227 4272 1401 4316 creata
1439 4273 1560 4317 sunt
1610 4261 1779 4336 (Psal.

214 4349 413 4416 xxxii).
451 4348 640 4404 Dicere
667 4354 809 4403 enim
836 4349 953 4414 Dei,
984 4348 1160 4406 facere
1185 4360 1284 4405 est.
1319 4351 1423 4406 Sed
1449 4353 1500 4406 in
1530 4353 1631 4407 hoc
1650 4369 1783 4424 quo-

213 4451 324 4505 que
347 4436 439 4490 Dei
467 4436 631 4492 Filius
660 4438 1004 4493 admirandus
1048 4454 1152 4493 non
1199 4448 1302 4505 est,
1332 4441 1377 4494 si
1423 4456 1489 4496 ex
1521 4442 1782 4513 lapidibus

214 4541 384 4596 panes
407 4535 578 4598 creet,
603 4541 724 4595 cum
751 4531 852 4582 hoc
873 4530 1110 4598 quotidie
1136 4531 1296 4601 jactis
1324 4532 1377 4586 in
1408 4541 1602 4587 terram
1627 4536 1784 4590 semi-

215 4615 376 4669 nibus
397 4605 544 4681 facit,
560 4614 756 4686 Riguus
776 4627 972 4672 montes
995 4619 1058 4678 de
1076 4620 1429 4690 superioribus
1441 4623 1568 4686 suis,
1585 4634 1639 4692 ut
1659 4626 1786 4679 edu-

214 4713 301 4758 εαι
315 4705 500 4774 panem
512 4704 575 4758 de
595 4713 755 4771 terra,
771 4718 816 4761 et
833 4707 1005 4762 vinum
1029 4709 1252 4779 ltetiﬁcet
1265 4722 1355 4766 cor
1373 4713 1596 4768 hominis
1611 4715 1784 4786 (Psal.

215 4798 358 4868 cm).
380 4793 600 4866 Mystice
620 4808 797 4853 autem
825 4814 890 4854 ex
914 4801 1178 4871 lapidibus
1204 4796 1370 4875 panes
1397 4806 1540 4873 facit,
1569 4820 1689 4862 cum
1709 4807 1789 4863 di-'

216 4892 406 4942 Versas
425 4896 629 4959 gentes,
654 4903 774 4961 qua:
790 4891 1052 4961 lapidibus
1073 4896 1141 4950 ob
1162 4896 1410 4951 duritiam
1427 4899 1622 4954 mentis
1642 4914 1787 4954 com-

217 4988 504 5048 parantur,
549 4996 646 5050 per
671 4982 1016 5054 Evangelium
1064 4985 1118 5039 in
1155 5000 1349 5056 corpus
1377 5003 1529 5043 suum
1572 4991 1780 5060 redigit.

219 5069 357 5150 Quia
382 5072 674 5128 secundum
704 5073 1013 5143 Apostolbm
1039 5089 1051 5128 :
1099 5073 1244 5130 Unus
1278 5079 1448 5147 panis.
1487 5094 1644 5134 unum
1671 5092 1787 5137 cor-

220 5173 318 5228 pus
343 5175 436 5212 nos
457 5160 607 5215 multi
641 5172 818 5216 sumus
839 5165 895 5218 in
926 5163 1130 5218 Christo
1155 5164 1280 5218 Jesu
1311 5165 1360 5235 (1
1385 5165 1504 5220 Cor.
1533 5169 1606 5235 χ).

291 5248 363 5303 Et
384 5253 692 5320 respondens
717 5253 867 5319 dixit,
884 5254 1144 5326 Scriptum
1168 5265 1242 5310 est
1259 5253 1497 5321 sNonjn
1523 5258 1632 5312 solo
1655 5275 1786 5329 parte

224 5341 342 5394 sivit
391 5339 564 5406 homo,
589 5343 678 5396 sed
708 5344 928 5398 inomni
975 5346 1124 5400 verbo
1166 5348 1304 5417 quod
1337 5348 1566 5418 procedit
1592 5349 1656 5403 de
1700 5367 1796 5424 ore

223 5429 339 5483 Dei.
373 5429 756 5487 Testimonium
801 5435 902 5489 hoc
946 5437 1011 5490 de
1059 5438 1469 5493 Deuteronomio
1520 5447 1788 5509 sumptum

221 5528 323 5574 est.
379 5518 482 5576 Ubi
530 5520 737 5592 Moyses
782 5528 1219 5582 commemoravit
1266 5528 1461 5598 pepulo
1508 5529 1788 5598 beneﬁcia,

223 5613 407 5678 dicens
428 5613 502 5674 ad
515 5627 607 5668 eos
630 5633 642 5668 :
673 5615 826 5669 Dedit
844 5617 936 5670 tibi
955 5617 1208 5672 Dominus
1227 5607 1398 5672 cibum
1427 5620 1789 5692 manna,qu0d

225 5703 502 5773 ignorabas
529 5712 606 5770 tu,
645 5716 692 5760 et
717 5717 889 5774 patres
919 5712 996 5761 tui
1037 5709 1214 5780 (Deut.
1236 5709 1377 5782 vni),
1402 5719 1461 5765 u't
1485 5692 1791 5767 ostenderet

1813 4483 1862 4542 D

1969 3175 2114 3234 Tunc
2142 3180 2424 3249 assumpsit
2447 3193 2564 3234 eum
2587 3178 2829 3235 diabolus
2849 3179 2904 3233 in
2928 3189 3166 3236 sanctam
3188 3174 3471 3245 civitatem,

1891 3275 1940 3322 et
1958 3269 2151 3344 statuit
2201 3273 2320 3321 eum
2365 3285 2526 3340 supra
2554 3269 2913 3341 pinaacttlum
2954 3271 3147 3338 templi.
3202 3268 3471 3343 (Hier-ou.)

1889 3342 2202 3426 Assumptio
2227 3355 2328 3410 ista
2353 3370 2475 3427 quae
2501 3357 2716 3420 dicitur,
2746 3371 2853 3413 non
2881 3372 2949 3412 ex.
2983 3355 3351 3414 imbecillitate
3377 3342 3473 3412 Do-

1890 3444 2022 3498 mini
2049 3444 2216 3511 venit,
2246 3445 2340 3500 sed
2383 3445 2450 3500 de
2476 3445 2680 3500 inimici
2709 3444 2987 3516 superbia,
3016 3447 3109 3515 qui
3136 3445 3470 3514 voluntatem

1852 3570 1858 3576 .
1891 3531 2182 3588 Saivatoris
2210 3526 2587 3589 necessitatem
2613 3535 2866 3604 putavit:‘
2895 3547 2962 3590 es
3004 3533 3107 3593 hoc
3145 3542 3326 3589 autem
3351 3533 3472 3590 ioco

1891 3622 2208 3694 intelligitur
2231 3624 2358 3694 quid
2380 3622 2452 3680 sit
2479 3615 2609 3678 illud
2635 3624 2775 3697 quod
2797 3625 2848 3679 in
2882 3626 2988 3686 alio
3017 3625 3133 3683 loco
3161 3643 3176 3681 τ
3211 3625 3468 3701 Abierant

1889 3716 1942 3767 in
1963 3723 2198 3767 sanctam
2243 3713 2521 3781 civitatem,
2551 3727 2600 3768 et
2650 3715 2828 3768 multis
2857 3704 3466 3787 apparueruntfwottlt.

1889 3787 2077 3875 xxvii).
2095 3802 2165 3876 (Μ
2173 3803 2388 3876 ausus.)
2407 3803 2604 3861 Sancta
2617 3813 2798 3858 autem
2813 3807 3006 3860 civitas
3016 3805 3314 3863 Jerusalem
3328 3805 3468 3862 dicc-
3551 3805 3560 3813 ’

1889 3893 2064 3959 batur,
2093 3895 2146 3948 in
2170 3909 2274 3964 qua
2302 3892 2556 3965 templum
2582 3893 2677 3951 Dei
2703 3903 2896 3962 eratet
2922 3903 3110 3951 sancta
3135 3901 3466 3965 sanctorum.

1888 3994 1943 4039 et
1969 3985 2145 4040 cultus
2190 3985 2351 4040 unius
2376 3984 2478 4047 "Dei
2508 3976 2804 4041 secundum
2833 3984 3006 4056 legem
3048 3983 3236 4057 Moysi.
3279 3979 3474 4044 Pinnas

1887 4075 2065 4131 culum
2097 4086 2276 4146 autem
2300 4077 2586 4132 summitas
2611 4088 2696 4132 est
2719 4078 2867 4132 teeti.
2918 4075 3034 4131 Non
3063 4077 3208 4132 enim
3235 4072 3468 4134 habebat

1889 4168 2141 4238 templum
2172 4155 2384 4223 culmen
2421 4165 2889 4238 insuperioribus
2916 4165 3054 4223 sicut
3082 4165 3182 4224 nec
3217 4167 3471 4223 tabernae

1886 4259 2086 4325 culum,
2115 4259 2207 4314 sed
2233 4247 2350 4314 erat
2379 4249 2602 4329 aequale.
2642 4258 2920 4325 Quomodo
2943 4261 3194 4316 omnibus
3220 4259 3276 4316 in
3301 4257 3471 4315 Palae-

1884 4355 2022 4408 stina
2043 4361 2098 4408 et
2117 4351 2351 4424 Egypto
2366 4334 2554 4413 dpmus
2574 4352 2962 4407 :editicantibus
2977 4350 3156 4411 facere
3177 4351 3341 4406 moris
3360 4359 3464 4406 est.

1957 4445 2025 4500 Et
2046 4446 2177 4500 dixit
2219 4445 2306 4499 ei:
2357 4427 2418 4500 Si
2455 4443 2623 4518 Filius
2673 4443 2765 4496 Dei
2812 4459 2886 4508 es,
2937 4445 3162 4496 mittete
3196 4439 3461 4496 deorsum.

1889 4536 2110 4610 (Hilar.)
2138 4535 2192 4591 la
2219 4537 2470 4591 omnibus
2493 4534 2876 4588 tentationibus
2917 4533 3028 4588 suis
3071 4533 3173 4586 hoc
3213 4535 3321 4602 agit
3351 4531 3467 4587 ἀίεις

1889 4627 2061 4694 belus,
2094 4632 2152 4704 u_t
2186 4625 2448 4696 intelligat
2482 4622 2527 4704 si
2559 4623 2726 4677 Filius
2768 4622 2863 4676 Dei
2909 4623 2999 4676 sit.
3021 4644 3026 4648 ί
3047 4620 3152 4676 Sed
3204 4619 3466 4678 Domitius

1887 4715 1966 4769 sic
1987 4697 2386 4782 responsionem
2411 4697 2692 4780 temperat,
2738 4720 2796 4764 ut
2839 4725 2962 4765 eum
3006 4707 3272 4786 relinquat
3295 4709 3466 4765 ambi-

1888 4819 2066 4876 guum.
2101 4800 2252 4855 Mitte
2289 4811 2338 4855 te
2379 4801 2622 4855 deorsum
2666 4801 2760 4863 ait,
2807 4799 2945 4870 quia,
2974 4813 3074 4855 vox
3111 4797 3329 4862 diaboli,
3355 4808 3462 4872 qlia

1890 4909 2102 4965 semper
2128 4909 2318 4950 omnes
2347 4900 2539 4950 cadere
2562 4894 2814 4948 deorsum
2841 4892 3110 4948 desiderat
3137 4888 3465 4962 persuadere

1889 4996 2084 5060 potest,
2115 4985 2454 5059 prtecipitare
2505 4988 2611 5042 non
2656 4995 2858 5057 potest;
2899 4981 3164 5058 (MAUBUS)
3199 4983 3466 5053 simulque

1891 5082 2181 5136 notandum
2228 5084 2369 5151 quod
2414 5077 2660 5135 Christus
2687 5078 2812 5133 licet
2837 5071 3464 5148 diabolum'permisisset

1892 5189 1949 5230 se
1990 5188 2152 5243 super
2182 5173 2522 5242 pinnaculum
2567 5160 2747 5240 templi
2793 5184 3012 5240 ponere,
3061 5177 3236 5223 tamen
3289 5166 3472 5222 renuit

1895 5265 1959 5318 ad
1985 5263 2100 5334 ejus
2149 5263 2430 5332 imperium
2455 5261 2702 5316 deorsum
2754 5254 3097 5319 descendere.
3153 5257 3318 5313 Nobis
3367 5272 3464 5327 pro

1894 5352 2154 5422 exemplo,
2183 5361 2254 5405 ut,
2270 5351 2513 5421 quisquis
2554 5351 2895 5422 imperaverit
2923 5351 3060 5406 viam
3099 5336 3343 5404 veritatis
3376 5362 3464 5401 ar-

1895 5453 2034 5497 ctam
2075 5450 2128 5496 et
2153 5455 2438 5510 supernam
2489 5456 2587 5495 nos
2625 5441 2932 5504 ascendere,
2988 5437 3454 5507 obtemperemus;

1892 5532 1940 5586 si
1964 5531 2084 5600 quis
2105 5539 2282 5584 autem
2305 5529 2416 5584 vult
2437 5545 2532 5584 nos
2557 5527 2692 5585 lictis
2723 5529 3058 5589 suasionibus
3081 5528 3146 5583 de
3176 5525 3460 5581 altitudine

1899 5623 2136 5677 veritatis
2167 5629 2220 5676 et
2271 5623 2526 5675 virtutum
2582 5624 2648 5676 ad
2704 5623 2807 5676 ima
2859 5619 3076 5675 erroris.
3107 5629 3164 5674 et
3208 5618 3460 5673 vitiorqu

1898 5710 2251 5782 prm‘cipitare,
2281 5725 2388 5765 non
2418 5711 2563 5764 illum
2603 5710 2897 5764 audiamus.
2945 5707 3078 5764 Nam
3109 5710 3160 5763 in
3190 5707 3462 5772 istisduo-
