3948 6322
468 267 568 324 785

1136 266 1195 318 u.
1238 264 1493 320 RABANI
1533 263 1751 320 mum
1789 258 2107 318 menter.
2154 262 2457 318 uocum.
2500 262 2782 318 OPERUM
2818 265 2999 322 mus
3036 269 3077 323 ι.

3617 271 3721 329 73s
3794 346 3801 365 ᾈ
3878 94 3909 355 Ι

465 386 566 440 bus
600 380 892 453 apostolica
926 394 1023 433 nos
1046 378 1264 433 instruit
1302 378 1477 431 oratio
1494 379 1515 429 ἐ
1550 377 1682 431 dicit
1709 376 1853 453 enim
1890 374 2033 429 Pau-
2065 372 2109 432 A
2141 374 2335 430 mirum
2375 376 2419 429 si
2457 393 2514 430 se
2544 377 2787 447 permisit
2810 379 2876 431 ab
2906 379 2998 434 illo
3025 382 3077 434 in
3108 395 3346 439 montem
3373 390 3517 450 (luci,
3550 391 3639 459 qui
3670 408 3728 445 se

462 476 542 529 lus
566 474 634 529 ad
654 472 1023 540 Philippenses
1045 468 1149 522 ita:
1176 467 1404 532 Quidam
1418 482 1539 536 ergo
1562 474 1772 535 propter
1791 465 2042 517 invidiam

458 574 504 619 et
527 563 926 623 contentionem,
952 560 1166 631 quidam
1197 567 1368 610 autem
1407 564 1617 626 propter
1636 555 1827 609 bonam
1852 553 2040 608 volun-

459 664 615 709 tatem
646 651 910 707 Christum
938 648 1225 718 pra'dicant
1264 643 1485 716 (Philip.
1508 642 1570 715 ι).
1602 644 1669 698 Et
1693 643 1855 713 paulo
1879 653 1995 713 post
2024 663 2037 697 :

460 745 601 812 Quid
627 744 786 809 enim,
815 741 1007 811 inquit,
1033 739 1158 791 dum
1187 735 1484 790 omnimodo
1525 734 1632 788 sive
1672 751 1766 805 per
1803 734 2032 788 occasio-

458 854 600 899 nem,
620 837 727 889 sive
750 848 841 903 per
861 831 1127 885 veritatem
1156 825 1396 881 Christus
1439 824 1803 889 annuntietur,
1842 825 1899 877 in
1942 823 2040 876 hoc

456 927 677 997 gaudeo,
710 923 799 977 sed
827 932 872 976 et
896 920 1153 992 gaudebo,
1196 920 1306 972 scio
1331 918 1469 971 enim
1494 916 1743 988 quoniam
1784 915 1883 968 hoc
1911 912 2039 965 mihi

456 1014 811 1090 proreniet‘ad
840 1012 1063 1068 salutem
1092 1027 1184 1082 per
1210 1018 1434 1063 uestram
1464 1007 1749 1061 orationem
1778 1022 1797 1070 ;
1824 1019 2040 1058 rursum

457 1109 524 1162 ad
558 1106 776 1164 Galatas
800 1105 871 1159 ait
898 1122 910 1157 :
945 1101 1087 1156 Licet
1140 1117 1253 1164 nos,
1280 1107 1373 1153 aut
1399 1096 1614 1168 angelus
1640 1096 1706 1150 de
1730 1096 1857 1150 celo
1882 1111 2039 1149 evan-

456 1199 638 1270 gelizet
671 1196 809 1252 vobis
837 1203 1179 1266 praeterquam
1218 1187 1683 1259 evangelisarimus
1706 1187 1873 1249 vobis,
1912 1201 2041 1238 ana-

456 1292 626 1343 t'tcma
656 1290 723 1342 sit
758 1284 899 1357 (Gal.
921 1283 985 1355 ι).

528 1377 788 1446 Scriptum
822 1382 897 1427 est
919 1372 1055 1425 enim
1082 1368 1206 1440 quia
1227 1365 1424 1437 angelis
1450 1366 1561 1419 suis
1589 1362 1853 1418 mandauit
1874 1362 1942 1416 de
1964 1371 2034 1427 te,

456 1478 509 1521 ut
533 1468 586 1521 in
610 1464 849 1519 manibus
877 1460 1063 1515 tollant
1095 1469 1167 1524 te,
1200 1456 1428 1527 ne'forte
1455 1454 1693 1525 oﬁ'endas
1718 1453 1787 1507 ad
1810 1452 2038 1523 lapidem

454 1558 634 1629 pedem
680 1565 845 1610 tuum.
901 1550 1172 1624 (Hieron.)
1220 1551 1333 1605 Hoc
1359 1550 1513 1622 iu‘xc
1542 1546 1750 1618 psalmo
1785 1546 2037 1617 legimus,

456 1648 550 1704 sed
575 1649 645 1703 ibi
694 1663 799 1703 non
854 1647 920 1701 de
972 1644 1212 1706 Christo,
1250 1642 1345 1698 sed
1378 1642 1502 1695 viro
1530 1646 1719 1696 sancto
1757 1639 2041 1709 prophetia

2146 465 2366 533 pertulit
2410 469 2569 522 etiam
2614 484 2643 521 a
2675 469 2930 524 membris
2960 470 3101 530 illius
3123 477 3402 549 crucifigi?
3431 478 3724 552 (Maenas)

2146 554 2374 626 Mystice
2413 567 2592 612 autem
2624 574 2778 613 mons
2816 561 2916 614 iste
2955 564 3261 631 superbiam
3304 568 3574 638 signiﬁcat
3610 571 3725 624 dia-

2145 644 2249 699 boli
2270 686 2285 708 ,
2312 661 2410 715 per
2436 662 2597 715 quam
2636 648 2751 718 ipse
2782 649 3037 719 deceptus
3078 660 3191 718 est,
3218 662 3273 707 et
3302 654 3437 712 alios
3477 657 3728 729 decipere

2144 738 2321 807 gestit.
2356 737 2489 791 Nam
2521 740 2778 795 Dominus
2805 742 2871 794 ad
2895 741 3142 808 humilia,
3173 746 3238 799 ad
3280 750 3601 818 campestria
3634 752 3727 805 de-

2145 828 2374 894 scendit,
2400 837 2459 883 ut
2488 830 2756 884 diabolum
2799 831 3102 886 humilitate
3131 845 3429 901 superaret.
3468 835 3726 893 Diabolus

2144 927 2323 972 autem
2351 920 2545 974 ducere
2583 935 2705 974 eum
2732 921 2797 975 ad
2821 929 3057 976 montem
3089 920 3325 989 festinat,
3347 932 3407 979 ut
3434 942 3533 995 per
3561 943 3723 997 quem

2144 1006 2258 1076 ipse
2302 1017 2580 1065 corruerat
2624 1010 2785 1063 etiam
2813 1011 2995 1066 ceteri
3038 1022 3313 1067 corruant.
3343 1013 3605 1081 Ostendit,
3641 1018 3722 1071 in-

2144 1098 2279 1167 quit,
2307 1099 2356 1152 ei
2382 1100 2559 1154 omnia
2586 1100 2769 1154 mundi
2801 1117 2979 1171 regna,
3002 1110 3051 1156 et
3075 1102 3297 1173 gloriam
3327 1120 3528 1159 eorum.
3559 1107 3723 1178 Igitur

2144 1191 2401 1253 adversus
2431 1191 2712 1247 Dominum
2740 1200 2846 1247 tota
2876 1191 2988 1262 jam
3016 1194 3193 1249 smculi
3229 1202 3497 1264 potestate
3520 1212 3723 1265 pugna-

2146 1292 2251 1345 tur,
2280 1292 2333 1337 et
2362 1285 2591 1339 creatori
2622 1300 2719 1339 suo
2747 1286 3016 1354 possessio
3059 1284 3216 1355 hujus
3252 1287 3622 1343 universitatis
3642 1287 3720 1342 of-

2145 1371 2333 1432 fertur,
2360 1382 2417 1426 ut
2443 1379 2629 1427 tenens
2653 1374 2899 1428 ordinem
2925 1373 3126 1449 fraudis
3153 1375 3408 1445 antiquae,
3440 1390 3598 1444 quem
3625 1392 3719 1429 ne-

2132 1456 2248 1531 que
2296 1462 2418 1516 cibo
2474 1462 2787 1543 pellexerat,
2835 1479 2935 1519 nec
2986 1464 3100 1519 loco
3156 1474 3414 1533 moverat,
3448 1482 3592 1521 nunc
3634 1468 3719 1520 vel

2145 1554 2437 1609 ambitione
2455 1564 2786 1630 corrumpat.
2813 1554 2993 1611 Gloria
3016 1558 3159 1611 enim
3189 1573 3480 1627 regnorum
3509 1560 3713 1620 mundi,

2145 1646 2255 1699 sive
2287 1644 2437 1699 favor
2475 1645 2723 1700 humanae
2762 1644 2957 1710 laudis,
2981 1660 3101 1715 quae
3128 1647 3365 1701 maxime
3409 1647 3627 1718 regibus
3668 1658 3721 1702 et

457 1749 558 1795 est.
616 1738 748 1792 Male
802 1752 928 1808 ergo
980 1736 1366 1805 interpretatur
1423 1731 1734 1802 Scripturas
1775 1728 2038 1785 diabolus.

2146 1735 2629 1806 potentibushujus
2649 1736 2835 1791 mundi
2864 1734 3026 1803 favet,
3056 1753 3149 1792 seu
3191 1738 3415 1793 ambitio
3444 1738 3717 1808 qumlibct,

457 1831 615 1885 Certe
663 1830 709 1884 si
752 1844 879 1883 vere
928 1826 995 1882 de
1045 1819 1324 1897 Salvatore
1354 1824 1619 1893 scriptum,
1658 1829 1905 1885 noverat,
1948 1821 2037 1875 de-

456 1921 646 1976 buerat
672 1930 725 1973 et
753 1920 878 1977 illud
908 1920 1106 1981 dicere,
1138 1918 1281 1986 quod
1306 1918 1359 1972 in
1390 1916 1583 1971 eodem
1610 1914 1823 1985 psalmo
1845 1921 2035 1968 contra

456 2030 513 2068 sc
539 2013 815 2082 sequitur:
846 2009 1013 2080 Super
1040 2009 1273 2081 aspidem
1311 2016 1360 2063 et
1382 2006 1684 2062 basiliscum
1723 2003 2032 2065 ambulabis,

450 2115 502 2157 'et
532 2100 857 2160 conculcabis
908 2100 1105 2153 leonem
1151 2107 1198 2153 et
1228 2098 1532 2151 draconem.
1567 2095 1644 2149 De
1672 2093 1914 2164 angelico
1943 2107 2038 2146 au-

461 2196 586 2249 xilio
626 2193 777 2264 quasi
824 2192 890 2245 ad
921 2191 1197 2245 infirmum
1248 2188 1506 2258 loquitur,
1529 2187 1606 2257 ﬂe
1635 2185 1717 2240 sui
1754 2184 2039 2239 conculca-

456 2286 623 2350 tione,
653 2285 805 2355 quasi
850 2283 1249 2353 tergiversator,
1296 2286 1455 2334 tacet.
1488 2278 1573 2331 Ait
1618 2276 1699 2330 illi
1736 2274 1893 2330 Iesus
1922 2293 2039 2329 rur-

459 2392 599 2439 sum,
641 2374 905 2443 Scriptum
948 2382 1064 2426 est:
1111 2369 1234 2425 Non
1277 2368 1499 2423 tentabis
1549 2367 1826 2421 Dominum
1873 2366 2039 2420 Deum

457 2478 624 2518 tuum.
681 2460 865 2518 Falsas
916 2463 983 2517 de
1031 2460 1326 2529 Scripturis
1371 2457 1571 2512 diaboli
1622 2457 1849 2526 sagittas
1897 2456 2041 2510 veris

462 2554 862 2625 Scripturarum
907 2551 1106 2623 frangit
1148 2550 1371 2621 clypeis.
1400 2548 1469 2603 Et
1498 2556 1645 2612 nota,
1662 2547 1814 2616 quod
1845 2561 2038 2619 neces-

460 2646 603 2700 saria
660 2642 968 2698 testimonia
1020 2642 1086 2696 de.
1135 2638 1554 2699 Deuteronomio
1601 2644 1810 2692 tantum
1858 2646 2041 2708 protu-

462 2735 602 2797 lerit,
632 2742 693 2787 ut
733 2733 981 2788 secundae
1022 2730 1154 2802 legis
1179 2717 1522 2795 sacramenta
1542 2735 1889 2781 monstraret.
1918 2726 2043 2781 Non

459 2823 697 2887 tentabis,
726 2821 916 2889 inquit,
946 2818 1229 2873 Dominum
1253 2817 1418 2871 Deum
1453 2825 1619 2879 tuum,
1647 2814 1830 2887 (Λεία.)
1855 2829 2045 2884 sugge-

462 2914 683 2968 rebatur
714 2911 859 2967 enim
905 2918 1161 2980 tanquam
1194 2907 1420 2972 homini,
1466 2914 1526 2961 ut
1553 2907 1709 2976 signo
1733 2905 1919 2974 aliquo
1943 2921 2042 2959 ex-

463 3008 699 3078 ploraret
744 3006 857 3075 ipse
906 3011 1141 3073 quantus
1184 3010 1350 3063 esset,
1398 2998 1452 3054 id
1498 3005 1583 3054 est
1619 3013 1780 3067 quam
1814 2998 2041 3052 multum

463 3076 604 3168 apud
630 3098 799 3151 Deum
828 3104 1030 3165 posset.
1059 3090 1214 3159 Quod
1228 3091 1429 3161 ’yitiose
1458 3088 1518 3143 tlt
1540 3103 1663 3143 cum
1688 3088 1780 3153 fit;
1809 3087 2044 3157 pertinet
2069 3076 2115 3139 C

464 3202 694 3257 namque
738 3184 806 3241 ad
852 3176 1405 3243 sanam'doctrirwm,
1457 3179 1673 3248 quando
1704 3178 1865 3232 habet
1894 3176 2043 3246 quod

464 3278 624 3333 faciat
669 3278 846 3338 homo,
901 3290 1007 3328 non
1064 3281 1276 3326 tentare
1324 3269 1612 3324 Dominum
1641 3268 1809 3323 Deum
1860 3283 2038 3324 suum.

464 3369 643 3438 Neque
666 3368 810 3423 enim
839 3373 895 3420 et
919 3365 1033 3434 ipse
1057 3361 1306 3417 Salvator
1341 3374 1447 3415 non
1476 3366 1688 3428 poterat
1717 3358 1856 3412 tueri
1882 3356 2043 3412 disci-

464 3459 616 3531 pulos
650 3473 799 3523 suos,
830 3456 1028 3526 quibus
1058 3461 1237 3506 tamen
1265 3450 1341 3504 ait
1367 3468 1380 3502 :
1434 3448 1495 3504 Si
1520 3465 1606 3503 vos
1632 3449 1888 3518 persecuti
1930 3447 2043 3517 [ue-

467 3554 568 3607 rint
602 3554 655 3605 in
679 3568 784 3604 una
814 3550 1018 3603 civitate
1042 3546 1204 3617 fugite
1248 3546 1304 3598 in
1334 3542 1496 3597 aliam
1521 3541 1736 3613 (Matth.
1772 3545 1828 3613 ι)
1853 3561 1867 3597 :
1891 3533 2045 3611 cujus

469 3643 544 3696 rei
577 3642 728 3711 prior
757 3639 1061 3708 exemplum
1109 3635 1356 3706 praebuit.
1396 3633 1532 3687 Nam
1558 3649 1685 3688 cum
1722 3628 2045 3702 potestatem

466 3734 687 3787 haberet
740 3728 970 3799 ponendi
1018 3727 1253 3780 animam
1302 3738 1476 3788 suam,
1510 3739 1611 3778 nec
1647 3720 1773 3777 eam
1820 3732 2079 3793 poneret‘

468 3823 567 3877 nisi
609 3836 731 3875 cum
768 3818 943 3882 vellet,
973 3817 1026 3871 in
1062 3814 1356 3886 Egyptum
1402 3822 1584 3869 tamen
1624 3812 1804 3870 infans
1830 3824 2047 3885 portan-

470 3912 612 3966 tibus
649 3908 963 3979 parentibus
997 3905 1153 3977 fugit,
1198 3914 1253 3959 et
1277 3904 1346 3959 ad
1388 3904 1531 3959 diem
1572 3903 1769 3958 festum
1802 3917 1908 3959 non
1937 3904 2048 3958 cvi-

472 4003 679 4065 denter,
704 4000 796 4055 sed
847 3998 1076 4053 latenter
1126 3996 1388 4058 ascendit.
1418 4010 1541 4049 cum
1572 3995 1707 4049 alias
1753 3996 1934 4064 palam
1965 3996 2045 4050 lo-

471 4100 744 4161 queretur,
793 4087 993 4145 Judaais
1025 4086 1400 4151 irascentibus,
1455 4092 1513 4140 et
1557 4085 1626 4141 de
1674 4085 2047 4141 inimicissimo

472 4184 651 4238 animo
675 4181 1034 4243 audientibus,
1079 4195 1176 4235 nec
1218 4187 1397 4234 tamen
1427 4178 1731 4234 valentibus
1754 4180 1968 4233 mittere
1995 4179 2049 4232 in

452 4290 591 4330 eum
625 4288 833 4337 manus,
873 4273 997 4342 quia
1032 4270 1260 4324 nondum
1307 4277 1515 4323 venerat
1553 4268 1683 4323 hora
1709 4269 1824 4340 ejus
1864 4268 2045 4340 (Joan.

469 4366 588 4439 vn).
618 4366 717 4433 Qui
760 4380 888 4435 ergo
918 4362 1095 4432 palam
1124 4360 1367 4415 docendo
1395 4367 1449 4414 et
1474 4359 1751 4431 arguendo
1784 4368 1840 4413 et
1865 4368 2045 4413 tamen

472 4456 808 4510 inimicorum
832 4452 1034 4507 rabiem
1058 4449 1237 4504 valere
1268 4449 1320 4503 in
1348 4464 1408 4505 se
1433 4449 1635 4518 aliquid
1673 4464 1780 4504 non
1821 4448 2047 4503 sinendo

471 4547 565 4601 Dei
594 4546 927 4601 demonstrat
955 4550 1296 4612 potestatem,
1326 4540 1468 4594 idem
1496 4547 1673 4593 tamen
1721 4538 2047 4609 fugiendoet

472 4635 683 4691 latendo
714 4633 946 4689 hominis
996 4630 1299 4686 instruebat
1339 4629 1730 4691 infirmitatem,
1780 4644 1848 4683 ne
1879 4629 2044 4685 Deum

474 4735 679 4782 tentare
708 4726 921 4789 audeat,
969 4722 1184 4793 quando
1229 4721 1388 4775 habet
1413 4721 1555 4789 quod
1601 4720 1786 4787 faciat,
1817 4730 1873 4775 ut
1902 4724 2045 4791 quod

476 4831 662 4870 cavere
686 4823 895 4885 oportet
915 4812 1127 4868 evadat.

544 4904 567 4956 1
579 4916 742 4959 terum
764 4905 1039 4975 assumpsit
1060 4919 1175 4957 eum
1197 4900 1436 4955 diabolus
1459 4901 1513 4954 in
1533 4910 1757 4955 montem
1783 4901 2042 4957 excelsum

478 4996 643 5060 valde,
664 5004 713 5048 et
745 4996 963 5048 ostendit
1001 4998 1048 5049 ei
1078 4996 1253 5048 omnia
1292 5011 1450 5063 regna
1492 4994 1705 5057 mundi,
1732 5003 1780 5047 et
1820 4994 2043 5062 gloriam

477 5103 671 5141 eorum.
707 5084 910 5155 (Greg.)
938 5083 1069 5138 Cum
1096 5095 1271 5139 autem
1301 5086 1440 5141 Deus
1469 5088 1630 5141 homo
1655 5085 1853 5140 dicitur
1880 5085 1962 5139 vel
1988 5085 2042 5139 in

477 5176 745 5229 excelsum
793 5180 1048 5237 montem,
1075 5173 1156 5227 vel
1185 5175 1235 5227 in
1267 5184 1505 5229 sanctam
1541 5174 1813 5230 civitatem
1838 5190 2044 5228 assum-

478 5276 597 5336 ptus
620 5280 649 5318 a
672 5263 901 5327 diabolo,
936 5278 1085 5318 mens
1116 5264 1307 5334 refugit
1350 5266 1607 5331 humana,
1636 5280 1796 5319 aures
1820 5265 1924 5320 hoc
1946 5281 2041 5317 au-

478 5358 591 5409 dire
635 5364 1019 5424 expavescunt.
1059 5352 1153 5408 Cui
1200 5363 1375 5408 tamen
1406 5372 1510 5410 non
1548 5368 1667 5411 esse
1710 5356 2043 5411 incredibilia

480 5448 578 5498 i~~ta
624 5446 995 5516 cognoscimus
1035 5445 1079 5501 si
1120 5446 1173 5499 in
1207 5429 1297 5499 illo
1333 5454 1387 5499 et
1417 5444 1517 5500 alia
1565 5446 1705 5501 facta
1736 5462 2046 5516 pensanms.

478 5536 633 5589 Certe
661 5535 964 5603 iniquorum
994 5537 1231 5591 omnium
1261 5534 1503 5591 diabolus
1528 5545 1687 5605 caput
1716 5547 1826 5601 est,
1846 5545 1911 5611 et
1950 5538 2049 5590 hu-

474 5624 558 5691 jus
582 5627 768 5695 rapitis
812 5629 1051 5682 membra
1098 5636 1221 5681 sunt
1267 5642 1453 5681 omnes
1498 5627 1683 5695 iniqui.
1739 5627 1875 5693 Quid
1920 5644 2048 5696 ergo

2078 4420 2125 4478 D

2140 1843 2260 1897 qua:
2289 1828 2340 1881 in
2364 1842 2515 1891 auro,
2543 1827 2624 1882 vel
2649 1833 2893 1897 argento,
2915 1827 2998 1882 vel
3029 1828 3083 1881 in
3109 1829 3356 1899 gemmis,
3381 1828 3465 1882 vel
3491 1828 3546 1883 in
3567 1839 3717 1884 αππια-

2140 1920 2215 1974 ris
2261 1920 2421 1973 rebus
2459 1918 2709 1987 pretiosis
2752 1917 2945 1987 pollet,
2979 1918 3198 1989 intelligi
3242 1926 3437 1988 potest.
3481 1918 3721 1974 Ostendit

2138 2025 2265 2080 ergo
2290 2010 2342 2063 in
2369 2010 2551 2062 monte
2579 2007 2825 2063 diabolus
2847 2008 3026 2062 omnia
3058 2024 3222 2077 regna
3257 2007 3440 2062 mundi
3472 2008 3717 2071 Domino,

2139 2114 2244 2154 non
2274 2098 2417 2168 quod
2460 2098 2575 2167 ipse
2622 2096 2738 2167 ejus
2763 2097 2935 2155 visum
2973 2097 3304 2168 ampliﬁcare
3340 2098 3602 2166 potuerit,
3632 2107 3720 2152 aut

2139 2190 2341 2260 aliquid
2371 2189 2611 2261 ignotum
2638 2188 2687 2243 ei
2714 2189 3086 2243 demonstrare
3128 2187 3421 2258 (quomodo
3462 2188 3609 2242 enim
3651 2187 3722 2241 fa—

2139 2280 2286 2336 brica
2308 2295 2487 2337 rerum
2510 2287 2852 2348 ronspectum
2871 2279 3168 2333 conditoris
3178 2279 3261 2333 sui
3280 2279 3445 2335 latere
3465 2281 3715 2351 poterat),

2141 2374 2232 2431 sed
2262 2374 2552 2428 vanitatem
2583 2387 2792 2443 pompm
2816 2372 3099 2426 mundanae
3120 2386 3282 2441 quam
3309 2372 3423 2441 ipse
3445 2372 3718 2443 diligebat,

2140 2464 2293 2534 quasi
2322 2462 2620 2534 speciosam
2649 2477 2712 2518 ac
2741 2462 3155 2518 desiderabilem
3201 2462 3380 2519 verbis
3404 2464 3717 2526 ostendens,

2142 2554 2196 2607 in
2221 2567 2459 2617 amorem
2498 2551 2714 2608 Christo
2738 2564 3031 2624 suggerens
3056 2552 3239 2607 venire
3266 2552 3501 2607 volebat.
3540 2552 3721 2608 Potest

2142 2645 2247 2698 hoc
2275 2651 2331 2697 et
2351 2642 2505 2696 aliter
2532 2641 2756 2713 intelligi
2784 2660 2796 2695 :
2822 2642 2997 2696 sciens
3028 2642 3226 2712 quippe
3261 2641 3510 2698 diabolus
3529 2642 3596 2697 ad
3619 2643 3720 2699 hoc

2142 2732 2356 2788 venisse
2377 2730 2672 2796 Christum,
2706 2738 2765 2784 ut
2791 2746 3015 2801 regnum
3039 2731 3181 2785 illius
3208 2731 3439 2797 tolleret,
3469 2740 3523 2785 et
3551 2732 3607 2785 hi
3630 2734 3719 2801 qui

2143 2822 2245 2878 sub
2269 2837 2335 2879 eo
2361 2830 2517 2877 erant
2546 2821 2845 2891 inciperent
2870 2836 2989 2877 esse
3018 2826 3137 2876 cum
3165 2821 3403 2887 Christo,
3430 2822 3651 2875 ostendit
3672 2824 3719 2875 ei

2143 2915 2321 2969 omnia
2361 2906 2521 2986 regna
2569 2914 2774 2979 mundi,
2803 2915 2855 2969 id
2903 2923 2985 2969 est
3020 2914 3263 2969 homines
3308 2914 3467 2983 hujus
3514 2915 3716 2981 seculi,

2142 3005 2411 3076 quomodo
2436 3004 2523 3059 alii
2554 3013 2811 3077 regantur
2837 3019 2868 3058 a
2903 3003 3291 3069 fornicatione,
3318 3002 3410 3057 alii
3440 3003 3510 3057 ab
3547 3004 3720 3058 avari-

2147 3095 2240 3160 tia,
2265 3095 2354 3150 alii
2384 3094 2629 3165 p0pulari
2660 3096 2939 3164 rapiantur
2969 3109 3120 3159 aura,
3147 3094 3202 3148 hi
3232 3092 3419 3149 forma:
3439 3094 3721 3163 capiantur

2140 3182 2427 3239 illecebras
2450 3182 2636 3253 Neque
2679 3198 2807 3237 vero
2830 3181 3212 3236 ‘arbitrandum
3256 3191 3339 3236 est
3367 3182 3512 3251 quod
3551 3198 3715 3254 regna

2140 3273 2189 3329 ei
2219 3273 2403 3328 mundi
2434 3272 2742 3337 ostendens,
2770 3271 3052 3326 Persarum
3076 3271 3246 3342 (verbi
3273 3270 3467 3343 gratia)
3496 3287 3717 3342 regnum

2140 3365 2499 3436 Indorumque
2522 3365 2922 3428 monstraverit,
2948 3364 3039 3419 sed
3058 3363 3279 3417 ostendit
3297 3363 3345 3417 ei
3365 3365 3541 3418 omnia
3561 3380 3718 3435 regna

2142 3457 2347 3521 mundi,
2388 3456 2443 3511 id
2471 3464 2557 3511 est
2586 3456 2826 3527 'regnum
2856 3470 3030 3518 suum,
3060 3455 3329 3523 quomodo
3369 3462 3622 3525 regnaret
3666 3455 3716 3507 in

2143 3545 2362 3610 mundo,
2400 3553 2459 3598 ut
2481 3546 2770 3600 cohortans
2803 3559 2927 3599 eum
2948 3532 3128 3599 facere
3156 3545 3299 3613 quod
3325 3544 3558 3609 volebat,
3591 3546 3719 3597 inci-

2144 3644 2297 3706 peret
2338 3618 2610 3691 Christum
2658 3636 2860 3691 habere
2905 3637 3226 3706 subjectum.
3280 3637 3434 3703 Quod
3474 3637 3619 3691 enim
3663 3636 3718 3690 in

2146 3727 2291 3782 Luca
2330 3728 2588 3798 scriptum
2614 3735 2717 3794 est,
2745 3736 2960 3783 ostensa
3008 3729 3108 3782 sibi
3150 3728 3332 3783 omnia
3361 3744 3525 3796 regna
3570 3728 3719 3783 orbis

2149 3826 2305 3873 terra:
2330 3819 2385 3871 in
2415 3828 2672 3872 momento
2699 3818 2942 3888 temporis
2983 3816 3135 3888 (Luc.
3175 3818 3271 3889 tv),
3303 3833 3411 3872 non
3438 3827 3548 3872 tam
3593 3833 3721 3873 con-

2147 3916 2361 3978 spectus
2402 3907 2651 3962 celeritas
2690 3907 2976 3973 indicatur,
3007 3923 3165 3977 quam
3196 3907 3413 3962 caduca:
3456 3906 3721 3978 fragilitas

2145 3994 2424 4065 potestatis
2452 3994 2791 4064 exprimitur.
2833 3993 2891 4049 In
2936 4004 3209 4049 momento
3235 3995 3379 4049 enim
3405 4002 3598 4049 cuncta
3629 3993 3718 4047 illa

2145 4093 2490 4156 prtetereunt,
2524 4093 2580 4141 et
2619 4100 2759 4155 saepe
2802 4084 2978 4140 honor
3024 4084 3203 4139 saeculi
3243 4084 3397 4149 abiit,
3428 4092 3717 4153 antequam

2151 4179 2372 4234 venerit.
2413 4177 2550 4245 Quid
2593 4176 2737 4232 enim
2780 4176 2961 4232 saeculi
3006 4185 3185 4247 potest
3230 4191 3349 4232 esse
3378 4176 3717 4240 diuturnum,

2148 4288 2268 4326 cum
2294 4271 2404 4340 ipsa
2429 4269 2618 4323 SLDCiilJ
2652 4284 2753 4320 non
2782 4269 2889 4321 sint
2917 4268 3203 4323 diuturna?

2222 4361 2286 4413 Et
2310 4360 2441 4412 dixit
2468 4359 2546 4411 illi
2574 4374 2590 4410 :
2617 4357 2743 4411 Han:
2779 4359 2953 4411 omnia
2982 4358 3072 4411 tibi
3102 4358 3257 4422 dabo,
3274 4359 3333 4411 si
3370 4357 3561 4411 cadens
3591 4361 3722 4411 ado-

2152 4452 2344 4504 rareris
2367 4467 2465 4502 me.
2491 4449 2562 4519 (ll
2571 4448 2754 4520 ieron.)
2777 4449 3050 4520 Arrogans
3071 4459 3125 4505 et
3153 4451 3413 4520 superbus
3432 4451 3593 4504 etiam
3621 4450 3723 4503 hoc

2151 4541 2216 4594 de
2256 4540 2513 4609 jactantia
2548 4540 2802 4608 loquitur,
2832 4556 2937 4594 non
2968 4542 3109 4610 quod
3152 4542 3204 4595 in
3239 4551 3349 4596 toto
3389 4541 3589 4595 mundo
3624 4541 3723 4595 ha-

2152 4632 2275 4685 beat
2294 4638 2632 4699 potestatem,
2648 4637 2705 4682 ut
2727 4631 2896 4697 possit
2917 4631 3095 4685 omnia
3122 4647 3281 4702 regna
3304 4633 3432 4686 dare
3453 4631 3721 4692 diabolus.

2150 4739 2271 4777 cum
2323 4722 2555 4775 sciamus
2602 4722 2884 4791 plerosque
2928 4734 3143 4777 sanctos
3191 4724 3383 4777 virosa
3421 4723 3529 4777 Deo
3569 4738 3722 4792 rcges

2150 4812 2335 4867 factos.
2374 4810 2435 4866 Si
2463 4812 2682 4876 cadens,
2724 4812 2928 4882 inquit,
2960 4813 3259 4867 adoraveris
3299 4829 3399 4866 me.
3445 4813 3587 4879 Ergo
3628 4812 3719 4880 qui

2149 4900 2466 4955 adoraturus
2495 4908 2577 4953 est
2598 4900 2868 4954 diabolum
2899 4910 3025 4953 ante
3054 4902 3276 4955 corruit.
3326 4900 3430 4954 Sed
3468 4900 3513 4954 si
3547 4902 3718 4970 ipsum

2147 4992 2389 5046 ordinem
2419 4991 2728 5044 tentationis
2755 4991 3045 5059 aspicimus
3070 5006 3354 5061 pensamus
3381 5000 3580 5059 quanta
3612 5007 3720 5044 ma-

2148 5081 2419 5149 gnitudine
2444 5096 2541 5133 nos
2562 5096 2591 5132 a
2615 5080 2905 5134 tentatione
2929 5080 3232 5134 liberamur.
3259 5080 3525 5149 Antiquus
3549 5082 3718 5135 hostis

2148 5186 2333 5230 contra
2361 5176 2591 5245 primum
2618 5175 2887 5228 hominem
2902 5184 3172 5244 parentem
3198 5182 3439 5228 nostrum
3465 5174 3519 5227 in
3548 5174 3718 5228 tribus

2150 5266 2532 5321 tentationibus
2563 5279 2622 5319 se
2648 5264 2838 5319 erexit.
2867 5264 3003 5331 Quia
3050 5266 3190 5319 hunc
3215 5265 3463 5320 videlicet
3490 5265 3638 5334 gula,
3666 5274 3722 5316 et

2149 5356 2391 5418 avaritia,
2420 5364 2473 5409 et
2516 5370 2652 5409 vana
2701 5355 2868 5426 gloria
2919 5357 3164 5422 tentavit,
3190 5356 3283 5411 sed
3330 5356 3590 5411 tentando
3634 5371 3723 5409 suo

2149 5449 2371 5519 paravit,
2400 5450 2525 5517 quia
2563 5448 2665 5502 sibi
2704 5464 2824 5502 eum
2860 5465 2957 5519 per
2983 5433 3303 5504 consensum
3336 5448 3594 5504 subdidit.
3644 5447 3723 5500 Ex

2149 5538 2268 5607 gula
2298 5538 2491 5607 quippe
2521 5538 2747 5591 tentavit
2778 5553 2898 5591 cum
2925 5538 3102 5592 cibum
3131 5538 3256 5606 ligni
3284 5538 3433 5592 vetiti
3464 5534 3720 5596 ostendit,

2152 5639 2309 5697 atque
2353 5630 2418 5682 ad
2467 5631 2853 5684 comedendum
2904 5632 3095 5694 suasit,
3123 5632 3343 5685 dicens:
3370 5629 3610 5681 (Iustatc.
3648 5628 3721 5678 lix
