3948 6336
285 329 388 385 785

1258 323 1605 379 CUMMi-INT.
1651 322 1711 375 i.\'
1751 318 2181 375 MATTHJEUM.
2222 349 2289 358 —
2330 319 2457 373 LIB.
2497 318 2565 373 Il.

3418 322 3521 374 τεεί

282 456 421 495 vana
448 449 626 492 autent
653 438 819 508 gloria
847 438 1067 491 tentavit
1110 454 1231 492 cum
1262 438 1465 492 diceret
1489 454 1500 487 :
1528 436 1689 488 Erilis
1717 436 1848 488 sicut
1879 440 1927 495 Λ
1953 432 2113 486 alicui
2159 433 2376 487 invasor
2420 433 2629 503 imperii
2690 434 2930 501 repulsus
2974 444 3170 490 interna
3216 436 3526 490 confusione

276 531 376 583 dii.
426 530 493 583 Et
535 526 777 597 profecto
809 546 874 583 ex
911 529 1133 583 avaritia
1175 528 1400 582 tentavit
1440 544 1561 581 cum
1601 526 1802 579 diceret
1834 544 1846 577 :

279 619 511 673 Scientes
538 628 715 673 autem
742 619 929 674 bonum
958 631 1005 676 et
1049 621 1267 675 malum.
1304 619 1541 672 Avaritia
1575 618 1716 673 enim
1744 635 1849 672 non

279 708 454 762 solum
496 709 734 776 pecuniae
776 717 879 775 est,
928 711 1022 764 sed
1068 711 1231 764 etiam
1277 709 1638 763 sublimitatis.
1684 709 1853 782 Recte

276 799 425 852 cuitu
472 799 694 853 avaritia
739 800 935 855 dicitur
961 816 1081 855 cum
1117 814 1280 867 super
1308 799 1519 852 modum
1552 799 1851 854 sublimitas

279 886 536 940 ambitur.
582 886 687 965 Sed
716 888 912 957 quibus
940 889 1111 943 modis
1138 888 1372 957 primum
1402 888 1676 943 hominem
1706 896 1847 944 stra-

278 977 377 1041 vit,
407 977 611 1033 eisdem
645 980 816 1034 modis
837 994 870 1033 a~
896 980 1128 1034 secundo
1174 978 1390 1032 homine
1432 985 1635 1035 tentato
1664 994 1851 1033 succu-

278 1068 412 1122 bttit.
432 1067 536 1122 Per
553 1069 729 1140 gulam
752 1070 947 1141 quippe
964 1076 1154 1133 tentat,
1170 1069 1261 1138 qui
1282 1069 1442 1123 dicit:
1463 1068 1559 1123 Dic
1581 1078 1635 1123 ut
1654 1068 1849 1140 lapides

275 1158 364 1211 isti
383 1176 543 1228 panes
567 1160 729 1229 ﬁant;
751 1176 848 1229 per
874 1175 1068 1214 vanam
1093 1144 1315 1229 gloriam
1346 1167 1518 1213 tentat
1540 1174 1661 1213 cum
1690 1160 1846 1225 dicit:

276 1244 340 1299 Si
370 1245 542 1301 Filius
569 1247 666 1302 Dei
704 1265 779 1313 es,
813 1248 957 1300 mitte
986 1257 1033 1300 te
1069 1248 1330 1302 deorsum.
1372 1248 1477 1302 Per
1506 1249 1849 1306 sublimitatis

274 1338 559 1418 avaritiam
602 1347 792 1404 teutat,
816 1355 937 1393 cum
966 1355 1129 1407 regna
1156 1340 1334 1394 omnia
1382 1343 1563 1396 mundi
1593 1343 1844 1408 ostendit,

272 1429 463 1482 dicens
488 1448 500 1481 :
530 1428 657 1482 Ila'c
684 1431 858 1483 omnia
890 1430 981 1483 tibi
1008 1429 1144 1483 dabo
1181 1431 1226 1483 si
1252 1431 1522 1498 procidens
1551 1432 1847 1486 adoravcris

277 1534 377 1570 me.
409 1516 513 1571 Sed
536 1519 589 1573 in
618 1518 825 1573 hisdem
841 1520 1014 1573 modis
1035 1520 1266 1575 vincitur
1292 1521 1486 1590 quibus
1501 1522 1730 1592 primum
1754 1522 1850 1576 ho-

276 1606 478 1660 minem
504 1622 562 1662 se
589 1609 783 1664 vicisse
803 1595 1079 1680 gloriatur,
1099 1619 1156 1664 ut
1183 1626 1212 1663 a
1239 1612 1438 1666 nostris
1460 1611 1712 1667 cordibus
1734 1612 1849 1680 ipso

272 1699 459 1754 auditu
473 1709 662 1770 captus
673 1709 849 1766 exeat,
866 1717 972 1772 quo
984 1717 1080 1756 nos
1094 1703 1238 1757 aditu
1254 1703 1594 1757 intromissus
1608 1704 1845 1758 tenebat.

1952 525 2144 593 dignus
2169 524 2469 592 apparebit.

2021 615 2285 687 Scriptum
2330 627 2404 671 est
2447 618 2584 672 enim
2623 634 2640 671 :
2690 616 2968 670 Dominum
3024 618 3184 671 Deum
3240 618 3520 683 adorabis,

1950 719 1997 761 et
2034 707 2113 760 illi
2147 709 2248 761 soli
2274 712 2481 762 serries.
2520 707 2790 780 (Ηὶει-οη.)
2838 707 3030 761 Dicens
3059 708 3298 763 diabolus
3341 707 3525 763 Salva-

1953 798 2076 862 tori,
2103 794 2393 851 Procideus
2413 798 2716 851 adoraveris
2738 813 2839 861 me,
2862 812 2892 851 e
2919 797 3191 851 contrario
3214 800 3361 852 audit
3382 801 3524 870 quod

1951 887 2063 956 ipse
2090 875 2279 957 'magis
2306 887 2536 942 adorare
2570 902 2693 941 eum
2731 887 2919 941 debeat
2962 886 3245 941 Dominum
3277 897 3331 941 et
3358 889 3523 943 Deum

1948 995 2127 1033 suum.
2157 978 2360 1045 Qumrit
2392 978 2529 1032 forte
2550 977 2743 1046 aliquis
2774 978 3044 1046 quomodo
3073 976 3361 1033 conveniat
3382 977 3521 1046 quod

1950 1069 2038 1123 hic
2082 1068 2427 1137 praecipitur,
2460 1066 2687 1121 Domino
2732 1066 2832 1121 soli
2877 1068 3248 1133 serviendum,
3286 1066 3522 1136 Apostoli

1948 1161 2134 1225 verbo,
2165 1159 2255 1229 qui
2282 1160 2442 1214 dicit:
2470 1157 2577 1214 Sed
2610 1160 3049 1229 perc/raritatem
3089 1161 3272 1214 servile
3307 1158 3523 1214 invicem

1949 1249 2088 1323 (Gul.
2118 1253 2192 1322 v).
2221 1248 2326 1305 Sed
2355 1250 2479 1305 huic
2511 1248 2666 1306 facile
2693 1248 2895 1306 Graeca
2932 1250 3127 1320 linguae
3154 1264 3216 1302 ex
3248 1263 3350 1317 qua
3378 1247 3528 1301 Scri-

1948 1355 2104 1416 ptura
2145 1345 2396 1399 translata
2431 1352 2515 1399 est
2551 1344 2703 1414 origo
2738 1341 3025 1406 satisfacit,
3064 1342 3115 1395 in
3150 1356 3255 1410 qua
3293 1340 3524 1395 servitus

1948 1439 2154 1509 duobus
2175 1437 2347 1492 modis
2369 1446 2431 1491 ac
2453 1437 2664 1492 diversa
2687 1435 3076 1506 signiﬁcatione
3099 1434 3230 1489 solet
3246 1448 3348 1504 app
3384 1432 3522 1498 llari,

1946 1528 2143 1582 dicitur
2169 1528 2313 1582 enim
2351 1529 2579 1602 λατρεία,
2612 1528 2809 1581 dicitur
2847 1534 2900 1580 et
2932 1525 3169 1590 «ischia;
3203 1525 3300 1579 sed
3330 1523 3524 1581 δουλεία

1948 1620 2263 1690 intelligitur
2288 1621 2521 1675 servitus
2548 1621 2871 1685 communis,
2899 1620 2954 1675 id
2980 1628 3083 1683 est,
3111 1620 3223 1674 sive
3251 1616 3380 1677 Deo,
3410 1615 3525 1671 sive

1949 1710 2177 1776 homini,
2206 1709 2320 1764 sive
2362 1710 2584 1765 cuilibet
2608 1725 2790 1764 rerum
2817 1717 3044 1774 natum,
3072 1708 3332 1773 exhibita,
3358 1722 3390 1760 a
3417 1721 3526 1775 quo

349 1788 494 1843 Tunc
517 1791 642 1844 dicit
670 1792 716 1845 ei
738 1790 892 1845 Iesus
916 1808 934 1845 :
966 1790 1128 1855 Vade,
1153 1789 1372 1845 Satana.
1406 1790 1674 1863 (Hieron.)
1710 1790 1847 1857 Non,
1878 1781 1925 1841 B
1953 1802 2117 1857 etiam
2164 1816 2368 1868 servus,
2392 1794 2455 1856 id
2478 1808 2561 1857 es;
2604 1800 2798 1866 δοῦλος,
2831 1800 3019 1857 Gmce
3050 1814 3245 1856 nomen
3290 1798 3521 1867 accipit;

273 1886 334 1932 ut
360 1880 600 1949 plerique
628 1890 852 1950 putant,
885 1869 1073 1936 eadem
1109 1881 1339 1936 Satanas
1367 1891 1423 1937 et
1449 1882 1722 1952 apostolus
1744 1881 1849 1936 Pe-
1886 1941 1892 1947 ,

270 1978 391 2024 trus
436 1972 699 2026 sententia
757 1973 1173 2039 condemnatur;
1213 1973 1376 2030 Petro
1420 1974 1564 2029 enim
1612 1974 1847 2030 dicitur:

281 2058 427 2114 Vade
454 2070 590 2115 retro
619 2079 719 2127 me,
746 2062 966 2127 Satana.
1001 2066 1055 2119 id
1071 2074 1174 2131 est,
1198 2079 1424 2135 sequere
1444 2079 1552 2130 me,
1573 2066 1698 2135 quia
1722 2081 1852 2121 con—

269 2149 472 2203 trarius
497 2165 556 2205 es
586 2151 843 2205 voluntati
868 2168 1019 2207 mean.
1056 2153 1153 2208 llic
1171 2169 1300 2209 vero
1328 2154 1477 2208 audit
1507 2171 1519 2207 :
1557 2150 1719 2217 Vade,
1748 2152 1851 2207 Sa-

266 2246 420 2303 tana,
451 2246 506 2293 et
545 2254 652 2294 non
692 2240 739 2292 ei
780 2240 976 2296 dicitur
1008 2251 1175 2306 retro,
1210 2250 1268 2297 ut
1295 2242 1647 2297 subaudiatur
1673 2262 1686 2297 :
1714 2243 1849 2298 vade

269 2327 326 2381 in
370 2328 547 2399 ignem
592 2338 872 2397 aeternum,
906 2332 994 2400 qui
1040 2340 1263 2399 paratus
1308 2341 1394 2387 est
1422 2332 1517 2387 tibi
1547 2342 1603 2387 et
1646 2333 1850 2403 angelis

265 2418 398 2473 tuis.
431 2419 723 2494 (Maenas)
770 2421 827 2476 Si
868 2431 1045 2477 autem
1073 2424 1367 2485 secundum
1392 2424 1496 2478 alia
1517 2424 1847 2495 exemplaria

265 2507 393 2575 quis
409 2506 555 2562 Vade
573 2517 738 2575 retro,
756 2512 1006 2577 Satanas,
1022 2513 1199 2585 legere
1214 2514 1465 2579 voluerit,
1478 2523 1655 2584 potest
1675 2517 1727 2570 in
1743 2516 1845 2571 hoc

267 2595 342 2649 ita
364 2599 584 2661 sentire,
599 2601 741 2669 quod
764 2610 907 2655 retro
928 2602 994 2656 ad
1024 2611 1291 2658 transacta
1315 2614 1553 2674 tempora
1572 2608 1843 2677 respiciat,

262 2684 464 2752 quibus
507 2687 609 2742 sibi
649 2704 797 2743 reum
830 2690 1074 2745 diabolus
1110 2693 1329 2746 tenebat
1358 2694 1632 2748 mundum.
1682 2695 1844 2762 Quasi

263 2775 528 2832 Daminus
549 2778 760 2835 diabolo
780 2781 962 2837 dicens
989 2801 1000 2835 :
1021 2783 1169 2838 Vade
1192 2794 1359 2850 retro,
1378 2784 1625 2849 Satanas,
1644 2784 1845 2856 signiﬁ-

263 2869 473 2923 caverit
502 2870 835 2940 principatus
858 2874 941 2928 sui
971 2883 1237 2944 tempora;
1259 2890 1419 2944 quem
1452 2876 1503 2929 in
1536 2884 1682 2929 retro
1711 2876 1845 2930 actis

258 2959 476 3014 smculis
521 2963 767 3027 tenebat,
793 2967 903 3033 jam
945 2979 1066 3020 esse
1113 2964 1373 3029 ﬁnienda,
1410 2982 1474 3021 ac
1515 2967 1560 3021 si
1604 2968 1840 3022 diceret:

258 3052 492 3108 Attende
534 3064 698 3119 retro,
726 3056 937 3125 quando
967 3057 1224 3128 decepisti
1267 3061 1500 3128 primum
1545 3060 1837 3122 hominem,

1949 1889 2156 1965 λατρεία
2179 1896 2360 1944 autem
2379 1899 2605 1945 vocatur
2629 1889 2861 1944 servitus
2886 1888 2973 1943 illa
2999 1903 3117 1958 quae
3142 1888 3256 1943 sola
3279 1886 3527 1942 divinita-

1951 1980 2023 2036 tis
2067 1979 2236 2036 cultui
2281 1979 2485 2046 debita,
2515 1994 2691 2050 neque
2718 1979 2808 2034 ulli
2845 1987 2930 2035 est
2962 1976 3334 2050 participanda
3376 1992 3527 2035 crea-

1950 2079 2116 2138 turte;
2162 2072 2303 2131 unde
2331 2078 2388 2128 et
2425 2070 2721 2126 idololatraz
2750 2080 3125 2140 nuncupantur
3152 2068 3206 2122 bi
3242 2067 3333 2138 qui
3369 2075 3521 2132 vota,

1948 2177 2137 2233 preces
2176 2170 2233 2216 et
2280 2161 2566 2227 sacriﬁcia,
2593 2176 2712 2230 quae
2757 2161 2849 2215 uni
2876 2160 2986 2215 Deo
3023 2159 3345 2224 debuerant,
3372 2156 3528 2217 idolis

1951 2240 2281 2322 impendunt.
2330 2251 2592 2308 Jubemur
2642 2266 2771 2322 ergo
2810 2265 2910 2322 per
2956 2250 3275 2305 charitatem
3326 2248 3527 2307 servire

1949 2342 2198 2407 invicem,
2224 2343 2368 2412 quod
2393 2349 2479 2398 est
2504 2340 2691 2397 Grazce
2718 2340 3003 2407 δουλεύην;
3027 2340 3283 2412 iubemur
3299 2338 3393 2395 uni
3417 2353 3529 2395 ser-

1947 2433 2085 2500 vire,
2111 2432 2256 2503 quod
2292 2441 2377 2489 est
2416 2433 2602 2490 Greece
2627 2434 2907 2510 λατρεύειν,
2937 2432 3079 2489 unde
3108 2429 3307 2487 dicitur
3336 2429 3405 2484 Et
3444 2427 3524 2484 illi

1947 2521 2045 2575 soli
2084 2523 2295 2586 servies,
2325 2522 2471 2591 quod
2503 2529 2587 2576 est
2621 2521 2807 2576 (ἵει-ξιτεδ
2841 2521 3159 2596 λατρεύσεις,
3182 2526 3238 2575 et
3282 2517 3475 2572 iterum
3504 2536 3517 2571 :

1949 2611 2062 2666 Nos
2104 2613 2241 2666 enim
2287 2628 2467 2665 sumus
2509 2612 2837 2666 circumcisio
2886 2610 3095 2680 spiritui
3123 2608 3218 2664 Dei
3248 2607 3522 2663 servientes

1946 2699 2201 2772 (Philipp.
2230 2702 2337 2773 ιιι),
2370 2692 2513 2772 quod
2541 2709 2624 2756 est
2659 2700 2846 2756 Graece
2872 2701 3219 2777 λατρεύοντας.

2020 2787 2166 2843 Tunc
2201 2789 2408 2859 reliquit
2443 2806 2561 2844 eum
2594 2789 2855 2855 diabolus,
2878 2798 2925 2843 et
2947 2804 3063 2843 ecce
3093 2788 3263 2859 anqeli
3290 2805 3520 2850 accesse-

1949 2888 2092 2945 runt,
2121 2888 2169 2934 et
2193 2880 2555 2936 ministrabant
2584 2882 2652 2936 ei.
2683 2878 2951 2954 (nierum)
2980 2880 3245 2944 Praeerat
3272 2889 3518 2954 tentatio,

1948 2978 2009 3024 ut
2048 2979 2307 3040 mittatur
2349 2971 2609 3037 viclOria.
2639 2971 2815 3052 angeli
2859 2979 3165 3035 ministrant
3204 2987 3264 3034 ut
3307 2979 3525 3036 victoris

1947 3059 2180 3132 dignitas
2227 3062 2630 3131 complobetur.
2676 3069 2749 3124 Es
2782 3084 2887 3140 qua
2927 3084 2985 3124 re
3023 3070 3151 3139 quid
3185 3068 3329 3123 aliud
3360 3083 3523 3138 quam

255 3148 320 3194 cl
353 3151 598 3216 posteros
625 3145 741 3221 ejus
770 3162 865 3221 per
894 3148 1075 3205 varios
1115 3149 1376 3203 idolorum
1421 3150 1596 3204 cultus
1623 3150 1843 3206 deinde-
1869 3133 1913 3198 Π
1946 3147 2105 3210 unius
2152 3168 2396 3225 personae
2444 3166 2675 3228 utraque
2718 3133 2909 3213 natura
2949 3133 3285 3213 ostenditur?
3320 3133 3443 3228 quia
3471 3167 3525 3215 et

257 3238 392 3304 bas;
422 3239 646 3295 sulliciat
678 3243 768 3296 liii
801 3259 967 3313 usque
993 3236 1287 3310 ltuc,tnuuc
1318 3256 1497 3302 autem
1526 3265 1632 3301 non
1667 3248 1837 3302 solum

260 3341 349 3379 me
397 3327 710 3385 subvertere
756 3348 860 3386 non
907 3334 1136 3409 valebis,
1168 3335 1274 3391 imo
1300 3351 1331 3390 a
1357 3345 1639 3406 potestate,
1673 3336 1835 3407 quam

254 3425 313 3469 te
348 3416 545 3473 habere
567 3419 859 3489 pluudebas
884 3438 980 3492 per
1008 3440 1092 3480 me
1130 3426 1383 3496 ejicieris.
1413 3426 1567 3482 Sicut
1601 3428 1713 3497 ipse
1736 3443 1834 3499 ap-

252 3509 652 3578 propinquante
679 3512 810 3567 hora
840 3529 949 3569 suae
974 3517 1238 3584 passionis
1268 3518 1537 3573 dicebat:
1568 3519 1723 3573 Nunc
1739 3520 1835 3589 ju-

254 3600 453 3653 dicium
478 3611 551 3655 est
571 3603 773 3668 mundi,
798 3622 935 3658 nunc
955 3606 1198 3676 princeps,
1215 3607 1373 3677 hujus
1396 3608 1579 3661 mundi
1603 3608 1835 3677 ejiciemr

252 3684 435 3759 (aras;
463 3700 513 3744 et
538 3708 630 3763 ego
658 3694 702 3747 si
725 3693 985 3749 excitatus
1015 3694 1163 3764 [uero
1187 3714 1217 3748 a
1248 3707 1407 3761 terra,
1428 3698 1601 3769 omnia
1628 3699 1833 3751 troitum

254 3779 329 3832 ad
370 3798 449 3834 me
485 3782 654 3851 ipsum
685 3783 866 3854 (Joan.
894 3786 1013 3856 xu).
1061 3784 1291 3842 Satanas
1333 3802 1459 3857 ergo
1506 3788 1839 3842 adversarius

255 3868 467 3936 Latine,
492 3871 606 3927 sive
634 3883 1003 3944 transgressor,
1034 3877 1437 3946 interpretatur.
1463 3878 1531 3932 Et
1560 3886 1709 3933 recte
1735 3880 1836 3933 iui-

252 3958 431 4014 uiicus
459 3961 700 4016 veritatis
725 3973 886 4032 atque
909 3975 1275 4037 transgressor
1295 3968 1515 4038 justitim
1537 3979 1830 4023 retrorsum

231 4047 434 4113 -vadit,
465 4050 591 4119 quia
620 4056 744 4107 cum
789 4053 901 4123 ipse
935 4070 1090 4109 suum
1120 4055 1374 4111 honorem
1419 4072 1522 4110 non
1573 4058 1825 4121 servavit,

1947 3246 2110 3298 homo
2146 3253 2230 3299 est
2268 3262 2428 3314 quem
2465 3236 2707 3302 diabolus
2744 3256 2931 3313 tentat,
2961 3256 3017 3302 et
3056 3248 3195 3302 idem
3236 3248 3348 3318 ipse
3385 3249 3524 3303 Deus

1942 3344 2027 3391 est
2063 3337 2148 3392 cui
2181 3338 2249 3392 ab
2277 3338 2487 3409 angelis
2526 3338 2881 3394 ministratur.
2934 3339 3333 3409 Cognoscamus
3361 3338 3524 3409 igitur

1940 3427 1996 3482 in
2021 3443 2089 3485 eo
2118 3437 2369 3484 naturam
2396 3438 2655 3497 nostram,
2687 3431 2810 3500 quia
2837 3431 2940 3486 nisi
2976 3432 3122 3486 hunc
3148 3429 3392 3485 diabolus
3419 3430 3517 3483 ho-

1944 3518 2145 3574 minem
2168 3530 2438 3585 cerneret,
2468 3536 2573 3575 non
2599 3527 2849 3575 tentaret.
2880 3518 3209 3575 Veneremur
3238 3518 3290 3571 in
3318 3517 3406 3572 illo
3434 3518 3517 3572 di-

1942 3609 2223 3664 vinitatem
2254 3624 2428 3675 suam,
2462 3610 2590 3679 quia
2614 3610 2718 3664 nisi
2744 3608 2887 3664 Deus
2909 3623 3071 3677 super
3110 3608 3288 3662 omnia
3318 3607 3519 3661 existe-

1941 3709 2047 3763 ret,
2076 3698 2221 3754 nullo
2254 3700 2414 3754 modo
2455 3695 2629 3770 angeli
2660 3700 3027 3754 ministrarent
3056 3700 3124 3753 ci.
3159 3699 3358 3753 Verum
3392 3698 3517 3766 quia

1939 3787 2261 3857 principium
2289 3790 2461 3842 sancti
2488 3788 2761 3858 Evangelii
2788 3788 2854 3842 de
2878 3787 3187 3858 genealogia
3208 3795 3265 3841 et
3291 3785 3518 3841 infantia

1939 3875 2254 3942 Salvatoris,
2282 3877 2349 3931 de
2383 3878 2655 3947 baptismo
2681 3886 2736 3931 et
2765 3878 3060 3941 tentatione
3086 3876 3222 3946 ejus,
3249 3878 3353 3932 hoc
3384 3877 3518 3933 libro

1936 3968 2340 4037 explicavimus,
2359 3971 2425 4024 de
2448 3969 2602 4024 initio
2625 3969 3019 4039 prmdicationis
3042 3969 3183 4024 illius
3202 3968 3345 4025 aliud
3368 3984 3519 4024 exor-

1934 4062 2080 4113 dium
2116 4074 2413 4115 sumamus.

2336 4210 2472 4217 -..νο-
2498 4210 2673 4216 ...σπι-μ
2696 4209 3487 4218 ι--σ--φ-...υ--ῇς--μ--ι

1415 4308 1715 4385 LIBER
1791 4310 2348 4388 SECUNDUS.

1658 4494 2057 4508 ψ

300 4662 303 4665 Ἰ
682 4579 1030 4650 SEQUITUR
1067 4584 1293 4641 CAPUT
1327 4586 1415 4642 IV.

249 4690 330 4745 De
358 4690 508 4744 initio
542 4690 1187 4814 prwdicationileltristi,
1212 4705 1259 4748 et
1292 4697 1557 4751 vocatione
1591 4699 1827 4770 discipu-

965 4781 1134 4814 orum.

965 4781 1134 4818 orum.

323 4850 413 4923 [1.]
441 4850 731 4920 Postquam
761 4867 889 4923 ergo
927 4853 1211 4911 Matthaaus
1246 4859 1570 4930 evangelista
1600 4860 1668 4915 de
1692 4876 1827 4930 qua-

198 4949 207 4956 '
248 4941 497 5011 draginta
522 4940 725 4995 dierum
743 4939 968 5012 jejunio,
991 4946 1129 5000 etde
1152 4948 1443 5003 tentatione
1461 4965 1566 5019 qua
1594 4958 1831 5007 tentatus

244 5040 333 5086 est
357 5048 388 5086 a
417 5031 631 5088 diabolo
679 5033 946 5102 Salvator,
990 5045 1045 5092 et
1074 5040 1138 5093 de
1183 5041 1494 5111 angelorum
1530 5045 1832 5101 ministerio

250 5124 508 5187 narravit,
539 5128 796 5183 continuo
821 5128 1048 5198 subjecit
1080 5130 1263 5188 dicens
1288 5152 1300 5187 :

320 5211 453 5268 Cum
494 5225 669 5270 autem
700 5219 931 5273 audisset
972 5221 1126 5277 Iesus
1158 5225 1304 5293 quod
1340 5224 1571 5279 Joannes
1605 5229 1831 5282 traditus

242 5314 401 5368 esset,
450 5308 656 5361 secessit
697 5308 751 5361 in
798 5307 1092 5366 Galila’am.
1148 5312 1259 5385 [IL]
1311 5301 1681 5383 Quodutamen
1725 5335 1829 5373 non

245 5395 506 5452 continuo
556 5397 756 5453 factum
807 5400 1044 5459 Joannes
1090 5406 1360 5475 apostolus
1405 5416 1460 5461 et
1501 5406 1829 5481 evangelista

246 5487 589 5555 manifestat;
635 5504 755 5545 cum
798 5494 948 5558 dicit,
983 5505 1268 5567 antequam
1312 5498 1546 5555 Joannes
1588 5501 1828 5573 Baptista

244 5581 446 5637 missus
486 5591 629 5637 esset
671 5584 723 5638 in
763 5575 1281 5653 carcercm,‘Jesum
1314 5592 1419 5646 isse
1450 5592 1501 5646 in
1532 5593 1824 5649 Galilaeam.

245 5675 539 5765 ifustquam
580 5678 723 5733 enim
755 5683 1194 5736 commemoravit
1224 5683 1363 5761 quod
1406 5683 1459 5739 in
1500 5684 1643 5741 Caua
1686 5686 1831 5742 Gali-

1853 4594 1905 4654 D
1928 4594 2041 4649 lzea:
2066 4592 2194 4649 fecit
2218 4596 2285 4651 de
2309 4611 2446 4666 aqua
2472 4597 2681 4662 viuum,
2707 4606 2764 4651 et
2805 4596 3081 4652 descendit
3106 4611 3230 4651 cum
3259 4605 3433 4651 matre
3456 4609 3513 4653 et

1936 4684 2229 4754 discipulis,
2258 4693 2315 4740 et
2347 4686 2421 4740 ibi
2450 4694 2764 4742 manserunt
2791 4702 2896 4742 non
2942 4687 3123 4742 multis
3147 4686 3355 4754 diebus,
3381 4688 3513 4743 dicit

1937 4792 2059 4832 eum
2081 4777 2275 4832 deinde
2290 4778 2600 4833 ascendisse
2612 4777 3034 4851 Hierosolymam
3055 4788 3273 4849 propter
3286 4780 3507 4849 pascha,

1935 4870 2174 4939 postha’:c
2196 4870 2404 4951 venisse
2425 4870 2481 4924 in
2502 4869 2740 4926 Judaeum
2767 4878 2963 4926 terram
2986 4879 3041 4925 et
3062 4870 3351 4940 discipulos
3370 4871 3508 4948 eius,
3578 4874 3581 4875 ⁷

1934 4969 1991 5015 et
2024 4960 2134 5015 illic
2166 4960 2499 5016 demoratqu
2532 4960 2653 5016 cum
2680 4961 2777 5025 eis,
2805 4968 2860 5015 et
2893 4960 3274 5031 baptizantem,
3300 4961 3389 5015 ubi
3420 4976 3508 5016 se-

1935 5061 2091 5105 cutus
2110 5051 2215 5105 ait:
2235 5050 2366 5104 Erat
2390 5061 2562 5106 autem
2584 5062 2633 5104 et
2657 5049 2889 5104 Joannes
2915 5050 3185 5120 baptizans
3210 5049 3264 5103 in
3290 5048 3509 5103 diunon

1926 5142 2086 5210 juxta
2111 5140 2303 5203 Salint,
2330 5142 2455 5211 quia
2482 5158 2635 5211 aqua:
2672 5141 2854 5196 multa:
2878 5151 3026 5197 erant
3053 5128 3163 5196 illic
3191 5141 3373 5213 (Joan.
3399 5141 3504 5213 ιιι).

1938 5230 2215 5284 Matthmus
2262 5239 2473 5291 autem,
2526 5231 2666 5286 sicut
2713 5232 2958 5301 superius
3002 5230 3505 5292 demonstravimus,

1934 5322 2100 5376 dicit:
2130 5322 2262 5375 Cum
2314 5334 2486 5377 autent
2532 5324 2763 5377 audisset
2805 5322 2944 5393 quod
3000 5320 3232 5376 Joannes
3284 5320 3507 5373 traditus

1932 5423 2096 5477 esset,
2145 5413 2352 5473 secessit
2396 5413 2453 5466 in
2506 5411 2804 5469 Galilwam.
2858 5405 3115 5467 Similiter
3166 5421 3220 5467 et
3270 5411 3502 5465 Marcus.

1932 5504 2122 5559 Postea
2151 5515 2352 5569 autem,
2383 5523 2502 5559 runt
2530 5506 2755 5559 traditus
2782 5502 3068 5573 est,inquit
3091 5500 3345 5566 Joannes,
3371 5502 3504 5555 venit

1931 5596 2085 5650 Jesus
2109 5597 2163 5649 in
2198 5594 2495 5651 Galila'am.
2532 5596 2702 5651 Lucas
2740 5596 2955 5665 quidem
2983 5594 3113 5648 nihil
3142 5593 3270 5648 dicit
3296 5594 3362 5647 dc
3394 5602 3505 5647 tra-

1932 5686 2043 5743 dito
2067 5685 2294 5754 Joanne,
2324 5689 2417 5743 scd
2450 5695 2653 5742 tantum
2684 5695 2736 5742 et
2757 5694 2874 5757 post
2907 5686 3230 5757 baptismqu
3258 5695 3312 5742 et
3341 5694 3507 5740 tenta-
