3938 6310
486 273 589 330 787

1147 270 1204 325 Β.
1247 268 1495 325 liABANl
1535 261 1750 324 MAURI
1784 262 2103 323 ARCHIEP.
2148 263 2457 322 MOGUNT.
2497 266 2781 326 OPERUM
2819 269 3000 324 PARS
3035 272 3074 324 l.

3637 271 3738 324 783

491 398 688 442 tionem
718 385 919 441 Christi
950 383 1079 437 dicit
1108 398 1228 436 eum
1271 384 1480 437 venisse
1516 384 1566 436 in
1597 381 1894 446 Galilaeam,
1927 380 2068 434 sicut
2093 378 2141 437 Α
2171 381 2400 435 etrinam
2447 381 2689 450 discipuli
2728 397 2836 435 non
2863 382 3129 451 despexit,
3167 400 3270 438 non
3311 383 3612 455 impedivit,
3647 383 3740 438 sed

488 477 562 535 llli
608 479 730 532 duo.
793 471 924 529 Nam
973 476 1046 529 ita
1095 476 1333 530 contexit
1374 474 1740 528 narrationem
1779 470 2059 528 etiaszt

487 578 861 630 consummata,
888 568 1078 637 inquit,
1106 569 1245 620 omni
1267 567 1569 632 tentatione,
1591 566 1832 620 diabolus
1857 566 2060 620 secessit

485 658 550 712 ab
580 656 670 711 illo
703 674 862 727 usque
886 657 956 710 ad
985 668 1200 726 tempus,
1232 666 1278 710 et
1302 673 1563 728 regressus
1583 667 1656 712 est
1687 655 1842 711 Jesus
1873 658 1924 710 in
1951 657 2056 709 vir-

482 755 588 804 tute
611 749 665 801 in
689 744 981 810 Calilwam,
997 757 1043 799 et
1067 746 1208 815 fanta
1231 747 1356 800 exiit
1377 765 1468 817 per
1490 749 1778 804 universam
1803 749 2058 817 regionem

481 840 546 894 de
585 839 695 892 illo.
744 839 891 894 Unde
939 839 1254 910 intelligitur
1285 840 1382 894 hos
1414 848 1524 894 tres
1559 839 1916 910 evangelistas
1954 853 2055 891 non

478 933 669 1002 Joanni
714 932 1054 1004 evangelista:
1093 933 1364 987 contraria
1396 949 1665 1004 narrasse,
1707 933 1798 986 sed
1840 939 2059 1004 praeter-

478 1025 692 1080 misisse
719 1024 948 1096 primum
979 1025 1189 1078 Domini
1219 1025 1504 1090 adventum
1536 1024 1587 1076 in
1611 1022 1885 1077 Galilzeam
1917 1031 2056 1092 post-

435 1170 438 1173 .
476 1133 704 1192 eaquam
735 1083 1039 1189 ba’ptizatus
1066 1127 1170 1182 est,
1197 1118 1412 1187 quando
1440 1117 1546 1171 illic
1576 1133 1768 1186 aquam
1793 1116 2054 1170 convertit

477 1207 532 1263 in
561 1209 770 1275 vinum,
797 1216 922 1262 tunc
948 1208 1090 1262 enim
1120 1205 1355 1261 nondum
1383 1216 1501 1260 erat
1539 1206 1766 1260 traditus
1795 1204 2051 1271 Joannes,

473 1313 598 1353 eum
643 1315 769 1355 vero
814 1300 1098 1355 adventum
1146 1298 1261 1369 ejus
1309 1297 1362 1351 in
1410 1297 1682 1371 Galiimam
1733 1300 2052 1354 connexisse

473 1389 872 1452 narrationibus
913 1388 1025 1446 suis
1068 1387 1159 1457 qui
1199 1396 1320 1458 post
1373 1386 1636 1442 Joannem
1684 1389 1936 1444 traditum
1973 1389 2052 1442 fa-

469 1467 588 1535 ctus
616 1487 728 1545 est;
759 1480 824 1538 de
862 1495 970 1550 quo
991 1479 1116 1552 ejus
1150 1478 1324 1537 reditu
1354 1481 1406 1534 in
1431 1481 1703 1536 Galilaeam
1747 1476 1908 1545 etiam
1935 1483 2049 1552 ipse

466 1569 702 1636 Joannes
733 1571 1055 1639 evangelista
1100 1570 1182 1626 sic
1226 1569 1596 1642 loquiturzllt
1647 1590 1769 1645 ergo
1816 1577 2046 1645 cognovit

468 1659 793 1737 Jesus‘guia
838 1662 1116 1737 audierunt
1178 1659 1439 1735 Pltarist'ei
1490 1665 1613 1734 quia
1662 1662 1819 1718 Jesus
1871 1663 2043 1736 plures

468 1735 752 1821 discipulos
778 1751 906 1822 facit
936 1735 982 1805 et
1011 1744 1263 1823 baptizat,
1290 1740 1444 1829 quam
1469 1754 1720 1820 Joannes,
1748 1735 2046 1827 quanquam

467 1838 623 1896 Iesus
664 1859 768 1895 non
811 1842 1100 1912 baptizaret
1138 1844 1227 1898 sed
1271 1844 1539 1914 discipuli,
1569 1842 1774 1916 reliquit
1798 1845 2046 1900 Judcram

463 1919 875 1997 “abiit-iterum
905 1933 959 1984 in
987 1930 1262 1985 Galilwam
1296 1918 1476 2004 (Joan.
1505 1933 1598 2004 iv).
1630 1933 1781 1989 Tunc
1808 1949 1935 2006 ergo
1966 1935 2046 1989 in-

465 2023 751 2094 telligimus
773 2021 884 2094 jam
909 2022 1071 2078 fuisse
1097 2025 1348 2078 traditum
1374 2025 1654 2091 Joannem,
1683 2025 1894 2094 Judgeos
1917 2041 2044 2081 vero

466 2113 680 2184 audisse
709 2112 851 2188 quod
880 2111 1059 2182 plures
1090 2113 1378 2182 discipulos
1415 2113 1689 2170 faceret'et
1718 2117 2038 2185 baptizaret,

461 2211 621 2281 quam
655 2199 852 2263 fecerat
873 2209 927 2255 et
949 2201 1313 2271 baptizaverat
1337 2191 1588 2256 lenones.
1622 2203 1730 2258 Nec
1760 2205 1860 2259 huc
1883 2205 2044 2259 silen-

422 2283 587 2350 klum
636 2287 903 2353 arbitror,
952 2288 1093 2364 quod
1135 2287 1497 2344 ecclesiastica
1547 2298 1734 2342 narrat
1769 2290 2038 2356 historia,

461 2378 822 2440 beatissimum
849 2377 1110 2432 Joannem
1148 2378 1446 2447 apostolum
1479 2395 1646 2448 usque
1695 2381 1760 2434 ad
1795 2381 2038 2435 ultimum

458 2482 593 2548 pene
619 2480 728 2522 sate
755 2468 875 2521 vitae
920 2476 1129 2547 tempus
1158 2467 1359 2536 absque
1387 2468 1545 2522 ullius
1576 2468 1866 2538 Seripturae
1897 2470 2036 2524 indi-

365 2632 370 2636 α
458 2556 559 2615 clis
588 2557 934 2627 Evangelium
962 2558 1298 2625 prmu‘icasse.
1342 2557 1448 2612 Sed
1477 2574 1596 2612 cuzn
1631 2559 1812 2625 trium,
1841 2561 2036 2630 inquit,

457 2647 870 2718 Evangeliorum
919 2648 1080 2702 etiam
1117 2649 1180 2702 ad
1224 2650 1397 2721 ipsum
1441 2651 1630 2704 notitia
1667 2653 2036 2723 pervenisset,

454 2738 715 2814 probasse
756 2736 970 2806 quidem
1003 2746 1112 2790 tum
1143 2737 1314 2792 fidem
1346 2747 1400 2794 et
1439 2737 1720 2794 veritatem
1750 2741 2035 2806 dictorum,

453 2815 646 2883 deesse
672 2838 850 2883 tamen
878 2829 1010 2882 vidit
1036 2827 1236 2907 aliqua,
1264 2839 1320 2884 et
1357 2844 1418 2885 ea
1448 2825 1680 2885 maxime
1705 2847 1825 2904 qua:
1863 2835 2038 2904 primo

453 2918 851 3002 przedicationis
887 2935 999 2975 sua:
1021 2929 1260 3002 tempore
1295 2921 1552 2981 Dominus
1586 2933 1846 2996 gesserat,
1877 2928 2034 2994 rega-

453 2999 651 3093 tusque
678 3024 708 3065 a
740 3011 984 3066 fidelibus
1031 2999 1365 3091 auditoribus
1409 3013 1553 3098 suis,
1596 3022 1650 3069 et
1692 3013 2034 3071 credentibus

451 3099 510 3162 in
536 3097 846 3172 Christum,
877 3109 935 3154 ut
979 3116 1042 3156 ea
1085 3117 1204 3170 qua:
1247 3101 1616 3170 przeterierant
1655 3102 1864 3174 priores
1905 3112 2029 3159 ante

450 3189 793 3256 traditionem
818 3190 1038 3248 Joannis
1086 3189 1386 3246 Salvatoris
1413 3187 1564 3262 gesta
1591 3191 1940 3257 describeret,
1975 3202 2030 3248 et

449 3280 582 3341 ideo.
596 3283 727 3350 dicit
757 3285 813 3340 in
840 3283 1128 3356 Evangelio
1153 3304 1166 3338 :
1191 3282 1322 3340 Hice
1352 3286 1474 3356 fecit
1507 3287 1562 3341 tn
1583 3278 1734 3340 initio
1761 3287 2033 3357 signorum

447 3371 806 3448 Jesuonan.
845 3374 928 3447 ιι).
971 3376 1037 3430 Et
1083 3375 1277 3430 iterum
1317 3375 1371 3430 in
1406 3374 1512 3431 alio
1556 3375 1677 3432 loco
1705 3375 1905 3432 indicat
1949 3379 2030 3432 di-

447 3473 579 3540 cens
602 3488 614 3527 :
639 3469 889 3532 Nondum
923 3471 1060 3524 enim
1081 3469 1315 3525 Joannes
1342 3471 1516 3540 fuerat
1543 3469 1735 3524 missus"
1763 3464 1820 3525 in
1848 3478 2026 3525 carce-

448 3554 556 3624 scin
583 3558 762 3632 (Joan.
802 3560 907 3630 Ill).
937 3559 1014 3614 Ex
1045 3552 1238 3630 quibus
1269 3568 1485 3614 constat
1509 3561 1652 3628 quod
1678 3575 1743 3615 ea
1771 3575 1890 3629 quae
1935 3577 2031 3615 an-

445 3655 664 3722 tequam
697 3649 933 3705 Joannes
982 3650 1284 3704 traderetur
1328 3649 1396 3704 ab
1436 3637 1562 3704 Jesn
1603 3650 1820 3705 fuerant
1854 3663 2026 3721 gesta,

443 3738 725 3804 describit,
759 3739 860 3792 hoc
894 3747 977 3793 est
1005 3739 1162 3792 unius
1187 3747 1394 3817 tantum
1421 3738 1578 3804 anni,
1615 3739 1670 3792 in
1692 3754 1798 3809 quo
1818 3748 1873 3795 et
1903 3755 2026 3810 pas-

446 3845 542 3886 sus
570 3840 676 3914 est,
710 3839 828 3914 post
854 3845 1126 3885 carcerem
1153 3828 1408 3907 Joannis,
1444 3830 1725 3885 historiam
1770 3833 2024 3888 texuisse.

523 3919 588 3972 Et
631 3919 807 3979 relicta
847 3919 1051 3972 civitate
1095 3917 1396 3986 Nazareth,
1430 3921 1562 3974 venit
1605 3930 1654 3974 et
1697 3920 1945 3976 habitavit
1973 3922 2027 3976 in

444 4007 815 4080 Capharnaum
838 3991 1121 4076 marilima,
1139 4009 1192 4063 in
1219 4008 1412 4078 finibus
1427 4007 1664 4063 Zabulon
1691 4020 1739 4064 et
1763 4010 2029 4080 Nephtha-

445 4099 557 4156 lim.
591 4099 856 4172 (meram)
881 4087 1146 4155 Nazareth
1177 4099 1358 4170 itaque
1387 4101 1528 4155 unde
1558 4100 1816 4174 Dominus
1842 4105 2030 4157 uester

442 4198 498 4244 et
525 4187 772 4244 Salvator
799 4189 1087 4254 Nazaranls
1106 4198 1325 4244 vocatus
1355 4200 1457 4257 est,
1489 4189 1542 4245 in
1570 4189 1786 4246 Galilrea
1818 4193 2027 4248 viculus

441 4287 627 4335 contra
651 4280 941 4350 regionem,
959 4279 1012 4333 in
1029 4279 1341 4334 duodecimo
1357 4278 1473 4348 ejus
1492 4279 1740 4334 milliario
1755 4281 1823 4335 ad
1841 4279 2024 4336 Orien-

441 4375 604 4429 talem
645 4373 857 4444 plagam
897 4371 1052 4440 juxta
1101 4381 1338 4427 montem
1367 4371 1613 4438 Thabor,
1644 4372 2020 4442 Capharnaum

441 4479 573 4529 vero
595 4463 751 4535 juxta
793 4472 1042 4534 stagnum
1069 4461 1400 4518 Genesareth
1429 4477 1600 4532 usque
1619 4463 1791 4518 hodie
1818 4472 1902 4518 est
1930 4479 2024 4539 op-

441 4553 624 4636 pidum
659 4553 711 4608 in
747 4551 963 4607 Galilzea
990 4551 1252 4622 gentium,
1284 4552 1444 4634 situm
1475 4553 1528 4608 in
1560 4552 1756 4620 finibus
1781 4553 2022 4619 Zabulon

441 4653 497 4700 et
545 4642 907 4721 Nephtbalim.
960 4641 1156 4697 Narrat
1204 4641 1420 4724 quidam
1479 4658 1641 4711 supra
1692 4653 2024 4701 memoratus

443 4735 724 4806 episcopus
765 4733 1098 4805 Arculphus,
1150 4735 1342 4788 harum
1401 4733 1680 4788 civitatum
1736 4743 2022 4806 utramque

443 4825 713 4892 modernis
740 4825 1067 4894 temporibus
1102 4823 1303 4895 absque
1328 4839 1608 4880 murorum
1647 4825 1850 4880 ambitu
1879 4838 2019 4892 esse,

440 4921 502 4972 et
524 4912 796 4982 Nazareth
843 4902 1000 4984 supra
1032 4921 1273 4969 montem
1316 4915 1549 4984 positam
1575 4955 1590 4981 ,
1640 4913 2019 4988 Capharnaum

443 5022 576 5074 vero
604 5011 830 5078 angusto
860 4989 999 5059 inter
1032 5016 1266 5074 montem
1311 5015 1364 5061 et
1398 5015 1646 5078 stagnum
1693 5015 2020 5064 eoarctatam

442 5094 641 5169 spatio,
670 5094 738 5150 ab
763 5094 1077 5174 Aquilonari
1118 5095 1274 5176 plaga
1297 5105 1553 5161 montem,
1584 5097 1760 5152 lacum
1798 5113 1926 5153 vero
1954 5099 2022 5153 ab

441 5189 672 5255 Australi
701 5188 1010 5257 habentem,
1035 5196 1090 5242 et
1115 5189 1254 5257 quod
1287 5190 1354 5244 ab
1383 5189 1592 5246 Occasu
1619 5190 1672 5244 in
1714 5189 1903 5246 Ortum
1928 5205 2022 5245 ειν

439 5291 592 5335 tensa
623 5279 900 5350 dirigatur.
932 5277 1151 5350 Mystice
1186 5288 1364 5346 autem
1402 5281 1544 5350 quod
1570 5278 1777 5336 Joanne
1823 5280 2016 5335 tradito

441 5369 596 5429 Jesns
645 5371 833 5441 incipit
876 5371 1188 5442 praedicare,
1236 5371 1500 5440 significat
1547 5373 1688 5443 quod
1741 5373 2019 5429 desinente

441 5463 577 5537 lege,
603 5471 993 5532 consequenter
1037 5463 1212 5517 oritur
1264 5447 1632 5533 Evangelium,
1657 5479 1850 5520 aurora
1887 5465 2017 5519 detis

442 5552 616 5607 ciente
655 5568 816 5608 verus
850 5554 1124 5623 consurgit
1168 5551 1280 5624 Sol,
1309 5552 1572 5624 discipulo
1613 5563 1860 5608 cessante
1908 5553 2018 5607 Ma-

441 5646 608 5727 gister
652 5649 819 5705 adest.
850 5647 972 5721 Sed
1024 5647 1240 5702 humilis
1287 5647 1544 5716 magister
1575 5658 1650 5701 cst
1686 5646 1774 5702 ille
1804 5647 1893 5716 qui
1923 5647 2016 5702 do-

2167 473 2496 540 exspectavit
2525 473 2691 526 donec
2726 487 2942 526 cursum
2969 481 3124 526 Suum
3168 473 3460 543 discipulus
3489 489 3740 528 cousnmv

2166 562 2421 626 maverit;
2454 562 2754 630 exemplum
2781 561 2936 615 nobis
2964 560 3225 630 prtebens,
3255 579 3319 617 ne
3354 564 3477 632 quis
3511 564 3577 616 ab
3601 562 3735 616 infe-

2169 657 2306 710 riore
2332 671 2556 724 persona
2586 657 2841 726 despiciat
2878 671 3178 709 sermonem
3217 658 3616 726 prmdicationis
3643 671 3734 710 δυο

2163 747 2298 810 dire,
2327 747 2434 801 imo
2477 747 2828 802 humilitatem
2872 747 3214 816 apostolicam
3266 748 3477 801 studeat
3513 747 3736 810 imitari,

2163 834 2283 902 quia
2325 835 2487 889 dicit:
2519 834 2577 890 Si
2605 837 2686 888 cui
2717 835 2995 889 revelatum
3042 835 3198 903 fuerit
3232 835 3455 900 sedenti,
3481 838 3628 905 prior
3649 849 3734 889 ta~

2159 938 2267 979 ceat
2301 927 2351 997 (1
2371 927 2490 981 Cor.
2517 928 2648 992 x'v).
2685 927 2746 980 Et
2773 927 2969 989 relicta,
2987 928 3180 996 inquit,
3205 929 3413 982 civitate
3440 927 3734 992 Nasareth,

2157 1018 2293 1069 venit
2323 1027 2369 1069 et
2391 1017 2638 1071 habitavit
2665 1016 3032 1088 Capharnaum
3059 1017 3399 1070 maritimam.
3443 1016 3732 1079 Nazareth.

2155 1108 2274 1174 ﬂos,
2307 1117 2397 1160 aut
2429 1092 2705 1178 virgultum
2735 1109 2866 1176 ejus.
2910 1105 3284 1175 Capharnaum
3323 1105 3450 1158 villa
3496 1106 3735 1175 pulcher-

2157 1197 2309 1260 rima,
2340 1199 2452 1252 sive
2498 1215 2622 1268 ager
2665 1197 3013 1268 pinguedinis,
3038 1197 3150 1251 sive
3189 1195 3313 1250 villa
3359 1194 3733 1254 consolationis

2155 1285 2556 1353 interpretatur.
2584 1288 2722 1341 Bene
2751 1288 2931 1356 itaque
2955 1287 3282 1355 Redemptor
3307 1291 3514 1350 noster,
3541 1286 3728 1339 relicta

2155 1376 2421 1430 h‘azareth
2471 1376 2846 1446 Capharnaum
2900 1378 3322 1446 transgreditur,
3353 1377 3479 1446 quia
3507 1376 3571 1431 de
3601 1375 3730 1429 ﬂore

2153 1466 2463 1536 figurarum,
2494 1483 2610 1536 quae
2651 1468 2750 1523 sub
2793 1467 2907 1536 lege
2951 1467 3280 1536 imperfectae
3327 1466 3729 1531 manebant,“

2150 1557 2384 1612 fructum
2431 1559 2689 1629 spiritalis
2733 1559 3009 1623 doctrinae,
3055 1560 3146 1629 qui
3193 1560 3246 1612 in
3293 1560 3585 1629 Et‘angelio
3628 1570 3724 1621 est,

2150 1653 2382 1707 transire
2425 1668 2522 1707 nos
2547 1653 2720 1708 docet.
2759 1651 2817 1706 In
2864 1660 3048 1707 sancta
3080 1651 3279 1722 quippe
3323 1651 3586 1715 Ecclesia,
3612 1667 3731 1719 qua:

2076 1721 2121 1779 B
2153 1752 2234 1797 est
2270 1743 2392 1798 villa
2435 1743 2791 1812 pulcherrima
2831 1745 2883 1798 in
2926 1745 3118 1798 decore
3158 1743 3417 1798 virtutum
3444 1783 3458 1807 ,
3503 1754 3557 1798 et
3601 1758 3730 1812 ager

2150 1835 2488 1904 pinguediuis
2516 1835 2568 1887 in
2596 1835 2922 1888 abundantia
2949 1834 3250 1898 charitatis,
3277 1841 3437 1902 atque
3459 1825 3730 1904 opulentia

2148 1928 2407 1982 bonorum
2437 1940 2568 1996 Oper
2712 1927 2823 1980 sive
2851 1943 2979 1996 ager
3012 1927 3420 1988 consolationis,
3455 1926 3508 1980 in
3535 1926 3726 1980 solatio

2149 2018 2546 2088 Seripturarum
2577 2028 2629 2074 et
2657 2035 2751 2090 spe
2779 2019 2930 2074 firma
2966 2019 3268 2086 futurorum
3295 2020 3568 2083 habitans,
3610 2019 3726 2072 Sal-

2146 2119 2298 2166 vator
2344 2127 2439 2184 per
2484 2112 2732 2167 doctores
2783 2111 3039 2181 praedicat
3073 2110 3309 2179 quotidie
3357 2111 3721 2179 Evangelium,

2144 2203 2270 2271 quia
2312 2202 2366 2256 in
2411 2202 2525 2273 ipsa
2561 2202 2887 2272 fructificant
2930 2202 3109 2256 omnia
3155 2201 3394 2270 germina
3435 2200 3721 2263 virtutum;

2143 2287 2286 2349 unde
2317 2295 2367 2348 in
2392 2293 2601 2350 laudem
2632 2293 2746 2362 ejus
2777 2307 3005 2360 suerisns
3040 2295 3093 2346 in
3128 2292 3351 2347 Cantico
3391 2292 3722 2344 canticorum

2143 2383 2536 2439 dicitzllortus
2589 2396 2726 2438 conc
2931 2391 3080 2437 saror
3127 2399 3241 2436 mea
3286 2398 3502 2450 sponsa,
3546 2381 3724 2432 hortus

2141 2475 2438 2542 conclusus,
2473 2477 2588 2545 fons
2632 2479 2762 2546 sign.
2935 2474 3253 2530 Emissiones
3295 2482 3401 2525 tute
3445 2471 3726 2542 paradisus

2141 2566 2400 2621 malorum
2431 2567 2759 2636 punicorum,
2794 2579 2910 2618 eum
2938 2580 3209 2635 pomorum
3239 2562 3518 2631 fructibus.
3564 2557 3725 2630 Cypri

2141 2673 2257 2710 cum
2280 2658 2462 2720 nardo,
2479 2657 2699 2720 nardus,
2725 2666 2771 2710 et
2797 2672 2998 2721 crocus,
3026 2653 3226 2723 ﬁstula,
3246 2662 3292 2706 et
3307 2654 3720 2713 cinnamomum,

2141 2762 2256 2799 cum
2274 2748 2528 2807 universis
2550 2746 2706 2816 lignis
2721 2745 2925 2810 Libani,
2943 2745 3177 2815 myrrha,
3203 2754 3250 2798 et
3278 2743 3393 2796 aloe
3421 2759 3538 2796 cum
3562 2743 3724 2794 omni-

2140 2835 2234 2889 bus
2253 2836 2433 2906 primis
2457 2837 2752 2905 unguentis.
2777 2834 3233 2897 Fons'hortorum,
3257 2823 3447 2902 puteus
3467 2847 3722 2902 aquarum

2138 2926 2430 2992 viventium,
2473 2943 2589 2996 qua:
2627 2928 2800 2996 ﬂuunt
2839 2927 3031 2995 impetu
3074 2925 3144 2978 de
3179 2923 3380 2977 Libano
3416 2921 3588 2976 "Iant.
3621 2921 3716 2991 tv).

2136 3015 2260 3071 Haec
2303 3018 2439 3071 bene
2484 3017 2752 3071 maritima
2797 3017 3017 3081 dicitur,
3045 3017 3171 3086 quia
3194 3015 3349 3084 juxta
3386 3029 3540 3069 mare
3569 3014 3726 3069 istius

2135 3107 2318 3164 mundi
2359 3108 2556 3178 posita,
2584 3107 2823 3178 quotidie
2851 3107 3287 3177 persecutionum
3319 3103 3574 3160 ﬂuctibus
3600 3113 3721 3159 ωιις

2132 3198 2295 3253 ditur.
2327 3183 2597 3256 Attamen
2645 3199 2890 3265 homines
2934 3197 3088 3253 undis
3130 3197 3462 3268 voluptatum
3513 3211 3718 3252 mersos

2133 3288 2336 3344 retibus
2360 3288 2634 3360 Evangelii
2665 3303 2770 3344 non
2799 3297 2983 3365 cessat
2999 3288 3248 3344 liberare.
3279 3287 3408 3355 Quae
3442 3295 3501 3343 et
3525 3287 3578 3342 in
3600 3287 3719 3343 ﬁni-
3799 3351 3804 3354 _

2131 3379 2232 3434 bus
2261 3377 2497 3433 Zabulon
2544 3387 2597 3433 et
2623 3378 2964 3450 Nephthaiim
3010 3379 3112 3435 sita
3142 3392 3245 3442 est,
3278 3379 3401 3447 quia
3449 3377 3503 3432 in
3541 3378 3716 3434 medio

2133 3468 2370 3539 gentium
2393 3469 2458 3524 ad
2485 3468 2816 3524 dilatandam
2841 3468 3052 3524 fortiter
3075 3468 3296 3523 verbum
3323 3469 3419 3522 Dei
3445 3471 3712 3535 consistit,

2132 3567 2192 3612 ut
2233 3558 2579 3614 credentibus
2625 3560 2694 3614 sit
2733 3558 3030 3629 refugium,
3060 3566 3114 3612 et
3146 3559 3580 3627 periclitantibus
3625 3559 3717 3613 dc-.

2133 3658 2398 3705 monstret
2443 3649 2584 3705 fidei
2613 3658 2848 3720 portum.
2901 3649 3140 3704 Zabulon
3183 3664 3312 3719 ergo
3358 3636 3713 3704 habitaculum

2131 3739 2455 3808 fortitudinis
2482 3740 2889 3810 interpretatur,
2919 3748 2974 3795 et
3004 3739 3345 3809 Nephthalim
3374 3737 3638 3812 dilatatio.

2205 3829 2270 3884 Ut
2320 3830 2692 3902 adimpleretur
2718 3831 2858 3900 quod
2902 3831 3100 3884 dictum
3135 3839 3208 3884 est
3237 3828 3563 3908 perlsaiam
3593 3845 3714 3898 pro-

2128 3922 2334 3993 phetam
2375 3938 2395 3976 .·
2430 3921 2591 3975 Terra
2635 3919 2895 3986 Zabulon,
2932 3930 2980 3974 et
3027 3925 3169 3974 terra
3219 3917 3589 3990 Nephthalint,
3631 3917 3710 3971 via

2129 4013 2290 4066 maris
2321 4027 2467 4065 trans
2501 4009 2790 4065 Iordanem
2821 4009 3059 4065 Galilwte
3092 4008 3345 4079 gentium,
3370 4007 3596 4077 populus
3622 4007 3711 4078 qui

2129 4103 2336 4157 sedebat
2365 4104 2417 4156 in
2440 4102 2660 4157 tenebris
2700 4101 2867 4154 lucem
2897 4100 3022 4154 vidit
3050 4115 3318 4169 magnam,
3353 4098 3711 4173 habitantibus

2129 4195 2180 4248 in
2227 4195 2431 4264 regione
2479 4193 2675 4266 umbra:
2715 4191 2916 4253 mortis,
2953 4188 3046 4242 tua:
3076 4199 3190 4242 orta
3235 4199 3309 4242 est
3337 4190 3412 4241 eis
3442 4187 3578 4259 (Isa.
3610 4187 3706 4256 Ix).

2130 4284 2432 4339 Secundum
2481 4296 2610 4354 ergo
2653 4280 2992 4351 evangelista:
3041 4277 3278 4332 Matthzei
3328 4292 3578 4340 sensum,
3613 4277 3712 4331 hoc

2049 4368 2494 4463 D'testimonium
2535 4375 2793 4444 propheta
2837 4372 3004 4426 Isaias
3031 4370 3097 4425 de
3136 4371 3382 4425 adventu»
3412 4368 3611 4423 Christi
3655 4379 3710 4422 et

2127 4467 2517 4539 illmninatione
2539 4461 3077 4534 Evangeliiprzecinit
3105 4461 3230 4516 licet
3257 4457 3349 4514 alii
3377 4458 3505 4513 illud
3534 4460 3601 4514 ad
3633 4475 3717 4540 re:

2124 4558 2429 4612 versionem
2454 4557 2519 4610 de
2541 4554 2850 4625 captivitate
2873 4553 2972 4608 sub
2993 4550 3290 4606 Zorobabel
3313 4550 3513 4605 factam
3543 4551 3706 4603 inter-

2114 4638 2422 4718 pretentur.
2441 4645 2572 4699 Nam
2590 4660 2750 4699 verus
2775 4643 3015 4698 medicus
3039 4642 3105 4696 ad
3130 4641 3282 4696 initia
3304 4641 3538 4695 recurrit
3563 4639 3696 4693 dolo

2125 4757 2263 4807 runt,
2281 4739 2407 4809 quia
2430 4738 2518 4793 ubi
2536 4738 2707 4818 prima
2723 4736 3010 4808 captivitas
3021 4733 3364 4788 Hebraeorum
3382 4735 3448 4787 ab
3471 4731 3704 4801 Assyriis

2124 4828 2246 4896 fuit,
2278 4827 2530 4884 etdivina
2561 4828 2645 4882 lex
2682 4825 2736 4879 in
2776 4823 3101 4879 oblivionem
3140 4822 3310 4886 venit,
3347 4821 3418 4875 ibi
3452 4821 3702 4874 Dominus

2126 4919 2300 4991 primo
2333 4918 2509 4989 ignem
2541 4913 2939 4987 pmdicationis
2971 4912 3214 4967 accendit
3252 4909 3358 4983 (IV
3391 4910 3520 4981 Reg.
3549 4911 3700 4980 xvn).

2129 4999 2344 5083 (Narrat
2363 5008 2577 5078 quidem
2603 4994 2813 5078 Regum‘
2829 5005 3053 5060 historia
3079 5003 3220 5073 quod
3243 5001 3588 5057 Salmanasar
3610 5017 3696 5054 rex

2126 5102 2467 5173 Assyriorum
2489 5100 2782 5155 debellaret
2803 5096 3128 5164 Samariam,
3144 5103 3198 5148 et
3210 5093 3347 5151 Osee
3363 5109 3546 5164 regem
3563 5093 3701 5146 illius

2128 5196 2362 5250 vinctum
2391 5194 2623 5250 misisset
2646 5194 2698 5246 in
2721 5205 3013 5256 carcerem,
3031 5188 3430 5258 translatusque
3451 5186 3522 5241 sit
3542 5184 3699 5240 israel

2126 5285 2189 5339 de
2223 5295 2363 5338 terra
2392 5299 2489 5338 sua
2513 5283 2565 5336 in
2586 5281 2856 5351 Assyrios,
2886 5279 3304 5348 immisissetque
3334 5293 3431 5332 rex
3455 5276 3700 5347 Assyrio-

2123 5389 2242 5429 rum
2278 5357 2605 5442 alienigenas
2633 5381 2689 5426 ut
2721 5370 3052 5426 custodirent
3083 5379 3284 5425 terram
3307 5366 3494 5431 Israel,
3524 5383 3590 5421 ne
3617 5380 3698 5418 re-

2125 5465 2395 5534 digeretur
2449 5465 2500 5517 in
2549 5446 2923 5526 solitudinem,
2973 5461 3062 5530 qui
3109 5476 3204 5531 per
3255 5460 3587 5514 sacerdotem
3630 5470 3693 5509 ex

2123 5565 2279 5628 gente
2309 5555 2672 5609 lsraelitarum
2703 5554 2982 5619 instructi,
3015 5554 3300 5607 Dominum
3333 5550 3496 5606 Israel
3524 5562 3700 5602 COIt‘rn
3753 5616 3759 5621 ι

2123 5646 2444 5710 didicerunt,
2469 5641 2837 5710 verumtamen
2863 5645 2992 5701 deos
3013 5644 3217 5714 patrios
3237 5659 3372 5712 quos
3396 5641 3697 5706 habuan
