3938 6324
277 288 385 347 730

1285 287 1634 346 COMMENT.
1676 284 1741 341 lN
1780 283 2211 344 MATTILEUM.
2252 318 2317 329 -—
2349 288 2474 344 LIB.
2514 287 2575 345 ll.

3444 291 3545 347 790

277 406 333 459 in
373 416 518 458 terra
547 416 642 454 sua
670 415 774 454 non
803 390 1174 470 reliquerunt.)
1200 398 1470 471 (Hierom)
1501 400 1651 467 Quod
1680 406 1858 453 autem
1887 402 1937 460 Α
1961 377 2205 455 Andreas
2227 399 2413 464 viriiis,
2462 409 2516 457 et
2542 402 2645 457 hoc
2688 402 2823 457 bene
2852 402 2917 456 ad
2951 403 3229 458 doctorum
3259 418 3543 473 personam

279 491 448 546 dicit:
482 488 579 542 Via
625 490 783 542 maris
827 498 972 544 trans
1013 488 1299 542 Iordanem
1346 486 1581 541 Galila'te
1610 489 1859 559 gentium,

280 579 353 632 ad
400 576 756 632 diﬂ‘erentiam
800 580 1035 647 positum
1076 590 1159 632 est
1200 577 1420 632 alterius
1466 576 1718 642 Galil-mm,
1747 595 1865 647 qua:

278 680 363 725 est
392 671 444 723 in
476 671 616 723 tribu
659 670 916 725 Zabulon.
966 670 1093 724 Dure
1123 670 1386 738 siquidem
1418 669 1649 724 Galilaeae
1680 679 1805 725 sunt
1834 686 1864 725 e

282 761 478 831 quibus
515 775 623 814 una
665 759 881 815 Galilma
907 760 1146 831 gentium
1187 768 1429 822 vocatur,
1463 760 1635 813 vicina
1669 758 1865 813 ﬁnibus

280 854 591 924 Tyriorum,
618 853 706 907 ubi
728 860 781 907 et
794 852 1047 907 Salomon
1063 850 1281 904 donavit
1294 850 1477 921 viginti
1494 850 1735 904 civitates
1753 850 1862 921 regi

286 943 470 996 lliram
506 941 668 1007 Tvrio
708 942 761 995 in
807 950 957 997 sorte
990 941 1161 995 tribus
1190 938 1547 1010 Nepbtbalim.
1576 940 1864 1012 (Μλυιιυε.)

284 1032 471 1087 Altera
492 1032 709 1087 Galilma
751 1033 950 1087 dicitur
976 1030 1120 1085 circa
1151 1028 1506 1101 Tyberiadem
1537 1038 1591 1085 et
1616 1040 1864 1103 stagnum

282 1120 639 1186 Genesareth,
666 1122 717 1176 in
765 1122 905 1176 tribu
949 1120 1210 1175 Zabulon.
1256 1120 1491 1189 Populus
1532 1124 1620 1191 qui
1659 1123 1865 1178 sedebat

286 1213 339 1264 in
381 1213 601 1266 tenebris
635 1211 762 1264 vidit
803 1210 970 1263 lucem
1015 1226 1287 1280 magnam,
1318 1220 1372 1265 et
1407 1211 1633 1281 reliqua.
1668 1211 1865 1268 Sancta

284 1314 417 1370 ergo
449 1300 709 1363 Ecclesia,
735 1314 853 1367 qua:
871 1298 1025 1367 juxta
1062 1313 1209 1352 mare
1246 1301 1528 1368 prresentis
1558 1300 1740 1355 saeculi
1774 1316 1867 1371 po-

285 1389 389 1442 sita
418 1398 519 1451 est,
554 1388 667 1457 ipsa
699 1396 847 1459 trans
874 1386 1179 1452 Iordanem,
1209 1388 1367 1443 idest
1396 1404 1492 1459 per
1520 1390 1863 1459 baptismum,

284 1476 354 1530 de
377 1477 619 1547 pristinis
644 1476 921 1532 erroribus
948 1477 1123 1532 ablata
1148 1479 1406 1548 spiritalis
1434 1478 1673 1545 Galilzea,
1702 1481 1754 1534 id
1784 1488 1867 1535 est

288 1568 887 1638 transmigratio'facta
934 1578 1048 1647 est;
1082 1578 1135 1625 et
1178 1586 1297 1639 qum
1346 1571 1496 1640 prius
1531 1573 1629 1627 sub
1680 1573 1864 1641 gentili

284 1655 394 1707 situ
423 1656 473 1709 in
505 1658 692 1712 umbra
726 1661 935 1725 mortis,
970 1661 1022 1714 id
1049 1669 1132 1714 est
1169 1649 1220 1713 in
1251 1662 1431 1732 carnis
1474 1662 1602 1716 luxu
1639 1672 1692 1717 et
1721 1664 1865 1719 dele-

1968 490 2236 545 convenit.
2267 489 2403 557 Quia
2430 491 2482 545 bi
2504 490 2842 546 solummodo
2863 493 2930 547 ad
2955 506 3091 561 opus
3121 494 3411 565 magisterii
3447 495 3545 547 lia-

1968 576 2100 631 biles
2131 587 2276 643 sunt,
2302 581 2393 649 qui
2419 581 2694 649 sapientiae
2722 580 2923 636 lumine
2944 581 3296 646 illustrantur,
3328 593 3383 638 et
3411 584 3545 637 bene

1966 677 2250 736 operantes
2273 669 2539 725 mandatis
2567 672 2658 725 Dei
2684 671 2967 738 obediunt,
2999 671 3227 741 aliisque
3271 674 3410 743 quod
3442 674 3538 743 ipsi

1967 757 2183 812 sciendo
2234 768 2287 812 et
2342 764 2617 830 operando
2668 762 3007 829 custodiunt,
3057 763 3332 818 sciendum
3374 773 3427 818 et
3470 766 3545 817 l'a-

1978 849 2213 905 iiendum
2260 850 2471 905 fortiter
2524 861 2580 907 et
2637 854 2865 909 viriliter
2916 845 3226 928 suggerunt.
3288 856 3550 917 Mittimus

1966 954 2094 1009 ergo
2150 948 2254 993 rete
2296 942 2353 994 in
2388 958 2534 996 mare
2575 943 2642 998 ad
2676 943 3053 1015 diseipulatum
3094 962 3250 1002 suum
3292 947 3551 1011 Domims

1964 1038 2248 1085 convocat.
2271 1030 2408 1099 Quia
2436 1048 2579 1103 saepe
2608 1049 2702 1089 eos
2725 1050 2862 1103 quos
2886 1037 3118 1093 terrenis
3146 1028 3310 1094 lucris
3342 1039 3552 1093 initiare

1965 1122 2291 1187 considerat,
2338 1124 2411 1177 ad
2463 1124 2701 1181 caelestis
2754 1126 2901 1196 regni
2943 1126 3267 1182 desiderium
3315 1143 3342 1181 a
3401 1128 3551 1197 θυρὶς

1965 1209 2129 1265 ditate
2162 1213 2534 1283 temporalium
2570 1223 2788 1270 revocat
2818 1222 3008 1271 etnon
3050 1215 3220 1272 solum
3258 1218 3402 1286 ipsos
3431 1218 3551 1271 inde

1966 1298 2214 1364 retrahit,
2245 1300 2337 1354 sed
2367 1302 2530 1356 etiam
2568 1318 2666 1372 per
2695 1304 2841 1374 ipsos
2869 1304 3074 1360 retibus
3092 1304 3375 1381 .Evangelii
3412 1307 3548 1360 alios

1966 1383 2031 1438 de
2062 1384 2327 1454 profundo
2354 1388 2661 1459 iniquitatis
2686 1392 2866 1462 eripit.
2949 1421 2952 1424 ~

2036 1479 2105 1533 Et
2142 1481 2214 1533 ait
2244 1480 2349 1536 illis
2378 1499 2399 1537 .·
2442 1482 2616 1559 Venite
2668 1497 2781 1555 post
2812 1504 2912 1555 me,
2961 1498 3010 1543 et
3051 1489 3245 1558 faciam
3295 1506 3379 1544 vos
3432 1489 3550 1558 fieri

1983 1569 2265 1638 piscatores
2311 1572 2601 1628 hominum.
2663 1576 2843 1649 (.lug.)
2885 1576 2983 1631 llic
3002 1580 3140 1648 ergo
3185 1581 3412 1648 quasstio
3443 1594 3546 1633 non

1967 1673 2132 1727 parva
2167 1661 2411 1715 oboritur
2440 1664 2715 1731 quomodo,
2737 1662 2972 1721 Joannes
2996 1666 3141 1734 dicat
3168 1684 3274 1722 non
3317 1670 3370 1722 in
3398 1670 3548 1725 Gali-

251 1774 254 1777 ~
284 1746 523 1799 ctatione
557 1748 760 1813 peccati
786 1758 1105 1803 conversata
1134 1757 1236 1813 est,
1269 1747 1485 1819 Christo
1516 1753 1765 1808 veniente
1796 1754 1873 1808 ιιι-
1900 1745 1944 1804 Β
1973 1747 2089 1813 lata,
2129 1750 2223 1804 sed
2262 1748 2416 1818 juxta
2445 1750 2759 1819 Iordanem,
2801 1755 2868 1810 ad
2916 1758 3282 1814 testimonium
3325 1758 3550 1816 Joannis

285 1846 405 1887 cem
441 1836 644 1905 recepit
674 1837 969 1906 Evangelii.

360 1924 565 1979 Exinde
585 1928 733 1996 capit
766 1925 922 1983 Jcsus
950 1928 1258 1998 pra'dicare,
1306 1938 1355 1984 et
1377 1930 1583 1987 dicere:
1611 1930 1869 1987 Paeniten-

284 2015 413 2068 tiam
454 2015 613 2085 agite,
672 2018 1103 2089 appropinquavit
1156 2020 1292 2073 enim
1330 2037 1544 2091 regnum
1600 2022 1865 2077 caelorum.

284 2100 583 2174 (Hieran)
630 2103 767 2160 Cum
812 2116 991 2161 autem
1058 2105 1305 2164 Salvator
1350 2111 1536 2167 eadem
1611 2114 1870 2181 praedicat

280 2208 405 2263 quis
431 2192 665 2251 Joannes
689 2197 929 2268 Baptista
955 2206 1081 2252 ante
1110 2200 1338 2265 dixerat,
1378 2203 1611 2258 ostendit
1635 2219 1693 2258 se
1721 2206 1866 2275 ejus-

283 2287 407 2340 dem
448 2287 544 2349 Dei
566 2288 780 2355 Filium,
835 2291 989 2359 cujus
1015 2291 1085 2358 illi
1123 2294 1384 2362 propheta
1417 2292 1536 2349 fuit.
1568 2295 1714 2351 Bene
1740 2311 1868 2368 ergo

229 2445 233 2447 Α
279 2381 668 2449 ptenitentibus
700 2398 795 2452 per
839 2382 1013 2439 Salval
1197 2386 1395 2440 eicitur
1435 2388 1866 2457 appropinquare

279 2485 508 2539 regnum
538 2472 959 2542 caelorum-quia
983 2477 1066 2543 pel
1090 2478 1273 2545 ipsum
1289 2476 1355 2529 de
1384 2475 1505 2530 imis
1529 2477 1593 2529 ad
1607 2477 1713 2531 alta
1744 2479 1868 2533 sub—

282 2557 540 2614 levamur.
565 2561 1027 2632 Appropinquavit
1051 2565 1195 2623 enim
1226 2580 1351 2620 vere
1376 2577 1502 2620 tunc
1559 2568 1866 2636 poenitenti-

238 2671 244 2675 α
282 2647 384 2701 bus
424 2661 647 2717 regnum
685 2652 967 2715 cmlorum,
1009 2667 1130 2705 cum
1169 2648 1415 2708 Salvator
1454 2664 1637 2709 noster
1685 2656 1739 2710 in
1768 2671 1865 2712 suo

282 2738 515 2792 adventu
544 2740 795 2795 omnibus
823 2747 1129 2810 quicunque
1184 2757 1280 2812 per
1341 2744 1717 2814 pteniteutiam
1756 2746 1866 2814 pri-

282 2830 393 2883 scis
416 2830 693 2884 erroribus
724 2833 1118 2898 renuntiantes,
1144 2832 1212 2888 ad
1241 2832 1357 2901 eius
1394 2835 1552 2891 ﬁdem
1580 2846 1636 2891 et
1663 2838 1865 2907 baptis-

284 2937 431 2975 mum
472 2920 845 2994 confugerunt,
878 2924 1041 2978 vitam
1068 2910 1322 2993 promisit
1362 2934 1643 2982 aeternam.
1699 2928 1865 2995 Quot-

280 3021 403 3081 quot
432 3021 607 3064 autem
638 3023 935 3082 receperunt
964 3030 1104 3079 eum,
1132 3016 1274 3069 dedit
1294 3019 1367 3071 eis
1394 3022 1696 3088 potestatem
1721 3020 1859 3089 ﬁlios

1970 1836 2223 1906 Baptista:
2267 1840 2442 1909 primo
2476 1841 2747 1905 Andream
2800 1854 3045 1901 secutum
3081 1862 3201 1904 esse
3241 1850 3549 1917 Dominum,

1970 1941 2091 1981 cum
2119 1928 2226 1983 alio
2252 1930 2404 2001 cujus
2429 1946 2621 1986 nomen
2664 1942 2832 2000 tacet;
2872 1936 3065 1991 deinde
3106 1938 3323 1995 Petrum
3370 1940 3552 1995 abillo

1971 2030 2163 2071 nomen
2201 2016 2496 2087 accepisse,
2526 2021 2687 2077 tertio
2716 2022 3022 2095 Philippum
3050 2037 3299 2084 vocatum
3326 2044 3465 2095 esse,
3493 2041 3551 2085 ut
3645 2060 3648 2063 -

1970 2120 2091 2161 eum
2123 2116 2443 2179 sequeretur
2473 2150 2489 2175 ,
2529 2113 2712 2167 caeteri
2753 2124 2935 2169 autem
2960 2124 3071 2172 tres
3114 2117 3453 2190 evangelista:
3485 2122 3552 2174 «'e

1970 2200 2267 2271 piscatione
2295 2212 2516 2259 vocatos
2573 2205 2795 2271 dicunt;
2840 2209 2985 2278 quod
3025 2217 3202 2265 tamen
3252 2210 3325 2265 ita
3359 2211 3551 2267 intelli-

1969 2292 2201 2361 gendum
2237 2304 2341 2360 est,
2391 2310 2498 2349 non
2544 2288 2639 2351 sic:
2670 2310 2764 2352 eos
2817 2298 3103 2354 Dominum
3156 2301 3354 2357 vidisse
3396 2300 3550 2373 juxta
3586 2368 3592 2374 I

1966 2382 2278 2451 Jordanem,
2319 2386 2566 2441 utetiam
2598 2387 3027 2456 inseparabiliter
3070 2391 3423 2456 eobzererent,
3455 2394 3551 2449 sed

1968 2481 2176 2528 tantum
2210 2476 2524 2546 cognovisse
2570 2491 2804 2548 eumque
2832 2480 3059 2537 miratos
3101 2481 3171 2537 ad
3216 2483 3433 2552 propria
3466 2500 3551 2539 re-

1969 2578 2084 2617 mea
2092 2578 2197 2617 sse.

2037 2653 2101 2706 At
2132 2652 2210 2705 illi
2247 2670 2264 2707 :
2292 2656 2539 2709 continuo
2570 2656 2761 2711 relictis
2794 2660 2986 2715 retibus
3036 2663 3199 2717 secuti
3253 2674 3372 2719 sunt
3408 2682 3547 2721 eum.

1969 2741 2171 2814 (Greg.)
2204 2743 2457 2801 Fortasse
2488 2747 2612 2802 hinc
2641 2748 2836 2819 aliquis
2890 2751 3069 2809 tacitis
3116 2767 3299 2810 secum
3344 2758 3549 2827 cogita-

1969 2831 2203 2889 tionibus
2242 2833 2411 2890 dicit:
2453 2831 2535 2891 A’d
2562 2852 2750 2892 vocem
2796 2838 3129 2897 Dominicam
3158 2837 3407 2917 ‘uterque
3448 2849 3549 2904 iste

1966 2924 2227 2993 piscator,
2259 2926 2389 2996 quid
2432 2936 2526 2982 aut
2551 2938 2813 2998 quantum
2837 2932 3066 3001 dimisit,
3107 2937 3197 3006 qui
3240 2953 3379 3009 pene
3416 2940 3550 2995 nihil

1971 3015 2204 3072 habuit?
2247 3014 2355 3072 Sed
2409 3019 2463 3073 in
2510 3021 2613 3076 hac
2667 3034 2727 3076 re
2776 3021 3029 3085 allectum
3077 3028 3257 3097 potius
3299 3044 3547 3099 pensare,

281 3099 379 3156 Dei
407 3102 524 3171 ﬁeri
584 3102 766 3174 (Joan.
798 3104 861 3175 ι).
905 3102 1312 3177 ApprOpinquat
1363 3083 1559 3176 etiam,
1603 3083 1665 3166 et
1699 3083 1865 3180 nunc;
1894 3083 1939 3146 (ἶ
1971 3106 2131 3206 quam
2153 3122 2381 3206 censum
2410 3120 2643 3206 oportet.
2673 3113 2897 3206 blultum
2928 3083 3147 3189 reliquit
3167 3083 3259 3191 qui

280 3197 408 3266 quia
433 3195 548 3266 ipse
569 3196 981 3268 discipulissais
990 3203 1574 3271 postresurrectionem
1590 3221 1742 3261 suam
1755 3205 1866 3276 jus-

279 3286 355 3341 sit
376 3287 673 3357 praedicare
695 3289 750 3343 in
778 3291 995 3345 nomine
1022 3290 1140 3360 ejus
1161 3292 1558 3361 paenitentiam,
1584 3305 1641 3362 et
1675 3298 1865 3354 remisp

280 3378 494 3431 sionem
536 3388 883 3448 peccatorum
911 3383 967 3436 in
1014 3397 1202 3438 omnes
1228 3393 1435 3454 gentes.
1484 3386 1551 3440 Et
1576 3404 1713 3451 ecce,
1765 3389 1860 3456 ait,

278 3484 376 3538 ego
398 3466 659 3523 vobiscum
698 3487 815 3524 sum
858 3471 912 3525 in
941 3472 1177 3526 omnibus
1208 3474 1387 3531 diebus
1423 3491 1583 3546 usque
1633 3479 1702 3532 ad
1740 3495 1863 3535 con-

279 3562 683 3615 summationem
707 3563 893 3616 seculi,
913 3562 1128 3634 (Matth.
1150 3564 1363 3636 xxvnt).

350 3648 486 3723 [HL]
503 3651 791 3706 Ambulans
808 3663 980 3723 autem
996 3654 1155 3723 juxta
1179 3672 1322 3709 mare
1335 3646 1569 3712 Galiltete
1592 3655 1717 3713 vidit
1731 3661 1862 3716 duos

280 3743 473 3811 fratres
497 3743 762 3798 Simonem
783 3745 874 3815 qui
908 3755 1124 3799 vocatur
1152 3746 1366 3813 Petrus,
1391 3757 1438 3802 et
1468 3750 1730 3805 Andream
1750 3752 1863 3822 fra-

274 3844 409 3887 trem
434 3834 571 3903 ejus,
600 3835 857 3889 mittentes
886 3844 991 3888 rete
1017 3836 1074 3889 in
1098 3852 1260 3902 mare,
1288 3848 1437 3893 erant
1466 3841 1603 3894 enim
1636 3843 1863 3912 piscato-

277 3935 382 3976 res.
410 3921 556 3976 Mare
599 3919 834 3977 Galilaeai
872 3921 1014 3977 idem
1042 3932 1127 3978 est
1160 3924 1321 3993 quod.
1342 3934 1590 3998 stagnum
1618 3929 1857 3986 Genesa-

281 4002 425 4077 rctlt,
474 4011 568 4066 sed
592 4011 712 4066 ideo
739 4026 890 4066 mare
913 4010 1147 4067 Galilaue
1182 4013 1398 4080 dicitur,
1427 4017 1551 4085 quia
1577 4017 1733 4086 juxta
1753 4019 1858 4075 Ga—
1932 4058 1935 4059 ν

1971 3194 2224 3281 retinuit;
2250 3197 2479 3253 multum
2506 3200 2727 3271 reliquit
2751 3204 2841 3273 qui
2873 3208 3173 3275 quamlibet
3210 3194 3443 3281 parvum
3468 3221 3550 3272 to-

1967 3297 2078 3344 tum
2108 3288 2364 3349 deseruit.
2390 3293 2551 3353 Certe
2580 3314 2679 3355 nos
2703 3309 2759 3356 et
2784 3299 2970 3360 habita
2996 3321 3120 3363 cum
3143 3322 3328 3366 amore
3367 3316 3541 3382 possi-

1962 3379 2169 3450 demus,
2208 3394 2273 3445 et
2312 3400 2377 3441 ea
2422 3403 2542 3459 quae
2588 3385 2812 3468 minime
2854 3396 3117 3456 habemus
3166 3415 3233 3463 ex
3281 3379 3549 3463 desiderio

1963 3475 2273 3545 quaerimus.
2314 3476 2692 3559 Multumqergo
2721 3483 2916 3543 Petrus
2940 3497 2998 3544 et
3031 3477 3279 3555 Andreas
3319 3494 3543 3563 dimisit,

1962 3565 2178 3643 quando
2227 3558 2453 3649 uterque
2476 3564 2656 3626 ’etiam
2703 3572 3031 3653 desiderium
3080 3577 3311 3653 habendi
3350 3558 3546 3639 dei-eli;

1962 3656 2118 3725 quit;
2160 3646 2390 3737 multum
2418 3658 2645 3729 Adituisit,
2690 3662 2783 3731 qui
2814 3648 3060 3724 lcum-re
3103 3646 3350 3739 possessa
3379 3674 3542 3729 etiam

1962 3735 2434 3815 concupiscentias
2456 3745 2772 3819 refrenavit.
2807 3751 2851 3807 A
2873 3735 3223 3825 sequentibua
3243 3774 3370 3828 ergo
3396 3770 3545 3816 tanta

1962 3835 2181 3891 dimissa
2206 3844 2360 3905 sunt,
2388 3847 2594 3908 quanta
2614 3880 2617 3883 η
2638 3857 2673 3896 a
2692 3840 2695 3843 “
2715 3857 2821 3899 non
2850 3847 3200 3915 sequentibus
3239 3854 3544 3923 concupiscl

1960 3918 2268 3996 potuerunt.

2031 4018 2100 4072 Et
2118 4022 2399 4090 procedens
2428 4023 2550 4078 inde
2579 4024 2704 4078 vidit
2729 3997 2882 4082 alios.
2904 4030 3035 4085 duos
3061 4022 3253 4101 fratres
3284 4035 3541 4092 Iacobum

278 4098 471 4157 lilazam
499 4099 688 4156 tendit.
732 4100 970 4156 Diversis
1007 4103 1152 4157 enim
1191 4104 1499 4163 nominibus
1535 4107 1637 4163 hoc
1683 4110 1855 4179 ipsum
1958 4105 2218 4176 Zebedtri,
2251 4120 2299 4165 et
2324 4110 2586 4173 Joannem
2613 4114 2835 4183 fratrem
2888 4119 3024 4189 ejus,
3056 4098 3110 4176 in
3144 4126 3265 4179 navi
3293 4139 3410 4179 cum
3439 4127 3543 4182 Ze-

278 4206 451 4257 mare,
476 4198 703 4262 propter
732 4190 1088 4259 adjacentiam
1119 4192 1697 4265 locorumappellatur;
1732 4215 1855 4255 nam

278 4288 431 4341 inare
454 4279 720 4345 Galilaeae,
746 4280 893 4336 lacus
929 4279 1287 4349 Genesareth,
1317 4294 1583 4356 stagnum.
1617 4287 1855 4344 Genesa-

276 4372 429 4437 rctb,
470 4387 621 4427 mare
656 4373 969 4444 Tyberiadis
990 4416 1003 4440 ,
1033 4385 1088 4430 et
1115 4376 1272 4432 lacus
1292 4377 1595 4435 Salinarum
1634 4382 1851 4438 dicitur.

275 4460 564 4515 Ambulans
595 4477 726 4534 ergo
770 4462 1026 4517 Dominus
1045 4465 1207 4534 juxta
1250 4482 1397 4521 mare
1421 4465 1677 4536 Galilaece,
1728 4470 1854 4525 vidit

271 4550 409 4603 duos
442 4552 650 4619 fratres,
686 4552 737 4605 id
776 4561 877 4617 est,
913 4552 1178 4609 Simonem
1207 4558 1294 4626 qui
1322 4567 1538 4611 vocatur
1562 4556 1775 4625 Petrus,
1806 4570 1854 4615 et

276 4642 539 4695 Andream
562 4643 783 4712 fratrem
824 4645 959 4716 ejus.
1009 4647 1145 4714 Quia
1193 4648 1504 4706 incarnatus
1550 4653 1856 4723 unigenitus

275 4732 371 4786 Di-i
419 4732 623 4797 Filius,
672 4749 795 4790 cum
842 4746 1039 4793 nostrae
1091 4740 1431 4797 mortalitatis
1492 4743 1853 4809 conditionem

271 4823 515 4891 suscepit
560 4824 613 4878 in
647 4828 783 4881 mari
832 4827 986 4882 istius
1031 4831 1215 4885 mundi
1256 4816 1548 4901 piscatores
1585 4835 1855 4912 spiritales

273 4912 409 4967 vidit
437 4914 714 4969 divinitus.
734 4916 869 4983 Quia
899 4934 1035 4987 quos
1069 4929 1201 4975 ante
1223 4923 1659 4980 constitutionem
1688 4942 1847 4981 mur.-

271 5003 327 5058 di
355 5004 422 5057 ad
444 5020 581 5073 opus
600 5007 998 5075 prtedicationis
1036 5021 1189 5081 aptos
1212 5014 1474 5083 praevidit,
1506 5016 1604 5071 bos
1624 5017 1676 5073 in
1719 5027 1852 5073 tezn-

273 5109 405 5164 pore
438 5091 823 5153 incarnationis
874 5115 985 5156 suae
1029 5104 1289 5169 vocando,
1337 5106 1458 5161 aliis
1497 5108 1624 5177 quid
1666 5119 1852 5166 essent

271 5188 530 5241 ostendit.
570 5189 715 5244 Duos
767 5208 1000 5262 namque
1031 5194 1229 5251 fratres
1258 5198 1409 5264 vidit,
1432 5200 1557 5270 quia
1588 5208 1849 5259 unitatem

274 5273 531 5331 fraternae
586 5278 890 5337 dilectionis
947 5286 1213 5354 probavit,
1269 5291 1666 5362 ostendensque
1722 5298 1847 5365 quia

270 5366 581 5436 quicunque
610 5369 910 5426 fraternum
952 5390 1191 5441 amorem
1220 5394 1321 5431 non
1349 5382 1657 5449 observant,
1686 5404 1716 5439 a
1740 5389 1850 5460 spi-

273 5454 509 5509 ritalium
538 5458 817 5514 doctorum
855 5463 1043 5517 ordine
1073 5480 1130 5518 se
1154 5477 1527 5537 sequestram;
1569 5454 1845 5532 Simonem

265 5546 361 5613 qui
395 5556 616 5599 voratur
647 5547 860 5613 Petrus,
889 5562 941 5603 et
978 5552 1248 5609 Andream
1287 5556 1505 5614 fratrem
1544 5563 1697 5632 eius;
1740 5565 1825 5622 Si-

266 5652 393 5690 mon
424 5636 568 5691 enim
599 5638 983 5710 interpretatur
1005 5646 1266 5714 obediens,
1294 5649 1485 5708 Petrus
1515 5672 1821 5726 agnoscens,

1881 4429 1933 4488 D

1957 4199 2135 4255 bedazo
2174 4209 2322 4269 patre
2340 4216 2543 4281 eqrum,
2590 4204 2881 4273 reﬁcientes
2929 4211 3060 4265 retia
3086 4230 3207 4280 sua,
3246 4226 3295 4269 et
3346 4222 3541 4272 vocarit

1956 4305 2064 4363 eos.
2102 4288 2298 4361 '(Aug.)
2327 4288 2505 4367 Quaeri
2553 4303 2734 4348 autem
2773 4305 2949 4365 potest
2971 4302 3241 4368 quomodo
3269 4304 3424 4360 binus
3452 4323 3542 4361 vu~

1958 4379 2164 4436 caverit
2208 4380 2275 4436 de
2315 4380 2577 4437 naviculis
2627 4386 2946 4455 piscatores,
2994 4374 3439 4459 primo‘Petrum
3484 4410 3540 4454 et

1960 4466 2251 4535 Andream,
2310 4470 2503 4527 deinde
2550 4488 2870 4546 progressus
2917 4479 3202 4549 paululma
3223 4482 3358 4547 alios
3399 4468 3563 4546 duos

1962 4559 2101 4615 ﬁlios
2120 4560 2555 4627 Zebedzei,sicut
2599 4574 2827 4621 narrant
2874 4566 3163 4627 Mattiacas
3201 4579 3256 4633 et
3300 4573 3540 4647 Marcus,

1961 4667 2083 4704 cum
2120 4650 2296 4707 Lucas
2322 4652 2470 4709 dicat
2517 4655 2705 4710 ambas
2729 4672 2916 4712 eorum
2970 4660 3243 4718 naviculas
3286 4664 3538 4735 impletas

1963 4756 2153 4812 magna
2182 4742 2271 4797 illa
2307 4752 2529 4814 captura
2557 4746 2807 4815 piscium,
2829 4748 3108 4825 sociosque
3128 4750 3276 4811 Petri
3303 4769 3540 4812 commc-

1964 4843 2135 4888 moret
2155 4831 2416 4890 Jacobum
2430 4834 2755 4891 etJoannem
2774 4836 2913 4892 ﬁlios
2937 4838 3183 4910 Zebcdaei
3208 4853 3426 4909 vocatos
3457 4852 3534 4901 .a.t

1959 4929 2342 4997 adjuvandum,
2370 4946 2491 4987 cum
2516 4930 2649 4987 retia
2677 4932 2834 5002 plena
2864 4935 3155 4999 extrahere
3168 4953 3274 5001 non
3286 4952 3530 5010 possent,

1958 5022 2224 5091 simulque
2246 5022 2467 5075 miratos
2494 5030 2697 5076 tantam
2721 5024 3125 5081 multitudinem
3142 5029 3394 5098 piscium,
3416 5048 3536 5102 qua:

1956 5119 2109 5181 capta
2133 5119 2269 5176 erat,
2291 5120 2479 5166 etcum
2504 5110 2665 5168 Petro
2682 5122 2892 5170 tantum
2912 5117 3115 5172 dixisse
3139 5136 3153 5172 :
3185 5118 3312 5175 Noli
3332 5124 3530 5189 timere,

1954 5222 2019 5259 ea:
2050 5205 2144 5257 hoc
2168 5204 2287 5273 jam
2316 5205 2551 5259 homines
2596 5208 2699 5260 eris
2744 5208 2974 5277 capiens,
3011 5210 3170 5265 simul
3214 5228 3307 5268 eos
3354 5224 3529 5269 lnntcn

1957 5293 2235 5353 subductis
2272 5294 2340 5347 ad
2377 5302 2580 5349 terram
2615 5297 2840 5352 navibus
2894 5306 3106 5352 secutos
3154 5300 3339 5353 fuisse.
3379 5304 3529 5358 little

1970 5382 2380 5454 intelligendum
2407 5394 2492 5441 est
2522 5385 2625 5442 hoc
2650 5387 2828 5458 primo
2847 5403 2969 5443 esse
3004 5389 3226 5457 iactum,
3255 5399 3396 5464 quod
3425 5394 3526 5451 Lu-

1972 5490 2059 5529 cas
2082 5475 2343 5540 insinuat,
2374 5491 2476 5532 nec
2505 5488 2633 5533 tunc
2663 5493 2757 5533 eos
2778 5479 3058 5534 aDomino
3086 5480 3254 5537 fuisse
3282 5496 3521 5554 vocatos,

1966 5564 2056 5619 sed
2087 5573 2293 5621 tantum
2335 5566 2494 5623 Petro
2519 5566 2688 5631 fuisse
2718 5567 3037 5639 przedictum
3087 5572 3232 5642 quod
3268 5574 3523 5632 homines

1963 5667 2106 5715 esset
2128 5668 2388 5730 capturus
2414 5677 2429 5715 :
2454 5660 2602 5730 quod
2629 5675 2738 5719 non
2774 5661 2848 5719 ita
2878 5661 3087 5721 dictum
3106 5673 3212 5737 est,
3234 5671 3386 5740 quasi
3410 5672 3525 5740 jam
