3938 6310
448 262 539 313 Ἰῗῑι
1096 264 1155 319 Β.
1196 262 1450 321 RABANI
1493 267 1712 326 MAURI
1748 269 2067 366 AllCillEi‘.
2113 269 2420 326 MOGUNT.
2464 269 2748 329 OPERUM
2780 273 2960 332 PARS
2997 279 3038 333 Ι.
3613 286 3719 342 792

443 374 617 442 pisces
640 389 912 442 nunquam
939 385 1083 429 eSset
1115 388 1403 447 capturus;
1432 397 1557 434 nam
1605 391 1656 435 et
1699 391 1817 451 post
1842 396 2021 435 resur-
2052 382 2101 440 Α
2128 395 2340 449 quoque
2367 381 2532 435 virilis
2557 423 2572 447 ,
2618 398 2736 437 eum
2773 399 2868 453 per
2898 393 3306 455 temperantiam
3336 392 3567 449 sustinet
3604 406 3721 451 tcu-

444 464 736 517 rectionem
765 463 977 518 Domini
1000 464 1226 535 legimus
1258 484 1351 523 eos
1372 471 1629 538 piscatus.
1660 472 1872 527 Dictum
1901 486 2029 541 ergo
2134 472 2386 535 tationes,
2442 482 2497 526 et
2537 482 2721 529 contra
2778 477 3031 545 impetum
3085 478 3368 537 libidinum
3425 502 3530 540 non
3561 502 3722 543 ener-

441 565 525 610 est
570 554 715 625 quod
743 554 997 627 deinceps
1024 569 1284 628 capturus
1310 572 1454 617 esset
1502 564 1768 631 homines,
1800 582 1904 621 non
1950 565 2030 619 di-
2133 561 2268 614 \‘iter
2318 563 2575 630 persistit.
2628 565 2778 620 Tunc
2829 584 2959 637 ergo
3014 570 3388 639 supplantator
3439 593 3546 632 non
3595 578 3721 634 ﬁcte

440 658 586 703 etum
614 659 698 705 est
735 649 876 721 quod
901 651 1013 722 jam
1055 668 1161 707 non
1206 662 1350 709 esset
1378 666 1635 725 capturus
1659 658 1852 728 pisces.
1878 657 1994 715 Und

2165 660 2371 715 ocatur,
2414 669 2534 707 eum
2566 669 2661 724 per
2698 655 3064 712 fortitudinem
3096 660 3262 715 vincit
3296 665 3449 730 vitia,
3482 676 3537 722 et
3562 678 3720 724 scuto

440 739 597 792 datur
628 738 779 795 locus
823 739 1123 811 intelligere
1152 750 1246 798 eos
1272 745 1340 799 ad
1382 755 1663 816 capturam
1693 749 1918 818 piscium
1960 763 2025 802 ex
2130 743 2253 798 tidci
2307 744 2460 814 ignea
2513 747 2615 800 tela
2678 750 2993 818 nequissimi
3043 760 3215 806 certat
3239 760 3608 829 exstinguere,
3664 770 3721 814 et

440 844 590 883 more
617 844 909 894 remeasse,
942 839 999 885 ut
1028 842 1215 902 postea
1264 834 1417 891 ﬁeret
1462 839 1605 907 quod
1646 838 1930 894 Mattlueus
1973 848 2027 893 et
2132 842 2259 888 tunc
2292 836 2675 892 οοιινθιιίθηίθτ
2703 841 2872 909 gratia
2924 842 3016 895 θεῖ
3047 844 3314 899 nominari
3367 858 3567 916 Ροιεεῑε
3593 866 3718 905 cum

440 918 656 975 Marcus
684 931 961 998 narrant,.
991 925 1209 994 quando
1239 943 1333 983 eos
1375 928 1530 984 binos
1559 932 1798 993 vocavit,
1821 940 1875 985 et
1916 932 1995 1001 ips

2163 937 2224 975 er
2259 921 2525 991 justitiam
2567 928 2830 983 creatoris
2862 930 2943 983 sui
2998 931 3302 1001 impleverit
3344 938 3624 1006 mandata,
3663 949 3718 996 et

433 1010 598 1079 jussit
641 1021 701 1066 ut,
748 1028 872 1067 eum
902 1029 1290 1085 sequerentur;
1339 1022 1515 1088 primo
1546 1022 1755 1076 duobus
1793 1023 1952 1077 Petro
1976 1031 2022 1078 et
2129 1025 2306 1069 tamen
2364 1019 2476 1073 hrec
2538 1021 2766 1091 impleus
2836 1023 2966 1077 nihil
3025 1025 3125 1079 Sibi
3195 1028 3463 1093 tribuerit,
3532 1034 3719 1091 dicens

439 1102 687 1170 Andreae,
739 1106 933 1163 deinde
989 1110 1108 1165 aliis
1164 1111 1406 1168 Zebedtei
1452 1114 1657 1170 duobus
1705 1116 1843 1171 ﬁliis.
1877 1116 2027 1171 Tunc
2127 1122 2247 1159 cum
2294 1107 2577 1177 Apostolo=
2626 1109 2749 1166 Non
2796 1124 2968 1168 autem
3000 1115 3258 1182 laboravi.
3300 1121 3391 1174 sed
3418 1123 3595 1189 gratia
3622 1123 3719 1178 Det

439 1193 583 1246 enim
613 1211 718 1249 non
744 1197 1024 1253 Subductis
1046 1202 1111 1253 ad
1139 1210 1335 1255 terram
1366 1205 1596 1259 navibus
1628 1214 1882 1275 tanquam
1934 1222 2027 1260 eu-
2128 1214 2349 1252 ππεειιηι·
3509 1210 3512 1213 Α

442 1302 498 1339 ra
538 1287 814 1353 redeundi,
847 1291 940 1344 sed
966 1291 1038 1345 ita
1066 1308 1189 1346 cum
1240 1295 1409 1348 secuti
1443 1307 1588 1362 sunt,
1640 1306 1896 1366 tanquam
1929 1314 1995 1353 vo

2204 1289 2266 1343 Et
2311 1292 2564 1348 circuibat
2596 1295 2753 1351 Iesus
2785 1308 2949 1353 totam
3000 1298 3276 1357 Galila’am
3316 1304 3508 1360 docens
3533 1309 3590 1360 in
3618 1306 3718 1377 Sy-

441 1387 657 1431 cantem
698 1394 762 1432 ac
800 1379 1078 1447 jubentem
1108 1392 1167 1437 ut
1212 1395 1589 1453 sequerentur.
1626 1389 1713 1442 isti
1747 1390 1905 1459 primi
1932 1404 1996 1444 vo

2165 1384 2340 1453 agogis
2369 1399 2571 1449 eorum,
2596 1396 2643 1439 et
2670 1389 2964 1455 pra’dicans
2992 1390 3333 1462 Evangelium
3365 1397 3533 1466 regni,
3563 1406 3613 1450 et
3632 1414 3716 1451 sa-

439 1467 544 1520 eati
597 1478 747 1533 sunt,
782 1478 840 1523 ut
892 1471 1176 1527 Dominum
1205 1486 1582 1544 sequerentur.
1640 1478 1945 1535 Piscatores
1973 1490 2025 1535 et
2129 1490 2260 1527 ηαηδ
2302 1491 2504 1529 omnem
2548 1496 2878 1547 «nauarent.
2932 1490 2979 1535 ει
3013 1483 3370 1550 inﬁrmitatem
3402 1489 3455 1541 in
3502 1489 3716 1558 ρορκιοο

440 1558 700 1615 illitterati
742 1562 1029 1618 mittuntur
1071 1567 1136 1620 ad
1164 1568 1585 1636 przedicantlum,
1636 1588 1704 1626 ne
1750 1572 1882 1629 ﬁdes
1910 1588 1995 1629 ere

2161 1562 2268 1635 IV.]
2304 1562 2413 1619 Suo
2436 1566 2601 1636 igitur
2628 1569 2875 1640 exemplo
2906 1569 3155 1626 Salvator
3202 1574 3453 1631 doctores
3484 1593 3616 1633 suos
3638 1581 3716 1634 in-

442 1650 682 1706 dentium
712 1668 816 1708 non
858 1655 912 1709 in
962 1656 1161 1711 virtute
1206 1656 1327 1723 Dei,
1370 1660 1462 1713 scd
1510 1660 1815 1729 eloquentia
1861 1673 2022 1734 atque
2060 1737 2087 1739 _
2130 1658 2299 1713 stituit
2327 1674 2487 1727 quam
2523 1659 2757 1726 solliciti,
2797 1670 2850 1717 et
2873 1678 3034 1733 quam
3061 1665 3309 1733 studiosi,
3341 1677 3398 1723 et
3426 1685 3598 1739 quam
3622 1672 3714 1728 be-

443 1743 685 1798 doctrina
718 1745 997 1798 hominum
1032 1756 1329 1815 putaretur.
2060 1737 2103 1793 i3
2132 1751 2278 1820 nigni
2308 1767 2427 1806 esse
2451 1753 2707 1809 deberent
2747 1795 2761 1820 ,
2787 1757 2875 1824 qui
2907 1756 3026 1812 aliis
3048 1758 3271 1823 verbum
3299 1762 3423 1816 vita:
3445 1763 3718 1819 ministra-

518 1834 789 1888 Illiautcm
812 1837 991 1889 statim
1017 1836 1209 1890 relictis
1240 1840 1450 1904 retibus,
1471 1852 1517 1895 et
1537 1853 1708 1910 patre,
1734 1845 2027 1897 secutismtt
2132 1849 2270 1894 rent.
2303 1841 2577 1898 Circuibat
2607 1860 2818 1914 quoque
2840 1844 2996 1902 Iesus
3026 1856 3191 1903 totam
3231 1850 3507 1908 Galilaeam
3539 1864 3597 1910 ut
3619 1855 3718 1912 im-

440 1940 577 1975 rum.
609 1922 902 1995 (Marinus)
942 1926 1138 1979 lterum
1169 1928 1281 1982 inec
1313 1931 1550 1999 perfecta
1587 1932 1828 1986 (iitliiSSiO
1856 1934 2029 2001 perfe-
2131 1929 2338 1999 pigrum
2395 1932 2611 1988 doceret
2646 1948 2765 1990 esse
2810 1936 3082 1993 doctorem
3124 1948 3177 1993 ct
3204 1941 3317 1996 sine
3362 1960 3717 2012 personarum

441 2027 579 2072 ctam
620 2018 889 2088 signiﬁcat
916 2023 1161 2076 conversi
1207 2040 1347 2089 uem,
1384 2041 1447 2080 ac
1472 2041 1569 2095 per
1594 2027 1697 2081 hoc
1731 2027 2028 2095 perfectum
2130 2022 2443 2091 ειοροριῑοηθ
2471 2025 2695 2080 verbum
2736 2026 2827 2082 Dei
2856 2031 3106 2085 omnibus
3136 2032 3545 2099 praedicantem.
3573 2035 3710 2103 Quia

442 2124 630 2162 eorum
683 2110 1059 2181 discipulatqu
1102 2116 1313 2184 probat.
1349 2115 1481 2170 Nam
1532 2119 1645 2187 ipsa
1683 2118 1892 2175 Veritas
1915 2122 1992 2175 ait

2160 2121 2283 2165 uxta
2308 2110 2451 2167 Petri
2482 2129 2670 2169 vocem
2707 2133 2808 2170 non
2831 2127 2904 2171 est
2925 2135 3262 2188 personarum
3289 2131 3530 2192 acceptor
3551 2123 3715 2186 Deus,

443 2201 546 2266 Qui
562 2219 661 2255 non
686 2206 1054 2260 renuntiaverit
1078 2210 1314 2263 omnibus
1330 2227 1446 2280 qua:
1468 2214 1718 2282 possidet,
1735 2232 1837 2268 non
1866 2224 1998 2284 potet

2165 2206 2221 2255 ed
2268 2204 2319 2256 in
2371 2206 2511 2258 omni
2540 2216 2707 2276 gente,
2733 2211 2819 2278 qui
2842 2210 2985 2264 timet
3031 2210 3334 2278 Dominum,
3376 2225 3424 2268 ct
3472 2228 3720 2284 operatur

440 2309 583 2347 meus
623 2312 732 2349 esse
757 2297 1044 2367 discipulus
1080 2299 1232 2370 (Luc.
1271 2303 1416 2373 xw);
1451 2312 1505 2357 et
1530 2305 1657 2359 item
1690 2325 1702 2358 :
1736 2305 1840 2371 Qui
1866 2323 1995 2361 amat

2163 2294 2665 2366 ustilium,ucceptus
2690 2309 2762 2352 est
2789 2300 2888 2354 illi.
2913 2302 3105 2357 Docuit
3127 2314 3303 2359 autem
3332 2306 3383 2359 in
3416 2306 3718 2378 Synago‘is

440 2382 635 2451 inquit,
652 2396 849 2454 patrem
877 2405 1051 2453 suum,
1075 2400 1166 2443 aut
1205 2401 1421 2445 matrem
1443 2410 1593 2448 suam
1622 2395 1899 2465 plusquam
1930 2415 1995 2450 me

2159 2398 2318 2438 torum
2369 2388 2669 2454 praedicans
2694 2389 3039 2464 Evangelium
3094 2396 3263 2465 regni,
3303 2404 3363 2449 ut
3402 2398 3714 2451 osten-leret

443 2491 544 2527 non
559 2484 631 2528 est
650 2492 728 2530 me
749 2476 936 2547 dignus
953 2477 1165 2550 (Matth.
1191 2480 1266 2552 ιι).
1288 2481 1585 2553 Allegoricc
1599 2494 1776 2540 autem
1801 2486 1885 2541 isti
1901 2503 1998 2557 qua

2159 2489 2236 2528 ton
2280 2475 2332 2529 in
2363 2492 2591 2531 vacuum
2625 2479 2820 2535 debere
2865 2480 3153 2552 aliquando
3190 2486 3500 2542 discurrere
3527 2488 3714 2542 docto-

444 2575 563 2620 tuor
582 2564 827 2634 discipuli
852 2580 917 2619 ex
932 2569 1196 2637 corporali
1222 2571 1288 2624 ad
1312 2573 1607 2639 spiritalem
1631 2575 1984 2644 piseationem

2163 2579 2271 2630 em,
2309 2567 2401 2621 sed
2448 2567 2794 2639 Evangelium
2843 2572 2937 2626 Dei
2971 2589 3186 2644 semper
3235 2578 3616 2645 praedicantem
3663 2589 3716 2633 et

441 2654 669 2709 Domino
682 2657 856 2710 vocati
866 2698 880 2723 ,
899 2658 1203 2728 signiﬁcant
1215 2660 1351 2716 duos
1365 2663 1589 2732 populos
1599 2679 1663 2718 ex
1676 2664 1996 2721 sollieitudin

2162 2653 2368 2732 naxime
2394 2655 2466 2709 ibi
2497 2657 2586 2711 ubi
2608 2658 2790 2727 plures
2817 2661 3085 2718 invenerit
3107 2665 3407 2731 auditores,
3445 2676 3502 2721 et
3546 2681 3717 2737 neque

441 2755 497 2799 et
530 2762 717 2801 amore
752 2746 911 2815 hujus
960 2749 1142 2803 seculi
1171 2752 1238 2804 ad
1269 2753 1506 2807 studium
1534 2754 1797 2824 spiritale,
1823 2756 1888 2809 ad
1920 2772 1996 2811 sel

2159 2748 2360 2801 uisceat
2384 2764 2621 2827 unquam
2640 2753 2844 2810 erroris
2885 2754 3086 2825 aliquid
3128 2768 3223 2812 aut
3242 2756 3540 2814 otiosarum
3563 2760 3714 2815 fabu-

442 2838 629 2894 vitium
681 2848 928 2895 sanctum
966 2858 1065 2912 per
1090 2845 1317 2914 gratiam
1360 2845 1451 2901 Dei
1502 2856 1742 2902 vocatos.
1772 2848 1908 2903 Nam
1934 2848 1997 2904 Pe

2161 2855 2306 2893 arum
2333 2841 2510 2895 veraci
2548 2842 2826 2910 doctrinas,
2856 2845 2951 2900 scd
2974 2861 3188 2916 semper
3207 2863 3270 2903 ea
3306 2848 3569 2918 proferat,
3599 2866 3716 2920 qua

444 2940 559 2986 trus
585 2940 637 2985 et
666 2929 902 2988 Iacobus
942 2934 1250 3004 signiﬁcant
1275 2934 1490 2991 Judteos
1515 2937 1701 2992 ﬁdeles
1740 2949 1999 3009 agnoscen

2160 2930 2201 2980 ιιΙ
2236 2929 2523 2984 utilitatem
2573 2931 2859 2999 proﬁciant
2905 2934 3234 2990 audientium
3292 2944 3348 2991 et
3392 2939 3460 2993 ad
3491 2955 3715 3010 regnum

445 3032 525 3079 tes
552 3023 856 3089 Dominum,
893 3026 1298 3096 supplantantes
1340 3028 1487 3082 vitia.
1538 3029 1783 3084 Andreas
1823 3046 1951 3085 vero
1977 3040 2032 3085 et
2066 3092 2099 3101 Α
2136 3021 2442 3089 Ρθτίίηεθοῑ
2469 3022 2876 3091 sempiternum
2912 3023 3133 3079 Sanam
3158 3041 3374 3082 omnem
3402 3028 3715 3101 languorem

440 3120 676 3177 Joannes
725 3122 1030 3191 signiﬁcant
1059 3132 1246 3193 gentes
1298 3124 1528 3178 viriliter
1569 3124 1853 3179 credentes
1878 3124 1995 3179 Chr

2168 3117 2420 3164 tomnem
2450 3109 2811 3165 inﬁrmitatem
2842 3112 2893 3166 in
2918 3114 3131 3183 populo,
3156 3115 3437 3186 langorum
3466 3119 3718 3175 videlicet

440 3221 606 3276 stum,
647 3220 702 3266 ct
739 3214 911 3283 gratia
955 3212 1048 3267 Dei
1099 3213 1356 3269 salvatas.
1403 3214 1531 3268 Dum
1578 3229 1811 3284 namque
1861 3229 1995 3269 nave

2162 3216 2416 3271 orporum
2471 3211 2525 3256 et
2579 3204 2945 3260 inﬁrmitatem
2976 3207 3297 3274 animarum,
3344 3212 3500 3267 nobis
3530 3214 3714 3282 utique

439 3303 572 3357 duas
619 3302 887 3356 Ecclesias
914 3302 1163 3372 ﬁgurant,
1216 3318 1335 3358 eam
1374 3304 1622 3360 videlicet
1650 3320 1769 3375 qua:
1810 3321 1874 3360 ex
1907 3307 1994 3359 cir-

2153 3295 2373 3350 utebens
2411 3295 2715 3365 exemplum
2745 3307 2803 3352 ut
2838 3300 2890 3352 in
2930 3313 3252 3368 quocunque
3298 3303 3572 3370 possimus
3597 3305 3708 3361 sive

443 3398 795 3463 rumcisioue,
825 3407 879 3452 ct
938 3415 1055 3453 eam
1099 3415 1218 3469 qua:
1269 3414 1334 3454 ex
1384 3399 1647 3470 praeputio
1688 3410 1874 3455 vocata
1921 3408 1998 3455 est

2156 3399 2183 3435 ιι
2238 3385 2607 3453 corporalibus
2635 3402 2729 3442 seu
2779 3388 2942 3442 etiam
2980 3388 3033 3442 in
3078 3390 3465 3460 spiritualibus,
3497 3410 3711 3466 semper

441 3491 567 3542 Item
602 3491 730 3543 retia
790 3490 1226 3559 praedicationem
1271 3489 1574 3560 Evangelii,
1628 3505 1779 3545 mare
1814 3506 1996 3560 quoqu

2151 3475 2388 3529 troximis
2415 3476 2613 3530 nostris
2658 3477 2890 3547 prompti
2919 3478 3089 3533 simus
3130 3478 3194 3532 ad
3223 3483 3588 3549 pnestandum
3617 3485 3706 3539 he-

446 3580 725 3643 muudutn,
754 3580 927 3649 pisces
968 3581 1218 3635 homines
1262 3580 1464 3634 carnali
1494 3580 1771 3649 sapientia:
1797 3581 2024 3647 deditos,
2128 3564 2400 3619 "eﬁdum-

441 3677 495 3720 et
522 3670 891 3739 voluptatibus
916 3672 1039 3731 vita;
1078 3669 1237 3737 hujus
1271 3670 1601 3734 submersos,
1630 3678 1820 3739 portus
1867 3670 2026 3723 ﬁnem
2202 3656 2268 3710 Et
2294 3658 2420 3711 αὺὶίι
2443 3660 2617 3727 Opinio
2647 3661 2762 3729 ejus
2802 3661 2856 3713 in
2884 3670 3042 3715 τοιαῦτα
3073 3661 3300 3733 Syriam.
3332 3662 3491 3735 Syria
3525 3667 3709 3738 itaque

441 3759 723 3828 przesentis
760 3759 880 3813 vita:
906 3760 1230 3827 signiﬁcant.
1292 3759 1383 3813 Isti
1420 3759 1578 3813 enim
1625 3759 1897 3829 spiritales
1948 3760 2030 3829 pi-
2129 3747 2452 3818 ῧθηενθιῖίθν
2477 3749 2672 3803 (Ἰδαίων
2699 3752 2876 3805 omnis
2911 3753 3056 3821 Γθείθ
3092 3767 3122 3804 ³
3172 3751 3393 3808 “"minc
3440 3755 3716 3825 Ευβδττηο

441 3861 704 3914 aratores,
734 3853 822 3920 qui
853 3853 1000 3921 prius
1038 3830 1254 3905 terreno
1278 3850 1452 3905 oliicio
1474 3859 1527 3905 et
1553 3851 1861 3907 carnalibus
1884 3852 2030 3906 euris
2130 3853 2299 3907 "sque
2347 3839 2414 3891 ad
2438 3853 2587 3893 mare
2615 3854 2890 3909 magnum:
2920 3856 2949 3893 ³
2973 3839 3311 3911 ϐειινριιάοείθ
3337 3854 3394 3897 ει
3419 3846 3490 3900 ab
3520 3846 3711 3902 Arme'

444 3950 647 3995 tantum
689 3941 878 3995 intenti
926 3950 1106 4007 erant,
1152 3943 1309 3996 modo
1341 3938 1754 3997 conversatione
1782 3942 1999 3997 saaculat

2157 3927 2213 3981 tia
2274 3942 2442 3997 usque
2465 3928 2535 3982 'ad
2583 3927 2890 3999 Egyptum,
2932 3930 3138 3986 habens
3184 3932 3450 3988 maximas
3495 3936 3712 4003 provin-

440 4046 561 4082 eum
578 4045 769 4084 amore
821 4031 1115 4084 labentium
1160 4046 1338 4084 rerum
1374 4030 1658 4094 derelicta,
1709 4031 1852 4098 quod
1890 4032 1991 4084 ben

2163 4019 2239 4072 ias
2269 4018 2320 4072 in
2367 4034 2444 4084 se,
2485 4020 2588 4075 hoc
2635 4028 2718 4074 est
2753 4019 3193 4091 Commagenam,
3249 4022 3614 4093 Phoenicium,
3662 4034 3716 4082 ct

441 4121 733 4176 Zebedzeus
783 4120 1069 4188 signiﬁcat,
1104 4120 1487 4190 interpretatur
1516 4121 1659 4173 enim
1690 4121 1858 4189 ﬂuens
1907 4122 1996 4173 iste

1941 4131 2021 4186 ςιε,
2126 4108 2489 4176 Palzestinam,
2539 4112 2592 4165 in
2624 4127 2729 4181 qua
2772 4128 2902 4183 gens
2928 4112 3233 4168 Judmorum
3268 4115 3496 4169 habitat.

438 4221 492 4266 et
512 4212 747 4267 eotlestis
791 4212 915 4265 vita:
946 4212 1215 4266 desiderio
1255 4212 1491 4276 accensi,
1545 4212 1785 4280 quotidie
1829 4227 2024 4281 sagena
2196 4202 2263 4255 Et
2294 4201 2589 4257 οὺηιίενιιηι
2612 4204 2658 4257 εἷ
2681 4219 2856 4257 omnes
2884 4203 3020 4257 "We
3040 4204 3284 4258 haben’“
3310 4206 3468 4259 υανίίε
3491 4206 3715 4277 ιαπ9¹ο’

441 4303 649 4357 Domini
703 4303 880 4372 pisces
930 4302 1132 4359 electos
1171 4302 1411 4371 capiunt,
1445 4311 1607 4373 atque
1642 4303 1710 4357 de
1762 4304 1996 4372 profund

2160 4292 2268 4346 ibus
2293 4302 2340 4347 et
2370 4293 2637 4348 tormentis
2668 4294 3080 4363 comprehensos,
3097 4304 3145 4346 et
3172 4294 3262 4365 qui
3276 4295 3541 4349 dit-monia
3562 4297 3715 4351 habe»

441 4402 779 4460 peccatorum
803 4394 1033 4464 gurgite,
1065 4400 1122 4447 et
1149 4407 1393 4446 errorum
1433 4376 1653 4448 latebris
1680 4408 1818 4462 quos
1840 4403 2019 4447 retra-
2054 4438 2102 4496 Β
2128 4382 2270 4496 θαηιῖ
2290 4393 2337 4496 ξι
2367 4382 2645 4496 (Metilio:
2749 4383 3087 4496 paralytic’os‘.
3118 4394 3168 4488 εξ
3194 4386 3393 4438 curam"
3423 4402 3534 4488 f05~
3559 4384 3714 4496 (.1759:

443 4487 577 4538 tumt
604 4485 671 4537 ad
699 4484 873 4538 lucem
918 4485 1037 4539 ﬁdei
1072 4492 1127 4539 et
1151 4484 1390 4539 scicntia:
1415 4484 1674 4553 spiritalis
1702 4485 2021 4555 perducunt,
2054 4474 2101 4496 υ
2130 4474 2579 4545 νοη·)ιυη³ῑίεοε
2595 4476 2963 4545 ἀίοίιίιυοτιιιη
2981 4476 3133 4532 ἀοιοτ
3154 4476 3206 4530 in
3223 4478 3549 4531 θθθθηδίοηθ
3571 4477 3713 4532 ¹¹¹¹¹²¹²

439 4576 625 4645 sicque
664 4576 714 4628 in
743 4577 931 4629 matris
970 4575 1224 4630 Ecclesia:
1252 4576 1430 4629 sinum
1458 4576 1721 4632 collocare
1750 4584 2022 4647 satagunt.
2128 4567 2425 4631 crescebat,
2454 4582 2559 4621 ηοη
2588 4567 2729 4637 (Ιυοά
2752 4574 2881 4623 “me
2900 4582 2996 4637 Per
3018 4567 3159 4629 luna:
3186 4569 3537 4623 mutationem
3570 4570 3713 4625 hanc

441 4666 711 4720 Met-aliter
730 4676 911 4720 autem
937 4666 1049 4718 lucc
1072 4673 1308 4733 quatuor
1334 4666 1547 4720 nomina
1575 4666 1627 4720 in
1653 4682 1711 4721 se
1736 4670 1996 4736 unusquis

2155 4657 2451 4711 .ttraxeriut
2504 4657 2789 4723 insaniam,
2819 4657 2911 4713 sed
2953 4658 3077 4726 quia
3111 4657 3441 4728 putabantur
3487 4658 3710 4713 lunatici

438 4770 544 4821 que
576 4755 745 4810 ﬁdelis
770 4756 969 4810 habere
1016 4761 1213 4824 potest,
1263 4754 1308 4809 si
1336 4756 1431 4810 his
1459 4755 1617 4825 digne
1643 4767 1993 4813 conversatur

2154 4748 2195 4802 ιι)
2221 4744 2524 4802 daemonum
2561 4748 2848 4813 fallaciam,
2874 4749 2965 4817 qui
3012 4757 3292 4803 servantes
3327 4748 3539 4802 lunaria
3571 4757 3709 4803 tem-

441 4851 500 4897 ut
564 4843 749 4898 Simon
804 4845 876 4899 sit
934 4844 1253 4907 ohcdicIulo,
1281 4845 1475 4899 Petrus
1535 4856 1815 4913 peccatum
1861 4863 2016 4901 suum
2123 4854 2273 4910 pora.
2298 4848 2601 4895 creaturam
2630 4838 2894 4894 infamare
2916 4839 3206 4909 ειιρίεῢαηι
3229 4846 3286 4891 ιιι
3320 4838 3372 4892 in
3401 4849 3708 4894 creatorem

442 4934 804 5003 agnoscendo,
851 4934 1093 4988 Andreas
1131 4934 1363 4988 viriliter
1386 4934 1596 4989 labores
1621 4935 1890 5003 patiendo,
1938 4936 2026 4990 ,ἰδ-
2132 4931 2456 4985 redundaret
2479 4931 2833 4999 blasphemia.
2858 4928 3145 5001 (Maurus)
3166 4929 3453 4999 Paralytici
3477 4937 3609 4983 sunt
3636 4930 3707 4985 illi

442 5027 610 5081 cohus
638 5026 767 5079 vitia
803 5026 1215 5093 supplantando,
1238 5034 1291 5080 et
1316 5025 1555 5081 Joannes
1586 5026 1815 5097 gratiam
1845 5026 2026 5081 Domi.
2128 5022 2219 5091 qui
2245 5023 2432 5091 vigore
2458 5022 2701 5092 corporis
2726 5022 2966 5076 destituti
3014 5037 3077 5075 ac
3102 5021 3327 5075 desoiali
3364 5028 3511 5083 sunt.
3540 5024 3709 5095 παρὰ·

443 5119 497 5173 ni
550 5120 828 5181 merendo,
880 5120 1204 5172 nominetur.
1241 5120 1303 5173 Et
1339 5120 1571 5173 maxime
1609 5128 1736 5174 tunc
1763 5136 1826 5174 ea
1871 5135 2027 5174 vera-
2129 5115 2273 5175 λυσις
2296 5115 2441 5168 enim
2463 5112 2649 5168 Graece
2683 5112 2957 5167 dissolutio
2986 5112 3202 5167 dieitur.
3238 5112 3459 5183 Mystit‘c
3485 5111 3705 5167 Calilzca

443 5209 579 5263 citer
608 5208 862 5278 possidet,
893 5209 936 5261 si
970 5209 1022 5261 in
1048 5217 1278 5277 quatuor
1304 5210 1592 5263 virtutibus
1624 5210 1711 5262 illa
1739 5210 2025 5265 ostendere
2128 5220 2248 5272 quae
2273 5205 2508 5259 sublimis
2538 5214 2652 5257 rota
2682 5205 3085 5272 interpretatur,
3129 5210 3179 5257 et
3210 5201 3364 5272 Syria
3391 5217 3514 5271 quze
3538 5200 3705 5254 subii—-

443 5298 729 5352 studuerit.
767 5298 920 5351 Tunc
970 5298 1087 5351 sine
1141 5297 1301 5349 ttttbio
1354 5313 1723 5367 unusquisque
1765 5299 2024 5355 obediens
2127 5295 2357 5349 nitatem
2383 5303 2558 5358 sonat,
2609 5295 2751 5348 hunc
2804 5294 3061 5348 mundum
3092 5293 3418 5363 signiﬁcant,
3448 5294 3543 5361 qui
3582 5292 3709 5345 licet

444 5394 545 5449 est,
577 5401 700 5440 cum
731 5402 828 5454 per
858 5386 1195 5455 prudentiam
1227 5387 1470 5453 agnoscit
1524 5395 1767 5455 peccata,
1795 5395 1850 5442 et
1872 5390 2016 5458 peri-
2126 5402 2223 5455 per
2252 5387 2558 5456 superbiam
2608 5388 2662 5441 in
2698 5387 2929 5442 sublime
2958 5402 3017 5441 se
3057 5386 3251 5458 erigat,
3283 5389 3465 5439 tamen
3494 5385 3565 5439 ad
3616 5384 3709 5439 de-

362 5463 370 5471 ’
446 5476 622 5531 culum
655 5475 755 5531 sibi
814 5477 1095 5531 imminere
1139 5477 1397 5545 lmevidct
1453 5488 1670 5547 propter
1697 5479 1806 5544 illa,
1839 5490 1898 5534 ut
1925 5496 2022 5549 per
2127 5478 2322 5533 fectum
2354 5480 2525 5550 vergit
2552 5488 2609 5534 et
2654 5481 2722 5535 ad
2769 5481 2874 5544 ima
2919 5494 3134 5549 semper
3165 5486 3391 5533 rotatur.
3445 5476 3584 5531 Cum
3619 5474 3707 5531 hic

450 5566 815 5621 inaudatoruut
864 5568 957 5622 Dei
1009 5568 1370 5623 oltcdicntiam
1412 5568 1651 5621 omnium
1701 5568 2017 5624 delictorum
2127 5570 2506 5623 umrtalitatetn
2535 5578 2733 5625 nostra:
2784 5578 2988 5624 natura:
3014 5570 3183 5625 Filius
3207 5570 3303 5623 Dei
3324 5584 3379 5623 tn
3404 5581 3465 5621 se
3488 5579 3705 5621 sumen

451 5656 617 5710 drlcat
665 5675 880 5727 unum,
917 5670 969 5715 et
1010 5675 1292 5729 [tantarum
1330 5652 1827 5727 cvazkttiujuriam.
1865 5662 2014 5715 Tum:
2125 5662 2307 5725 intuit,
2338 5670 2391 5715 et
2425 5662 2764 5730 Evangelium
2795 5662 3092 5729 przedicans
3118 5660 3199 5713 vel
3221 5654 3702 5729 perscmetipsutn,
