3938 6348
257 291 361 345 793

1211 296 1564 354 COMMENT.
1605 297 1668 352 IN
1710 295 2145 351 MATTIL-‘EUM.
2187 327 2253 337 —
2296 299 2424 354 LIB.
2466 299 2530 354 ll.

3406 313 3512 370 794

256 411 337 464 ve!
365 428 460 481 per
490 411 756 481 apostolos
781 427 922 475 suos,
950 415 1176 469 virtutes
1206 415 1403 470 multas
1451 414 1600 479 fecit,
1630 423 1684 468 ct
1739 431 1829 467 va-
1861 415 1905 472 Α
1935 409 2189 471 termisit,
2217 419 2345 463 tunc
2374 410 2519 464 illum
2550 411 2802 466 habuisse
2845 429 3143 472 sermonem
3170 435 3329 489 quem
3377 422 3513 478 blat-

256 504 365 555 t‘ias
413 503 754 572 wgritudines
799 504 910 559 sive
937 522 1221 576 corporum
1263 507 1376 561 sive
1406 507 1569 560 etiam
1612 507 1820 560 anima-

255 606 393 652 rum,
423 591 650 656 curavit,
683 592 822 648 fama
867 595 981 665 ejus
1006 612 1102 666 per
1130 603 1297 649 totum
1340 597 1526 650 orbem
1558 605 1821 650 terrarum

252 679 493 749 dispersa
513 690 614 745 est,
642 698 758 751 qua:
789 684 914 738 dum
941 687 1059 740 coeli
1081 695 1338 741 enarrant
1368 687 1590 756 gloriam
1624 689 1740 751 Dei.
1770 697 1824 743 et

250 789 414 841 opera
470 789 721 828 manuum
783 775 898 844 ejus
949 779 1234 832 annuntiat
1285 778 1718 843 firmamentum,
1767 781 1820 834 in

248 878 466 915 (minem
498 870 694 917 terram
719 865 883 919 exivit
930 882 1092 920 sonus
1124 882 1309 920 eorum
1339 877 1393 920 et
1421 867 1472 920 in
1506 867 1642 922 lines
1675 869 1820 924 orbis

250 962 411 1006 terra:
440 955 598 1008 verba
627 969 832 1008 eorum.
895 955 1046 1010 Tune
1085 957 1281 1026 quippe
1340 959 1509 1012 curati
1556 967 1700 1022 sunt,
1728 959 1817 1028 qui

247 1043 509 1098 thetnonia
542 1044 823 1109 habebant,
855 1059 974 1100 cum
1035 1047 1262 1126 gentiles
1287 1048 1353 1102 ad
1395 1048 1549 1104 fidem
1576 1052 1816 1105 conversi

247 1131 386 1186 ilola
418 1132 808 1203 relinquebant,
847 1143 971 1190 tunc
997 1145 1050 1191 et
1078 1137 1298 1193 lunatiei
1327 1147 1383 1194 et
1418 1142 1694 1212 paralytici
1726 1158 1816 1197 sa-

244 1225 356 1279 nati
384 1235 529 1290 sunt,
558 1243 682 1281 cum
702 1243 796 1282 eos
821 1230 911 1297 qui
947 1231 1097 1298 prius
1126 1246 1221 1299 per
1243 1232 1421 1303 varios
1450 1233 1724 1289 instabiles
1763 1244 1813 1290 et

242 1317 530 1371 mutabiles
560 1315 771 1371 fuerant
794 1334 1008 1374 errores
1046 1329 1313 1382 nutantes,
1343 1330 1397 1376 et
1427 1338 1456 1376 a
1485 1323 1626 1379 bono
1653 1340 1816 1394 opere

242 1407 546 1476 torpebant,
581 1409 700 1463 illos
727 1424 821 1464 sua
846 1410 1012 1480 gratia
1040 1412 1153 1480 ipse
1182 1412 1536 1478 confortabat,
1568 1422 1624 1468 et
1651 1415 1702 1468 in
1728 1415 1811 1469 via

229 1493 460 1561 justitia:
483 1498 597 1554 sine
623 1501 1034 1569 reprehensione
1059 1503 1305 1558 incedere
1324 1502 1526 1558 fecerat
1555 1523 1568 1558 ε
1595 1506 1736 1559 unde
1759 1515 1814 1560 et

238 1585 521 1643 subditur:

315 1675 587 1731 l'Itsecuttv
635 1689 754 1733 sunt
785 1697 901 1734 eum
948 1682 1114 1736 turba:
1155 1682 1334 1737 multa:
1362 1684 1426 1738 de
1467 1682 1710 1750 Galilwa,
1763 1695 1810 1738 et

1927 503 2100 556 tinens
2130 501 2472 571 interposuit,
2497 513 2551 558 et
2570 503 2745 559 Lucas
2775 507 2958 572 tacuit,
2988 509 3086 563 hoc
3114 519 3194 566 est
3219 512 3273 567 in
3305 527 3508 583 monte,

1924 612 1988 652 ac
2013 598 2203 652 deinde
2215 613 2336 650 eum
2355 597 2706 653 descenderet
2720 600 2770 652 in
2785 600 2903 655 loco
2923 605 3237 672 campestri,
3255 605 3510 664 habuisse

1924 689 2156 743 alterum
2182 688 2414 744 similem
2434 731 2448 753 ,
2489 690 2554 744 de
2594 705 2701 760 quo
2727 690 3013 746 Mattlnnus
3047 700 3215 758 tacet,
3250 705 3306 750 et
3336 695 3510 752 Lucas

1923 794 2029 832 non
2079 787 2244 843 tacet,
2285 786 2340 831 et
2395 786 2684 848 utrumque
2738 795 3040 835 sermonem
3104 784 3290 838 eodem
3353 779 3510 842 modo

1920 885 2043 925 esse
2071 870 2409 925 conclusum.
2430 869 2748 940 Quanquam
2782 873 2942 927 etiam
2977 874 3104 929 illud
3129 877 3509 945 possitoccur-

1920 976 2040 1015 rere
2079 961 2133 1015 in
2169 959 2350 1030 aliqua
2377 962 2676 1018 excelsiore
2709 970 2864 1033 parte
2913 965 3111 1020 montis
3160 967 3338 1036 primo
3385 984 3510 1024 cum

1917 1051 2046 1106 solis
2091 1051 2366 1122 discipulis
2401 1053 2686 1108 Dominum
2725 1053 2912 1121 fuisse,
2944 1057 3159 1125 quando
3187 1073 3252 1112 ex
3286 1059 3364 1114 eis
3390 1059 3510 1116 illos

1917 1142 2196 1196 duodecim
2243 1143 2422 1214 elegit,
2453 1146 2646 1199 deinde
2680 1161 2801 1200 cum
2833 1146 2912 1201 eis
2939 1148 3300 1215 descendisse,
3316 1166 3420 1204 non
3443 1151 3510 1206 de

1917 1247 2118 1303 monte,
2146 1241 2240 1294 sed
2267 1240 2332 1294 de
2356 1241 2468 1310 ipsa
2501 1241 2699 1296 montis
2736 1241 3059 1297 celsitudine
3083 1243 3134 1297 in
3150 1253 3507 1314 campestrem

1915 1325 2111 1392 locum,
2145 1329 2196 1382 id
2219 1339 2323 1394 est,
2355 1331 2408 1384 in
2439 1331 2672 1400 aliquam
2696 1332 3081 1400 aequalitatem,
3104 1348 3224 1402 qua:
3250 1333 3304 1386 in
3341 1332 3509 1388 latere

1914 1418 2114 1472 montis
2148 1427 2288 1485 erat,
2317 1429 2372 1474 et
2389 1421 2584 1476 multas
2600 1422 2786 1477 turbas
2801 1437 2994 1492 capere
3007 1432 3237 1492 poterat,
3254 1433 3419 1492 atque
3434 1424 3504 1479 ibi

1913 1506 2149 1572 stetisse,
2167 1509 2334 1563 donec
2352 1510 2419 1564 ad
2435 1526 2556 1564 eum
2577 1513 2745 1567 turbte
2760 1528 3024 1584 congrega
3033 1524 3308 1580 rentur,ac
3321 1526 3504 1585 postea

1913 1609 2035 1649 cum
2061 1598 2290 1653 sedisset
2330 1601 2624 1656 accessisse
2654 1604 3007 1673 propinquius
3042 1605 3334 1674 discipulos
3363 1606 3502 1675 ejus,

1917 1693 2082 1754 atque
2111 1688 2183 1742 ita
2212 1689 2316 1745 illis
2337 1693 2655 1760 czeterisque
2683 1694 3037 1761 praesentibus
3063 1711 3225 1748 unum
3252 1697 3516 1753 habuisse

237 1767 512 1838 Decapoli,
536 1779 582 1823 et
613 1770 1020 1841 Hierosolymis,
1064 1782 1112 1826 et
1137 1774 1202 1826 de
1224 1772 1440 1837 Judtea,
1484 1781 1530 1828 et
1560 1775 1625 1827 de
1669 1784 1816 1828 trans
1847 1758 1893 1815 Β
1923 1790 2252 1843 sermonem,
2299 1795 2459 1848 quem
2491 1758 2775 1837 Ma—ttlueus
2800 1782 3080 1854 Lucasque
3107 1795 3397 1842 narrarunt
3424 1789 3506 1843 di-

233 1856 549 1913 .fordanem.
591 1858 771 1930 (Aug.)
819 1859 1279 1928 Quadripartitam
1309 1860 1520 1915 turbam
1553 1879 1675 1932 qua:
1704 1863 1814 1916 Do-

233 1949 441 2001 minum
492 1951 815 2017 sequebatur
859 1950 910 2004 in
963 1951 1251 2022 Evangelio
1304 1953 1651 2010 noverimus:
1708 1970 1813 2009 una

234 2056 367 2112 pars
395 2056 579 2095 eorum
630 2043 723 2110 qui
772 2043 874 2097 fide
902 2051 958 2098 et
1005 2044 1294 2100 dilec:ioue
1337 2045 1541 2101 caelesti
1571 2047 1813 2102 adhaere-

231 2136 364 2188 bant
387 2134 716 2204 magisterio,
744 2135 883 2190 sicut
929 2136 1175 2206 apostoli,
1203 2144 1258 2191 et
1277 2139 1458 2192 caeteri
1488 2137 1690 2204 fideles,
1720 2139 1808 2208 qui

230 2224 480 2293 discipuli
511 2225 1072 2296 vocabantur,quibus
1099 2228 1187 2282 ille
1218 2228 1445 2284 interius
1461 2229 1810 2300 exteriusque

227 2316 498 2369 subvenit.
533 2315 779 2369 Secunda
809 2323 928 2369 erat
977 2316 1330 2373 invalidorum
1374 2327 1428 2372 et
1471 2318 1809 2374 infirmorum

227 2404 324 2473 qui
374 2406 442 2458 ob
499 2404 803 2458 curationes
861 2403 1144 2458 Dominum
1195 2407 1574 2475 sequebantur.
1627 2405 1807 2462 Tertia

226 2514 361 2551 vero
387 2513 514 2566 pars
541 2505 658 2550 erat
683 2513 818 2566 quos
861 2497 972 2550 sola
1013 2495 1154 2550 fama
1195 2505 1250 2552 et
1301 2498 1482 2567 opinio
1511 2498 1578 2551 ad
1628 2497 1804 2551 Domi-

224 2604 358 2642 num
409 2589 592 2642 venire
647 2588 1017 2656 compellebat,
1074 2588 1307 2656 experiri
1353 2589 1630 2658 cupientes
1676 2588 1804 2658 quid

223 2697 364 2751 opus
404 2681 612 2734 Domini
640 2689 783 2734 esset
835 2687 892 2732 ut
921 2680 1162 2733 videntes
1205 2688 1260 2733 et
1296 2677 1577 2733 audientes
1606 2679 1805 2732 scirent

224 2781 408 2830 utrum
438 2771 656 2824 credere
694 2770 1020 2826 debuissent.
1069 2768 1270 2836 Quarta
1318 2769 1528 2822 illorum
1565 2775 1682 2821 erat
1712 2768 1800 2836 qui

223 2863 427 2918 invidia
457 2862 598 2916 ducti
637 2877 772 2931 opus
817 2860 1024 2915 Domini
1057 2861 1412 2914 dehonestare
1445 2859 1714 2924 volebant,
1749 2868 1799 2914 et

223 2961 287 3005 ut
321 2967 443 3005 eum
475 2952 526 3004 in
551 2965 800 3021 sermone
845 2950 1384 3020 comprehenderent,
1441 2959 1495 3004 et
1549 2950 1620 3003 ita
1661 2951 1799 3019 apud

221 3043 494 3110 principes
525 3049 856 3104 accusarent,
903 3048 960 3094 ut
986 3055 1108 3095 eum
1136 3040 1296 3114 morti
1329 3040 1622 3104 traderent,
1659 3039 1798 3093 sicut

1918 1883 2078 1922 verso
2107 1871 2362 1925 narrandi
2393 1873 2575 1938 modo,
2616 1875 2709 1927 sed
2737 1875 2924 1929 eadem
2960 1877 3188 1932 veritate
3219 1893 3400 1932 rerum
3451 1888 3506 1934 et

1868 2007 1875 2014 .
1916 1961 2326 2015 sententiarum.
2361 1961 2583 2034 Mystice
2633 1975 2812 2019 autem
2873 1982 3027 2021 mons
3074 1966 3212 2021 bene
3252 1968 3506 2040 intelligi-

1917 2061 2005 2104 tur
2025 2052 2335 2121 significare
2381 2055 2587 2125 majora
2615 2066 2878 2126 przecepta
2900 2056 3144 2126 justitite,
3176 2060 3300 2128 quia
3332 2061 3504 2114 mino-

1917 2155 1974 2194 ra
2023 2152 2200 2208 erant,
2254 2160 2373 2214 quae
2401 2144 2598 2201 Jutlazis
2637 2149 2759 2201 data
2805 2157 2949 2211 sunt,
2983 2165 3124 2204 unus
3152 2158 3330 2205 tamen
3358 2152 3502 2208 Deus

1918 2245 2018 2299 per
2046 2240 2264 2287 sanctos
2291 2236 2582 2304 prophetas
2603 2245 2657 2290 et
2682 2236 2914 2294 famulos
2946 2255 3073 2294 suos
3101 2240 3394 2295 secundum
3416 2258 3505 2296 or-

1911 2317 2306 2374 dinatissimam
2335 2321 2767 2378 distributionem
2809 2333 3109 2396 temporum
3141 2326 3288 2381 dedit
3332 2323 3502 2384 mino-

1912 2424 1971 2462 ra
2023 2424 2292 2480 praicepta
2343 2413 2539 2483 populo
2602 2430 2760 2484 quem
2815 2417 3007 2472 timore
3072 2418 3247 2473 adhuc
3290 2418 3498 2486 alligari

1907 2501 2213 2568 Oportebat,
2247 2510 2302 2557 et
2330 2519 2428 2572 per
2470 2504 2666 2558 Fil'um
2698 2521 2854 2560 suum
2879 2505 3080 2575 majora
3111 2508 3308 2578 populo
3334 2525 3493 2579 quem

1906 2591 2172 2646 charitate
2199 2591 2311 2661 jam
2337 2593 2556 2648 liberari
2602 2604 2952 2649 convenerat.
3001 2595 3134 2650 Cum
3171 2607 3350 2652 autem
3390 2598 3496 2651 mi-

1865 2713 1870 2717 -
1905 2696 2038 2734 nora
2079 2683 2401 2748 minoribus,
2443 2683 2648 2752 majora
2704 2686 3004 2755 majoribus
3053 2688 3272 2752 dantur,
3316 2688 3385 2742 ab
3431 2703 3500 2743 co

1905 2773 2106 2826 dantur
2130 2775 2220 2843 qui
2255 2774 2402 2829 solus
2433 2776 2583 2829 novit
2607 2787 2991 2846 congruentem
3029 2777 3141 2832 suis
3166 2777 3497 2848 temporibus

1903 2861 2088 2930 generi
2111 2863 2346 2918 humano
2392 2865 2648 2920 exhibere
2679 2867 3020 2922 medicinam.
3052 2867 3162 2922 Nec
3188 2868 3382 2922 mirum
3412 2877 3496 2923 est

1901 2950 2044 3018 quod
2073 2951 2272 3006 dantur
2297 2951 2502 3020 majora
2531 2963 2800 3024 praecepta
2833 2963 3052 3025 propter
3081 2971 3303 3025 regnum
3331 2957 3493 3013 coelo-

1905 3056 2044 3106 rum,
2074 3049 2128 3096 ct
2154 3043 2366 3097 minora
2391 3043 2514 3097 data
2545 3052 2672 3098 sunt
2699 3056 2920 3115 propter
2955 3061 3178 3116 regnum
3215 3053 3488 3102 terrenum

218 3107 281 3191 ct
303 3107 543 3191 fecentnt
567 3135 781 3206 quando
811 3135 897 3189 ille
922 3110 1186 3206 permisit,
1219 3149 1322 3188 non
1348 3133 1564 3202 quando
1594 3132 1670 3186 illi
1697 3149 1795 3187 vo—
1825 3107 1869 3168 (ἶ
1900 3133 1969 3186 ab
2021 3133 2211 3187 eodem
2268 3150 2376 3189 uno
2443 3135 2588 3200 Deo,
2662 3107 2942 3211 qui-fecit
3001 3107 3198 3191 ctu-lum
3263 3145 3318 3192 et
3385 3145 3492 3192 ter-

221 3231 455 3284 tzierunt.
490 3228 879 3298 Decapolisest,
910 3237 968 3282 ut
999 3228 1111 3298 ipso
1133 3219 1355 3282 nomine
1381 3228 1659 3296 probatur,
1707 3242 1793 3282 re-
1833 3238 1837 3243 '

216 3322 312 3390 gio
337 3321 520 3375 decem
551 3321 760 3376 urbium
788 3328 935 3374 trans
957 3319 1243 3374 Iordanem
1288 3319 1353 3372 ad
1379 3318 1654 3373 Orientem
1683 3318 1792 3372 cir-

216 3429 283 3464 ra
318 3412 566 3481 l'lippum,
593 3419 647 3464 et
667 3397 889 3475 Pellam,
914 3418 965 3464 et
986 3409 1254 3464 Gadaram
1278 3417 1464 3463 contra
1494 3409 1788 3464 Galilaeam.

217 3503 363 3556 Bene
378 3510 555 3556 autem
573 3501 770 3556 dicitur
782 3501 921 3570 quod
939 3510 1126 3554 secutae
1150 3510 1268 3552 sunt
1284 3516 1399 3552 eum
1413 3499 1577 3553 turbte
1591 3499 1791 3563 multm,

217 3593 349 3660 quia
382 3600 664 3662 postquam
694 3591 929 3660 cognitio
954 3589 1186 3645 nominis
1213 3589 1330 3659 ejus
1355 3604 1525 3658 usque
1554 3588 1620 3642 ad
1654 3588 1787 3643 lines

215 3694 376 3738 terra:
401 3683 658 3753 pervenit,
694 3699 758 3736 ex
787 3682 930 3736 omni
963 3681 1198 3744 natione,
1232 3696 1350 3750 qua:
1393 3682 1492 3734 sub
1520 3679 1657 3734 etclo
1678 3687 1784 3744 est,

216 3776 451 3844 mutique
477 3773 542 3828 ad
564 3772 720 3835 ﬁdem
751 3774 866 3843 ejus
890 3779 1276 3835 convenerunt,
1301 3779 1354 3823 et
1381 3771 1604 3841 vestigia
1631 3786 1786 3824 man-

213 3867 464 3919 datorum
502 3862 634 3932 ejus
661 3863 891 3920 maxima
919 3863 1073 3916 turba
1102 3860 1338 3914 ﬁdelium
1367 3862 1655 3915 subsecuta
1679 3869 1782 3914 est.

854 3972 1076 4030 CAPUT
1114 3971 1179 4026 V.

221 4073 297 4126 De
331 4086 566 4126 sermone
609 4067 820 4122 Domini
848 4069 900 4121 in
936 4076 1127 4188 riltonte.
1157 4073 1206 4118 et
1227 4063 1543 4132 perfectione
1571 4079 1791 4129 evange-

979 4153 1081 4188 tea.

979 4153 1081 4190 tca.

289 4232 378 4305 [1.]
401 4231 594 4286 Videns
617 4240 787 4284 autem
805 4228 1003 4292 turbas,
1027 4225 1258 4280 ascendit
1273 4225 1331 4279 in
1344 4235 1590 4289 montem,
1608 4233 1789 4277 etcum

211 4324 452 4388 sedisset,
473 4328 799 4376 accesserunt
827 4317 894 4370 ad
915 4334 1031 4370 eum
1055 4314 1296 4384 discipuli
1322 4313 1456 4383 ejus,
1477 4323 1527 4368 et
1551 4313 1789 4383 aperiens

211 4431 271 4467 os
299 4428 452 4466 suum
481 4409 693 4465 docebat
721 4425 807 4461 eos
835 4407 1030 4459 dicens.
1065 4403 1246 4476 (Aug.)
1278 4403 1378 4458 Hic
1401 4411 1581 4473 potest
1617 4401 1787 4456 videri

214 4503 496 4558 Dominum
551 4499 748 4554 multas
792 4497 975 4550 turbas
999 4496 1170 4549 vitare
1217 4493 1473 4557 voluisse,
1497 4502 1554 4547 et
1580 4493 1650 4546 ob
1681 4493 1783 4546 hoc

212 4591 524 4647 ascendisse
553 4591 604 4643 in
631 4596 886 4650 montem,
919 4595 1172 4656 tanquam
1199 4586 1498 4641 recedendo
1533 4602 1562 4639 a
1591 4584 1781 4650 turbis,

213 4695 272 4739 ut
303 4683 431 4739 solis
450 4683 561 4736 suis
582 4679 859 4750 discipulis
888 4679 1221 4748 loqueretur,
1247 4679 1333 4732 cui
1360 4678 1435 4732 rei
1460 4677 1671 4731 videtur
1699 4685 1784 4729 at-

210 4775 398 4830 testari
421 4775 583 4828 etiam
613 4772 810 4836 Lucas,
836 4772 907 4824 ita
955 4785 1218 4823 narrans:
1247 4768 1470 4822 Factum
1499 4777 1572 4822 est
1610 4777 1784 4821 autem

207 4870 264 4922 in
290 4867 394 4921 illis
443 4865 620 4918 diebus
657 4863 782 4917 exiit
817 4863 872 4916 in
915 4872 1140 4915 montem
1169 4877 1342 4926 orare,
1369 4871 1418 4914 et
1452 4869 1563 4915 erat
1601 4878 1788 4930 perno-

209 4969 357 5012 ctans
386 4959 442 5012 in
478 4957 715 5010 oratione
738 4953 834 5007 Dei
858 4970 877 5018 ;
917 4962 964 5006 et
997 4970 1115 5007 cum
1144 4953 1254 5006 dies
1282 4953 1453 5022 factus
1478 4962 1606 5007 esset
1626 4961 1786 5006 ’νοσα-

210 5049 275 5103 ινὶι
296 5046 576 5116 discipulos
603 5061 744 5106 suos,
766 5053 812 5098 et
850 5043 1001 5113 elegit
1031 5043 1302 5096 duodecim
1327 5060 1392 5096 ea:
1411 5043 1536 5112 ipsis
1557 5059 1686 5111 quos
1733 5048 1786 5095 et

209 5136 472 5206 apostolos
521 5136 824 5188 nominavit.
875 5134 980 5188 Sed
1030 5142 1207 5188 movet
1254 5151 1352 5188 cur
1406 5135 1547 5189 idem
1608 5134 1783 5188 Lucas

208 5235 331 5298 post
379 5227 694 5281 descensum
736 5223 851 5293 ejus
900 5227 966 5280 de
1005 5234 1184 5279 monte
1214 5226 1432 5288 dixerit,
1485 5241 1606 5279 eum
1637 5226 1782 5280 hunc

209 5316 457 5370 eumdem
487 5330 790 5369 sermonem
820 5318 1011 5369 stando
1040 5315 1092 5368 in
1122 5315 1240 5370 loco
1271 5317 1556 5386 campestri
1609 5316 1783 5371 turbis

211 5405 546 5479 przedieasse,
571 5418 730 5472 quem
762 5403 1041 5459 Matthreus
1067 5405 1201 5459 dixit
1222 5406 1378 5465 illum,
1403 5407 1453 5460 in
1483 5417 1664 5462 monte
1695 5411 1784 5461 se-

211 5501 430 5555 dentem
459 5495 743 5564 discipulos
773 5496 1035 5551 docuisse.
1073 5496 1204 5551 Nam
1235 5508 1410 5568 potest
1445 5499 1532 5552 hic
1564 5499 1784 5569 intelligi

212 5606 334 5645 cum
365 5589 429 5644 'in
452 5596 686 5643 montem
717 5587 995 5642 duodecim
1023 5589 1312 5659 discipulos
1335 5591 1496 5660 elegit
1516 5605 1578 5644 ex
1611 5591 1775 5660 pluri-

214 5687 337 5749 bus,
363 5698 498 5754 qnos
537 5679 804 5750 apostolos
833 5682 1148 5746 nominavit,
1167 5683 1308 5751 quod
1343 5681 1622 5738 Matthaats
1650 5700 1786 5753 piae-

1815 4453 1867 4512 D

1897 3237 2035 3275 ram.

1967 3311 2042 3366 De
2069 3313 2171 3368 hac
2201 3330 2328 3384 ergo
2347 3313 2555 3382 justitia
2583 3331 2703 3384 qua:
2731 3313 2904 3384 major
2939 3325 3022 3370 est
3043 3333 3143 3386 per
3168 3319 3486 3388 prophetam

1895 3403 2095 3458 dicitur
2121 3419 2136 3458 :
2165 3403 2384 3458 Iustitia
2415 3414 2506 3458 tua
2539 3406 2672 3459 sicut
2707 3417 2903 3462 montes
2948 3407 3043 3462 Dei
3091 3408 3264 3480 (Psal.
3288 3408 3484 3477 xxxv).

1897 3494 1962 3548 Et
1999 3495 2102 3548 hoc
2140 3497 2276 3550 bene
2305 3495 2591 3567 signiﬁcat,
2639 3497 2783 3566 quod
2825 3499 2892 3554 ab
2945 3513 3052 3552 uno
3081 3500 3345 3568 magistro
3370 3500 3486 3556 solo

1897 3586 2155 3642 docendis
2183 3588 2350 3643 tantis
2385 3589 2545 3643 rebus
2583 3589 2777 3644 idoneo
2806 3591 3032 3645 docetur
3057 3591 3110 3644 in
3158 3599 3358 3645 monte.
3389 3591 3488 3646 Sc-

1897 3677 2029 3730 dens
2066 3686 2244 3730 autem
2275 3677 2455 3742 docet,
2480 3678 2622 3746 quod
2651 3679 2886 3747 pertinet
2916 3680 2982 3734 ad
3020 3680 3332 3750 dignitatem
3370 3696 3486 3734 ina-

1897 3771 2124 3841 gisterii.
2403 3777 2407 3782 '

1968 3861 2036 3914 Et
2066 3871 2394 3916 accesserunt
2435 3861 2504 3915 ad
2532 3878 2648 3915 eum
2681 3861 2923 3932 discipuli
2959 3863 3096 3932 ejus,
3133 3859 3398 3933 (Msunus)
3427 3869 3488 3916 ut

1895 3949 2178 4003 audiendis
2206 3949 2385 4004 verbis
2415 3949 2559 4003 illius
2583 3950 2639 4004 bi
2675 3960 2856 4004 essent
2883 3950 3046 4003 etiam
3086 3964 3314 4018 corpore
3350 3949 3482 4003 vici-

1893 4041 2099 4106 niores,
2122 4041 2214 4110 qui
2251 4042 2537 4111 praeceptis
2573 4041 2857 4112 implendis
2880 4042 3042 4096 etiam
3087 4042 3268 4096 animo
3295 4057 3487 4112 appro-

1892 4132 2247 4202 pinquabant.
2278 4131 2500 4202 Mystice
2524 4143 2706 4187 autent
2739 4133 2910 4189 sessio
2938 4132 3152 4188 Domini
3185 4133 3488 4187 incarnatio

1893 4220 2016 4291 ejus
2061 4231 2163 4282 est,
2192 4221 2318 4291 quia
2349 4221 2452 4275 nisi
2483 4222 2741 4277 Dominus
2767 4222 3079 4278 incarnatus
3100 4231 3266 4287 esset,
3294 4223 3484 4277 huma-

1893 4329 2020 4366 num
2048 4328 2217 4388 genus
2248 4312 2507 4366 accedere
2530 4313 2597 4366 ad
2619 4327 2740 4366 eum
2771 4329 2876 4367 non
2901 4314 3182 4383 potuisset.
3224 4310 3482 4368 Accesse-

1894 4414 2021 4459 runt
2042 4411 2221 4458 autem
2243 4403 2488 4473 discipuli
2515 4419 2620 4458 non
2649 4412 2857 4475 tantum
2891 4405 3028 4468 loco,
3054 4403 3146 4458 sed
3176 4403 3340 4457 etiam
3374 4403 3478 4458 tidc

1891 4505 1948 4552 et
1967 4497 2274 4562 devotione,
2326 4505 2385 4551 ut
2409 4497 2745 4567 susciperent
2768 4512 2952 4565 pacem
2984 4496 3177 4566 populo
3198 4511 3316 4550 suo.
3363 4495 3477 4552 Nisi

1889 4589 2032 4642 enim
2088 4588 2162 4642 illi
2213 4589 2588 4654 accessissent,
2641 4587 2847 4642 sanitas
2874 4587 2938 4641 ad
2991 4603 3088 4640 nos
3113 4603 3219 4641 non
3243 4587 3473 4642 veniret.

1891 4679 1960 4732 Et
1973 4678 2208 4748 aperiens
2234 4695 2290 4732 os
2319 4695 2472 4732 suum
2497 4677 2710 4731 docebat
2737 4695 2844 4742 eos,
2869 4679 3064 4731 dicens.
3095 4677 3172 4730 lta
3190 4677 3478 4732 circumlo-

1889 4769 2036 4823 cutio
2057 4783 2162 4838 qua
2189 4769 2446 4823 scribitur
2459 4768 2527 4821 Et
2547 4769 2784 4838 aperiens
2801 4785 2858 4822 os
2881 4785 3057 4832 suum,
3093 4766 3339 4822 fortassis
3360 4767 3473 4837 ipsa

1894 4876 2042 4914 mora
2075 4860 2717 4929 commendataliquanto
2755 4860 3047 4929 longiorem
3089 4859 3329 4913 futurum
3354 4875 3476 4915 esse

1887 4968 2216 5007 sermonem.
2250 4950 2367 5005 Non
2395 4967 2524 5021 ergo
2551 4960 2704 5005 vacat
2732 4951 2874 5019 quod
2913 4965 3056 5004 nunc
3095 4965 3219 5004 cum
3269 4950 3471 5004 dictum

1886 5053 1972 5099 est
1992 5045 2269 5114 aperuisse
2289 5059 2351 5098 os
2374 5059 2553 5107 suum,
2581 5043 2672 5111 qui
2717 5032 2770 5096 in
2799 5042 2915 5112 lege
2949 5042 3120 5098 veteri
3153 5043 3362 5112 aperire
3386 5057 3471 5096 so-

1883 5135 2024 5190 lebat
2052 5149 2147 5189 ora
2175 5133 2578 5203 prophetarum.
2634 5131 2738 5186 Per
2778 5147 2840 5186 os
2869 5146 3081 5202 quoque
3107 5131 3291 5184 verius
3330 5130 3471 5184 desi-

1884 5235 2080 5298 gnatur
2108 5227 2289 5280 homo.
2346 5224 2498 5291 Quod
2535 5232 2713 5278 autem
2743 5224 2895 5289 dicit,
2941 5224 3166 5278 docebat
3216 5239 3332 5284 eos,
3377 5238 3471 5292 per

1891 5317 2267 5371 auctoritatem
2317 5315 2576 5369 doctrina:
2626 5315 2864 5369 divinam
2905 5314 3139 5368 ostendit
3195 5323 3467 5376 naturam,

1891 5426 2011 5480 quzc
2050 5408 2339 5465 humanam
2369 5409 2424 5463 in
2456 5425 2515 5464 se
2544 5409 2820 5478 suscipere
2844 5407 3060 5476 dignata
3101 5413 3184 5459 cst
3207 5403 3462 5468 formam.

1891 5517 1987 5572 per
2011 5516 2173 5570 quam
2202 5501 2440 5555 doceret.

1966 5593 2112 5646 Beati
2131 5609 2380 5662 pauperes
2399 5592 2606 5661 spiritu,
2631 5589 2875 5659 quoniam
2899 5589 3128 5657 ipsorum
3156 5601 3366 5654 regnum
3390 5599 3465 5640 est

1891 5685 2154 5740 Helorum.
2184 5682 2453 5756 (llicron.)
2481 5683 2556 5738 Ne
2579 5681 2701 5752 quis
2729 5689 2905 5735 autem
2943 5687 3154 5749 putaret
3180 5687 3467 5748 pauperta~
