3938 6340
436 232 542 299 795

1074 236 1132 292 Β.
1175 234 1430 293 RABANI
1469 234 1687 293 HAURI
1723 226 2042 290 A'RCHIEP.
2088 231 2398 291 MOGUNT.
2441 231 2725 290 OPERUM
2763 232 2942 291 PARS
2979 238 3038 301 1.,

3587 240 3693 297 796

436 360 569 421 tem,
594 368 711 424 qua:
755 368 1136 424 nonnunquam
1175 355 1549 410 nesessitatem
1577 354 1810 422 patitur,
1839 368 1870 407 a
1896 353 2003 408 Do-
2032 350 2085 411 Α
2110 349 2275 404 chara
2302 344 2762 422 amplectebantur
2799 353 3071 409 amittunt.
3117 358 3232 413 Non
3270 360 3417 414 enim
3454 358 3690 427 gaudent

433 442 580 497 mino
607 439 911 512 praedicari,
940 438 1181 510 adiunxit
1207 442 1393 512 spiritu
1415 481 1430 506 ,
1464 449 1524 494 ut
1550 440 1901 506 humilitatem
1928 443 2009 497 in-

433 530 722 603 telligercs,
752 546 857 586 non
880 532 1179 603 penuriam.
1205 530 1356 585 Beati
1389 548 1639 601 pauperes
1672 532 1858 603 spiritu
1876 574 1890 599 ,
1917 535 2010 603 qui

430 629 651 695 propter
693 622 956 693 Spiritum
970 629 1238 685 ,sanctum
1265 620 1538 676 voluntate
1560 608 1698 676 ‘sunt
1725 637 2007 694 pauperes.

433 711 589 769 Unde
612 704 675 768 et
695 728 856 783 super
882 710 1183 781 huiusmodi
1211 710 1534 782 pauperibus
1558 718 1613 765 et
1638 711 1888 767 Salvator
1914 729 2012 784 per

429 802 626 857 Isaiam
667 801 921 872 loquitor.
969 800 1224 855 Dominus
1270 801 1419 855 unxit
1464 817 1575 862 "te.
1619 810 1828 872 propter
1871 803 2010 873 quod

430 892 787 963 euangelizare
826 891 1320 964 pauperibus'misit
1350 908 1430 946 me
1475 891 1608 963 (Isa.
1658 892 1790 965 ut).
1824 894 2010 968 {Aug.)

432 981 570 1038 Nam
606 991 660 1038 et
703 982 827 1037 alibi
863 983 1087 1054 legimus
1112 968 1371 1052 scriptum
1409 984 1475 1038 de
1516 987 1793 1059 apertione
1830 1002 2011 1042 rerum

430 1072 841 1145 temporalium:
876 1072 1067 1126 Omnia
1095 1071 1298 1148 uanitas
1336 1082 1384 1125 et
1422 1075 1761 1145 praesumptio
1798 1076 2011 1145 spiritus

430 1162 628 1238 (Eccle.
660 1164 755 1235 vi).
788 1160 1137 1230 Prmsumptio
1164 1168 1342 1215 autem
1370 1161 1607 1231 spiritus
1644 1163 1920 1218 audaciam
1957 1155 2013 1220 et

426 1258 732 1329 superbiam
772 1254 1060 1326 signiﬁcat.
1104 1252 1273 1323 Vulgo
1314 1248 1499 1309 etiam
1524 1249 1747 1326 magnos
1790 1256 2013 1326 spiritus

426 1347 644 1419 superbi
686 1347 887 1416 habere
931 1343 1204 1400 dicuntur.
1236 1344 1305 1398 Et
1347 1354 1525 1411 recte,
1573 1347 2012 1417 quandoquidem

425 1438 645 1510 spiritus
674 1436 835 1492 etiam
865 1443 1057 1490 ventus
1097 1444 1338 1491 vocatur.
1394 1435 1544 1493 Unde
1586 1438 1845 1508 scriptum
1887 1449 2006 1496 est:

422 1533 592 1608 Ignis.
616 1534 841 1606 grando,
864 1534 975 1597 nix,
992 1532 1205 1605 glacies,
1227 1533 1443 1603 spiritus
1462 1532 1811 1613 procellarum
1835 1533 2007 1607 (Psal.

422 1621 669 1694 exurit),
694 1623 816 1692 quis
838 1637 967 1677 vero
991 1623 1198 1676 nesciat
1222 1622 1481 1698 superbos
1509 1622 1720 1679 inﬂatos
1750 1625 1878 1691 dici,
1900 1635 2011 1681 tan-

2112 438 2198 493 his
2229 438 2411 506 rebus,
2439 440 2632 510 quibus
2660 449 2788 496 ante
2816 442 3147 511 gaudebant,
3176 455 3231 499 et
3264 446 3436 502 donec
3465 447 3556 502 ﬂat
3582 449 3690 504 illis

2115 544 2270 584 amor
2287 540 2611 586 :eternorum
2636 531 2890 589 nonnulla
2914 536 3170 589 maestitia
3201 538 3540 605 sanciantur;
3564 556 3690 596 con-

2112 618 2430 675 solabuntur
2446 636 2573 694 ergo
2594 620 2797 692 Spiritu
2817 626 3128 694 sancto,‘qui
3153 628 3392 684 maxime
3408 642 3687 700 propterea

2111 711 2432 784 παράκλητος
2458 713 2796 779 nominatur,
2829 713 2885 769 id
2914 723 2998 769 est
3037 717 3341 772 consolator
3359 759 3374 783 ,
3401 729 3688 797 ut‘tempo-

2113 801 2281 856 ralem
2307 803 2637 871 amittentes,
2664 814 2866 860 aeterna
2892 804 3076 860 lzetitia
3101 805 3369 863 fruantur.

2184 890 2474 965 (Mannum)
2493 888 2795 950 Notandum
2823 903 3001 951 autem
3024 898 3166 967 quod
3180 910 3414 966 quatuor
3435 904 3606 960 modis
3629 906 3691 958 tit

2112 982 2363 1052 planctus
2389 993 2720 1051 sanctorum,
2756 1001 2877 1041 cum
2905 987 3086 1057 priora
3123 999 3344 1058 peccata
3386 985 3683 1061 deplorant,

2112 1088 2235 1127 cum
2260 1074 2312 1127 in
2340 1073 2606 1130 infernum
2629 1076 2882 1133 cadentes
2903 1078 3182 1149 plangunt,
3211 1094 3333 1134 cum
3364 1080 3419 1135 in
3453 1086 3693 1150 peccatis

2112 1163 2376 1230 viventes,
2403 1169 2535 1221 cum'
2550 1181 2649 1236 pro
2674 1168 2943 1224 desiderio
2963 1169 3113 1240 regni
3140 1170 3376 1225 cmlestis
3401 1172 3693 1228 admodum

2114 1254 2298 1310 tristes
2326 1255 2485 1320 ﬁunt,
2514 1263 2571 1311 et
2605 1268 2838 1326 quatuor
2864 1254 3072 1329 spe'cies
3106 1259 3467 1330 lacrymarum
3498 1273 3684 1317 natura

2112 1348 2368 1403 continet.
2399 1348 2536 1403 Sunt
2563 1350 2781 1418 quidem
2804 1349 3053 1419 lacryma:
3090 1351 3321 1407 humidae
3341 1393 3355 1416 ,
3383 1360 3443 1407 ut
3470 1352 3694 1407 abluant

2113 1438 2299 1494 sordes
2330 1436 2707 1507 peccatorum,
2747 1448 2804 1494 et
2848 1440 3137 1496 restituant
3178 1443 3448 1513 perditum
3490 1444 3689 1514 baptis-

2111 1542 2295 1593 mum;
2336 1536 2463 1583 sunt
2496 1528 2652 1583 salsae
2688 1538 2743 1583 et
2766 1545 2997 1597 amarze,
3039 1539 3098 1585 ut
3141 1533 3471 1602 ecstringant
3512 1537 3691 1589 carnis

2110 1614 2335 1682 ﬂuxum,
2365 1625 2420 1671 et
2458 1627 2759 1687 temperent
2788 1618 3125 1697 dulcedinem
3150 1620 3482 1692 voluptatum
3508 1640 3524 1681 :
3566 1634 3693 1677 Sunt

423 1725 587 1785 quam
610 1720 769 1765 vento
798 1711 1091 1776 distentos;
1118 1710 1259 1765 unde
1283 1719 1364 1765 est
1389 1712 1549 1766 etiam
1579 1713 1708 1768 illud
1733 1715 2008 1784 Apostoli:
2037 1706 2084 1765 B
2112 1705 2319 1771 calidae,
2342 1716 2400 1761 ut
2422 1707 2750 1777 prmvaleant
2770 1718 2955 1764 contra
2978 1708 3311 1777 inﬁdelitatis
3330 1712 3522 1782 frigus.
3556 1712 3691 1767 Sunt

422 1799 654 1858 Sclentia
701 1804 873 1873 inﬂat,
922 1802 1151 1857 charitas
1188 1819 1306 1856 vero
1347 1803 1575 1872 wdiﬁcat
1614 1804 1677 1875 (Ι
1700 1804 1822 1860 Cor.
1853 1806 2004 1878 vm).

418 1894 759 1965 Quapropter
787 1901 932 1949 recte
958 1894 1331 1964 intelliguntur
1360 1895 1448 1950 hic
1468 1911 1731 1965 pauperes
1754 1898 2005 1966 humiles,

419 1992 475 2043 et
507 1987 760 2042 timentes
792 1987 1097 2052 Dominum,
1133 1986 1185 2040 id
1211 1976 1318 2052 eSt,
1362 2002 1473 2041 non
1514 1988 1775 2044 habentes
1812 1988 2009 2045 inﬂan-

426 2086 535 2131 tem
562 2076 831 2146 Spiritum.
1369 2139 1372 2142 ,

494 2167 601 2224 Nec
646 2169 860 2223 aliunde
901 2168 1120 2225 omnino
1161 2161 1398 2240 incipere
1438 2172 1675 2242 oportuit
1717 2173 2005 2229 beatitudi-

417 2275 574 2333 nem,
608 2258 874 2328 siquidem
918 2269 1240 2328 perventura
1269 2270 1352 2316 est
1389 2262 1453 2315 ad
1484 2277 1749 2317 summam
1790 2255 2007 2333 sapien-

418 2351 548 2404 tiam
577 2368 588 2402 :
623 2349 843 2403 Initium
871 2358 1049 2404 autem
1079 2352 1348 2420 sapientia:
1373 2353 1530 2405 timor
1572 2351 1784 2406 Domini
1815 2353 2001 2422 (Eccli.

418 2456 471 2502 t;
518 2438 663 2493 Psal.
692 2439 802 2510 cx).
828 2438 1093 2505 Quoniam
1116 2454 1146 2494 c
1170 2440 1443 2493 contrario
1476 2440 1683 2494 initium
1705 2442 1873 2495 omnis
1892 2458 2008 2512 pec-

418 2529 524 2583 cati
552 2528 791 2597 superbia
821 2512 1076 2582 sc'ribitur
1100 2526 1289 2599 (Eccli.
1312 2528 1390 2601 ι).
1421 2527 1649 2598 Superbi
1676 2537 1932 2600 appetant
1952 2538 2006 2585 et

422 2618 648 2689 diligant
691 2633 856 2688 regna
895 2627 1197 2682 terrarum,
1222 2617 1374 2671 Beati
1409 2626 1587 2673 autem
1624 2636 1875 2690 pauperes
1902 2621 2006 2690 spi-

423 2709 551 2773 ritu,
579 2710 826 2778 quoniam
853 2709 1083 2779 ipsorum
1106 2718 1181 2763 est
1212 2725 1426 2778 regnum
1457 2708 1723 2787 caelorum.

486 2797 639 2853 Beati
662 2800 830 2864 mites,
850 2794 1094 2871 quoniam
1116 2800 1218 2870 ipsi
1246 2799 1578 2869 possidebunt
1604 2809 1817 2854 terram.
1845 2798 2005 2872 (Hie-

417 2888 561 2960 ron.)
581 2888 695 2943 Non
722 2898 923 2961 terram
943 2889 1160 2956 Judreae,
1179 2905 1277 2945 nec
1292 2897 1494 2945 terram
1511 2891 1665 2947 istius
1686 2892 1891 2961 mundi,
1907 2908 2006 2949 nec

419 2987 624 3036 terram
673 2982 1013 3037 maledictum
1055 2982 1238 3053 spinas
1284 2990 1338 3037 et
1382 2982 1608 3040 tribulos
1652 2982 2039 3051 atl‘erentem,’

2108 1808 2278 1862 purae,
2308 1802 2415 1849 uta
2439 1795 2682 1865 pristinis
2702 1798 2975 1853 erroribus
3000 1800 3303 1863 mundatus,
3328 1801 3383 1854 in
3407 1817 3541 1871 pura
3564 1817 3691 1857 con-

2110 1883 2790 1963 stituantconversatione.
2836 1886 2930 1943 Hae
2964 1903 3094 1959 ergo
3121 1903 3222 1958 pro
3257 1890 3475 1945 amissis
3509 1891 3691 1945 charis

2109 1968 2304 2055 smpius
2326 1973 2479 2043 ﬁunt,
2496 1984 2555 2030 ut
2578 1991 2675 2033 nos
2693 1978 3020 2034 admoneant
3042 1989 3309 2049 quatenus
3329 1982 3529 2036 amissa
3552 1982 3686 2037 bona

2108 2064 2272 2136 opera
2298 2082 2641 2137 reparemus,
2688 2079 2744 2126 et
2782 2072 2849 2126 ad
2889 2074 3152 2127 desertam
3196 2088 3229 2127 a
3273 2073 3433 2129 nobis
3472 2085 3691 2145 propter

2102 2159 2607 2239 .prsevaricationem
2637 2164 2875 2231 paradisi
2913 2164 3141 2234 patriam
3175 2180 3273 2235 per
3312 2166 3698 2224 mandatorum

2110 2248 2203 2304 Dei
2230 2253 2527 2307 custodiam
2565 2253 2869 2309 redeamus.
2898 2255 3124 2327 Semper
3150 2258 3294 2312 enim
3338 2258 3516 2314 luctus
3552 2261 3692 2315 inter

2109 2340 2245 2394 duas
2268 2341 2481 2397 laetitias
2504 2345 2854 2428 consistitﬁid
2871 2356 2979 2421 est,
3006 2348 3147 2401 inter
3171 2349 3363 2403 mundi
3379 2352 3689 2420 praeceden-

2106 2439 2238 2499 tem,
2255 2442 2309 2488 et
2329 2436 2566 2491 cmlestis
2587 2438 2739 2508 regni
2762 2430 3299 2510 appropinquantem,
3320 2450 3375 2496 et
3393 2442 3586 2497 beatus
3605 2447 3696 2497 cui

2108 2526 2416 2595 temporalis
2447 2528 2661 2583 tristitia
2693 2539 2951 2585 aeternam
2979 2532 3243 2600 parturiet
3263 2532 3527 2587 laetitiam.
3598 2546 3605 2551 ί

2179 2615 2333 2671 Beati
2357 2620 2448 2687 qui
2468 2620 2704 2673 esuriant
2733 2630 2779 2673 et
2809 2621 2991 2673 sitiunt
3012 2622 3294 2686 iustitiam,
3320 2625 3568 2693 quoniam
3591 2622 3691 2693 ipsi

2107 2707 2505 2760 saturabuntur.
2522 2705 2810 2779 '(llieronl)
2840 2707 2955 2762 NOII
2980 2709 3135 2765 nobis
3156 2708 3352 2767 sufﬁcit
3375 2711 3512 2767 velle
3530 2711 3688 2782 justi-

2107 2795 2262 2861 tiam,
2296 2797 2396 2852 nisi
2415 2798 2639 2868 justitiae
2660 2799 2929 2869 patiamur
2951 2798 3245 2867 tamenaut
3264 2803 3364 2858 sub
3384 2803 3487 2859 hoc
3508 2819 3687 2859 exem-

2106 2887 2194 2956 plo
2216 2904 2489 2959 nunquam
2515 2904 2613 2945 nos
2632 2892 2765 2945 satis
2778 2891 2975 2961 iustos,
3004 2890 3097 2946 sed
3122 2906 3338 2961 semper
3360 2892 3514 2947 sitire
3529 2894 3693 2964 justi.

2107 2979 2197 3034 tite
2224 2995 2386 3049 opera
2416 2979 2794 3051 intelligamus.
2820 2979 3105 3037 Amatores
3131 2996 3259 3053 ergo
3283 2982 3399 3037 veri
3426 2992 3482 3038 et
3510 2983 3690 3039 incon-

417 3088 580 3143 quam
612 3073 1017 3141 crudelissimus
1036 3044 1265 3143 quisque
1290 3083 1346 3130 et
1369 3072 1602 3130 bellator
1626 3077 1797 3147 magis
1825 3044 2001 3147 possi;
2029 3044 2074 3106 δ
2105 3044 2399 3125 θυεεί-ῢοηί
2423 3068 2515 3124 me
2536 3044 2658 3131 (είΒο
2686 3070 3097 3136 δεῑυτίιδυηιυΐι
3128 3044 3334 3141 ἀενααο
3365 3071 3484 3142 ip”
3507 3072 3688 3149 Domi"

413 3163 525 3230 det,
555 3165 647 3220 sed
675 3174 877 3219 terram
904 3179 1066 3234 quam
1103 3162 1389 3220 Psalmista
1425 3164 1727 3233 desiderat,
1773 3168 1996 3224 dicens:

406 3247 579 3308 Credo
605 3254 776 3309 videre
804 3252 939 3310 bona
968 3252 1182 3310 Domini
1224 3257 1279 3309 in
1320 3263 1460 3309 terra
1498 3257 1772 3312 uiuentium
1811 3257 1995 3329 (Psal.

408 3343 588 3418 cur).
642 3343 1023 3415 Huiuscemodi
1072 3362 1393 3417 possessor,
1445 3355 1499 3403 et
1544 3357 1668 3419 post
1714 3349 1998 3406 victoriam

408 3434 775 3505 triumphator
813 3436 977 3490 etiam
1018 3437 1071 3491 in
1106 3439 1517 3509 quadragesimo
1557 3449 1750 3509 quarto
1789 3443 1998 3512 psalmo

406 3522 770 3581 describitur:
811 3523 879 3579 Et
905 3528 1129 3594 intende,
1170 3529 1379 3598 inquit,
1423 3546 1664 3599 prospere
1688 3534 1926 3600 procede,
1950 3544 1999 3589 et

388 3629 567 3684 regna
609 3624 819 3684 propter
847 3618 1111 3671 veritatem
1135 3658 1149 3682 ,
1188 3626 1235 3672 et
1262 3619 1735 3685 mansuetudinem,
1768 3630 1817 3675 et
1839 3622 2000 3692 justi—

405 3703 535 3757 tiam
565 3702 735 3776 (Psal.
762 3708 928 3774 xuv).
958 3706 1125 3761 Nemo
1151 3706 1294 3762 enim
1322 3716 1523 3762 terram
1548 3709 1707 3763 istam
1729 3725 1826 3780 per
1848 3726 1999 3766 man-

409 3796 770 3860 suetudinem,
796 3797 886 3850 sed
918 3811 1015 3865 per
1052 3797 1360 3867 superbiam
1386 3798 1642 3867 possidet.
1674 3799 1858 3871 (Aug.)
1903 3801 1992 3857 Si-

409 3885 632 3956 gniﬁcat
656 3887 796 3940 enim
837 3895 979 3940 terra
1015 3887 1105 3947 illa
1133 3889 1420 3957 quamdam
1455 3888 1780 3945 soliditatem
1806 3898 1859 3945 et
1885 3900 1995 3947 sta-

405 3973 670 4028 bilitatem
719 3974 1047 4030 haereditatis
1088 3985 1389 4047 perpetuae,
1435 3978 1526 4033 ubi
1568 3979 1748 4033 anima
1778 3980 1995 4050 perbo-

348 4096 351 4099 ι
406 4082 536 4121 num
557 4067 806 4122 allectum
834 4077 1091 4141 tanquam
1116 4071 1231 4127 loco
1252 4086 1348 4126 suo
1369 4071 1779 4143 (ιυίθεεὶι,σείεηι
1796 4087 1993 4143 corpus

376 4157 670 4222 interra,
703 4169 757 4215 et
794 4160 915 4216 inde
963 4163 1083 4217 cibo
1123 4178 1222 4218 suo
1266 4163 1452 4229 alitur,
1496 4164 1637 4219 sicut
1683 4178 1879 4234 corpus
1922 4179 1991 4219 ex

405 4258 571 4305 terra.
615 4252 730 4323 Ipsa
772 4262 857 4309 est
899 4254 1111 4324 requies
1140 4264 1196 4311 et
1221 4257 1327 4311 vita
1353 4266 1685 4312 sanctorum.
1715 4241 1870 4312 Miles
1896 4273 1991 4312 au-

405 4348 513 4396 tem
540 4352 667 4397 sunt
696 4345 787 4415 qui
818 4346 1015 4401 cedunt
1040 4347 1493 4417 improbitatibus,
1519 4356 1573 4402 et
1597 4364 1702 4404 non
1728 4349 1990 4404 resistunt

403 4431 458 4485 in
488 4432 658 4498 malo,
697 4436 791 4490 sed
833 4438 1041 4492 vincunt
1072 4439 1126 4492 in
1153 4438 1285 4492 bono
1311 4438 1509 4493 malum
1538 4437 1710 4511 (Rom.
1738 4438 1876 4509 xu);
1914 4439 1988 4493 ri-

404 4533 602 4578 xentur
638 4542 766 4595 ergo
815 4528 1068 4593 immites,
1107 4538 1161 4583 et
1205 4529 1461 4584 dimicent
1508 4545 1607 4599 pro
1656 4530 1890 4585 terrenis
1935 4540 1990 4584 et

404 4618 787 4699 temporalibus
814 4620 992 4683 rebus,
1022 4620 1172 4674 Beati
1200 4629 1378 4677 autem
1420 4623 1590 4687 mites,
1619 4624 1867 4694 quoniam
1890 4623 1989 4693 ipsi

403 4702 707 4762 hereditate
752 4710 1083 4779 possidebunt
1138 4722 1332 4767 terram
1359 4754 1373 4779 ,
1422 4713 1487 4768 de
1532 4730 1637 4784 qua
1678 4714 1833 4769 evelli
1880 4731 1986 4769 non

404 4804 650 4862 possunt.

474 4886 628 4940 Beati
656 4888 744 4957 qui
764 4888 957 4959 lugent,
979 4894 1227 4962 quoniam
1246 4892 1347 4962 ipsi
1371 4892 1796 4946 consolabuntur.
1830 4891 1983 4963 (Hie—

405 4975 545 5046 ron.)
561 4975 759 5031 Luctus
775 4979 863 5033 hic
883 4995 988 5034 non
1008 4991 1337 5037 mortuorum
1354 4983 1571 5053 ponitur
1584 4985 1855 5038 communi
1869 4985 1983 5056 lege

402 5072 631 5133 naturar,
657 5067 750 5122 sed
776 5071 1011 5139 peccatis
1035 5073 1249 5127 etvitiis
1273 5083 1625 5129 mortuorum.
1653 5073 1743 5130 Sic
1767 5074 1914 5131 tlevit
1930 5086 1986 5132 et

404 5156 623 5213 Samuel
656 5157 907 5225 Saulem,
953 5161 1079 5230 quia
1119 5164 1443 5231 pmnituerat
1489 5166 1793 5230 Dominum,
1838 5169 1982 5237 quod

398 5254 645 5309 unxisset
672 5269 794 5308 eum
826 5269 1005 5324 regem
1033 5270 1194 5324 super
1221 5254 1383 5310 Israel
1414 5257 1478 5328 (Ι
1504 5257 1631 5328 Reg.
1660 5258 1778 5328 xv).
1809 5258 1898 5313 Sic
1928 5269 1983 5314 et

399 5342 601 5401 Paulus
627 5347 900 5416 apostolus
923 5346 1052 5419 ﬂere
1076 5358 1132 5405 et
1163 5350 1345 5422 lugere
1383 5368 1440 5407 se
1466 5354 1596 5408 dicit
1624 5370 1717 5408 eos
1742 5354 1831 5423 qui
1863 5362 1986 5422 post

400 5432 809 5492 fornicationem
849 5446 904 5492 et
947 5439 1343 5496 immunditiam
1388 5458 1491 5497 non
1541 5453 1767 5514 egerunt
1804 5445 1981 5514 υωηί-

400 5528 644 5581 tentiam.
670 5528 871 5586 Luctus
899 5541 981 5586 est
1008 5534 1224 5589 tristitia
1248 5535 1315 5589 de
1352 5536 1644 5591 amissione
1669 5537 1978 5602 cbarorum,

399 5620 641 5674 conversi
667 5629 844 5677 autem
876 5623 942 5680 ad
969 5624 1252 5681 Dominum
1292 5642 1355 5683 ea
1391 5642 1511 5699 quae
1544 5628 1599 5682 in
1634 5628 1735 5684 hoc
1778 5626 1977 5684 mundo

2012 4392 2066 4451 D

2100 3175 2203 3215 nus
2229 3160 2399 3215 dicit:
2424 3158 2575 3214 Meus
2600 3161 2745 3215 cibus
2773 3171 2849 3215 est
2870 3170 2926 3215 ut
2949 3160 3145 3231 faciam
3169 3160 3491 3217 voluntatem
3508 3159 3696 3217 Patris

2099 3251 2200 3306 mei
2228 3250 2409 3322 (Joan.
2441 3251 2517 3321 tv)
2538 3290 2553 3314 ,
2586 3252 2729 3319 quod
2766 3260 2850 3305 est
2866 3246 3105 3321 iustitia,
3126 3258 3186 3304 et
3203 3250 3292 3305 illa
3317 3251 3549 3321 aqua‘de
3575 3266 3689 3321 qua

2098 3341 2331 3413 quisquis
2369 3338 2581 3403 biberit,
2624 3348 2681 3394 ut
2713 3340 2853 3395 idem
2888 3340 3049 3404 dicit,
3087 3340 3177 3408 fiet
3206 3340 3261 3395 in
3299 3356 3360 3394 eo
3387 3340 3512 3410 fons
3536 3357 3688 3411 aqua:

2054 3430 2332 3486 «salientis
2357 3431 2412 3485 in
2439 3431 2596 3493 vitam
2624 3440 2877 3485 cateruam
2903 3430 3045 3502 (Ibid
3051 3430 3113 3503 .).

2170 3521 2321 3575 Beati
2368 3520 2763 3586 misericordes,
2811 3521 3060 3591 quoniam
3113 3521 3217 3591 ipsi
3264 3520 3690 3576 misericordiam

2098 3620 2495 3683 consequentur.
2522 3606 3181 3690 (lli‘eron.)MiSericordia
3210 3623 3339 3684 ergo
3358 3624 3469 3666 non
3503 3610 3686 3665 solum

2098 3706 2154 3759 iu
2183 3704 2541 3775 eleemosynis
2566 3700 3025 3774 intelligitur,sed
3066 3699 3121 3754 in
3149 3692 3296 3755 omni
3323 3693 3552 3770 peccato
3573 3698 3687 3753 fra-

2097 3799 2214 3863 tris,
2245 3798 2291 3852 si
2318 3795 2542 3852 alterius
2567 3790 2633 3849 ut
2646 3808 2811 3850 onera
2833 3800 3023 3849 nostra
3043 3799 3341 3861 portemus,
3373 3790 3421 3845 si
3444 3790 3688 3845 inscium

2096 3890 2424 3955 doceamus,
2473 3887 2521 3943 si
2571 3895 2846 3943 errantem
2901 3885 3255 3955 corrigamus.
3310 3876 3693 3939 Misericordix'

2093 3981 2237 4036 enim
2268 3995 2377 4036 non
2405 3978 2577 4035 solum
2610 3978 2666 4032 in
2695 3978 2851 4033 donis
2880 3968 3267 4047 corporalibus,
3305 3976 3399 4032 sed
3424 3976 3589 4031 etiam
3620 3976 3682 4029 in

2094 4070 2377 4126 animabus
2398 4068 2684 4133 sanandis,
2711 4066 3011 4123 exercenda
3032 4077 3135 4120 est.
3166 4064 3371 4132 Quibus
3395 4065 3498 4120 hoc
3524 4079 3555 4117 a
3575 4064 3681 4118 mi-

2092 4161 2368 4219 scricorde
2399 4161 2582 4232 judice
2624 4159 2961 4230 rependitur,
3009 4157 3153 4228 quod
3192 4157 3293 4228 ipsi
3345 4155 3413 4211 de
3455 4156 3674 4211 miseria

2091 4255 2407 4312 liberentur.

2162 4344 2315 4399 Beati
2352 4342 2547 4397 mundo
2574 4341 2758 4407 corde,
2800 4341 3047 4411 quoniam
3085 4339 3187 4411 ipsi
3216 4338 3676 4393 Dominum-tide-

2092 4435 2252 4495 bunt.
2285 4433 2466 4489 Mundi
2507 4433 2668 4488 corde
2707 4441 2852 4497 sunt,
2898 4445 3179 4513 quosnon
3217 4431 3396 4501 arguit
3420 4429 3510 4484 illa
3540 4444 3673 4483 con-

2092 4527 2314 4583 scientia
2350 4526 2590 4597 peccati;
2624 4541 2748 4580 nam
2779 4526 3010 4581 mundus
3039 4525 3238 4580 mundo
3267 4524 3431 4580 corde
3458 4524 3675 4593 conspi-

2092 4618 2254 4682 citur,
2279 4616 2534 4685 templum
2563 4615 2657 4669 Dei
2686 4632 2791 4670 non
2815 4624 2994 4686 potest
3019 4630 3138 4670 esse
3170 4613 3451 4685 pollutum.
3485 4612 3669 4685 (Aug.)

2091 4707 2263 4775 Quam
2294 4721 2423 4776 ergo
2451 4705 2601 4761 stulti
2628 4715 2752 4760 sunt
2777 4745 2793 4771 ,
2823 4708 2913 4775 qui
2954 4706 3122 4761 Deum
3156 4706 3277 4761 istis
3308 4704 3671 4760 exterioribus

2091 4796 2260 4852 oculis
2305 4804 2582 4867 quaerunt,
2637 4810 2759 4851 cum
2813 4795 2976 4850 corde
3033 4794 3294 4849 videatur.
3341 4793 3495 4849 Sicut
3541 4793 3669 4848 alibi

2089 4888 2348 4958 scriptum
2382 4895 2465 4942 est
2481 4880 2510 4941 ἐ
2548 4886 2616 4941 Et
2642 4888 2696 4941 in
2719 4886 3050 4956 simplicitate
3077 4885 3248 4939 cordis
3274 4886 3493 4956 querito
3517 4884 3667 4939 illum

2091 4977 2240 5051 (Sap.
2273 4980 2334 5050 ι).
2378 4978 2492 5036 Hoc
2519 4988 2603 5035 est
2644 4979 2788 5033 enim
2819 4978 3078 5033 mundum
3103 4992 3218 5045 cor,
3245 4977 3387 5057 quod
3424 4985 3510 5033 est
3534 4977 3663 5032 sim-

2088 5077 2211 5148 plex
2255 5092 2369 5143 cor,
2411 5084 2467 5131 et
2511 5076 2963 5145 quemadmodum
3000 5073 3180 5129 lumen
3222 5060 3325 5128 hoc
3362 5060 3531 5127 videri
3561 5086 3664 5126 non

2038 5151 2047 5161 1
2090 5178 2290 5241 potest,
2322 5169 2427 5224 nisi
2461 5168 2633 5224 oculis
2672 5168 2909 5234 mundis,
2934 5168 3011 5223 ita
3034 5182 3136 5222 nec
3154 5166 3297 5221 Deus
3324 5164 3538 5220 videtur
3563 5162 3661 5218 nisi

2090 5262 2348 5316 mundum
2371 5262 2442 5315 sit
2468 5259 2598 5313 illud
2622 5274 2731 5332 quo
2751 5257 2917 5315 videri
2946 5265 3144 5329 potest.
3171 5255 3468 5329 (Μλωιυε.)
3484 5253 3663 5310 1)οωὶ-

2091 5369 2217 5407 num
2252 5354 2396 5408 enim
2426 5352 2611 5407 mundi
2650 5352 2813 5408 corde
2847 5351 3031 5406 vident
3057 5350 3147 5406 hic
3175 5349 3231 5404 in
3256 5348 3545 5419 aenigmate
3568 5360 3663 5415 per

2089 5444 2333 5512 gratiam,
2367 5443 2421 5497 in
2452 5443 2634 5498 futuro
2657 5453 2837 5500 autem
2873 5443 3011 5500 facie
3037 5443 3104 5498 ad
3141 5441 3354 5509 faciem,
3384 5440 3509 5509 quia
3540 5447 3661 5491 tunc

2087 5544 2432 5603 cognoscent,
2465 5534 2604 5588 sicut
2634 5544 2689 5589 ct
2718 5536 2919 5605 cogniti
2955 5543 3114 5591 erunt
3143 5532 3192 5603 (ι
3218 5533 3339 5587 Cor.
3376 5528 3519 5598 xui).

2160 5625 2305 5680 Beati
2319 5627 2524 5697 paciﬁci
2534 5667 2546 5691 ,
2560 5628 2802 5696 quoniam
2818 5627 2916 5696 ﬁlii
2932 5627 3026 5681 Dei
3040 5625 3289 5680 vocabunt
3298 5639 3377 5677 ur.
3395 5618 3468 5691 (11
3474 5619 3663 5687 ierats.)
