  <div class='ocr_page' id='page_1' title='image "/cluster/home/n/w/nwhite01/storage/ocr_20150623/107/uva.x000827064/404.png"; bbox 0 0 3938 6362; ppageno 0'>
   <div class='ocr_carea' id='block_1_1' title="bbox 292 231 450 325">
    <p class='ocr_par' dir='ltr' id='par_1_1' title="bbox 292 231 450 325">
     <span class='ocr_line' id='line_1_1' title="bbox 292 231 450 325; baseline 0 -1"><span class='ocrx_word' id='word_1_1' title='bbox 292 231 302 246; x_wconf 85' lang='grc'><em>’</em></span> <span class='ocrx_word' id='word_1_2' title='bbox 346 267 450 325; x_wconf 69' lang='grc' dir='ltr'><strong>τετ</strong></span> 
     </span>
    </p>
   </div>
   <div class='ocr_carea' id='block_1_2' title="bbox 1318 263 2695 345">
    <p class='ocr_par' dir='ltr' id='par_1_2' title="bbox 1318 263 2695 345">
     <span class='ocr_line' id='line_1_2' title="bbox 1318 263 2695 345; baseline -0.002 -20"><span class='ocrx_word' id='word_1_3' title='bbox 1318 265 1665 325; x_wconf 72' lang='lat' dir='ltr'><strong>cannam.</strong></span> <span class='ocrx_word' id='word_1_4' title='bbox 1707 264 1775 321; x_wconf 83' lang='lat' dir='ltr'><strong>IN</strong></span> <span class='ocrx_word' id='word_1_5' title='bbox 1811 263 2244 322; x_wconf 63' lang='lat' dir='ltr'><strong>narrumun.</strong></span> <span class='ocrx_word' id='word_1_6' title='bbox 2284 294 2352 306; x_wconf 73' lang='grc'><strong><em>.-</em></strong></span> <span class='ocrx_word' id='word_1_7' title='bbox 2388 263 2512 322; x_wconf 82' lang='lat' dir='ltr'><strong>Lm.</strong></span> <span class='ocrx_word' id='word_1_8' title='bbox 2553 266 2614 322; x_wconf 82' lang='grc' dir='ltr'>ιι.</span> <span class='ocrx_word' id='word_1_9' title='bbox 2692 341 2695 345; x_wconf 18' lang='grc' dir='ltr'>ι</span> 
     </span>
    </p>
   </div>
   <div class='ocr_carea' id='block_1_3' title="bbox 3468 272 3574 330">
    <p class='ocr_par' dir='ltr' id='par_1_3' title="bbox 3468 272 3574 330">
     <span class='ocr_line' id='line_1_3' title="bbox 3468 272 3574 330; baseline 0.028 -3"><span class='ocrx_word' id='word_1_10' title='bbox 3468 272 3574 330; x_wconf 82' lang='lat'><strong>798</strong></span> 
     </span>
    </p>
   </div>
   <div class='ocr_carea' id='block_1_4' title="bbox 350 375 3579 454">
    <p class='ocr_par' dir='ltr' id='par_1_4' title="bbox 350 375 3579 454">
     <span class='ocr_line' id='line_1_4' title="bbox 350 375 3579 454; baseline 0.002 -16"><span class='ocrx_word' id='word_1_11' title='bbox 350 382 564 439; x_wconf 73' lang='lat' dir='ltr'><strong>Pacifici</strong></span> <span class='ocrx_word' id='word_1_12' title='bbox 591 397 717 453; x_wconf 85' lang='lat' dir='ltr'><strong>ergo</strong></span> <span class='ocrx_word' id='word_1_13' title='bbox 738 382 807 437; x_wconf 78' lang='lat' dir='ltr'><strong>im</strong></span> <span class='ocrx_word' id='word_1_14' title='bbox 844 383 944 438; x_wconf 90' lang='lat' dir='ltr'><strong>rite</strong></span> <span class='ocrx_word' id='word_1_15' title='bbox 968 376 1244 448; x_wconf 85' lang='lat' dir='ltr'><strong>vocantur,</strong></span> <span class='ocrx_word' id='word_1_16' title='bbox 1278 383 1368 454; x_wconf 90' lang='lat' dir='ltr'><strong>qui</strong></span> <span class='ocrx_word' id='word_1_17' title='bbox 1400 375 1632 452; x_wconf 86' lang='lat' dir='ltr'><strong>primum</strong></span> <span class='ocrx_word' id='word_1_18' title='bbox 1662 383 1715 452; x_wconf 82' lang='lat' dir='ltr'><strong>in</strong></span> <span class='ocrx_word' id='word_1_19' title='bbox 1740 382 1901 436; x_wconf 83' lang='lat' dir='ltr'><strong>corde</strong></span> <span class='ocrx_word' id='word_1_20' title='bbox 1932 386 1977 444; x_wconf 77' lang='grc' dir='ltr'><strong>Α</strong></span> <span class='ocrx_word' id='word_1_21' title='bbox 2006 397 2207 436; x_wconf 90' lang='lat' dir='ltr'><strong>morem</strong></span> <span class='ocrx_word' id='word_1_22' title='bbox 2234 382 2347 436; x_wconf 87' lang='lat' dir='ltr'><strong>Dei.</strong></span> <span class='ocrx_word' id='word_1_23' title='bbox 2387 381 2493 437; x_wconf 87' lang='lat' dir='ltr'><strong>Sed</strong></span> <span class='ocrx_word' id='word_1_24' title='bbox 2516 382 2721 435; x_wconf 86' lang='lat' dir='ltr'><strong>initium</strong></span> <span class='ocrx_word' id='word_1_25' title='bbox 2754 383 3019 451; x_wconf 73' lang='lat' dir='ltr'><strong>sapientire</strong></span> <span class='ocrx_word' id='word_1_26' title='bbox 3047 385 3205 439; x_wconf 88' lang='lat' dir='ltr'><strong>timor</strong></span> <span class='ocrx_word' id='word_1_27' title='bbox 3235 386 3444 441; x_wconf 88' lang='lat' dir='ltr'><strong>Domini</strong></span> <span class='ocrx_word' id='word_1_28' title='bbox 3471 399 3579 449; x_wconf 88' lang='lat' dir='ltr'><strong>est.</strong></span> 
     </span>
    </p>
   </div>
   <div class='ocr_carea' id='block_1_5' title="bbox 344 469 1905 541">
    <p class='ocr_par' dir='ltr' id='par_1_5' title="bbox 344 469 1905 541">
     <span class='ocr_line' id='line_1_5' title="bbox 344 469 1905 541; baseline -0.003 -14"><span class='ocrx_word' id='word_1_29' title='bbox 344 487 467 537; x_wconf 86' lang='lat' dir='ltr'><strong>suo,</strong></span> <span class='ocrx_word' id='word_1_30' title='bbox 503 471 693 527; x_wconf 84' lang='lat' dir='ltr'><strong>deinde</strong></span> <span class='ocrx_word' id='word_1_31' title='bbox 725 472 861 525; x_wconf 90' lang='lat' dir='ltr'><strong>inter</strong></span> <span class='ocrx_word' id='word_1_32' title='bbox 894 470 1092 529; x_wconf 81' lang='lat' dir='ltr'><strong>fratres</strong></span> <span class='ocrx_word' id='word_1_33' title='bbox 1118 473 1431 527; x_wconf 85' lang='lat' dir='ltr'><strong>dissidentes</strong></span> <span class='ocrx_word' id='word_1_34' title='bbox 1460 486 1648 541; x_wconf 88' lang='lat' dir='ltr'><strong>pacem</strong></span> <span class='ocrx_word' id='word_1_35' title='bbox 1678 469 1905 525; x_wconf 81' lang='lat' dir='ltr'><strong>iaciunt.</strong></span> 
     </span>
    </p>
   </div>
   <div class='ocr_carea' id='block_1_6' title="bbox 346 561 1905 634">
    <p class='ocr_par' dir='ltr' id='par_1_6' title="bbox 346 561 1905 634">
     <span class='ocr_line' id='line_1_6' title="bbox 346 561 1905 634; baseline -0.001 -18"><span class='ocrx_word' id='word_1_36' title='bbox 346 562 529 634; x_wconf 78' lang='lat' dir='ltr'><strong>(Aug.)</strong></span> <span class='ocrx_word' id='word_1_37' title='bbox 560 562 695 629; x_wconf 84' lang='lat' dir='ltr'><strong>Quid</strong></span> <span class='ocrx_word' id='word_1_38' title='bbox 717 564 857 617; x_wconf 89' lang='lat' dir='ltr'><strong>enim</strong></span> <span class='ocrx_word' id='word_1_39' title='bbox 879 564 1093 634; x_wconf 78' lang='lat' dir='ltr'><strong>prodest</strong></span> <span class='ocrx_word' id='word_1_40' title='bbox 1121 579 1217 633; x_wconf 91' lang='lat' dir='ltr'><strong>per</strong></span> <span class='ocrx_word' id='word_1_41' title='bbox 1247 574 1296 619; x_wconf 90' lang='lat' dir='ltr'><strong>te</strong></span> <span class='ocrx_word' id='word_1_42' title='bbox 1316 564 1448 618; x_wconf 89' lang='lat' dir='ltr'><strong>alios</strong></span> <span class='ocrx_word' id='word_1_43' title='bbox 1469 563 1670 633; x_wconf 88' lang='lat' dir='ltr'><strong>pacari,</strong></span> <span class='ocrx_word' id='word_1_44' title='bbox 1706 577 1828 617; x_wconf 91' lang='lat' dir='ltr'><strong>cum</strong></span> <span class='ocrx_word' id='word_1_45' title='bbox 1852 561 1905 615; x_wconf 91' lang='lat' dir='ltr'><strong>in</strong></span> 
     </span>
    </p>
   </div>
   <div class='ocr_carea' id='block_1_7' title="bbox 345 650 1904 722">
    <p class='ocr_par' dir='ltr' id='par_1_7' title="bbox 345 650 1904 722">
     <span class='ocr_line' id='line_1_7' title="bbox 345 650 1904 722; baseline -0.002 -13"><span class='ocrx_word' id='word_1_46' title='bbox 345 662 437 709; x_wconf 74' lang='lat' dir='ltr'><strong>tuo</strong></span> <span class='ocrx_word' id='word_1_47' title='bbox 466 654 643 708; x_wconf 88' lang='lat' dir='ltr'><strong>animo</strong></span> <span class='ocrx_word' id='word_1_48' title='bbox 673 655 779 708; x_wconf 90' lang='lat' dir='ltr'><strong>sint</strong></span> <span class='ocrx_word' id='word_1_49' title='bbox 807 653 942 707; x_wconf 90' lang='lat' dir='ltr'><strong>bella</strong></span> <span class='ocrx_word' id='word_1_50' title='bbox 968 654 1249 718; x_wconf 87' lang='lat' dir='ltr'><strong>vitiorum;</strong></span> <span class='ocrx_word' id='word_1_51' title='bbox 1289 655 1339 706; x_wconf 92' lang='lat' dir='ltr'><strong>in</strong></span> <span class='ocrx_word' id='word_1_52' title='bbox 1363 668 1494 722; x_wconf 84' lang='lat' dir='ltr'><strong>pace</strong></span> <span class='ocrx_word' id='word_1_53' title='bbox 1524 661 1704 706; x_wconf 89' lang='lat' dir='ltr'><strong>autem</strong></span> <span class='ocrx_word' id='word_1_54' title='bbox 1730 650 1904 721; x_wconf 81' lang='lat' dir='ltr'><strong>perfe-</strong></span> 
     </span>
    </p>
   </div>
   <div class='ocr_carea' id='block_1_8' title="bbox 342 725 1903 815">
    <p class='ocr_par' dir='ltr' id='par_1_8' title="bbox 342 725 1903 815">
     <span class='ocr_line' id='line_1_8' title="bbox 342 725 1903 815; baseline -0.001 -16"><span class='ocrx_word' id='word_1_55' title='bbox 342 738 453 799; x_wconf 77' lang='lat' dir='ltr'><strong>etio</strong></span> <span class='ocrx_word' id='word_1_56' title='bbox 475 752 573 809; x_wconf 87' lang='lat' dir='ltr'><strong>est,</strong></span> <span class='ocrx_word' id='word_1_57' title='bbox 608 746 709 799; x_wconf 88' lang='lat' dir='ltr'><strong>ubi</strong></span> <span class='ocrx_word' id='word_1_58' title='bbox 732 725 863 799; x_wconf 82' lang='lat' dir='ltr'><strong>nihil</strong></span> <span class='ocrx_word' id='word_1_59' title='bbox 902 753 1179 815; x_wconf 83' lang='lat' dir='ltr'><strong>repugnat,</strong></span> <span class='ocrx_word' id='word_1_60' title='bbox 1220 753 1273 797; x_wconf 87' lang='lat' dir='ltr'><strong>et</strong></span> <span class='ocrx_word' id='word_1_61' title='bbox 1297 744 1415 797; x_wconf 90' lang='lat' dir='ltr'><strong>ideo</strong></span> <span class='ocrx_word' id='word_1_62' title='bbox 1438 744 1529 797; x_wconf 82' lang='lat' dir='ltr'><strong>lilii</strong></span> <span class='ocrx_word' id='word_1_63' title='bbox 1558 745 1649 798; x_wconf 91' lang='lat' dir='ltr'><strong>Dei</strong></span> <span class='ocrx_word' id='word_1_64' title='bbox 1671 742 1903 813; x_wconf 83' lang='lat' dir='ltr'><strong>paciﬁci,</strong></span> 
     </span>
    </p>
   </div>
   <div class='ocr_carea' id='block_1_9' title="bbox 342 832 1874 907">
    <p class='ocr_par' dir='ltr' id='par_1_9' title="bbox 342 832 1874 907">
     <span class='ocr_line' id='line_1_9' title="bbox 342 832 1874 907; baseline -0.002 -17"><span class='ocrx_word' id='word_1_65' title='bbox 342 836 598 907; x_wconf 85' lang='lat' dir='ltr'><strong>quoniam</strong></span> <span class='ocrx_word' id='word_1_66' title='bbox 623 836 751 891; x_wconf 88' lang='lat' dir='ltr'><strong>nihil</strong></span> <span class='ocrx_word' id='word_1_67' title='bbox 781 836 981 891; x_wconf 75' lang='lat' dir='ltr'><strong>resistit</strong></span> <span class='ocrx_word' id='word_1_68' title='bbox 1007 834 1113 889; x_wconf 91' lang='lat' dir='ltr'><strong>Deo</strong></span> <span class='ocrx_word' id='word_1_69' title='bbox 1140 875 1154 899; x_wconf 92' lang='lat'><strong>,</strong></span> <span class='ocrx_word' id='word_1_70' title='bbox 1195 843 1247 887; x_wconf 91' lang='lat' dir='ltr'><strong>et</strong></span> <span class='ocrx_word' id='word_1_71' title='bbox 1276 834 1461 902; x_wconf 88' lang='lat' dir='ltr'><strong>utique</strong></span> <span class='ocrx_word' id='word_1_72' title='bbox 1483 832 1575 886; x_wconf 83' lang='lat' dir='ltr'><strong>lilii</strong></span> <span class='ocrx_word' id='word_1_73' title='bbox 1600 834 1874 888; x_wconf 82' lang='lat' dir='ltr'><strong>similitudi</strong></span> 
     </span>
    </p>
   </div>
   <div class='ocr_carea' id='block_1_10' title="bbox 341 924 1903 998">
    <p class='ocr_par' dir='ltr' id='par_1_10' title="bbox 341 924 1903 998">
     <span class='ocr_line' id='line_1_10' title="bbox 341 924 1903 998; baseline -0.003 -16"><span class='ocrx_word' id='word_1_74' title='bbox 341 944 465 983; x_wconf 81' lang='lat' dir='ltr'><strong>nem</strong></span> <span class='ocrx_word' id='word_1_75' title='bbox 504 928 670 998; x_wconf 91' lang='lat' dir='ltr'><strong>patris</strong></span> <span class='ocrx_word' id='word_1_76' title='bbox 699 927 895 982; x_wconf 91' lang='lat' dir='ltr'><strong>habere</strong></span> <span class='ocrx_word' id='word_1_77' title='bbox 933 926 1145 981; x_wconf 88' lang='lat' dir='ltr'><strong>debent.</strong></span> <span class='ocrx_word' id='word_1_78' title='bbox 1177 924 1389 980; x_wconf 83' lang='lat' dir='ltr'><strong>Paciﬁci</strong></span> <span class='ocrx_word' id='word_1_79' title='bbox 1420 931 1598 977; x_wconf 89' lang='lat' dir='ltr'><strong>autem</strong></span> <span class='ocrx_word' id='word_1_80' title='bbox 1626 925 1678 977; x_wconf 93' lang='lat' dir='ltr'><strong>in</strong></span> <span class='ocrx_word' id='word_1_81' title='bbox 1714 935 1903 979; x_wconf 87' lang='lat' dir='ltr'><strong>semct-</strong></span> 
     </span>
    </p>
   </div>
   <div class='ocr_carea' id='block_1_11' title="bbox 339 1006 1899 1088">
    <p class='ocr_par' dir='ltr' id='par_1_11' title="bbox 339 1006 1899 1088">
     <span class='ocr_line' id='line_1_11' title="bbox 339 1006 1899 1088; baseline -0.003 -17"><span class='ocrx_word' id='word_1_82' title='bbox 339 1017 473 1088; x_wconf 86' lang='lat' dir='ltr'><strong>lpsis</strong></span> <span class='ocrx_word' id='word_1_83' title='bbox 497 1026 642 1083; x_wconf 90' lang='lat' dir='ltr'><strong>sunt,</strong></span> <span class='ocrx_word' id='word_1_84' title='bbox 666 1017 754 1087; x_wconf 89' lang='lat' dir='ltr'><strong>qui</strong></span> <span class='ocrx_word' id='word_1_85' title='bbox 781 1031 967 1072; x_wconf 88' lang='lat' dir='ltr'><strong>omnes</strong></span> <span class='ocrx_word' id='word_1_86' title='bbox 998 1015 1160 1069; x_wconf 90' lang='lat' dir='ltr'><strong>animi</strong></span> <span class='ocrx_word' id='word_1_87' title='bbox 1193 1006 1273 1069; x_wconf 81' lang='lat' dir='ltr'><strong>sui</strong></span> <span class='ocrx_word' id='word_1_88' title='bbox 1300 1022 1476 1068; x_wconf 90' lang='lat' dir='ltr'><strong>motus</strong></span> <span class='ocrx_word' id='word_1_89' title='bbox 1505 1024 1899 1081; x_wconf 75' lang='lat' dir='ltr'><strong>componentes,</strong></span> 
     </span>
    </p>
   </div>
   <div class='ocr_carea' id='block_1_12' title="bbox 338 1102 1903 1183">
    <p class='ocr_par' dir='ltr' id='par_1_12' title="bbox 338 1102 1903 1183">
     <span class='ocr_line' id='line_1_12' title="bbox 338 1102 1903 1183; baseline -0.004 -19"><span class='ocrx_word' id='word_1_90' title='bbox 338 1118 394 1165; x_wconf 87' lang='lat' dir='ltr'><strong>et</strong></span> <span class='ocrx_word' id='word_1_91' title='bbox 419 1102 763 1183; x_wconf 75' lang='lat' dir='ltr'><strong>subjicientes</strong></span> <span class='ocrx_word' id='word_1_92' title='bbox 790 1108 983 1171; x_wconf 76' lang='lat' dir='ltr'><strong>rationi</strong></span> <span class='ocrx_word' id='word_1_93' title='bbox 1009 1148 1022 1169; x_wconf 88' lang='lat'><strong>,</strong></span> <span class='ocrx_word' id='word_1_94' title='bbox 1054 1107 1105 1161; x_wconf 87' lang='lat' dir='ltr'><strong>id</strong></span> <span class='ocrx_word' id='word_1_95' title='bbox 1134 1115 1217 1183; x_wconf 80' lang='lat' dir='ltr'><strong>est</strong></span> <span class='ocrx_word' id='word_1_96' title='bbox 1246 1106 1412 1159; x_wconf 88' lang='lat' dir='ltr'><strong>menti</strong></span> <span class='ocrx_word' id='word_1_97' title='bbox 1442 1113 1496 1159; x_wconf 90' lang='lat' dir='ltr'><strong>et</strong></span> <span class='ocrx_word' id='word_1_98' title='bbox 1521 1105 1747 1173; x_wconf 85' lang='lat' dir='ltr'><strong>spiritui,</strong></span> <span class='ocrx_word' id='word_1_99' title='bbox 1782 1122 1903 1160; x_wconf 88' lang='lat' dir='ltr'><strong>car-</strong></span> 
     </span>
    </p>
   </div>
   <div class='ocr_carea' id='block_1_13' title="bbox 335 1178 1905 1270">
    <p class='ocr_par' dir='ltr' id='par_1_13' title="bbox 335 1178 1905 1270">
     <span class='ocr_line' id='line_1_13' title="bbox 335 1178 1905 1270; baseline -0.003 -15"><span class='ocrx_word' id='word_1_100' title='bbox 335 1178 593 1270; x_wconf 84' lang='lat' dir='ltr'><strong>nalesque</strong></span> <span class='ocrx_word' id='word_1_101' title='bbox 634 1198 1097 1267; x_wconf 89' lang='lat' dir='ltr'><strong>concupiscentias</strong></span> <span class='ocrx_word' id='word_1_102' title='bbox 1124 1178 1399 1250; x_wconf 79' lang='lat' dir='ltr'><strong>habentes</strong></span> <span class='ocrx_word' id='word_1_103' title='bbox 1446 1194 1728 1261; x_wconf 87' lang='lat' dir='ltr'><strong>edomitas,</strong></span> <span class='ocrx_word' id='word_1_104' title='bbox 1773 1195 1905 1250; x_wconf 86' lang='lat' dir='ltr'><strong>iiunt</strong></span> 
     </span>
    </p>
   </div>
   <div class='ocr_carea' id='block_1_14' title="bbox 325 1286 1903 1360">
    <p class='ocr_par' dir='ltr' id='par_1_14' title="bbox 325 1286 1903 1360">
     <span class='ocr_line' id='line_1_14' title="bbox 325 1286 1903 1360; baseline -0.001 -17"><span class='ocrx_word' id='word_1_105' title='bbox 325 1305 561 1360; x_wconf 66' lang='lat' dir='ltr'><strong>regnum</strong></span> <span class='ocrx_word' id='word_1_106' title='bbox 593 1290 719 1353; x_wconf 89' lang='lat' dir='ltr'><strong>Dei,</strong></span> <span class='ocrx_word' id='word_1_107' title='bbox 770 1290 822 1341; x_wconf 91' lang='lat' dir='ltr'><strong>in</strong></span> <span class='ocrx_word' id='word_1_108' title='bbox 858 1301 963 1356; x_wconf 87' lang='lat' dir='ltr'><strong>quo</strong></span> <span class='ocrx_word' id='word_1_109' title='bbox 992 1287 1063 1340; x_wconf 90' lang='lat' dir='ltr'><strong>ita</strong></span> <span class='ocrx_word' id='word_1_110' title='bbox 1093 1295 1215 1354; x_wconf 83' lang='lat' dir='ltr'><strong>sunt</strong></span> <span class='ocrx_word' id='word_1_111' title='bbox 1254 1286 1500 1342; x_wconf 85' lang='lat' dir='ltr'><strong>ordinata</strong></span> <span class='ocrx_word' id='word_1_112' title='bbox 1529 1286 1731 1350; x_wconf 86' lang='lat' dir='ltr'><strong>omnia,</strong></span> <span class='ocrx_word' id='word_1_113' title='bbox 1762 1294 1819 1339; x_wconf 93' lang='lat' dir='ltr'><strong>ut</strong></span> <span class='ocrx_word' id='word_1_114' title='bbox 1850 1287 1903 1341; x_wconf 90' lang='lat' dir='ltr'><strong>id</strong></span> 
     </span>
    </p>
   </div>
   <div class='ocr_carea' id='block_1_15' title="bbox 336 1377 1902 1453">
    <p class='ocr_par' dir='ltr' id='par_1_15' title="bbox 336 1377 1902 1453">
     <span class='ocr_line' id='line_1_15' title="bbox 336 1377 1902 1453; baseline -0.003 -20"><span class='ocrx_word' id='word_1_115' title='bbox 336 1380 480 1453; x_wconf 88' lang='lat' dir='ltr'><strong>quod</strong></span> <span class='ocrx_word' id='word_1_116' title='bbox 506 1387 587 1433; x_wconf 91' lang='lat' dir='ltr'><strong>est</strong></span> <span class='ocrx_word' id='word_1_117' title='bbox 610 1378 663 1432; x_wconf 91' lang='lat' dir='ltr'><strong>in</strong></span> <span class='ocrx_word' id='word_1_118' title='bbox 690 1378 906 1433; x_wconf 87' lang='lat' dir='ltr'><strong>homine</strong></span> <span class='ocrx_word' id='word_1_119' title='bbox 930 1378 1257 1447; x_wconf 64' lang='lat' dir='ltr'><strong>praecipuum</strong></span> <span class='ocrx_word' id='word_1_120' title='bbox 1280 1386 1334 1432; x_wconf 91' lang='lat' dir='ltr'><strong>et</strong></span> <span class='ocrx_word' id='word_1_121' title='bbox 1362 1377 1649 1443; x_wconf 74' lang='lat' dir='ltr'><strong>excellens,</strong></span> <span class='ocrx_word' id='word_1_122' title='bbox 1674 1377 1775 1432; x_wconf 90' lang='lat' dir='ltr'><strong>hoc</strong></span> <span class='ocrx_word' id='word_1_123' title='bbox 1798 1377 1902 1431; x_wconf 85' lang='lat' dir='ltr'><strong>im-</strong></span> 
     </span>
    </p>
   </div>
   <div class='ocr_carea' id='block_1_16' title="bbox 333 1463 1901 1542">
    <p class='ocr_par' dir='ltr' id='par_1_16' title="bbox 333 1463 1901 1542">
     <span class='ocr_line' id='line_1_16' title="bbox 333 1463 1901 1542; baseline 0.001 -24"><span class='ocrx_word' id='word_1_124' title='bbox 333 1474 506 1542; x_wconf 78' lang='lat' dir='ltr'><strong>peret,</strong></span> <span class='ocrx_word' id='word_1_125' title='bbox 538 1463 748 1522; x_wconf 67' lang='lat' dir='ltr'><strong>cancris</strong></span> <span class='ocrx_word' id='word_1_126' title='bbox 784 1480 891 1520; x_wconf 88' lang='lat' dir='ltr'><strong>non</strong></span> <span class='ocrx_word' id='word_1_127' title='bbox 923 1464 1305 1521; x_wconf 83' lang='lat' dir='ltr'><strong>reluctantibus</strong></span> <span class='ocrx_word' id='word_1_128' title='bbox 1333 1470 1452 1537; x_wconf 73' lang='lat' dir='ltr'><strong>qua:</strong></span> <span class='ocrx_word' id='word_1_129' title='bbox 1477 1476 1603 1522; x_wconf 89' lang='lat' dir='ltr'><strong>sunt</strong></span> <span class='ocrx_word' id='word_1_130' title='bbox 1628 1466 1779 1522; x_wconf 88' lang='lat' dir='ltr'><strong>nobis</strong></span> <span class='ocrx_word' id='word_1_131' title='bbox 1809 1468 1901 1521; x_wconf 89' lang='lat' dir='ltr'><strong>be-</strong></span> 
     </span>
    </p>
   </div>
   <div class='ocr_carea' id='block_1_17' title="bbox 334 1550 1905 1636">
    <p class='ocr_par' dir='ltr' id='par_1_17' title="bbox 334 1550 1905 1636">
     <span class='ocr_line' id='line_1_17' title="bbox 334 1550 1905 1636; baseline -0.001 -24"><span class='ocrx_word' id='word_1_132' title='bbox 334 1556 559 1625; x_wconf 80' lang='lat' dir='ltr'><strong>stiisque</strong></span> <span class='ocrx_word' id='word_1_133' title='bbox 605 1555 943 1636; x_wconf 74' lang='lat' dir='ltr'><strong>communia,</strong></span> <span class='ocrx_word' id='word_1_134' title='bbox 991 1550 1151 1626; x_wconf 68' lang='lat' dir='ltr'><strong>atque</strong></span> <span class='ocrx_word' id='word_1_135' title='bbox 1190 1556 1243 1611; x_wconf 90' lang='lat' dir='ltr'><strong>id</strong></span> <span class='ocrx_word' id='word_1_136' title='bbox 1288 1556 1461 1627; x_wconf 91' lang='lat' dir='ltr'><strong>ipsum</strong></span> <span class='ocrx_word' id='word_1_137' title='bbox 1502 1557 1645 1627; x_wconf 88' lang='lat' dir='ltr'><strong>quod</strong></span> <span class='ocrx_word' id='word_1_138' title='bbox 1690 1558 1905 1613; x_wconf 73' lang='lat' dir='ltr'><strong>excellit</strong></span> 
     </span>
    </p>
   </div>
   <div class='ocr_carea' id='block_1_18' title="bbox 333 1635 1893 1718">
    <p class='ocr_par' dir='ltr' id='par_1_18' title="bbox 333 1635 1893 1718">
     <span class='ocr_line' id='line_1_18' title="bbox 333 1635 1893 1718; baseline -0.001 -18"><span class='ocrx_word' id='word_1_139' title='bbox 333 1647 387 1701; x_wconf 86' lang='lat' dir='ltr'><strong>in</strong></span> <span class='ocrx_word' id='word_1_140' title='bbox 420 1646 632 1701; x_wconf 87' lang='lat' dir='ltr'><strong>homine</strong></span> <span class='ocrx_word' id='word_1_141' title='bbox 652 1635 1031 1712; x_wconf 41' lang='lat' dir='ltr'><strong>,‘id&#39;cstmens</strong></span> <span class='ocrx_word' id='word_1_142' title='bbox 1054 1646 1112 1700; x_wconf 84' lang='lat' dir='ltr'><strong>et</strong></span> <span class='ocrx_word' id='word_1_143' title='bbox 1142 1647 1299 1712; x_wconf 88' lang='lat' dir='ltr'><strong>ratio,</strong></span> <span class='ocrx_word' id='word_1_144' title='bbox 1325 1647 1639 1716; x_wconf 86' lang='lat' dir='ltr'><strong>subjiciatur</strong></span> <span class='ocrx_word' id='word_1_145' title='bbox 1673 1648 1893 1718; x_wconf 82' lang='lat' dir='ltr'><strong>potiori,</strong></span> 
     </span>
    </p>
   </div>
   <div class='ocr_carea' id='block_1_19' title="bbox 332 1726 1673 1805">
    <p class='ocr_par' dir='ltr' id='par_1_19' title="bbox 332 1726 1673 1805">
     <span class='ocr_line' id='line_1_19' title="bbox 332 1726 1673 1805; baseline 0.001 -18"><span class='ocrx_word' id='word_1_146' title='bbox 332 1737 474 1805; x_wconf 84' lang='lat' dir='ltr'><strong>quod</strong></span> <span class='ocrx_word' id='word_1_147' title='bbox 504 1744 587 1789; x_wconf 89' lang='lat' dir='ltr'><strong>est</strong></span> <span class='ocrx_word' id='word_1_148' title='bbox 617 1735 727 1805; x_wconf 89' lang='lat' dir='ltr'><strong>ipsa</strong></span> <span class='ocrx_word' id='word_1_149' title='bbox 766 1732 1003 1797; x_wconf 60' lang='lat' dir='ltr'><strong>Veritas,-</strong></span> <span class='ocrx_word' id='word_1_150' title='bbox 1032 1736 1339 1805; x_wconf 83' lang='lat' dir='ltr'><strong>unigenitus</strong></span> <span class='ocrx_word' id='word_1_151' title='bbox 1360 1726 1527 1789; x_wconf 81' lang='lat' dir='ltr'><strong>Filius</strong></span> <span class='ocrx_word' id='word_1_152' title='bbox 1559 1736 1673 1789; x_wconf 90' lang='lat' dir='ltr'><strong>Dei.</strong></span> 
     </span>
    </p>
   </div>
   <div class='ocr_carea' id='block_1_20' title="bbox 404 1814 1900 1900">
    <p class='ocr_par' dir='ltr' id='par_1_20' title="bbox 404 1814 1900 1900">
     <span class='ocr_line' id='line_1_20' title="bbox 404 1814 1900 1900; baseline 0.001 -24"><span class='ocrx_word' id='word_1_153' title='bbox 404 1824 583 1892; x_wconf 83' lang='lat' dir='ltr'><strong>Neque</strong></span> <span class='ocrx_word' id='word_1_154' title='bbox 619 1825 880 1891; x_wconf 79' lang='lat' dir='ltr'><strong>imperare</strong></span> <span class='ocrx_word' id='word_1_155' title='bbox 912 1814 1252 1900; x_wconf 80' lang='lat' dir='ltr'><strong>inferioribus</strong></span> <span class='ocrx_word' id='word_1_156' title='bbox 1283 1822 1460 1894; x_wconf 79' lang='lat' dir='ltr'><strong>potest</strong></span> <span class='ocrx_word' id='word_1_157' title='bbox 1499 1823 1601 1878; x_wconf 84' lang='lat' dir='ltr'><strong>nisi</strong></span> <span class='ocrx_word' id='word_1_158' title='bbox 1638 1823 1900 1893; x_wconf 88' lang='lat' dir='ltr'><strong>superiori</strong></span> 
     </span>
    </p>
   </div>
   <div class='ocr_carea' id='block_1_21' title="bbox 327 1912 1901 1989">
    <p class='ocr_par' dir='ltr' id='par_1_21' title="bbox 327 1912 1901 1989">
     <span class='ocr_line' id='line_1_21' title="bbox 327 1912 1901 1989; baseline -0.001 -21"><span class='ocrx_word' id='word_1_159' title='bbox 327 1928 391 1968; x_wconf 78' lang='lat' dir='ltr'><strong>se</strong></span> <span class='ocrx_word' id='word_1_160' title='bbox 421 1912 533 1983; x_wconf 88' lang='lat' dir='ltr'><strong>ipse</strong></span> <span class='ocrx_word' id='word_1_161' title='bbox 563 1912 829 1980; x_wconf 72' lang='lat' dir='ltr'><strong>sul-jiciat.</strong></span> <span class='ocrx_word' id='word_1_162' title='bbox 862 1912 1069 1967; x_wconf 71' lang='lat' dir='ltr'><strong>Ethtec</strong></span> <span class='ocrx_word' id='word_1_163' title='bbox 1096 1920 1179 1989; x_wconf 76' lang='lat' dir='ltr'><strong>est</strong></span> <span class='ocrx_word' id='word_1_164' title='bbox 1201 1928 1305 1982; x_wconf 77' lang='lat' dir='ltr'><strong>pax</strong></span> <span class='ocrx_word' id='word_1_165' title='bbox 1338 1916 1457 1982; x_wconf 73' lang='lat' dir='ltr'><strong>quae</strong></span> <span class='ocrx_word' id='word_1_166' title='bbox 1484 1913 1642 1985; x_wconf 86' lang='lat' dir='ltr'><strong>datur</strong></span> <span class='ocrx_word' id='word_1_167' title='bbox 1672 1915 1901 1969; x_wconf 83' lang='lat' dir='ltr'><strong>homini—</strong></span> 
     </span>
    </p>
   </div>
   <div class='ocr_carea' id='block_1_22' title="bbox 330 1998 1900 2059">
    <p class='ocr_par' dir='ltr' id='par_1_22' title="bbox 330 1998 1900 2059">
     <span class='ocr_line' id='line_1_22' title="bbox 330 1998 1900 2059; baseline 0 -1"><span class='ocrx_word' id='word_1_168' title='bbox 330 1998 432 2058; x_wconf 65' lang='lat' dir='ltr'><strong>tius</strong></span> <span class='ocrx_word' id='word_1_169' title='bbox 459 2002 513 2055; x_wconf 91' lang='lat' dir='ltr'><strong>in</strong></span> <span class='ocrx_word' id='word_1_170' title='bbox 545 2011 690 2056; x_wconf 84' lang='lat' dir='ltr'><strong>terra</strong></span> <span class='ocrx_word' id='word_1_171' title='bbox 718 2001 870 2055; x_wconf 75' lang='lat' dir='ltr'><strong>bonas</strong></span> <span class='ocrx_word' id='word_1_172' title='bbox 898 2000 1205 2056; x_wconf 74' lang='lat' dir='ltr'><strong>voluntatis.</strong></span> <span class='ocrx_word' id='word_1_173' title='bbox 1240 2001 1365 2057; x_wconf 78' lang='lat' dir='ltr'><strong>Haec</strong></span> <span class='ocrx_word' id='word_1_174' title='bbox 1392 2003 1501 2057; x_wconf 86' lang='lat' dir='ltr'><strong>vita</strong></span> <span class='ocrx_word' id='word_1_175' title='bbox 1543 2005 1900 2059; x_wconf 83' lang='lat' dir='ltr'><strong>consummati</strong></span> 
     </span>
    </p>
   </div>
   <div class='ocr_carea' id='block_1_23' title="bbox 326 2092 1901 2166">
    <p class='ocr_par' dir='ltr' id='par_1_23' title="bbox 326 2092 1901 2166">
     <span class='ocr_line' id='line_1_23' title="bbox 326 2092 1901 2166; baseline 0.001 -19"><span class='ocrx_word' id='word_1_176' title='bbox 326 2092 663 2163; x_wconf 81' lang='lat' dir='ltr'><strong>perfectique</strong></span> <span class='ocrx_word' id='word_1_177' title='bbox 706 2094 981 2163; x_wconf 86' lang='lat' dir='ltr'><strong>sapientis.</strong></span> <span class='ocrx_word' id='word_1_178' title='bbox 1018 2093 1093 2149; x_wconf 91' lang='lat' dir='ltr'><strong>De</strong></span> <span class='ocrx_word' id='word_1_179' title='bbox 1121 2093 1278 2162; x_wconf 84' lang='lat' dir='ltr'><strong>hujus</strong></span> <span class='ocrx_word' id='word_1_180' title='bbox 1317 2097 1509 2165; x_wconf 84' lang='lat' dir='ltr'><strong>magno</strong></span> <span class='ocrx_word' id='word_1_181' title='bbox 1544 2111 1706 2166; x_wconf 89' lang='lat' dir='ltr'><strong>regno</strong></span> <span class='ocrx_word' id='word_1_182' title='bbox 1741 2111 1901 2163; x_wconf 89' lang='lat' dir='ltr'><strong>paca-</strong></span> 
     </span>
    </p>
   </div>
   <div class='ocr_carea' id='block_1_24' title="bbox 226 2172 1900 2256">
    <p class='ocr_par' dir='ltr' id='par_1_24' title="bbox 226 2172 1900 2256">
     <span class='ocr_line' id='line_1_24' title="bbox 226 2172 1900 2256; baseline 0.003 -18"><span class='ocrx_word' id='word_1_183' title='bbox 226 2172 231 2179; x_wconf 59' lang='grc'><strong><em>’</em></strong></span> <span class='ocrx_word' id='word_1_184' title='bbox 328 2185 539 2244; x_wconf 76' lang='lat' dir='ltr'><strong>tissimo</strong></span> <span class='ocrx_word' id='word_1_185' title='bbox 573 2195 625 2238; x_wconf 89' lang='lat' dir='ltr'><strong>et</strong></span> <span class='ocrx_word' id='word_1_186' title='bbox 663 2184 1063 2239; x_wconf 76' lang='lat' dir='ltr'><strong>ordinatissime</strong></span> <span class='ocrx_word' id='word_1_187' title='bbox 1099 2186 1295 2241; x_wconf 89' lang='lat' dir='ltr'><strong>missus</strong></span> <span class='ocrx_word' id='word_1_188' title='bbox 1340 2194 1423 2241; x_wconf 87' lang='lat' dir='ltr'><strong>est</strong></span> <span class='ocrx_word' id='word_1_189' title='bbox 1470 2183 1613 2241; x_wconf 89' lang='lat' dir='ltr'><strong>l&#39;oras</strong></span> <span class='ocrx_word' id='word_1_190' title='bbox 1651 2188 1900 2256; x_wconf 89' lang='lat' dir='ltr'><strong>princeps</strong></span> 
     </span>
    </p>
   </div>
   <div class='ocr_carea' id='block_1_25' title="bbox 328 2274 1900 2347">
    <p class='ocr_par' dir='ltr' id='par_1_25' title="bbox 328 2274 1900 2347">
     <span class='ocr_line' id='line_1_25' title="bbox 328 2274 1900 2347; baseline 0.001 -17"><span class='ocrx_word' id='word_1_191' title='bbox 328 2274 485 2344; x_wconf 82' lang='lat' dir='ltr'><strong>hujus</strong></span> <span class='ocrx_word' id='word_1_192' title='bbox 530 2275 737 2340; x_wconf 64' lang='lat' dir='ltr'><strong>stcculi,</strong></span> <span class='ocrx_word' id='word_1_193' title='bbox 778 2276 865 2344; x_wconf 87' lang='lat' dir='ltr'><strong>qui</strong></span> <span class='ocrx_word' id='word_1_194' title='bbox 895 2276 1163 2344; x_wconf 78' lang='lat' dir='ltr'><strong>perversis</strong></span> <span class='ocrx_word' id='word_1_195' title='bbox 1202 2275 1627 2347; x_wconf 87' lang='lat' dir='ltr'><strong>inordinatisque</strong></span> <span class='ocrx_word' id='word_1_196' title='bbox 1656 2278 1900 2332; x_wconf 85' lang='lat' dir='ltr'><strong>domina-</strong></span> 
     </span>
    </p>
   </div>
   <div class='ocr_carea' id='block_1_26' title="bbox 324 2351 1893 2437">
    <p class='ocr_par' dir='ltr' id='par_1_26' title="bbox 324 2351 1893 2437">
     <span class='ocr_line' id='line_1_26' title="bbox 324 2351 1893 2437; baseline 0 -16"><span class='ocrx_word' id='word_1_197' title='bbox 324 2373 431 2421; x_wconf 85' lang='lat' dir='ltr'><strong>tur.</strong></span> <span class='ocrx_word' id='word_1_198' title='bbox 466 2364 578 2437; x_wconf 82' lang='lat' dir='ltr'><strong>Hao</strong></span> <span class='ocrx_word' id='word_1_199' title='bbox 607 2364 740 2434; x_wconf 82' lang='lat' dir='ltr'><strong>pace</strong></span> <span class='ocrx_word' id='word_1_200' title='bbox 781 2364 1106 2420; x_wconf 86' lang='lat' dir='ltr'><strong>intrinsecus</strong></span> <span class='ocrx_word' id='word_1_201' title='bbox 1141 2351 1428 2421; x_wconf 72' lang='lat' dir='ltr'><strong>eonStituta</strong></span> <span class='ocrx_word' id='word_1_202' title='bbox 1469 2374 1629 2436; x_wconf 87' lang='lat' dir='ltr'><strong>atque</strong></span> <span class='ocrx_word' id='word_1_203' title='bbox 1660 2366 1893 2434; x_wconf 81' lang='lat' dir='ltr'><strong>ﬁrmata,</strong></span> 
     </span>
    </p>
   </div>
   <div class='ocr_carea' id='block_1_27' title="bbox 325 2448 1897 2531">
    <p class='ocr_par' dir='ltr' id='par_1_27' title="bbox 325 2448 1897 2531">
     <span class='ocr_line' id='line_1_27' title="bbox 325 2448 1897 2531; baseline 0.005 -25"><span class='ocrx_word' id='word_1_204' title='bbox 325 2458 672 2523; x_wconf 84' lang='lat' dir='ltr'><strong>quascunque</strong></span> <span class='ocrx_word' id='word_1_205' title='bbox 702 2456 1100 2531; x_wconf 80' lang='lat' dir='ltr'><strong>persecutiones</strong></span> <span class='ocrx_word' id='word_1_206' title='bbox 1131 2448 1242 2520; x_wconf 73' lang='lat' dir='ltr'><strong>ille,</strong></span> <span class='ocrx_word' id='word_1_207' title='bbox 1278 2456 1368 2526; x_wconf 89' lang='lat' dir='ltr'><strong>qui</strong></span> <span class='ocrx_word' id='word_1_208' title='bbox 1400 2455 1545 2511; x_wconf 80' lang='lat' dir='ltr'><strong>foras</strong></span> <span class='ocrx_word' id='word_1_209' title='bbox 1566 2458 1778 2529; x_wconf 80' lang='lat' dir='ltr'><strong>&#39;missus</strong></span> <span class='ocrx_word' id='word_1_210' title='bbox 1814 2469 1897 2514; x_wconf 90' lang='lat' dir='ltr'><strong>est</strong></span> 
     </span>
    </p>
   </div>
   <div class='ocr_carea' id='block_1_28' title="bbox 325 2538 1894 2619">
    <p class='ocr_par' dir='ltr' id='par_1_28' title="bbox 325 2538 1894 2619">
     <span class='ocr_line' id='line_1_28' title="bbox 325 2538 1894 2619; baseline 0.006 -23"><span class='ocrx_word' id='word_1_211' title='bbox 325 2541 621 2598; x_wconf 77' lang='lat' dir='ltr'><strong>forinsecus</strong></span> <span class='ocrx_word' id='word_1_212' title='bbox 671 2546 1060 2613; x_wconf 77' lang='lat' dir='ltr'><strong>concitaverit,</strong></span> <span class='ocrx_word' id='word_1_213' title='bbox 1120 2538 1278 2618; x_wconf 75' lang='lat' dir='ltr'><strong>auget</strong></span> <span class='ocrx_word' id='word_1_214' title='bbox 1325 2547 1757 2619; x_wconf 39' lang='lat' dir='ltr'><strong>gloriam,&#39;quaa</strong></span> <span class='ocrx_word' id='word_1_215' title='bbox 1811 2566 1894 2605; x_wconf 87' lang='lat' dir='ltr'><strong>sc-</strong></span> 
     </span>
    </p>
   </div>
   <div class='ocr_carea' id='block_1_29' title="bbox 321 2633 1894 2704">
    <p class='ocr_par' dir='ltr' id='par_1_29' title="bbox 321 2633 1894 2704">
     <span class='ocr_line' id='line_1_29' title="bbox 321 2633 1894 2704; baseline 0.003 -14"><span class='ocrx_word' id='word_1_216' title='bbox 321 2633 558 2690; x_wconf 79' lang='lat' dir='ltr'><strong>eundum</strong></span> <span class='ocrx_word' id='word_1_217' title='bbox 580 2633 753 2687; x_wconf 89' lang='lat' dir='ltr'><strong>Deum</strong></span> <span class='ocrx_word' id='word_1_218' title='bbox 783 2642 902 2699; x_wconf 87' lang='lat' dir='ltr'><strong>est,</strong></span> <span class='ocrx_word' id='word_1_219' title='bbox 933 2650 1037 2688; x_wconf 91' lang='lat' dir='ltr'><strong>non</strong></span> <span class='ocrx_word' id='word_1_220' title='bbox 1066 2636 1267 2704; x_wconf 83' lang='lat' dir='ltr'><strong>aliquid</strong></span> <span class='ocrx_word' id='word_1_221' title='bbox 1294 2637 1346 2689; x_wconf 89' lang='lat' dir='ltr'><strong>in</strong></span> <span class='ocrx_word' id='word_1_222' title='bbox 1378 2636 1467 2691; x_wconf 87' lang='lat' dir='ltr'><strong>illo</strong></span> <span class='ocrx_word' id='word_1_223' title='bbox 1488 2638 1712 2692; x_wconf 59' lang='lat' dir='ltr'><strong>aedilicio</strong></span> <span class='ocrx_word' id='word_1_224' title='bbox 1749 2640 1894 2694; x_wconf 87' lang='lat' dir='ltr'><strong>labe-</strong></span> 
     </span>
    </p>
   </div>
   <div class='ocr_carea' id='block_1_30' title="bbox 316 2721 1894 2792">
    <p class='ocr_par' dir='ltr' id='par_1_30' title="bbox 316 2721 1894 2792">
     <span class='ocr_line' id='line_1_30' title="bbox 316 2721 1894 2792; baseline 0.005 -15"><span class='ocrx_word' id='word_1_225' title='bbox 316 2721 531 2783; x_wconf 63' lang='lat' dir='ltr'><strong>!aclnus</strong></span> <span class='ocrx_word' id='word_1_226' title='bbox 551 2723 685 2788; x_wconf 58' lang='lat' dir='ltr'><strong>,‘sed</strong></span> <span class='ocrx_word' id='word_1_227' title='bbox 712 2722 1081 2780; x_wconf 74' lang='lat' dir='ltr'><strong>deficientibus</strong></span> <span class='ocrx_word' id='word_1_228' title='bbox 1107 2728 1369 2781; x_wconf 73' lang='lat' dir='ltr'><strong>machinis</strong></span> <span class='ocrx_word' id='word_1_229' title='bbox 1400 2728 1532 2792; x_wconf 86' lang='lat' dir='ltr'><strong>suis,</strong></span> <span class='ocrx_word' id='word_1_230' title='bbox 1560 2729 1894 2786; x_wconf 89' lang='lat' dir='ltr'><strong>innotescere</strong></span> 
     </span>
    </p>
   </div>
   <div class='ocr_carea' id='block_1_31' title="bbox 304 2814 1894 2886">
    <p class='ocr_par' dir='ltr' id='par_1_31' title="bbox 304 2814 1894 2886">
     <span class='ocr_line' id='line_1_31' title="bbox 304 2814 1894 2886; baseline 0.008 -18"><span class='ocrx_word' id='word_1_231' title='bbox 304 2814 524 2870; x_wconf 56' lang='lat' dir='ltr'><strong>{ueiens</strong></span> <span class='ocrx_word' id='word_1_232' title='bbox 562 2823 761 2886; x_wconf 88' lang='lat' dir='ltr'><strong>quanta</strong></span> <span class='ocrx_word' id='word_1_233' title='bbox 791 2814 1016 2873; x_wconf 76' lang='lat' dir='ltr'><strong>ﬁrmitas</strong></span> <span class='ocrx_word' id='word_1_234' title='bbox 1048 2818 1192 2875; x_wconf 89' lang='lat' dir='ltr'><strong>intus</strong></span> <span class='ocrx_word' id='word_1_235' title='bbox 1221 2827 1492 2876; x_wconf 80' lang='lat' dir='ltr'><strong>exstructa</strong></span> <span class='ocrx_word' id='word_1_236' title='bbox 1530 2822 1616 2877; x_wconf 88' lang='lat' dir='ltr'><strong>sit.</strong></span> <span class='ocrx_word' id='word_1_237' title='bbox 1657 2823 1778 2879; x_wconf 86' lang='lat' dir='ltr'><strong>ideo</strong></span> <span class='ocrx_word' id='word_1_238' title='bbox 1810 2839 1894 2879; x_wconf 89' lang='lat' dir='ltr'><strong>sc-</strong></span> 
     </span>
    </p>
   </div>
   <div class='ocr_carea' id='block_1_32' title="bbox 314 2906 538 2976">
    <p class='ocr_par' dir='ltr' id='par_1_32' title="bbox 314 2906 538 2976">
     <span class='ocr_line' id='line_1_32' title="bbox 314 2906 538 2976; baseline 0.004 -18"><span class='ocrx_word' id='word_1_239' title='bbox 314 2906 538 2976; x_wconf 81' lang='lat' dir='ltr'><strong>quitur:</strong></span> 
     </span>
    </p>
   </div>
   <div class='ocr_carea' id='block_1_33' title="bbox 333 2987 1885 3074">
    <p class='ocr_par' dir='ltr' id='par_1_33' title="bbox 333 2987 1885 3074">
     <span class='ocr_line' id='line_1_33' title="bbox 333 2987 1885 3074; baseline 0.008 -27"><span class='ocrx_word' id='word_1_240' title='bbox 333 2987 339 2992; x_wconf 63' lang='grc'><em>’</em></span> <span class='ocrx_word' id='word_1_241' title='bbox 390 2994 540 3048; x_wconf 83' lang='lat' dir='ltr'><strong>Beati</strong></span> <span class='ocrx_word' id='word_1_242' title='bbox 555 2998 644 3066; x_wconf 89' lang='lat' dir='ltr'><strong>qui</strong></span> <span class='ocrx_word' id='word_1_243' title='bbox 668 2997 1071 3065; x_wconf 78' lang='lat' dir='ltr'><strong>persecutionem</strong></span> <span class='ocrx_word' id='word_1_244' title='bbox 1087 3000 1361 3071; x_wconf 62' lang='lat' dir='ltr'><strong>patiuntur</strong></span> <span class='ocrx_word' id='word_1_245' title='bbox 1380 3013 1588 3073; x_wconf 83' lang='lat' dir='ltr'><strong>propter</strong></span> <span class='ocrx_word' id='word_1_246' title='bbox 1598 3004 1885 3074; x_wconf 72' lang='lat' dir='ltr'><strong>justitiam,</strong></span> 
     </span>
    </p>
   </div>
   <div class='ocr_carea' id='block_1_34' title="bbox 294 3085 1888 3167">
    <p class='ocr_par' dir='ltr' id='par_1_34' title="bbox 294 3085 1888 3167">
     <span class='ocr_line' id='line_1_34' title="bbox 294 3085 1888 3167; baseline 0.008 -30"><span class='ocrx_word' id='word_1_247' title='bbox 294 3085 563 3155; x_wconf 54' lang='lat' dir='ltr'><strong>quoniam</strong></span> <span class='ocrx_word' id='word_1_248' title='bbox 591 3087 820 3156; x_wconf 80' lang='lat' dir='ltr'><strong>ipsorum</strong></span> <span class='ocrx_word' id='word_1_249' title='bbox 850 3096 925 3141; x_wconf 88' lang='lat' dir='ltr'><strong>est</strong></span> <span class='ocrx_word' id='word_1_250' title='bbox 958 3100 1170 3157; x_wconf 74' lang='lat' dir='ltr'><strong>regnum</strong></span> <span class='ocrx_word' id='word_1_251' title='bbox 1205 3089 1470 3146; x_wconf 71' lang='lat' dir='ltr'><strong>calorum.</strong></span> <span class='ocrx_word' id='word_1_252' title='bbox 1503 3090 1771 3167; x_wconf 83' lang='lat' dir='ltr'><strong>(Hieron.)</strong></span> <span class='ocrx_word' id='word_1_253' title='bbox 1800 3094 1888 3150; x_wconf 91' lang='lat' dir='ltr'><strong>Si-</strong></span> 
     </span>
    </p>
   </div>
   <div class='ocr_carea' id='block_1_35' title="bbox 316 3176 1888 3255">
    <p class='ocr_par' dir='ltr' id='par_1_35' title="bbox 316 3176 1888 3255">
     <span class='ocr_line' id='line_1_35' title="bbox 316 3176 1888 3255; baseline 0.006 -26"><span class='ocrx_word' id='word_1_254' title='bbox 316 3184 547 3248; x_wconf 76' lang='lat' dir='ltr'><strong>gnanter</strong></span> <span class='ocrx_word' id='word_1_255' title='bbox 570 3176 772 3232; x_wconf 88' lang='lat' dir='ltr'><strong>addidit</strong></span> <span class='ocrx_word' id='word_1_256' title='bbox 794 3186 1003 3247; x_wconf 83' lang='lat' dir='ltr'><strong>propter</strong></span> <span class='ocrx_word' id='word_1_257' title='bbox 1019 3178 1304 3248; x_wconf 77' lang='lat' dir='ltr'><strong>justitiam.</strong></span> <span class='ocrx_word' id='word_1_258' title='bbox 1329 3178 1479 3237; x_wconf 75' lang='lat' dir='ltr'><strong>Multi</strong></span> <span class='ocrx_word' id='word_1_259' title='bbox 1501 3182 1643 3238; x_wconf 91' lang='lat' dir='ltr'><strong>enim</strong></span> <span class='ocrx_word' id='word_1_260' title='bbox 1668 3192 1888 3255; x_wconf 86' lang='lat' dir='ltr'><strong>propter</strong></span> 
     </span>
    </p>
   </div>
   <div class='ocr_carea' id='block_1_36' title="bbox 317 3260 1887 3338">
    <p class='ocr_par' dir='ltr' id='par_1_36' title="bbox 317 3260 1887 3338">
     <span class='ocr_line' id='line_1_36' title="bbox 317 3260 1887 3338; baseline 0.007 -18"><span class='ocrx_word' id='word_1_261' title='bbox 317 3278 415 3320; x_wconf 86' lang='lat' dir='ltr'><strong>sua</strong></span> <span class='ocrx_word' id='word_1_262' title='bbox 444 3273 667 3337; x_wconf 83' lang='lat' dir='ltr'><strong>peccata</strong></span> <span class='ocrx_word' id='word_1_263' title='bbox 703 3266 982 3335; x_wconf 88' lang='lat' dir='ltr'><strong>patiuntur</strong></span> <span class='ocrx_word' id='word_1_264' title='bbox 1016 3260 1477 3338; x_wconf 81' lang='lat' dir='ltr'><strong>perseeutionem,</strong></span> <span class='ocrx_word' id='word_1_265' title='bbox 1518 3285 1573 3330; x_wconf 91' lang='lat' dir='ltr'><strong>et</strong></span> <span class='ocrx_word' id='word_1_266' title='bbox 1616 3283 1724 3331; x_wconf 84' lang='lat' dir='ltr'><strong>non</strong></span> <span class='ocrx_word' id='word_1_267' title='bbox 1762 3285 1887 3331; x_wconf 89' lang='lat' dir='ltr'><strong>sunt</strong></span> 
     </span>
    </p>
   </div>
   <div class='ocr_carea' id='block_1_37' title="bbox 310 3354 1886 3431">
    <p class='ocr_par' dir='ltr' id='par_1_37' title="bbox 310 3354 1886 3431">
     <span class='ocr_line' id='line_1_37' title="bbox 310 3354 1886 3431; baseline 0.009 -22"><span class='ocrx_word' id='word_1_268' title='bbox 310 3354 462 3425; x_wconf 79' lang='lat' dir='ltr'><strong>justi.</strong></span> <span class='ocrx_word' id='word_1_269' title='bbox 493 3354 769 3427; x_wconf 77' lang='lat' dir='ltr'><strong>Simulque</strong></span> <span class='ocrx_word' id='word_1_270' title='bbox 791 3358 1072 3415; x_wconf 85' lang='lat' dir='ltr'><strong>considera</strong></span> <span class='ocrx_word' id='word_1_271' title='bbox 1096 3362 1247 3431; x_wconf 20' lang='lat' dir='ltr'><strong>quod,</strong></span> <span class='ocrx_word' id='word_1_272' title='bbox 1268 3372 1457 3419; x_wconf 89' lang='lat' dir='ltr'><strong>octava</strong></span> <span class='ocrx_word' id='word_1_273' title='bbox 1484 3381 1628 3422; x_wconf 71' lang='lat' dir='ltr'><strong>verte</strong></span> <span class='ocrx_word' id='word_1_274' title='bbox 1656 3369 1886 3424; x_wconf 90' lang='lat' dir='ltr'><strong>circum-</strong></span> 
     </span>
    </p>
   </div>
   <div class='ocr_carea' id='block_1_38' title="bbox 315 3444 1883 3531">
    <p class='ocr_par' dir='ltr' id='par_1_38' title="bbox 315 3444 1883 3531">
     <span class='ocr_line' id='line_1_38' title="bbox 315 3444 1883 3531; baseline 0.007 -29"><span class='ocrx_word' id='word_1_275' title='bbox 315 3444 535 3503; x_wconf 77' lang='lat' dir='ltr'><strong>cisionis</strong></span> <span class='ocrx_word' id='word_1_276' title='bbox 564 3447 861 3517; x_wconf 89' lang='lat' dir='ltr'><strong>beatitudo,</strong></span> <span class='ocrx_word' id='word_1_277' title='bbox 897 3451 1157 3522; x_wconf 87' lang='lat' dir='ltr'><strong>martyrio</strong></span> <span class='ocrx_word' id='word_1_278' title='bbox 1186 3453 1523 3511; x_wconf 87' lang='lat' dir='ltr'><strong>terminatur.</strong></span> <span class='ocrx_word' id='word_1_279' title='bbox 1562 3457 1746 3531; x_wconf 82' lang='lat' dir='ltr'><strong>(Aug.)</strong></span> <span class='ocrx_word' id='word_1_280' title='bbox 1778 3459 1883 3531; x_wconf 89' lang='lat' dir='ltr'><strong>lgi-</strong></span> 
     </span>
    </p>
   </div>
   <div class='ocr_carea' id='block_1_39' title="bbox 315 3539 1887 3618">
    <p class='ocr_par' dir='ltr' id='par_1_39' title="bbox 315 3539 1887 3618">
     <span class='ocr_line' id='line_1_39' title="bbox 315 3539 1887 3618; baseline 0.01 -27"><span class='ocrx_word' id='word_1_281' title='bbox 315 3546 404 3592; x_wconf 90' lang='lat' dir='ltr'><strong>tur</strong></span> <span class='ocrx_word' id='word_1_282' title='bbox 448 3539 566 3595; x_wconf 84' lang='lat' dir='ltr'><strong>iste</strong></span> <span class='ocrx_word' id='word_1_283' title='bbox 595 3542 981 3597; x_wconf 87' lang='lat' dir='ltr'><strong>sententiarum</strong></span> <span class='ocrx_word' id='word_1_284' title='bbox 1026 3558 1281 3599; x_wconf 92' lang='lat' dir='ltr'><strong>numerus</strong></span> <span class='ocrx_word' id='word_1_285' title='bbox 1316 3544 1599 3618; x_wconf 77' lang='lat' dir='ltr'><strong>diligenter</strong></span> <span class='ocrx_word' id='word_1_286' title='bbox 1640 3550 1887 3606; x_wconf 88' lang='lat' dir='ltr'><strong>conside-</strong></span> 
     </span>
    </p>
   </div>
   <div class='ocr_carea' id='block_1_40' title="bbox 313 3631 1886 3709">
    <p class='ocr_par' dir='ltr' id='par_1_40' title="bbox 313 3631 1886 3709">
     <span class='ocr_line' id='line_1_40' title="bbox 313 3631 1886 3709; baseline 0.008 -23"><span class='ocrx_word' id='word_1_287' title='bbox 313 3631 514 3687; x_wconf 83' lang='lat' dir='ltr'><strong>randus</strong></span> <span class='ocrx_word' id='word_1_288' title='bbox 532 3641 632 3688; x_wconf 89' lang='lat' dir='ltr'><strong>est.</strong></span> <span class='ocrx_word' id='word_1_289' title='bbox 668 3632 858 3706; x_wconf 90' lang='lat' dir='ltr'><strong>Incipit</strong></span> <span class='ocrx_word' id='word_1_290' title='bbox 878 3636 1023 3690; x_wconf 88' lang='lat' dir='ltr'><strong>enim</strong></span> <span class='ocrx_word' id='word_1_291' title='bbox 1052 3635 1326 3694; x_wconf 89' lang='lat' dir='ltr'><strong>beatitudo</strong></span> <span class='ocrx_word' id='word_1_292' title='bbox 1353 3640 1419 3694; x_wconf 89' lang='lat' dir='ltr'><strong>ab</strong></span> <span class='ocrx_word' id='word_1_293' title='bbox 1448 3640 1752 3698; x_wconf 84' lang='lat' dir='ltr'><strong>humilitate</strong></span> <span class='ocrx_word' id='word_1_294' title='bbox 1780 3684 1794 3709; x_wconf 92' lang='lat'><strong>,</strong></span> <span class='ocrx_word' id='word_1_295' title='bbox 1828 3651 1886 3699; x_wconf 89' lang='lat' dir='ltr'><strong>ut</strong></span> 
     </span>
    </p>
   </div>
   <div class='ocr_carea' id='block_1_41' title="bbox 310 3722 1886 3802">
    <p class='ocr_par' dir='ltr' id='par_1_41' title="bbox 310 3722 1886 3802">
     <span class='ocr_line' id='line_1_41' title="bbox 310 3722 1886 3802; baseline 0.008 -26"><span class='ocrx_word' id='word_1_296' title='bbox 310 3734 427 3785; x_wconf 80' lang='lat' dir='ltr'><strong>est,</strong></span> <span class='ocrx_word' id='word_1_297' title='bbox 458 3722 592 3777; x_wconf 81' lang='lat' dir='ltr'><strong>beati</strong></span> <span class='ocrx_word' id='word_1_298' title='bbox 621 3741 871 3795; x_wconf 76' lang='lat' dir='ltr'><strong>pauperes</strong></span> <span class='ocrx_word' id='word_1_299' title='bbox 895 3727 1108 3797; x_wconf 77' lang='lat' dir='ltr'><strong>spiritu,</strong></span> <span class='ocrx_word' id='word_1_300' title='bbox 1133 3736 1185 3782; x_wconf 90' lang='lat' dir='ltr'><strong>et</strong></span> <span class='ocrx_word' id='word_1_301' title='bbox 1205 3730 1432 3800; x_wconf 89' lang='lat' dir='ltr'><strong>septimo</strong></span> <span class='ocrx_word' id='word_1_302' title='bbox 1458 3731 1624 3802; x_wconf 87' lang='lat' dir='ltr'><strong>gradu</strong></span> <span class='ocrx_word' id='word_1_303' title='bbox 1648 3733 1886 3788; x_wconf 87' lang='lat' dir='ltr'><strong>continet</strong></span> 
     </span>
    </p>
   </div>
   <div class='ocr_carea' id='block_1_42' title="bbox 311 3813 1881 3890">
    <p class='ocr_par' dir='ltr' id='par_1_42' title="bbox 311 3813 1881 3890">
     <span class='ocr_line' id='line_1_42' title="bbox 311 3813 1881 3890; baseline 0.01 -26"><span class='ocrx_word' id='word_1_304' title='bbox 311 3813 483 3880; x_wconf 84' lang='lat' dir='ltr'><strong>ipsam</strong></span> <span class='ocrx_word' id='word_1_305' title='bbox 512 3815 847 3883; x_wconf 87' lang='lat' dir='ltr'><strong>sapientiam,</strong></span> <span class='ocrx_word' id='word_1_306' title='bbox 882 3818 932 3872; x_wconf 93' lang='lat' dir='ltr'><strong>id</strong></span> <span class='ocrx_word' id='word_1_307' title='bbox 954 3826 1055 3882; x_wconf 88' lang='lat' dir='ltr'><strong>est,</strong></span> <span class='ocrx_word' id='word_1_308' title='bbox 1088 3820 1591 3890; x_wconf 88' lang='lat' dir='ltr'><strong>contemplationem</strong></span> <span class='ocrx_word' id='word_1_309' title='bbox 1620 3824 1881 3890; x_wconf 87' lang='lat' dir='ltr'><strong>veritatis,</strong></span> 
     </span>
    </p>
   </div>
   <div class='ocr_carea' id='block_1_43' title="bbox 309 3902 1885 3980">
    <p class='ocr_par' dir='ltr' id='par_1_43' title="bbox 309 3902 1885 3980">
     <span class='ocr_line' id='line_1_43' title="bbox 309 3902 1885 3980; baseline 0.009 -25"><span class='ocrx_word' id='word_1_310' title='bbox 309 3902 601 3980; x_wconf 73' lang='lat' dir='ltr'><strong>paciﬁcans</strong></span> <span class='ocrx_word' id='word_1_311' title='bbox 651 3912 820 3960; x_wconf 90' lang='lat' dir='ltr'><strong>totum</strong></span> <span class='ocrx_word' id='word_1_312' title='bbox 859 3907 1131 3963; x_wconf 88' lang='lat' dir='ltr'><strong>hominem</strong></span> <span class='ocrx_word' id='word_1_313' title='bbox 1161 3917 1214 3963; x_wconf 91' lang='lat' dir='ltr'><strong>et</strong></span> <span class='ocrx_word' id='word_1_314' title='bbox 1245 3911 1542 3980; x_wconf 90' lang='lat' dir='ltr'><strong>suscipiens</strong></span> <span class='ocrx_word' id='word_1_315' title='bbox 1579 3912 1885 3968; x_wconf 89' lang='lat' dir='ltr'><strong>similitudi-</strong></span> 
     </span>
    </p>
   </div>
   <div class='ocr_carea' id='block_1_44' title="bbox 240 3984 1884 4077">
    <p class='ocr_par' dir='ltr' id='par_1_44' title="bbox 240 3984 1884 4077">
     <span class='ocr_line' id='line_1_44' title="bbox 240 3984 1884 4077; baseline 0.006 -26"><span class='ocrx_word' id='word_1_316' title='bbox 240 4050 243 4051; x_wconf 30' lang='grc' dir='ltr'><em>ν</em></span> <span class='ocrx_word' id='word_1_317' title='bbox 310 3984 434 4047; x_wconf 86' lang='lat' dir='ltr'><strong>nem</strong></span> <span class='ocrx_word' id='word_1_318' title='bbox 470 3993 596 4061; x_wconf 85' lang='lat' dir='ltr'><strong>Dei,</strong></span> <span class='ocrx_word' id='word_1_319' title='bbox 633 3996 751 4066; x_wconf 63' lang='lat' dir='ltr'><strong>quae</strong></span> <span class='ocrx_word' id='word_1_320' title='bbox 781 3997 851 4051; x_wconf 88' lang='lat' dir='ltr'><strong>ita</strong></span> <span class='ocrx_word' id='word_1_321' title='bbox 886 3997 1263 4057; x_wconf 86' lang='lat' dir='ltr'><strong>concluditur:</strong></span> <span class='ocrx_word' id='word_1_322' title='bbox 1299 4000 1448 4055; x_wconf 85' lang='lat' dir='ltr'><strong>Beati</strong></span> <span class='ocrx_word' id='word_1_323' title='bbox 1476 4002 1717 4073; x_wconf 78' lang='lat' dir='ltr'><strong>paciﬁci,</strong></span> <span class='ocrx_word' id='word_1_324' title='bbox 1753 4012 1884 4077; x_wconf 83' lang='lat' dir='ltr'><strong>quo-</strong></span> 
     </span>
    </p>
   </div>
   <div class='ocr_carea' id='block_1_45' title="bbox 232 4080 1881 4163">
    <p class='ocr_par' dir='ltr' id='par_1_45' title="bbox 232 4080 1881 4163">
     <span class='ocr_line' id='line_1_45' title="bbox 232 4080 1881 4163; baseline 0.008 -27"><span class='ocrx_word' id='word_1_325' title='bbox 232 4088 240 4095; x_wconf 85' lang='lat'>&#39;</span> <span class='ocrx_word' id='word_1_326' title='bbox 310 4084 454 4137; x_wconf 76' lang='lat' dir='ltr'><strong>uiam</strong></span> <span class='ocrx_word' id='word_1_327' title='bbox 500 4080 599 4154; x_wconf 86' lang='lat' dir='ltr'><strong>ipsi</strong></span> <span class='ocrx_word' id='word_1_328' title='bbox 636 4083 736 4153; x_wconf 77' lang='lat' dir='ltr'><strong>lilii</strong></span> <span class='ocrx_word' id='word_1_329' title='bbox 770 4084 862 4140; x_wconf 87' lang='lat' dir='ltr'><strong>Dei</strong></span> <span class='ocrx_word' id='word_1_330' title='bbox 910 4088 1248 4143; x_wconf 75' lang='lat' dir='ltr'><strong>vocabuntur.</strong></span> <span class='ocrx_word' id='word_1_331' title='bbox 1290 4088 1489 4147; x_wconf 88' lang='lat' dir='ltr'><strong>Octava</strong></span> <span class='ocrx_word' id='word_1_332' title='bbox 1528 4099 1782 4163; x_wconf 87' lang='lat' dir='ltr'><strong>tanquam</strong></span> <span class='ocrx_word' id='word_1_333' title='bbox 1813 4095 1881 4149; x_wconf 89' lang='lat' dir='ltr'><strong>ad</strong></span> 
     </span>
    </p>
   </div>
   <div class='ocr_carea' id='block_1_46' title="bbox 308 4170 1881 4263">
    <p class='ocr_par' dir='ltr' id='par_1_46' title="bbox 308 4170 1881 4263">
     <span class='ocr_line' id='line_1_46' title="bbox 308 4170 1881 4263; baseline 0.007 -32"><span class='ocrx_word' id='word_1_334' title='bbox 308 4182 472 4246; x_wconf 76' lang='lat' dir='ltr'><strong>caput</strong></span> <span class='ocrx_word' id='word_1_335' title='bbox 534 4177 675 4233; x_wconf 87' lang='lat' dir='ltr'><strong>redit</strong></span> <span class='ocrx_word' id='word_1_336' title='bbox 700 4178 900 4263; x_wconf 29' lang='lat' dir='ltr'><strong>,Iquia</strong></span> <span class='ocrx_word' id='word_1_337' title='bbox 946 4170 1411 4247; x_wconf 83' lang='lat' dir='ltr'><strong>consummatum,</strong></span> <span class='ocrx_word' id='word_1_338' title='bbox 1474 4182 1881 4257; x_wconf 78' lang='lat' dir='ltr'><strong>perfectumque</strong></span> 
     </span>
    </p>
   </div>
   <div class='ocr_carea' id='block_1_47' title="bbox 306 4264 1880 4342">
    <p class='ocr_par' dir='ltr' id='par_1_47' title="bbox 306 4264 1880 4342">
     <span class='ocr_line' id='line_1_47' title="bbox 306 4264 1880 4342; baseline 0.004 -17"><span class='ocrx_word' id='word_1_339' title='bbox 306 4266 576 4333; x_wconf 80' lang='lat' dir='ltr'><strong>Ostendit,</strong></span> <span class='ocrx_word' id='word_1_340' title='bbox 601 4274 654 4323; x_wconf 87' lang='lat' dir='ltr'><strong>et</strong></span> <span class='ocrx_word' id='word_1_341' title='bbox 680 4269 885 4337; x_wconf 89' lang='lat' dir='ltr'><strong>probat.</strong></span> <span class='ocrx_word' id='word_1_342' title='bbox 912 4268 1099 4340; x_wconf 89' lang='lat' dir='ltr'><strong>Itaque</strong></span> <span class='ocrx_word' id='word_1_343' title='bbox 1120 4264 1171 4325; x_wconf 89' lang='lat' dir='ltr'><strong>in</strong></span> <span class='ocrx_word' id='word_1_344' title='bbox 1204 4273 1375 4342; x_wconf 89' lang='lat' dir='ltr'><strong>prima</strong></span> <span class='ocrx_word' id='word_1_345' title='bbox 1405 4283 1459 4328; x_wconf 90' lang='lat' dir='ltr'><strong>et</strong></span> <span class='ocrx_word' id='word_1_346' title='bbox 1481 4284 1673 4330; x_wconf 88' lang='lat' dir='ltr'><strong>octava</strong></span> <span class='ocrx_word' id='word_1_347' title='bbox 1706 4278 1880 4331; x_wconf 88' lang='lat' dir='ltr'><strong>nomi-</strong></span> 
     </span>
    </p>
   </div>
   <div class='ocr_carea' id='block_1_48' title="bbox 308 4360 1960 4470">
    <p class='ocr_par' dir='ltr' id='par_1_48' title="bbox 308 4360 1960 4470">
     <span class='ocr_line' id='line_1_48' title="bbox 308 4360 1960 4470; baseline 0.007 -59"><span class='ocrx_word' id='word_1_348' title='bbox 308 4364 490 4411; x_wconf 79' lang='lat' dir='ltr'><strong>natum</strong></span> <span class='ocrx_word' id='word_1_349' title='bbox 514 4367 598 4414; x_wconf 84' lang='lat' dir='ltr'><strong>est</strong></span> <span class='ocrx_word' id='word_1_350' title='bbox 624 4372 845 4429; x_wconf 86' lang='lat' dir='ltr'><strong>regnum</strong></span> <span class='ocrx_word' id='word_1_351' title='bbox 871 4360 1129 4415; x_wconf 71' lang='lat' dir='ltr'><strong>cwlorum</strong></span> <span class='ocrx_word' id='word_1_352' title='bbox 1160 4380 1173 4415; x_wconf 91' lang='lat'>:</span> <span class='ocrx_word' id='word_1_353' title='bbox 1202 4360 1353 4417; x_wconf 88' lang='lat' dir='ltr'><strong>Beati</strong></span> <span class='ocrx_word' id='word_1_354' title='bbox 1384 4380 1636 4436; x_wconf 88' lang='lat' dir='ltr'><strong>pauperes</strong></span> <span class='ocrx_word' id='word_1_355' title='bbox 1663 4369 1876 4437; x_wconf 83' lang='lat' dir='ltr'><strong>spiritu,</strong></span> <span class='ocrx_word' id='word_1_356' title='bbox 1897 4400 1960 4470; x_wconf 61' lang='grc' dir='ltr'><strong>,Π</strong></span> 
     </span>
    </p>
   </div>
   <div class='ocr_carea' id='block_1_49' title="bbox 303 4447 1883 4530">
    <p class='ocr_par' dir='ltr' id='par_1_49' title="bbox 303 4447 1883 4530">
     <span class='ocr_line' id='line_1_49' title="bbox 303 4447 1883 4530; baseline 0.007 -28"><span class='ocrx_word' id='word_1_357' title='bbox 303 4447 551 4518; x_wconf 78' lang='lat' dir='ltr'><strong>quoniam</strong></span> <span class='ocrx_word' id='word_1_358' title='bbox 593 4450 824 4530; x_wconf 68' lang='lat' dir='ltr'><strong>ipsorum</strong></span> <span class='ocrx_word' id='word_1_359' title='bbox 862 4459 937 4504; x_wconf 88' lang='lat' dir='ltr'><strong>est</strong></span> <span class='ocrx_word' id='word_1_360' title='bbox 981 4466 1194 4521; x_wconf 86' lang='lat' dir='ltr'><strong>regnum</strong></span> <span class='ocrx_word' id='word_1_361' title='bbox 1226 4453 1490 4520; x_wconf 76' lang='lat' dir='ltr'><strong>ctelorum,</strong></span> <span class='ocrx_word' id='word_1_362' title='bbox 1531 4466 1577 4510; x_wconf 92' lang='lat' dir='ltr'><strong>et</strong></span> <span class='ocrx_word' id='word_1_363' title='bbox 1610 4456 1745 4512; x_wconf 84' lang='lat' dir='ltr'><strong>beati</strong></span> <span class='ocrx_word' id='word_1_364' title='bbox 1792 4461 1883 4529; x_wconf 87' lang='lat' dir='ltr'><strong>qui</strong></span> 
     </span>
    </p>
   </div>
   <div class='ocr_carea' id='block_1_50' title="bbox 303 4540 1881 4619">
    <p class='ocr_par' dir='ltr' id='par_1_50' title="bbox 303 4540 1881 4619">
     <span class='ocr_line' id='line_1_50' title="bbox 303 4540 1881 4619; baseline 0.007 -26"><span class='ocrx_word' id='word_1_365' title='bbox 303 4542 710 4610; x_wconf 79' lang='lat' dir='ltr'><strong>persecutionem</strong></span> <span class='ocrx_word' id='word_1_366' title='bbox 751 4540 1022 4611; x_wconf 85' lang='lat' dir='ltr'><strong>patiuntur</strong></span> <span class='ocrx_word' id='word_1_367' title='bbox 1066 4552 1274 4611; x_wconf 84' lang='lat' dir='ltr'><strong>propter</strong></span> <span class='ocrx_word' id='word_1_368' title='bbox 1307 4545 1591 4615; x_wconf 85' lang='lat' dir='ltr'><strong>justitiam,</strong></span> <span class='ocrx_word' id='word_1_369' title='bbox 1635 4549 1881 4619; x_wconf 87' lang='lat' dir='ltr'><strong>quoniam</strong></span> 
     </span>
    </p>
   </div>
   <div class='ocr_carea' id='block_1_51' title="bbox 302 4630 1883 4705">
    <p class='ocr_par' dir='ltr' id='par_1_51' title="bbox 302 4630 1883 4705">
     <span class='ocr_line' id='line_1_51' title="bbox 302 4630 1883 4705; baseline 0.006 -21"><span class='ocrx_word' id='word_1_370' title='bbox 302 4632 537 4700; x_wconf 83' lang='lat' dir='ltr'><strong>ipsorum</strong></span> <span class='ocrx_word' id='word_1_371' title='bbox 561 4641 635 4685; x_wconf 86' lang='lat' dir='ltr'><strong>est</strong></span> <span class='ocrx_word' id='word_1_372' title='bbox 663 4647 874 4702; x_wconf 87' lang='lat' dir='ltr'><strong>regnum</strong></span> <span class='ocrx_word' id='word_1_373' title='bbox 904 4630 1167 4685; x_wconf 69' lang='lat' dir='ltr'><strong>calorum.</strong></span> <span class='ocrx_word' id='word_1_374' title='bbox 1198 4634 1331 4689; x_wconf 90' lang='lat' dir='ltr'><strong>Cum</strong></span> <span class='ocrx_word' id='word_1_375' title='bbox 1347 4636 1470 4705; x_wconf 73' lang='lat' dir='ltr'><strong>jam;</strong></span> <span class='ocrx_word' id='word_1_376' title='bbox 1490 4630 1720 4692; x_wconf 88' lang='lat' dir='ltr'><strong>dicitur-:</strong></span> <span class='ocrx_word' id='word_1_377' title='bbox 1754 4638 1883 4704; x_wconf 83' lang='lat' dir='ltr'><strong>Quis</strong></span> 
     </span>
    </p>
   </div>
   <div class='ocr_carea' id='block_1_52' title="bbox 304 4722 1884 4801">
    <p class='ocr_par' dir='ltr' id='par_1_52' title="bbox 304 4722 1884 4801">
     <span class='ocr_line' id='line_1_52' title="bbox 304 4722 1884 4801; baseline 0.003 -22"><span class='ocrx_word' id='word_1_378' title='bbox 304 4740 401 4779; x_wconf 81' lang='lat' dir='ltr'><strong>nos</strong></span> <span class='ocrx_word' id='word_1_379' title='bbox 421 4723 679 4794; x_wconf 85' lang='lat' dir='ltr'><strong>separabit</strong></span> <span class='ocrx_word' id='word_1_380' title='bbox 706 4741 737 4777; x_wconf 93' lang='lat' dir='ltr'><strong>a</strong></span> <span class='ocrx_word' id='word_1_381' title='bbox 761 4724 1013 4778; x_wconf 78' lang='lat' dir='ltr'><strong>charitate</strong></span> <span class='ocrx_word' id='word_1_382' title='bbox 1041 4722 1255 4790; x_wconf 80' lang='lat' dir='ltr'><strong>Christi,</strong></span> <span class='ocrx_word' id='word_1_383' title='bbox 1280 4728 1587 4782; x_wconf 85' lang='lat' dir='ltr'><strong>tribulatio?</strong></span> <span class='ocrx_word' id='word_1_384' title='bbox 1614 4746 1683 4784; x_wconf 89' lang='lat' dir='ltr'><strong>an</strong></span> <span class='ocrx_word' id='word_1_385' title='bbox 1715 4747 1884 4801; x_wconf 86' lang='lat' dir='ltr'><strong>angu-</strong></span> 
     </span>
    </p>
   </div>
   <div class='ocr_carea' id='block_1_53' title="bbox 215 4814 1884 4889">
    <p class='ocr_par' dir='ltr' id='par_1_53' title="bbox 215 4814 1884 4889">
     <span class='ocr_line' id='line_1_53' title="bbox 215 4814 1884 4889; baseline 0.005 -23"><span class='ocrx_word' id='word_1_386' title='bbox 215 4862 221 4866; x_wconf 86' lang='lat'><strong>.</strong></span> <span class='ocrx_word' id='word_1_387' title='bbox 302 4815 448 4868; x_wconf 85' lang='lat' dir='ltr'><strong>stia?</strong></span> <span class='ocrx_word' id='word_1_388' title='bbox 476 4831 543 4868; x_wconf 81' lang='lat' dir='ltr'><strong>an</strong></span> <span class='ocrx_word' id='word_1_389' title='bbox 582 4814 905 4883; x_wconf 81' lang='lat' dir='ltr'><strong>persecutio?</strong></span> <span class='ocrx_word' id='word_1_390' title='bbox 936 4830 1005 4869; x_wconf 89' lang='lat' dir='ltr'><strong>an</strong></span> <span class='ocrx_word' id='word_1_391' title='bbox 1040 4815 1203 4884; x_wconf 82' lang='lat' dir='ltr'><strong>fames</strong></span> <span class='ocrx_word' id='word_1_392' title='bbox 1228 4816 1253 4867; x_wconf 82' lang='lat'><strong><em>7</em></strong></span> <span class='ocrx_word' id='word_1_393' title='bbox 1278 4832 1345 4869; x_wconf 80' lang='lat' dir='ltr'><strong>an</strong></span> <span class='ocrx_word' id='word_1_394' title='bbox 1376 4817 1627 4871; x_wconf 77' lang='lat' dir='ltr'><strong>auditas?</strong></span> <span class='ocrx_word' id='word_1_395' title='bbox 1654 4836 1723 4872; x_wconf 92' lang='lat' dir='ltr'><strong>an</strong></span> <span class='ocrx_word' id='word_1_396' title='bbox 1746 4820 1884 4889; x_wconf 87' lang='lat' dir='ltr'><strong>peri-</strong></span> 
     </span>
    </p>
   </div>
   <div class='ocr_carea' id='block_1_54' title="bbox 300 4903 1874 4979">
    <p class='ocr_par' dir='ltr' id='par_1_54' title="bbox 300 4903 1874 4979">
     <span class='ocr_line' id='line_1_54' title="bbox 300 4903 1874 4979; baseline 0.004 -22"><span class='ocrx_word' id='word_1_397' title='bbox 300 4904 478 4957; x_wconf 80' lang='lat' dir='ltr'><strong>culum</strong></span> <span class='ocrx_word' id='word_1_398' title='bbox 493 4904 519 4957; x_wconf 71' lang='lat'><strong>.9</strong></span> <span class='ocrx_word' id='word_1_399' title='bbox 541 4921 608 4957; x_wconf 88' lang='lat' dir='ltr'><strong>an</strong></span> <span class='ocrx_word' id='word_1_400' title='bbox 631 4903 879 4975; x_wconf 82' lang='lat' dir='ltr'><strong>gladius?</strong></span> <span class='ocrx_word' id='word_1_401' title='bbox 904 4903 1123 4974; x_wconf 82' lang='lat' dir='ltr'><strong>Septem</strong></span> <span class='ocrx_word' id='word_1_402' title='bbox 1145 4915 1273 4962; x_wconf 87' lang='lat' dir='ltr'><strong>sunt</strong></span> <span class='ocrx_word' id='word_1_403' title='bbox 1287 4922 1415 4978; x_wconf 86' lang='lat' dir='ltr'><strong>ergo</strong></span> <span class='ocrx_word' id='word_1_404' title='bbox 1435 4924 1554 4978; x_wconf 78' lang='lat' dir='ltr'><strong>quae</strong></span> <span class='ocrx_word' id='word_1_405' title='bbox 1569 4909 1874 4979; x_wconf 71' lang='lat' dir='ltr'><strong>perficiunt,</strong></span> 
     </span>
    </p>
   </div>
   <div class='ocr_carea' id='block_1_55' title="bbox 302 4992 1878 5069">
    <p class='ocr_par' dir='ltr' id='par_1_55' title="bbox 302 4992 1878 5069">
     <span class='ocr_line' id='line_1_55' title="bbox 302 4992 1878 5069; baseline 0.005 -20"><span class='ocrx_word' id='word_1_406' title='bbox 302 5010 425 5049; x_wconf 90' lang='lat' dir='ltr'><strong>nam</strong></span> <span class='ocrx_word' id='word_1_407' title='bbox 448 4992 633 5049; x_wconf 82' lang='lat' dir='ltr'><strong>Octava</strong></span> <span class='ocrx_word' id='word_1_408' title='bbox 656 4994 938 5062; x_wconf 80' lang='lat' dir='ltr'><strong>clariﬁcat,</strong></span> <span class='ocrx_word' id='word_1_409' title='bbox 972 5005 1027 5051; x_wconf 88' lang='lat' dir='ltr'><strong>ot</strong></span> <span class='ocrx_word' id='word_1_410' title='bbox 1057 4998 1198 5067; x_wconf 89' lang='lat' dir='ltr'><strong>quod</strong></span> <span class='ocrx_word' id='word_1_411' title='bbox 1217 4998 1512 5069; x_wconf 77' lang='lat' dir='ltr'><strong>perfectura</strong></span> <span class='ocrx_word' id='word_1_412' title='bbox 1541 5011 1623 5056; x_wconf 92' lang='lat' dir='ltr'><strong>est</strong></span> <span class='ocrx_word' id='word_1_413' title='bbox 1650 5002 1878 5057; x_wconf 90' lang='lat' dir='ltr'><strong>demon-</strong></span> 
     </span>
    </p>
   </div>
   <div class='ocr_carea' id='block_1_56' title="bbox 301 5078 1876 5163">
    <p class='ocr_par' dir='ltr' id='par_1_56' title="bbox 301 5078 1876 5163">
     <span class='ocr_line' id='line_1_56' title="bbox 301 5078 1876 5163; baseline 0.004 -21"><span class='ocrx_word' id='word_1_414' title='bbox 301 5094 459 5151; x_wconf 84' lang='lat' dir='ltr'><strong>strat,</strong></span> <span class='ocrx_word' id='word_1_415' title='bbox 489 5096 546 5140; x_wconf 90' lang='lat' dir='ltr'><strong>ut</strong></span> <span class='ocrx_word' id='word_1_416' title='bbox 558 5102 653 5156; x_wconf 84' lang='lat' dir='ltr'><strong>per</strong></span> <span class='ocrx_word' id='word_1_417' title='bbox 664 5088 763 5141; x_wconf 89' lang='lat' dir='ltr'><strong>hos</strong></span> <span class='ocrx_word' id='word_1_418' title='bbox 776 5088 975 5159; x_wconf 87' lang='lat' dir='ltr'><strong>gradus</strong></span> <span class='ocrx_word' id='word_1_419' title='bbox 986 5088 1334 5157; x_wconf 83' lang='lat' dir='ltr'><strong>perﬁciantur</strong></span> <span class='ocrx_word' id='word_1_420' title='bbox 1345 5078 1558 5155; x_wconf 79' lang='lat' dir='ltr'><strong>caetera,</strong></span> <span class='ocrx_word' id='word_1_421' title='bbox 1576 5102 1829 5163; x_wconf 89' lang='lat' dir='ltr'><strong>tanquam</strong></span> <span class='ocrx_word' id='word_1_422' title='bbox 1845 5108 1876 5148; x_wconf 91' lang='lat' dir='ltr'><strong>a</strong></span> 
     </span>
    </p>
   </div>
   <div class='ocr_carea' id='block_1_57' title="bbox 297 5176 1874 5253">
    <p class='ocr_par' dir='ltr' id='par_1_57' title="bbox 297 5176 1874 5253">
     <span class='ocr_line' id='line_1_57' title="bbox 297 5176 1874 5253; baseline 0.002 -19"><span class='ocrx_word' id='word_1_423' title='bbox 297 5177 473 5248; x_wconf 87' lang='lat' dir='ltr'><strong>capite</strong></span> <span class='ocrx_word' id='word_1_424' title='bbox 508 5192 728 5231; x_wconf 88' lang='lat' dir='ltr'><strong>rursum</strong></span> <span class='ocrx_word' id='word_1_425' title='bbox 772 5176 1081 5233; x_wconf 72' lang='lat' dir='ltr'><strong>exordiens.</strong></span> <span class='ocrx_word' id='word_1_426' title='bbox 1124 5179 1346 5236; x_wconf 79' lang='lat' dir='ltr'><strong>Videtur</strong></span> <span class='ocrx_word' id='word_1_427' title='bbox 1381 5195 1511 5253; x_wconf 82' lang='lat' dir='ltr'><strong>ergo</strong></span> <span class='ocrx_word' id='word_1_428' title='bbox 1550 5182 1681 5236; x_wconf 89' lang='lat' dir='ltr'><strong>mihi</strong></span> <span class='ocrx_word' id='word_1_429' title='bbox 1710 5183 1874 5238; x_wconf 88' lang='lat' dir='ltr'><strong>etiam</strong></span> 
     </span>
    </p>
   </div>
   <div class='ocr_carea' id='block_1_58' title="bbox 238 5264 1875 5341">
    <p class='ocr_par' dir='ltr' id='par_1_58' title="bbox 238 5264 1875 5341">
     <span class='ocr_line' id='line_1_58' title="bbox 238 5264 1875 5341; baseline 0.004 -19"><span class='ocrx_word' id='word_1_430' title='bbox 238 5290 241 5291; x_wconf 51' lang='grc' dir='ltr'><em>ν</em></span> <span class='ocrx_word' id='word_1_431' title='bbox 295 5264 628 5338; x_wconf 81' lang='lat' dir='ltr'><strong>scptiformis</strong></span> <span class='ocrx_word' id='word_1_432' title='bbox 679 5269 920 5339; x_wconf 80' lang='lat' dir='ltr'><strong>operatio</strong></span> <span class='ocrx_word' id='word_1_433' title='bbox 949 5266 1180 5340; x_wconf 85' lang='lat' dir='ltr'><strong>Spiritus</strong></span> <span class='ocrx_word' id='word_1_434' title='bbox 1223 5271 1413 5337; x_wconf 87' lang='lat' dir='ltr'><strong>sancti,</strong></span> <span class='ocrx_word' id='word_1_435' title='bbox 1457 5272 1525 5327; x_wconf 91' lang='lat' dir='ltr'><strong>de</strong></span> <span class='ocrx_word' id='word_1_436' title='bbox 1560 5287 1667 5341; x_wconf 90' lang='lat' dir='ltr'><strong>qua</strong></span> <span class='ocrx_word' id='word_1_437' title='bbox 1705 5272 1875 5329; x_wconf 85' lang='lat' dir='ltr'><strong>Isaias</strong></span> 
     </span>
    </p>
   </div>
   <div class='ocr_carea' id='block_1_59' title="bbox 220 5804 249 5824">
    <p class='ocr_par' dir='ltr' id='par_1_59' title="bbox 220 5804 249 5824">
     <span class='ocr_line' id='line_1_59' title="bbox 220 5804 249 5824; baseline 0 0"><span class='ocrx_word' id='word_1_438' title='bbox 220 5804 249 5824; x_wconf 53' lang='grc' dir='ltr'>δ</span> 
     </span>
    </p>
   </div>
   <div class='ocr_carea' id='block_1_60' title="bbox 298 5350 1871 5434">
    <p class='ocr_par' dir='ltr' id='par_1_60' title="bbox 298 5350 1871 5434">
     <span class='ocr_line' id='line_1_60' title="bbox 298 5350 1871 5434; baseline 0.004 -20"><span class='ocrx_word' id='word_1_439' title='bbox 298 5358 535 5429; x_wconf 88' lang='lat' dir='ltr'><strong>loquitur</strong></span> <span class='ocrx_word' id='word_1_440' title='bbox 568 5356 701 5431; x_wconf 85' lang='lat' dir='ltr'><strong>(Isa.</strong></span> <span class='ocrx_word' id='word_1_441' title='bbox 751 5358 851 5429; x_wconf 76' lang='lat' dir='ltr'><strong>xu)</strong></span> <span class='ocrx_word' id='word_1_442' title='bbox 871 5398 886 5425; x_wconf 92' lang='lat'><strong>,</strong></span> <span class='ocrx_word' id='word_1_443' title='bbox 908 5352 1006 5414; x_wconf 85' lang='lat' dir='ltr'><strong>his</strong></span> <span class='ocrx_word' id='word_1_444' title='bbox 1045 5361 1302 5432; x_wconf 74' lang='lat' dir='ltr'><strong>gradibus</strong></span> <span class='ocrx_word' id='word_1_445' title='bbox 1325 5356 1713 5434; x_wconf 81' lang='lat' dir='ltr'><strong>sententiisque</strong></span> <span class='ocrx_word' id='word_1_446' title='bbox 1741 5350 1871 5420; x_wconf 81' lang='lat' dir='ltr'><strong>con-</strong></span> 
     </span>
    </p>
   </div>
   <div class='ocr_carea' id='block_1_61' title="bbox 296 5432 1874 5528">
    <p class='ocr_par' dir='ltr' id='par_1_61' title="bbox 296 5432 1874 5528">
     <span class='ocr_line' id='line_1_61' title="bbox 296 5432 1874 5528; baseline 0.003 -22"><span class='ocrx_word' id='word_1_447' title='bbox 296 5466 509 5528; x_wconf 80' lang='lat' dir='ltr'><strong>gruere.</strong></span> <span class='ocrx_word' id='word_1_448' title='bbox 559 5450 667 5507; x_wconf 91' lang='lat' dir='ltr'><strong>Sed</strong></span> <span class='ocrx_word' id='word_1_449' title='bbox 708 5450 936 5507; x_wconf 86' lang='lat' dir='ltr'><strong>interest</strong></span> <span class='ocrx_word' id='word_1_450' title='bbox 974 5446 1207 5521; x_wconf 60' lang='lat' dir='ltr'><strong>ordinis;</strong></span> <span class='ocrx_word' id='word_1_451' title='bbox 1254 5432 1377 5510; x_wconf 60' lang='lat' dir='ltr'><strong>uani</strong></span> <span class='ocrx_word' id='word_1_452' title='bbox 1424 5454 1496 5510; x_wconf 90' lang='lat' dir='ltr'><strong>ibi</strong></span> <span class='ocrx_word' id='word_1_453' title='bbox 1536 5432 1874 5523; x_wconf 79' lang='lat' dir='ltr'><strong>enumeratio</strong></span> 
     </span>
    </p>
   </div>
   <div class='ocr_carea' id='block_1_62' title="bbox 298 5534 1866 5614">
    <p class='ocr_par' dir='ltr' id='par_1_62' title="bbox 298 5534 1866 5614">
     <span class='ocr_line' id='line_1_62' title="bbox 298 5534 1866 5614; baseline 0.002 -15"><span class='ocrx_word' id='word_1_454' title='bbox 298 5534 367 5599; x_wconf 82' lang='lat' dir='ltr'><strong>ab</strong></span> <span class='ocrx_word' id='word_1_455' title='bbox 400 5542 871 5600; x_wconf 76' lang='lat' dir='ltr'><strong>excellentioribus</strong></span> <span class='ocrx_word' id='word_1_456' title='bbox 898 5544 1060 5614; x_wconf 72' lang='lat' dir='ltr'><strong>cmpit</strong></span> <span class='ocrx_word' id='word_1_457' title='bbox 1080 5585 1095 5611; x_wconf 94' lang='lat'><strong>,</strong></span> <span class='ocrx_word' id='word_1_458' title='bbox 1136 5546 1224 5602; x_wconf 91' lang='lat' dir='ltr'><strong>hic</strong></span> <span class='ocrx_word' id='word_1_459' title='bbox 1251 5562 1379 5604; x_wconf 86' lang='lat' dir='ltr'><strong>vero</strong></span> <span class='ocrx_word' id='word_1_460' title='bbox 1403 5546 1471 5602; x_wconf 84' lang='lat' dir='ltr'><strong>ab</strong></span> <span class='ocrx_word' id='word_1_461' title='bbox 1501 5544 1866 5603; x_wconf 85' lang='lat' dir='ltr'><strong>inferioribus.</strong></span> 
     </span>
    </p>
   </div>
   <div class='ocr_carea' id='block_1_63' title="bbox 299 5636 1866 5719">
    <p class='ocr_par' dir='ltr' id='par_1_63' title="bbox 299 5636 1866 5719">
     <span class='ocr_line' id='line_1_63' title="bbox 299 5636 1866 5719; baseline -0.001 -26"><span class='ocrx_word' id='word_1_462' title='bbox 299 5640 376 5708; x_wconf 65' lang='lat' dir='ltr'><strong>ibi</strong></span> <span class='ocrx_word' id='word_1_463' title='bbox 405 5651 635 5718; x_wconf 67' lang='lat' dir='ltr'><strong>namque</strong></span> <span class='ocrx_word' id='word_1_464' title='bbox 672 5636 858 5719; x_wconf 83' lang='lat' dir='ltr'><strong>incipit</strong></span> <span class='ocrx_word' id='word_1_465' title='bbox 887 5643 917 5691; x_wconf 80' lang='lat' dir='ltr'><strong>s</strong></span> <span class='ocrx_word' id='word_1_466' title='bbox 945 5638 1207 5718; x_wconf 82' lang='lat' dir='ltr'><strong>sapientia</strong></span> <span class='ocrx_word' id='word_1_467' title='bbox 1234 5640 1349 5706; x_wconf 89' lang='lat' dir='ltr'><strong>Del,</strong></span> <span class='ocrx_word' id='word_1_468' title='bbox 1392 5649 1448 5697; x_wconf 86' lang='lat' dir='ltr'><strong>et</strong></span> <span class='ocrx_word' id='word_1_469' title='bbox 1469 5640 1661 5698; x_wconf 86' lang='lat' dir='ltr'><strong>desinit</strong></span> <span class='ocrx_word' id='word_1_470' title='bbox 1699 5641 1765 5695; x_wconf 92' lang='lat' dir='ltr'><strong>ad</strong></span> <span class='ocrx_word' id='word_1_471' title='bbox 1797 5640 1866 5698; x_wconf 44' lang='lat' dir='ltr'><strong>ti.</strong></span> 
     </span>
    </p>
   </div>
   <div class='ocr_carea' id='block_1_64' title="bbox 2012 474 3580 544">
    <p class='ocr_par' dir='ltr' id='par_1_64' title="bbox 2012 474 3580 544">
     <span class='ocr_line' id='line_1_64' title="bbox 2012 474 3580 544; baseline 0.004 -17"><span class='ocrx_word' id='word_1_472' title='bbox 2012 474 2350 544; x_wconf 85' lang='lat' dir='ltr'><strong>Quapropter</strong></span> <span class='ocrx_word' id='word_1_473' title='bbox 2395 476 2439 530; x_wconf 90' lang='lat' dir='ltr'><strong>si</strong></span> <span class='ocrx_word' id='word_1_474' title='bbox 2483 475 2748 542; x_wconf 73' lang='lat' dir='ltr'><strong>gradatim</strong></span> <span class='ocrx_word' id='word_1_475' title='bbox 2788 482 3041 542; x_wconf 83' lang='lat' dir='ltr'><strong>tanquam</strong></span> <span class='ocrx_word' id='word_1_476' title='bbox 3080 478 3431 532; x_wconf 88' lang='lat' dir='ltr'><strong>ascendentes</strong></span> <span class='ocrx_word' id='word_1_477' title='bbox 3478 496 3580 533; x_wconf 89' lang='lat' dir='ltr'><strong>nu-</strong></span> 
     </span>
    </p>
   </div>
   <div class='ocr_carea' id='block_1_65' title="bbox 2012 564 3580 635">
    <p class='ocr_par' dir='ltr' id='par_1_65' title="bbox 2012 564 3580 635">
     <span class='ocr_line' id='line_1_65' title="bbox 2012 564 3580 635; baseline 0.004 -18"><span class='ocrx_word' id='word_1_478' title='bbox 2012 579 2308 626; x_wconf 87' lang='lat' dir='ltr'><strong>meremus,</strong></span> <span class='ocrx_word' id='word_1_479' title='bbox 2349 566 2554 634; x_wconf 88' lang='lat' dir='ltr'><strong>primus</strong></span> <span class='ocrx_word' id='word_1_480' title='bbox 2578 565 2773 635; x_wconf 90' lang='lat' dir='ltr'><strong>gradus</strong></span> <span class='ocrx_word' id='word_1_481' title='bbox 2803 564 2876 618; x_wconf 92' lang='lat' dir='ltr'><strong>ibi</strong></span> <span class='ocrx_word' id='word_1_482' title='bbox 2913 572 3001 618; x_wconf 91' lang='lat' dir='ltr'><strong>est</strong></span> <span class='ocrx_word' id='word_1_483' title='bbox 3030 566 3188 619; x_wconf 90' lang='lat' dir='ltr'><strong>timor</strong></span> <span class='ocrx_word' id='word_1_484' title='bbox 3213 565 3424 621; x_wconf 90' lang='lat' dir='ltr'><strong>Domini</strong></span> <span class='ocrx_word' id='word_1_485' title='bbox 3445 609 3459 631; x_wconf 91' lang='lat'><strong>,</strong></span> <span class='ocrx_word' id='word_1_486' title='bbox 3494 585 3580 623; x_wconf 89' lang='lat' dir='ltr'><strong>sc-</strong></span> 
     </span>
    </p>
   </div>
   <div class='ocr_carea' id='block_1_66' title="bbox 2013 642 3575 725">
    <p class='ocr_par' dir='ltr' id='par_1_66' title="bbox 2013 642 3575 725">
     <span class='ocr_line' id='line_1_66' title="bbox 2013 642 3575 725; baseline 0.005 -18"><span class='ocrx_word' id='word_1_487' title='bbox 2013 656 2218 709; x_wconf 91' lang='lat' dir='ltr'><strong>cundus</strong></span> <span class='ocrx_word' id='word_1_488' title='bbox 2255 656 2450 724; x_wconf 87' lang='lat' dir='ltr'><strong>pietas,</strong></span> <span class='ocrx_word' id='word_1_489' title='bbox 2497 642 2689 711; x_wconf 90' lang='lat' dir='ltr'><strong>tertius</strong></span> <span class='ocrx_word' id='word_1_490' title='bbox 2739 654 2985 719; x_wconf 89' lang='lat' dir='ltr'><strong>scientia,</strong></span> <span class='ocrx_word' id='word_1_491' title='bbox 3033 664 3254 725; x_wconf 90' lang='lat' dir='ltr'><strong>quartus</strong></span> <span class='ocrx_word' id='word_1_492' title='bbox 3300 658 3575 723; x_wconf 81' lang='lat' dir='ltr'><strong>fortitudo,</strong></span> 
     </span>
    </p>
   </div>
   <div class='ocr_carea' id='block_1_67' title="bbox 2008 743 3577 817">
    <p class='ocr_par' dir='ltr' id='par_1_67' title="bbox 2008 743 3577 817">
     <span class='ocr_line' id='line_1_67' title="bbox 2008 743 3577 817; baseline 0.004 -20"><span class='ocrx_word' id='word_1_493' title='bbox 2008 743 2227 813; x_wconf 77' lang='lat' dir='ltr'><strong>quintus</strong></span> <span class='ocrx_word' id='word_1_494' title='bbox 2263 744 2565 807; x_wconf 80' lang='lat' dir='ltr'><strong>consilium,</strong></span> <span class='ocrx_word' id='word_1_495' title='bbox 2606 753 2788 798; x_wconf 86' lang='lat' dir='ltr'><strong>sextus</strong></span> <span class='ocrx_word' id='word_1_496' title='bbox 2827 743 3147 809; x_wconf 83' lang='lat' dir='ltr'><strong>intellectus,</strong></span> <span class='ocrx_word' id='word_1_497' title='bbox 3192 746 3451 817; x_wconf 90' lang='lat' dir='ltr'><strong>septimus</strong></span> <span class='ocrx_word' id='word_1_498' title='bbox 3489 765 3577 803; x_wconf 86' lang='lat' dir='ltr'><strong>sa-</strong></span> 
     </span>
    </p>
   </div>
   <div class='ocr_carea' id='block_1_68' title="bbox 2006 820 3581 906">
    <p class='ocr_par' dir='ltr' id='par_1_68' title="bbox 2006 820 3581 906">
     <span class='ocr_line' id='line_1_68' title="bbox 2006 820 3581 906; baseline 0.002 -18"><span class='ocrx_word' id='word_1_499' title='bbox 2006 825 2225 905; x_wconf 82' lang='lat' dir='ltr'><strong>pientia.</strong></span> <span class='ocrx_word' id='word_1_500' title='bbox 2266 820 2449 886; x_wconf 85' lang='lat' dir='ltr'><strong>Timor</strong></span> <span class='ocrx_word' id='word_1_501' title='bbox 2482 834 2689 887; x_wconf 88' lang='lat' dir='ltr'><strong>Domini</strong></span> <span class='ocrx_word' id='word_1_502' title='bbox 2725 834 2973 904; x_wconf 82' lang='lat' dir='ltr'><strong>congruit</strong></span> <span class='ocrx_word' id='word_1_503' title='bbox 3011 834 3324 905; x_wconf 84' lang='lat' dir='ltr'><strong>humilibus,</strong></span> <span class='ocrx_word' id='word_1_504' title='bbox 3366 836 3433 890; x_wconf 90' lang='lat' dir='ltr'><strong>de</strong></span> <span class='ocrx_word' id='word_1_505' title='bbox 3465 839 3581 906; x_wconf 88' lang='lat' dir='ltr'><strong>qui-</strong></span> 
     </span>
    </p>
   </div>
   <div class='ocr_carea' id='block_1_69' title="bbox 2007 921 3578 995">
    <p class='ocr_par' dir='ltr' id='par_1_69' title="bbox 2007 921 3578 995">
     <span class='ocr_line' id='line_1_69' title="bbox 2007 921 3578 995; baseline 0.001 -19"><span class='ocrx_word' id='word_1_506' title='bbox 2007 924 2105 978; x_wconf 87' lang='lat' dir='ltr'><strong>bus</strong></span> <span class='ocrx_word' id='word_1_507' title='bbox 2136 923 2223 977; x_wconf 79' lang='lat' dir='ltr'><strong>liic</strong></span> <span class='ocrx_word' id='word_1_508' title='bbox 2251 922 2446 977; x_wconf 85' lang='lat' dir='ltr'><strong>dicitur</strong></span> <span class='ocrx_word' id='word_1_509' title='bbox 2475 941 2489 975; x_wconf 89' lang='lat'><strong>:</strong></span> <span class='ocrx_word' id='word_1_510' title='bbox 2520 921 2674 976; x_wconf 85' lang='lat' dir='ltr'><strong>Beati</strong></span> <span class='ocrx_word' id='word_1_511' title='bbox 2698 940 2947 992; x_wconf 80' lang='lat' dir='ltr'><strong>pauperes</strong></span> <span class='ocrx_word' id='word_1_512' title='bbox 2975 925 3159 992; x_wconf 87' lang='lat' dir='ltr'><strong>spiritu</strong></span> <span class='ocrx_word' id='word_1_513' title='bbox 3181 964 3193 987; x_wconf 95' lang='lat'><strong>,</strong></span> <span class='ocrx_word' id='word_1_514' title='bbox 3221 926 3467 994; x_wconf 87' lang='lat' dir='ltr'><strong>quoniam</strong></span> <span class='ocrx_word' id='word_1_515' title='bbox 3498 926 3578 995; x_wconf 82' lang='lat' dir='ltr'><strong>ip-</strong></span> 
     </span>
    </p>
   </div>
   <div class='ocr_carea' id='block_1_70' title="bbox 2005 1010 3578 1081">
    <p class='ocr_par' dir='ltr' id='par_1_70' title="bbox 2005 1010 3578 1081">
     <span class='ocr_line' id='line_1_70' title="bbox 2005 1010 3578 1081; baseline 0.001 -16"><span class='ocrx_word' id='word_1_516' title='bbox 2005 1029 2180 1065; x_wconf 87' lang='lat' dir='ltr'><strong>sorum</strong></span> <span class='ocrx_word' id='word_1_517' title='bbox 2223 1019 2297 1065; x_wconf 88' lang='lat' dir='ltr'><strong>est</strong></span> <span class='ocrx_word' id='word_1_518' title='bbox 2331 1027 2541 1081; x_wconf 83' lang='lat' dir='ltr'><strong>regnum</strong></span> <span class='ocrx_word' id='word_1_519' title='bbox 2573 1010 2849 1073; x_wconf 67' lang='lat' dir='ltr'><strong>caelorum,</strong></span> <span class='ocrx_word' id='word_1_520' title='bbox 2883 1011 2933 1065; x_wconf 89' lang='lat' dir='ltr'><strong>id</strong></span> <span class='ocrx_word' id='word_1_521' title='bbox 2964 1019 3076 1076; x_wconf 87' lang='lat' dir='ltr'><strong>est,</strong></span> <span class='ocrx_word' id='word_1_522' title='bbox 3112 1028 3217 1066; x_wconf 90' lang='lat' dir='ltr'><strong>non</strong></span> <span class='ocrx_word' id='word_1_523' title='bbox 3248 1012 3434 1078; x_wconf 81' lang='lat' dir='ltr'><strong>inﬂati,</strong></span> <span class='ocrx_word' id='word_1_524' title='bbox 3475 1029 3578 1068; x_wconf 92' lang='lat' dir='ltr'><strong>non</strong></span> 
     </span>
    </p>
   </div>
   <div class='ocr_carea' id='block_1_71' title="bbox 2006 1099 3581 1169">
    <p class='ocr_par' dir='ltr' id='par_1_71' title="bbox 2006 1099 3581 1169">
     <span class='ocr_line' id='line_1_71' title="bbox 2006 1099 3581 1169; baseline -0.001 -14"><span class='ocrx_word' id='word_1_525' title='bbox 2006 1104 2178 1169; x_wconf 84' lang='lat' dir='ltr'><strong>supch</strong></span> <span class='ocrx_word' id='word_1_526' title='bbox 2205 1102 2241 1154; x_wconf 92' lang='lat' dir='ltr'><strong>i.</strong></span> <span class='ocrx_word' id='word_1_527' title='bbox 2276 1102 2347 1155; x_wconf 91' lang='lat' dir='ltr'><strong>De</strong></span> <span class='ocrx_word' id='word_1_528' title='bbox 2382 1101 2575 1169; x_wconf 87' lang='lat' dir='ltr'><strong>quibus</strong></span> <span class='ocrx_word' id='word_1_529' title='bbox 2625 1099 2907 1169; x_wconf 81' lang='lat' dir='ltr'><strong>Apostolus</strong></span> <span class='ocrx_word' id='word_1_530' title='bbox 2934 1100 3061 1155; x_wconf 89' lang='lat' dir='ltr'><strong>dicit</strong></span> <span class='ocrx_word' id='word_1_531' title='bbox 3092 1119 3103 1154; x_wconf 90' lang='lat'>:</span> <span class='ocrx_word' id='word_1_532' title='bbox 3141 1100 3267 1155; x_wconf 85' lang='lat' dir='ltr'><strong>Noli</strong></span> <span class='ocrx_word' id='word_1_533' title='bbox 3299 1100 3463 1154; x_wconf 87' lang='lat' dir='ltr'><strong>altum</strong></span> <span class='ocrx_word' id='word_1_534' title='bbox 3496 1119 3581 1155; x_wconf 81' lang='lat' dir='ltr'><strong>sa-</strong></span> 
     </span>
    </p>
   </div>
   <div class='ocr_carea' id='block_1_72' title="bbox 2002 1188 3581 1261">
    <p class='ocr_par' dir='ltr' id='par_1_72' title="bbox 2002 1188 3581 1261">
     <span class='ocr_line' id='line_1_72' title="bbox 2002 1188 3581 1261; baseline 0.001 -17"><span class='ocrx_word' id='word_1_535' title='bbox 2002 1208 2139 1261; x_wconf 82' lang='lat' dir='ltr'><strong>pere,</strong></span> <span class='ocrx_word' id='word_1_536' title='bbox 2173 1190 2263 1243; x_wconf 81' lang='lat' dir='ltr'><strong>sed</strong></span> <span class='ocrx_word' id='word_1_537' title='bbox 2313 1191 2455 1253; x_wconf 88' lang='lat' dir='ltr'><strong>time,</strong></span> <span class='ocrx_word' id='word_1_538' title='bbox 2506 1189 2557 1242; x_wconf 91' lang='lat' dir='ltr'><strong>id</strong></span> <span class='ocrx_word' id='word_1_539' title='bbox 2587 1197 2687 1253; x_wconf 90' lang='lat' dir='ltr'><strong>est,</strong></span> <span class='ocrx_word' id='word_1_540' title='bbox 2732 1188 2839 1243; x_wconf 91' lang='lat' dir='ltr'><strong>noli</strong></span> <span class='ocrx_word' id='word_1_541' title='bbox 2871 1189 3078 1245; x_wconf 83' lang='lat' dir='ltr'><strong>e&#39;xtolli.</strong></span> <span class='ocrx_word' id='word_1_542' title='bbox 3132 1190 3311 1245; x_wconf 88' lang='lat' dir='ltr'><strong>Pietas</strong></span> <span class='ocrx_word' id='word_1_543' title='bbox 3336 1192 3581 1260; x_wconf 83' lang='lat' dir='ltr'><strong>congruit</strong></span> 
     </span>
    </p>
   </div>
   <div class='ocr_carea' id='block_1_73' title="bbox 2006 1279 3581 1350">
    <p class='ocr_par' dir='ltr' id='par_1_73' title="bbox 2006 1279 3581 1350">
     <span class='ocr_line' id='line_1_73' title="bbox 2006 1279 3581 1350; baseline 0.002 -17"><span class='ocrx_word' id='word_1_544' title='bbox 2006 1279 2246 1345; x_wconf 89' lang='lat' dir='ltr'><strong>mitibus,</strong></span> <span class='ocrx_word' id='word_1_545' title='bbox 2296 1281 2385 1350; x_wconf 88' lang='lat' dir='ltr'><strong>qui</strong></span> <span class='ocrx_word' id='word_1_546' title='bbox 2430 1280 2571 1334; x_wconf 90' lang='lat' dir='ltr'><strong>enim</strong></span> <span class='ocrx_word' id='word_1_547' title='bbox 2626 1281 2712 1349; x_wconf 86' lang='lat' dir='ltr'><strong>pie</strong></span> <span class='ocrx_word' id='word_1_548' title='bbox 2764 1280 2990 1350; x_wconf 64' lang='lat' dir='ltr'><strong>quaerit,</strong></span> <span class='ocrx_word' id='word_1_549' title='bbox 3051 1280 3278 1335; x_wconf 87' lang='lat' dir='ltr'><strong>honorat</strong></span> <span class='ocrx_word' id='word_1_550' title='bbox 3336 1290 3581 1337; x_wconf 89' lang='lat' dir='ltr'><strong>sanctam</strong></span> 
     </span>
    </p>
   </div>
   <div class='ocr_carea' id='block_1_74' title="bbox 2007 1366 3578 1441">
    <p class='ocr_par' dir='ltr' id='par_1_74' title="bbox 2007 1366 3578 1441">
     <span class='ocr_line' id='line_1_74' title="bbox 2007 1366 3578 1441; baseline -0.001 -15"><span class='ocrx_word' id='word_1_551' title='bbox 2007 1369 2376 1441; x_wconf 88' lang='lat' dir='ltr'><strong>Scripturam,</strong></span> <span class='ocrx_word' id='word_1_552' title='bbox 2416 1382 2470 1426; x_wconf 90' lang='lat' dir='ltr'><strong>et</strong></span> <span class='ocrx_word' id='word_1_553' title='bbox 2504 1387 2610 1426; x_wconf 89' lang='lat' dir='ltr'><strong>non</strong></span> <span class='ocrx_word' id='word_1_554' title='bbox 2656 1366 3177 1441; x_wconf 25' lang='lat' dir='ltr'><strong>reprehenditiquod</strong></span> <span class='ocrx_word' id='word_1_555' title='bbox 3217 1372 3454 1425; x_wconf 83' lang='lat' dir='ltr'><strong>nondum</strong></span> <span class='ocrx_word' id='word_1_556' title='bbox 3495 1371 3578 1425; x_wconf 80' lang='lat' dir='ltr'><strong>in-</strong></span> 
     </span>
    </p>
   </div>
   <div class='ocr_carea' id='block_1_75' title="bbox 2006 1462 3577 1533">
    <p class='ocr_par' dir='ltr' id='par_1_75' title="bbox 2006 1462 3577 1533">
     <span class='ocr_line' id='line_1_75' title="bbox 2006 1462 3577 1533; baseline 0.001 -16"><span class='ocrx_word' id='word_1_557' title='bbox 2006 1462 2225 1533; x_wconf 84' lang='lat' dir='ltr'><strong>telligit,</strong></span> <span class='ocrx_word' id='word_1_558' title='bbox 2275 1472 2329 1517; x_wconf 87' lang='lat' dir='ltr'><strong>et</strong></span> <span class='ocrx_word' id='word_1_559' title='bbox 2374 1473 2652 1533; x_wconf 85' lang='lat' dir='ltr'><strong>propterea</strong></span> <span class='ocrx_word' id='word_1_560' title='bbox 2688 1480 2791 1517; x_wconf 92' lang='lat' dir='ltr'><strong>non</strong></span> <span class='ocrx_word' id='word_1_561' title='bbox 2828 1464 3058 1528; x_wconf 87' lang='lat' dir='ltr'><strong>resistit,</strong></span> <span class='ocrx_word' id='word_1_562' title='bbox 3088 1463 3230 1533; x_wconf 88' lang='lat' dir='ltr'><strong>quod</strong></span> <span class='ocrx_word' id='word_1_563' title='bbox 3269 1474 3351 1518; x_wconf 89' lang='lat' dir='ltr'><strong>est</strong></span> <span class='ocrx_word' id='word_1_564' title='bbox 3391 1464 3577 1518; x_wconf 86' lang='lat' dir='ltr'><strong>mitem</strong></span> 
     </span>
    </p>
   </div>
   <div class='ocr_carea' id='block_1_76' title="bbox 2005 1537 3579 1624">
    <p class='ocr_par' dir='ltr' id='par_1_76' title="bbox 2005 1537 3579 1624">
     <span class='ocr_line' id='line_1_76' title="bbox 2005 1537 3579 1624; baseline 0 -17"><span class='ocrx_word' id='word_1_565' title='bbox 2005 1537 2161 1619; x_wconf 70' lang='lat' dir='ltr'><strong>esse;</strong></span> <span class='ocrx_word' id='word_1_566' title='bbox 2202 1555 2340 1608; x_wconf 84' lang='lat' dir='ltr'><strong>unde</strong></span> <span class='ocrx_word' id='word_1_567' title='bbox 2382 1555 2467 1607; x_wconf 85' lang='lat' dir='ltr'><strong>hic</strong></span> <span class='ocrx_word' id='word_1_568' title='bbox 2516 1554 2752 1607; x_wconf 87' lang='lat' dir='ltr'><strong>dicitur:</strong></span> <span class='ocrx_word' id='word_1_569' title='bbox 2786 1551 2937 1606; x_wconf 86' lang='lat' dir='ltr'><strong>Beati</strong></span> <span class='ocrx_word' id='word_1_570' title='bbox 2980 1556 3151 1621; x_wconf 79' lang='lat' dir='ltr'><strong>mites,</strong></span> <span class='ocrx_word' id='word_1_571' title='bbox 3192 1555 3437 1624; x_wconf 87' lang='lat' dir='ltr'><strong>quoniam</strong></span> <span class='ocrx_word' id='word_1_572' title='bbox 3477 1555 3579 1623; x_wconf 86' lang='lat' dir='ltr'><strong>ipsi</strong></span> 
     </span>
    </p>
   </div>
   <div class='ocr_carea' id='block_1_77' title="bbox 2004 1642 3595 1719">
    <p class='ocr_par' dir='ltr' id='par_1_77' title="bbox 2004 1642 3595 1719">
     <span class='ocr_line' id='line_1_77' title="bbox 2004 1642 3595 1719; baseline 0.001 -23"><span class='ocrx_word' id='word_1_573' title='bbox 2004 1642 2304 1697; x_wconf 70' lang='lat' dir='ltr'><strong>hmreditate</strong></span> <span class='ocrx_word' id='word_1_574' title='bbox 2330 1644 2659 1713; x_wconf 86' lang='lat' dir='ltr'><strong>possidebunt</strong></span> <span class='ocrx_word' id='word_1_575' title='bbox 2689 1653 2901 1719; x_wconf 75' lang='lat' dir='ltr'><strong>terram.</strong></span> <span class='ocrx_word' id='word_1_576' title='bbox 2928 1642 3164 1696; x_wconf 84' lang='lat' dir='ltr'><strong>Scientia</strong></span> <span class='ocrx_word' id='word_1_577' title='bbox 3205 1643 3452 1713; x_wconf 78' lang='lat' dir='ltr'><strong>congruit</strong></span> <span class='ocrx_word' id='word_1_578' title='bbox 3486 1643 3595 1714; x_wconf 12' lang='lat' dir='ltr'><strong>lu—ﬂ</strong></span> 
     </span>
    </p>
   </div>
   <div class='ocr_carea' id='block_1_78' title="bbox 1931 1721 3576 1805">
    <p class='ocr_par' dir='ltr' id='par_1_78' title="bbox 1931 1721 3576 1805">
     <span class='ocr_line' id='line_1_78' title="bbox 1931 1721 3576 1805; baseline 0.001 -17"><span class='ocrx_word' id='word_1_579' title='bbox 1931 1721 1975 1780; x_wconf 88' lang='grc' dir='ltr'><strong>Β</strong></span> <span class='ocrx_word' id='word_1_580' title='bbox 2005 1735 2282 1805; x_wconf 81' lang='lat' dir='ltr'><strong>gentibus,</strong></span> <span class='ocrx_word' id='word_1_581' title='bbox 2317 1721 2407 1803; x_wconf 86' lang='lat' dir='ltr'><strong>qui</strong></span> <span class='ocrx_word' id='word_1_582' title='bbox 2433 1735 2553 1803; x_wconf 86' lang='lat' dir='ltr'><strong>jam</strong></span> <span class='ocrx_word' id='word_1_583' title='bbox 2578 1741 2943 1803; x_wconf 88' lang='lat' dir='ltr'><strong>cognoverunt</strong></span> <span class='ocrx_word' id='word_1_584' title='bbox 2971 1734 3023 1787; x_wconf 91' lang='lat' dir='ltr'><strong>in</strong></span> <span class='ocrx_word' id='word_1_585' title='bbox 3050 1732 3348 1803; x_wconf 88' lang='lat' dir='ltr'><strong>Scripturis</strong></span> <span class='ocrx_word' id='word_1_586' title='bbox 3378 1736 3576 1805; x_wconf 86' lang='lat' dir='ltr'><strong>quibus</strong></span> 
     </span>
    </p>
   </div>
   <div class='ocr_carea' id='block_1_79' title="bbox 2002 1824 3578 1893">
    <p class='ocr_par' dir='ltr' id='par_1_79' title="bbox 2002 1824 3578 1893">
     <span class='ocr_line' id='line_1_79' title="bbox 2002 1824 3578 1893; baseline 0 -14"><span class='ocrx_word' id='word_1_587' title='bbox 2002 1825 2158 1879; x_wconf 88' lang='lat' dir='ltr'><strong>malis</strong></span> <span class='ocrx_word' id='word_1_588' title='bbox 2188 1826 2351 1877; x_wconf 89' lang='lat' dir='ltr'><strong>vincti</strong></span> <span class='ocrx_word' id='word_1_589' title='bbox 2383 1832 2687 1889; x_wconf 88' lang='lat' dir='ltr'><strong>teneantur,</strong></span> <span class='ocrx_word' id='word_1_590' title='bbox 2730 1839 2848 1893; x_wconf 74' lang='lat' dir='ltr'><strong>qua:</strong></span> <span class='ocrx_word' id='word_1_591' title='bbox 2886 1831 3140 1892; x_wconf 86' lang='lat' dir='ltr'><strong>tanquam</strong></span> <span class='ocrx_word' id='word_1_592' title='bbox 3183 1824 3323 1879; x_wconf 86' lang='lat' dir='ltr'><strong>bona</strong></span> <span class='ocrx_word' id='word_1_593' title='bbox 3347 1832 3404 1879; x_wconf 89' lang='lat' dir='ltr'><strong>et</strong></span> <span class='ocrx_word' id='word_1_594' title='bbox 3428 1825 3578 1879; x_wconf 80' lang='lat' dir='ltr'><strong>utilia</strong></span> 
     </span>
    </p>
   </div>
   <div class='ocr_carea' id='block_1_80' title="bbox 2002 1911 3577 1984">
    <p class='ocr_par' dir='ltr' id='par_1_80' title="bbox 2002 1911 3577 1984">
     <span class='ocr_line' id='line_1_80' title="bbox 2002 1911 3577 1984; baseline 0.001 -17"><span class='ocrx_word' id='word_1_595' title='bbox 2002 1914 2310 1984; x_wconf 80' lang='lat' dir='ltr'><strong>ignorantes</strong></span> <span class='ocrx_word' id='word_1_596' title='bbox 2331 1912 2695 1983; x_wconf 87' lang='lat' dir='ltr'><strong>appetierunt.</strong></span> <span class='ocrx_word' id='word_1_597' title='bbox 2716 1913 2791 1966; x_wconf 88' lang='lat' dir='ltr'><strong>De</strong></span> <span class='ocrx_word' id='word_1_598' title='bbox 2820 1912 3014 1980; x_wconf 84' lang='lat' dir='ltr'><strong>quibus</strong></span> <span class='ocrx_word' id='word_1_599' title='bbox 3041 1911 3130 1965; x_wconf 86' lang='lat' dir='ltr'><strong>hic</strong></span> <span class='ocrx_word' id='word_1_600' title='bbox 3148 1911 3351 1967; x_wconf 89' lang='lat' dir='ltr'><strong>dicitur</strong></span> <span class='ocrx_word' id='word_1_601' title='bbox 3380 1930 3393 1966; x_wconf 90' lang='lat'>:</span> <span class='ocrx_word' id='word_1_602' title='bbox 3424 1911 3577 1968; x_wconf 81' lang='lat' dir='ltr'><strong>Beati</strong></span> 
     </span>
    </p>
   </div>
   <div class='ocr_carea' id='block_1_81' title="bbox 1999 1988 3579 2074">
    <p class='ocr_par' dir='ltr' id='par_1_81' title="bbox 1999 1988 3579 2074">
     <span class='ocr_line' id='line_1_81' title="bbox 1999 1988 3579 2074; baseline 0.002 -20"><span class='ocrx_word' id='word_1_603' title='bbox 1999 2005 2086 2074; x_wconf 84' lang='lat' dir='ltr'><strong>qui</strong></span> <span class='ocrx_word' id='word_1_604' title='bbox 2121 2003 2315 2074; x_wconf 83' lang='lat' dir='ltr'><strong>lugent.</strong></span> <span class='ocrx_word' id='word_1_605' title='bbox 2368 1988 2650 2058; x_wconf 85' lang='lat' dir='ltr'><strong>Fortitudo</strong></span> <span class='ocrx_word' id='word_1_606' title='bbox 2690 2003 2938 2073; x_wconf 78' lang='lat' dir='ltr'><strong>congruit</strong></span> <span class='ocrx_word' id='word_1_607' title='bbox 2974 2002 3370 2069; x_wconf 88' lang='lat' dir='ltr'><strong>esurientibus,</strong></span> <span class='ocrx_word' id='word_1_608' title='bbox 3411 2012 3465 2058; x_wconf 91' lang='lat' dir='ltr'><strong>et</strong></span> <span class='ocrx_word' id='word_1_609' title='bbox 3504 2004 3579 2059; x_wconf 63' lang='grc' dir='ltr'><strong>εἰς</strong></span> 
     </span>
    </p>
   </div>
   <div class='ocr_carea' id='block_1_82' title="bbox 2001 2094 3579 2165">
    <p class='ocr_par' dir='ltr' id='par_1_82' title="bbox 2001 2094 3579 2165">
     <span class='ocr_line' id='line_1_82' title="bbox 2001 2094 3579 2165; baseline 0 -15"><span class='ocrx_word' id='word_1_610' title='bbox 2001 2096 2277 2158; x_wconf 84' lang='lat' dir='ltr'><strong>tientibus,</strong></span> <span class='ocrx_word' id='word_1_611' title='bbox 2328 2095 2575 2149; x_wconf 86' lang='lat' dir='ltr'><strong>laborant</strong></span> <span class='ocrx_word' id='word_1_612' title='bbox 2620 2095 2763 2149; x_wconf 92' lang='lat' dir='ltr'><strong>enim</strong></span> <span class='ocrx_word' id='word_1_613' title='bbox 2809 2094 3177 2148; x_wconf 85' lang='lat' dir='ltr'><strong>desiderantes</strong></span> <span class='ocrx_word' id='word_1_614' title='bbox 3217 2094 3468 2165; x_wconf 88' lang='lat' dir='ltr'><strong>gaudium</strong></span> <span class='ocrx_word' id='word_1_615' title='bbox 3512 2094 3579 2150; x_wconf 90' lang='lat' dir='ltr'><strong>de</strong></span> 
     </span>
    </p>
   </div>
   <div class='ocr_carea' id='block_1_83' title="bbox 1997 2183 3578 2254">
    <p class='ocr_par' dir='ltr' id='par_1_83' title="bbox 1997 2183 3578 2254">
     <span class='ocr_line' id='line_1_83' title="bbox 1997 2183 3578 2254; baseline -0.002 -13"><span class='ocrx_word' id='word_1_616' title='bbox 1997 2189 2143 2243; x_wconf 83' lang='lat' dir='ltr'><strong>veris</strong></span> <span class='ocrx_word' id='word_1_617' title='bbox 2188 2188 2343 2243; x_wconf 90' lang='lat' dir='ltr'><strong>bonis</strong></span> <span class='ocrx_word' id='word_1_618' title='bbox 2384 2195 2439 2242; x_wconf 90' lang='lat' dir='ltr'><strong>et</strong></span> <span class='ocrx_word' id='word_1_619' title='bbox 2489 2200 2730 2241; x_wconf 90' lang='lat' dir='ltr'><strong>amorem</strong></span> <span class='ocrx_word' id='word_1_620' title='bbox 2769 2200 2799 2238; x_wconf 89' lang='lat' dir='ltr'><strong>a</strong></span> <span class='ocrx_word' id='word_1_621' title='bbox 2843 2185 3072 2241; x_wconf 88' lang='lat' dir='ltr'><strong>terrenis</strong></span> <span class='ocrx_word' id='word_1_622' title='bbox 3112 2192 3167 2240; x_wconf 91' lang='lat' dir='ltr'><strong>et</strong></span> <span class='ocrx_word' id='word_1_623' title='bbox 3206 2183 3578 2254; x_wconf 87' lang='lat' dir='ltr'><strong>corporalibus</strong></span> 
     </span>
    </p>
   </div>
   <div class='ocr_carea' id='block_1_84' title="bbox 1998 2272 3580 2350">
    <p class='ocr_par' dir='ltr' id='par_1_84' title="bbox 1998 2272 3580 2350">
     <span class='ocr_line' id='line_1_84' title="bbox 1998 2272 3580 2350; baseline -0.002 -19"><span class='ocrx_word' id='word_1_624' title='bbox 1998 2285 2241 2334; x_wconf 83' lang='lat' dir='ltr'><strong>avertere</strong></span> <span class='ocrx_word' id='word_1_625' title='bbox 2267 2277 2563 2347; x_wconf 89' lang='lat' dir='ltr'><strong>cupientes.</strong></span> <span class='ocrx_word' id='word_1_626' title='bbox 2590 2278 2663 2331; x_wconf 90' lang='lat' dir='ltr'><strong>De</strong></span> <span class='ocrx_word' id='word_1_627' title='bbox 2692 2276 2886 2350; x_wconf 83' lang='lat' dir='ltr'><strong>quibus</strong></span> <span class='ocrx_word' id='word_1_628' title='bbox 2922 2275 3010 2329; x_wconf 89' lang='lat' dir='ltr'><strong>hic</strong></span> <span class='ocrx_word' id='word_1_629' title='bbox 3038 2273 3234 2328; x_wconf 89' lang='lat' dir='ltr'><strong>dicitur</strong></span> <span class='ocrx_word' id='word_1_630' title='bbox 3261 2292 3273 2328; x_wconf 93' lang='lat'>:</span> <span class='ocrx_word' id='word_1_631' title='bbox 3307 2272 3458 2341; x_wconf 83' lang='lat' dir='ltr'><strong>Beati</strong></span> <span class='ocrx_word' id='word_1_632' title='bbox 3484 2275 3580 2345; x_wconf 85' lang='lat' dir='ltr'><strong>qui</strong></span> 
     </span>
    </p>
   </div>
   <div class='ocr_carea' id='block_1_85' title="bbox 1997 2366 3639 2440">
    <p class='ocr_par' dir='ltr' id='par_1_85' title="bbox 1997 2366 3639 2440">
     <span class='ocr_line' id='line_1_85' title="bbox 1997 2366 3639 2440; baseline -0.002 -14"><span class='ocrx_word' id='word_1_633' title='bbox 1997 2372 2231 2426; x_wconf 83' lang='lat' dir='ltr'><strong>esuriant</strong></span> <span class='ocrx_word' id='word_1_634' title='bbox 2260 2383 2307 2425; x_wconf 88' lang='lat' dir='ltr'><strong>et</strong></span> <span class='ocrx_word' id='word_1_635' title='bbox 2334 2371 2514 2425; x_wconf 85' lang='lat' dir='ltr'><strong>sitiunt</strong></span> <span class='ocrx_word' id='word_1_636' title='bbox 2542 2370 2828 2440; x_wconf 85' lang='lat' dir='ltr'><strong>justitiam.</strong></span> <span class='ocrx_word' id='word_1_637' title='bbox 2866 2368 3162 2423; x_wconf 79' lang='lat' dir='ltr'><strong>Consilium</strong></span> <span class='ocrx_word' id='word_1_638' title='bbox 3188 2367 3436 2440; x_wconf 86' lang='lat' dir='ltr'><strong>congruit</strong></span> <span class='ocrx_word' id='word_1_639' title='bbox 3470 2366 3574 2423; x_wconf 76' lang='lat' dir='ltr'><strong>ini-</strong></span> <span class='ocrx_word' id='word_1_640' title='bbox 3633 2368 3639 2381; x_wconf 83' lang='grc'>’</span> 
     </span>
    </p>
   </div>
   <div class='ocr_carea' id='block_1_86' title="bbox 1996 2456 3575 2524">
    <p class='ocr_par' dir='ltr' id='par_1_86' title="bbox 1996 2456 3575 2524">
     <span class='ocr_line' id='line_1_86' title="bbox 1996 2456 3575 2524; baseline -0.001 -11"><span class='ocrx_word' id='word_1_641' title='bbox 1996 2459 2513 2524; x_wconf 82' lang='lat' dir='ltr'><strong>sericordibus,.boc</strong></span> <span class='ocrx_word' id='word_1_642' title='bbox 2541 2458 2684 2512; x_wconf 89' lang='lat' dir='ltr'><strong>enim</strong></span> <span class='ocrx_word' id='word_1_643' title='bbox 2714 2472 2877 2512; x_wconf 90' lang='lat' dir='ltr'><strong>unum</strong></span> <span class='ocrx_word' id='word_1_644' title='bbox 2902 2456 3192 2511; x_wconf 90' lang='lat' dir='ltr'><strong>remedium</strong></span> <span class='ocrx_word' id='word_1_645' title='bbox 3214 2464 3297 2511; x_wconf 89' lang='lat' dir='ltr'><strong>est</strong></span> <span class='ocrx_word' id='word_1_646' title='bbox 3318 2457 3383 2510; x_wconf 91' lang='lat' dir='ltr'><strong>de</strong></span> <span class='ocrx_word' id='word_1_647' title='bbox 3410 2456 3575 2511; x_wconf 88' lang='lat' dir='ltr'><strong>tantis</strong></span> 
     </span>
    </p>
   </div>
   <div class='ocr_carea' id='block_1_87' title="bbox 1995 2546 3604 2613">
    <p class='ocr_par' dir='ltr' id='par_1_87' title="bbox 1995 2546 3604 2613">
     <span class='ocr_line' id='line_1_87' title="bbox 1995 2546 3604 2613; baseline -0.003 -9"><span class='ocrx_word' id='word_1_648' title='bbox 1995 2551 2152 2604; x_wconf 91' lang='lat' dir='ltr'><strong>malis</strong></span> <span class='ocrx_word' id='word_1_649' title='bbox 2189 2548 2475 2613; x_wconf 84' lang='lat' dir='ltr'><strong>evadendi,</strong></span> <span class='ocrx_word' id='word_1_650' title='bbox 2516 2555 2575 2602; x_wconf 91' lang='lat' dir='ltr'><strong>ut</strong></span> <span class='ocrx_word' id='word_1_651' title='bbox 2612 2548 2947 2602; x_wconf 88' lang='lat' dir='ltr'><strong>dimittamus</strong></span> <span class='ocrx_word' id='word_1_652' title='bbox 2986 2549 3125 2602; x_wconf 89' lang='lat' dir='ltr'><strong>sicut</strong></span> <span class='ocrx_word' id='word_1_653' title='bbox 3166 2546 3341 2603; x_wconf 81' lang='lat' dir='ltr'><strong>nobis.</strong></span> <span class='ocrx_word' id='word_1_654' title='bbox 3375 2547 3604 2601; x_wconf 70' lang='lat' dir='ltr'><strong>dimitti.</strong></span> 
     </span>
    </p>
   </div>
   <div class='ocr_carea' id='block_1_88' title="bbox 1997 2633 3576 2705">
    <p class='ocr_par' dir='ltr' id='par_1_88' title="bbox 1997 2633 3576 2705">
     <span class='ocr_line' id='line_1_88' title="bbox 1997 2633 3576 2705; baseline -0.003 -13"><span class='ocrx_word' id='word_1_655' title='bbox 1997 2640 2264 2702; x_wconf 90' lang='lat' dir='ltr'><strong>volumus,</strong></span> <span class='ocrx_word' id='word_1_656' title='bbox 2290 2646 2347 2693; x_wconf 89' lang='lat' dir='ltr'><strong>et</strong></span> <span class='ocrx_word' id='word_1_657' title='bbox 2374 2636 2687 2705; x_wconf 76' lang='lat' dir='ltr'><strong>adiuvemus</strong></span> <span class='ocrx_word' id='word_1_658' title='bbox 2721 2637 2773 2690; x_wconf 92' lang='lat' dir='ltr'><strong>in</strong></span> <span class='ocrx_word' id='word_1_659' title='bbox 2805 2651 2913 2705; x_wconf 91' lang='lat' dir='ltr'><strong>quo</strong></span> <span class='ocrx_word' id='word_1_660' title='bbox 2938 2649 3225 2704; x_wconf 89' lang='lat' dir='ltr'><strong>possumus</strong></span> <span class='ocrx_word' id='word_1_661' title='bbox 3246 2633 3405 2699; x_wconf 89' lang='lat' dir='ltr'><strong>alios,</strong></span> <span class='ocrx_word' id='word_1_662' title='bbox 3434 2634 3576 2689; x_wconf 88' lang='lat' dir='ltr'><strong>sicut</strong></span> 
     </span>
    </p>
   </div>
   <div class='ocr_carea' id='block_1_89' title="bbox 1995 2721 3574 2794">
    <p class='ocr_par' dir='ltr' id='par_1_89' title="bbox 1995 2721 3574 2794">
     <span class='ocr_line' id='line_1_89' title="bbox 1995 2721 3574 2794; baseline -0.003 -14"><span class='ocrx_word' id='word_1_663' title='bbox 1995 2735 2048 2781; x_wconf 90' lang='lat' dir='ltr'><strong>et</strong></span> <span class='ocrx_word' id='word_1_664' title='bbox 2086 2740 2186 2780; x_wconf 90' lang='lat' dir='ltr'><strong>nos</strong></span> <span class='ocrx_word' id='word_1_665' title='bbox 2216 2725 2267 2779; x_wconf 91' lang='lat' dir='ltr'><strong>in</strong></span> <span class='ocrx_word' id='word_1_666' title='bbox 2312 2741 2418 2794; x_wconf 93' lang='lat' dir='ltr'><strong>quo</strong></span> <span class='ocrx_word' id='word_1_667' title='bbox 2457 2739 2563 2778; x_wconf 90' lang='lat' dir='ltr'><strong>non</strong></span> <span class='ocrx_word' id='word_1_668' title='bbox 2592 2738 2880 2793; x_wconf 89' lang='lat' dir='ltr'><strong>possumus</strong></span> <span class='ocrx_word' id='word_1_669' title='bbox 2918 2722 3163 2792; x_wconf 90' lang='lat' dir='ltr'><strong>cupimus</strong></span> <span class='ocrx_word' id='word_1_670' title='bbox 3196 2722 3462 2793; x_wconf 85' lang='lat' dir='ltr'><strong>adjuvari.</strong></span> <span class='ocrx_word' id='word_1_671' title='bbox 3497 2721 3574 2777; x_wconf 90' lang='lat' dir='ltr'><strong>De</strong></span> 
     </span>
    </p>
   </div>
   <div class='ocr_carea' id='block_1_90' title="bbox 1994 2812 3566 2886">
    <p class='ocr_par' dir='ltr' id='par_1_90' title="bbox 1994 2812 3566 2886">
     <span class='ocr_line' id='line_1_90' title="bbox 1994 2812 3566 2886; baseline -0.001 -17"><span class='ocrx_word' id='word_1_672' title='bbox 1994 2817 2187 2886; x_wconf 88' lang='lat' dir='ltr'><strong>quibus</strong></span> <span class='ocrx_word' id='word_1_673' title='bbox 2235 2817 2325 2871; x_wconf 89' lang='lat' dir='ltr'><strong>hic</strong></span> <span class='ocrx_word' id='word_1_674' title='bbox 2369 2815 2565 2870; x_wconf 76' lang='lat' dir='ltr'><strong>dicitur</strong></span> <span class='ocrx_word' id='word_1_675' title='bbox 2606 2828 2619 2867; x_wconf 88' lang='lat'><strong>:</strong></span> <span class='ocrx_word' id='word_1_676' title='bbox 2668 2813 2819 2870; x_wconf 82' lang='lat' dir='ltr'><strong>Beati</strong></span> <span class='ocrx_word' id='word_1_677' title='bbox 2877 2812 3257 2878; x_wconf 80' lang='lat' dir='ltr'><strong>misericordes,</strong></span> <span class='ocrx_word' id='word_1_678' title='bbox 3306 2822 3361 2868; x_wconf 92' lang='lat' dir='ltr'><strong>et</strong></span> <span class='ocrx_word' id='word_1_679' title='bbox 3383 2813 3566 2884; x_wconf 67' lang='lat' dir='ltr'><strong>Jeliq.</strong></span> 
     </span>
    </p>
   </div>
   <div class='ocr_carea' id='block_1_91' title="bbox 1990 2889 3566 2978">
    <p class='ocr_par' dir='ltr' id='par_1_91' title="bbox 1990 2889 3566 2978">
     <span class='ocr_line' id='line_1_91' title="bbox 1990 2889 3566 2978; baseline -0.003 -16"><span class='ocrx_word' id='word_1_680' title='bbox 1990 2907 2295 2962; x_wconf 89' lang='lat' dir='ltr'><strong>Intellectus</strong></span> <span class='ocrx_word' id='word_1_681' title='bbox 2323 2906 2503 2978; x_wconf 83' lang='lat' dir='ltr'><strong>cordis</strong></span> <span class='ocrx_word' id='word_1_682' title='bbox 2546 2905 2793 2975; x_wconf 87' lang='lat' dir='ltr'><strong>congruit</strong></span> <span class='ocrx_word' id='word_1_683' title='bbox 2829 2903 3042 2959; x_wconf 90' lang='lat' dir='ltr'><strong>mundis</strong></span> <span class='ocrx_word' id='word_1_684' title='bbox 3084 2896 3265 2969; x_wconf 77' lang='lat' dir='ltr'><strong>cerde,</strong></span> <span class='ocrx_word' id='word_1_685' title='bbox 3293 2889 3566 2973; x_wconf 63' lang='lat' dir='ltr'><strong>tanquam</strong></span> 
     </span>
    </p>
   </div>
   <div class='ocr_carea' id='block_1_92' title="bbox 1990 2990 3583 3075">
    <p class='ocr_par' dir='ltr' id='par_1_92' title="bbox 1990 2990 3583 3075">
     <span class='ocr_line' id='line_1_92' title="bbox 1990 2990 3583 3075; baseline -0.003 -24"><span class='ocrx_word' id='word_1_686' title='bbox 1990 3005 2218 3068; x_wconf 87' lang='lat' dir='ltr'><strong>purgato</strong></span> <span class='ocrx_word' id='word_1_687' title='bbox 2242 2997 2419 3061; x_wconf 88' lang='lat' dir='ltr'><strong>oculo,</strong></span> <span class='ocrx_word' id='word_1_688' title='bbox 2446 3010 2554 3065; x_wconf 90' lang='lat' dir='ltr'><strong>quo</strong></span> <span class='ocrx_word' id='word_1_689' title='bbox 2583 2996 2729 3051; x_wconf 90' lang='lat' dir='ltr'><strong>cerni</strong></span> <span class='ocrx_word' id='word_1_690' title='bbox 2758 2994 2930 3065; x_wconf 88' lang='lat' dir='ltr'><strong>possit</strong></span> <span class='ocrx_word' id='word_1_691' title='bbox 2951 2994 3093 3065; x_wconf 90' lang='lat' dir='ltr'><strong>quod</strong></span> <span class='ocrx_word' id='word_1_692' title='bbox 3116 2990 3413 3065; x_wconf 81' lang='lat' dir='ltr'><strong>corporeus</strong></span> <span class='ocrx_word' id='word_1_693' title='bbox 3433 3010 3583 3075; x_wconf 46' lang='lat' dir='ltr'><strong>ocu-\</strong></span> 
     </span>
    </p>
   </div>
   <div class='ocr_carea' id='block_1_93' title="bbox 1990 3082 3697 3171">
    <p class='ocr_par' dir='ltr' id='par_1_93' title="bbox 1990 3082 3697 3171">
     <span class='ocr_line' id='line_1_93' title="bbox 1990 3082 3697 3171; baseline 0 -28"><span class='ocrx_word' id='word_1_694' title='bbox 1990 3088 2076 3143; x_wconf 83' lang='lat' dir='ltr'><strong>lus‘</strong></span> <span class='ocrx_word' id='word_1_695' title='bbox 2114 3104 2219 3143; x_wconf 84' lang='lat' dir='ltr'><strong>non</strong></span> <span class='ocrx_word' id='word_1_696' title='bbox 2259 3088 2410 3153; x_wconf 87' lang='lat' dir='ltr'><strong>vidit,</strong></span> <span class='ocrx_word' id='word_1_697' title='bbox 2443 3103 2542 3143; x_wconf 91' lang='lat' dir='ltr'><strong>nec</strong></span> <span class='ocrx_word' id='word_1_698' title='bbox 2568 3088 2715 3143; x_wconf 87' lang='lat' dir='ltr'><strong>auris</strong></span> <span class='ocrx_word' id='word_1_699' title='bbox 2745 3087 2968 3153; x_wconf 89' lang='lat' dir='ltr'><strong>audivit,</strong></span> <span class='ocrx_word' id='word_1_700' title='bbox 2998 3102 3097 3142; x_wconf 91' lang='lat' dir='ltr'><strong>nec</strong></span> <span class='ocrx_word' id='word_1_701' title='bbox 3126 3086 3178 3141; x_wconf 85' lang='lat' dir='ltr'><strong>in</strong></span> <span class='ocrx_word' id='word_1_702' title='bbox 3206 3101 3303 3143; x_wconf 92' lang='lat' dir='ltr'><strong>cor</strong></span> <span class='ocrx_word' id='word_1_703' title='bbox 3323 3087 3567 3171; x_wconf 74' lang='lat' dir='ltr'><strong>hominis</strong></span> <span class='ocrx_word' id='word_1_704' title='bbox 3624 3082 3625 3085; x_wconf 49' lang='grc'><em>“</em></span> <span class='ocrx_word' id='word_1_705' title='bbox 3692 3091 3697 3096; x_wconf 85' lang='grc'><strong>’</strong></span> 
     </span>
    </p>
   </div>
   <div class='ocr_carea' id='block_1_94' title="bbox 1987 3174 3567 3255">
    <p class='ocr_par' dir='ltr' id='par_1_94' title="bbox 1987 3174 3567 3255">
     <span class='ocr_line' id='line_1_94' title="bbox 1987 3174 3567 3255; baseline -0.001 -22"><span class='ocrx_word' id='word_1_706' title='bbox 1987 3177 2247 3249; x_wconf 87' lang='lat' dir='ltr'><strong>ascendit.</strong></span> <span class='ocrx_word' id='word_1_707' title='bbox 2304 3176 2379 3233; x_wconf 89' lang='lat' dir='ltr'><strong>De</strong></span> <span class='ocrx_word' id='word_1_708' title='bbox 2444 3177 2639 3246; x_wconf 89' lang='lat' dir='ltr'><strong>quibus</strong></span> <span class='ocrx_word' id='word_1_709' title='bbox 2709 3178 2799 3234; x_wconf 88' lang='lat' dir='ltr'><strong>hic</strong></span> <span class='ocrx_word' id='word_1_710' title='bbox 2861 3176 3118 3255; x_wconf 73' lang='lat' dir='ltr'><strong>dicitur:</strong></span> <span class='ocrx_word' id='word_1_711' title='bbox 3163 3174 3317 3231; x_wconf 87' lang='lat' dir='ltr'><strong>Beati</strong></span> <span class='ocrx_word' id='word_1_712' title='bbox 3382 3178 3567 3233; x_wconf 84' lang='lat' dir='ltr'><strong>mundi</strong></span> 
     </span>
    </p>
   </div>
   <div class='ocr_carea' id='block_1_95' title="bbox 1985 3254 3559 3346">
    <p class='ocr_par' dir='ltr' id='par_1_95' title="bbox 1985 3254 3559 3346">
     <span class='ocr_line' id='line_1_95' title="bbox 1985 3254 3559 3346; baseline -0.001 -24"><span class='ocrx_word' id='word_1_713' title='bbox 1985 3255 2160 3333; x_wconf 70' lang='lat' dir='ltr'><strong>corde,</strong></span> <span class='ocrx_word' id='word_1_714' title='bbox 2191 3274 2245 3323; x_wconf 91' lang='lat' dir='ltr'><strong>et</strong></span> <span class='ocrx_word' id='word_1_715' title='bbox 2280 3264 2435 3337; x_wconf 89' lang='lat' dir='ltr'><strong>reliq.</strong></span> <span class='ocrx_word' id='word_1_716' title='bbox 2469 3265 2743 3337; x_wconf 87' lang='lat' dir='ltr'><strong>Sapientia</strong></span> <span class='ocrx_word' id='word_1_717' title='bbox 2768 3254 3020 3336; x_wconf 81' lang='lat' dir='ltr'><strong>congruit</strong></span> <span class='ocrx_word' id='word_1_718' title='bbox 3046 3265 3311 3346; x_wconf 81' lang='lat' dir='ltr'><strong>paciﬁcis,</strong></span> <span class='ocrx_word' id='word_1_719' title='bbox 3338 3266 3393 3321; x_wconf 87' lang='lat' dir='ltr'><strong>in</strong></span> <span class='ocrx_word' id='word_1_720' title='bbox 3437 3266 3559 3337; x_wconf 83' lang='lat' dir='ltr'><strong>qni-</strong></span> 
     </span>
    </p>
   </div>
   <div class='ocr_carea' id='block_1_96' title="bbox 1983 3354 3562 3427">
    <p class='ocr_par' dir='ltr' id='par_1_96' title="bbox 1983 3354 3562 3427">
     <span class='ocr_line' id='line_1_96' title="bbox 1983 3354 3562 3427; baseline 0.001 -14"><span class='ocrx_word' id='word_1_721' title='bbox 1983 3358 2086 3413; x_wconf 91' lang='lat' dir='ltr'><strong>bus</strong></span> <span class='ocrx_word' id='word_1_722' title='bbox 2106 3354 2348 3413; x_wconf 88' lang='lat' dir='ltr'><strong>ordinata</strong></span> <span class='ocrx_word' id='word_1_723' title='bbox 2376 3366 2504 3412; x_wconf 90' lang='lat' dir='ltr'><strong>sunt</strong></span> <span class='ocrx_word' id='word_1_724' title='bbox 2520 3358 2711 3413; x_wconf 87' lang='lat' dir='ltr'><strong>omnia</strong></span> <span class='ocrx_word' id='word_1_725' title='bbox 2729 3398 2743 3421; x_wconf 90' lang='lat'><strong>,</strong></span> <span class='ocrx_word' id='word_1_726' title='bbox 2778 3356 3062 3427; x_wconf 84' lang='lat' dir='ltr'><strong>nullusque</strong></span> <span class='ocrx_word' id='word_1_727' title='bbox 3089 3362 3285 3413; x_wconf 81' lang='lat' dir='ltr'><strong>metus&#39;</strong></span> <span class='ocrx_word' id='word_1_728' title='bbox 3302 3356 3562 3415; x_wconf 83' lang='lat' dir='ltr'><strong>adversus</strong></span> 
     </span>
    </p>
   </div>
   <div class='ocr_carea' id='block_1_97' title="bbox 1982 3439 3567 3521">
    <p class='ocr_par' dir='ltr' id='par_1_97' title="bbox 1982 3439 3567 3521">
     <span class='ocr_line' id='line_1_97' title="bbox 1982 3439 3567 3521; baseline 0.001 -17"><span class='ocrx_word' id='word_1_729' title='bbox 1982 3439 2248 3505; x_wconf 81' lang='lat' dir='ltr'><strong>rationem</strong></span> <span class='ocrx_word' id='word_1_730' title='bbox 2278 3447 2491 3505; x_wconf 86' lang='lat' dir='ltr'><strong>rebellis</strong></span> <span class='ocrx_word' id='word_1_731' title='bbox 2517 3457 2621 3516; x_wconf 89' lang='lat' dir='ltr'><strong>est,</strong></span> <span class='ocrx_word' id='word_1_732' title='bbox 2653 3448 2747 3504; x_wconf 90' lang='lat' dir='ltr'><strong>sed</strong></span> <span class='ocrx_word' id='word_1_733' title='bbox 2775 3456 2969 3505; x_wconf 85' lang='lat' dir='ltr'><strong>cuncta</strong></span> <span class='ocrx_word' id='word_1_734' title='bbox 2997 3450 3373 3521; x_wconf 86' lang='lat' dir='ltr'><strong>obtemperant</strong></span> <span class='ocrx_word' id='word_1_735' title='bbox 3406 3450 3567 3520; x_wconf 87' lang='lat' dir='ltr'><strong>spiri-</strong></span> 
     </span>
    </p>
   </div>
   <div class='ocr_carea' id='block_1_98' title="bbox 1986 3538 3567 3610">
    <p class='ocr_par' dir='ltr' id='par_1_98' title="bbox 1986 3538 3567 3610">
     <span class='ocr_line' id='line_1_98' title="bbox 1986 3538 3567 3610; baseline 0 -16"><span class='ocrx_word' id='word_1_736' title='bbox 1986 3539 2062 3594; x_wconf 86' lang='lat' dir='ltr'><strong>tui</strong></span> <span class='ocrx_word' id='word_1_737' title='bbox 2098 3538 2333 3595; x_wconf 67' lang='lat' dir='ltr'><strong>hlominis</strong></span> <span class='ocrx_word' id='word_1_738' title='bbox 2360 3579 2374 3605; x_wconf 91' lang='lat'><strong>,</strong></span> <span class='ocrx_word' id='word_1_739' title='bbox 2418 3544 2541 3593; x_wconf 90' lang='lat' dir='ltr'><strong>cum</strong></span> <span class='ocrx_word' id='word_1_740' title='bbox 2571 3539 2685 3610; x_wconf 89' lang='lat' dir='ltr'><strong>ipse</strong></span> <span class='ocrx_word' id='word_1_741' title='bbox 2709 3538 3050 3608; x_wconf 84' lang='lat' dir='ltr'><strong>obtemperat</strong></span> <span class='ocrx_word' id='word_1_742' title='bbox 3088 3539 3218 3594; x_wconf 91' lang='lat' dir='ltr'><strong>Deo.</strong></span> <span class='ocrx_word' id='word_1_743' title='bbox 3266 3539 3345 3595; x_wconf 92' lang='lat' dir='ltr'><strong>De</strong></span> <span class='ocrx_word' id='word_1_744' title='bbox 3372 3539 3567 3608; x_wconf 75' lang='lat' dir='ltr'><strong>Quibus</strong></span> 
     </span>
    </p>
   </div>
   <div class='ocr_carea' id='block_1_99' title="bbox 1985 3623 3558 3700">
    <p class='ocr_par' dir='ltr' id='par_1_99' title="bbox 1985 3623 3558 3700">
     <span class='ocr_line' id='line_1_99' title="bbox 1985 3623 3558 3700; baseline -0.003 -14"><span class='ocrx_word' id='word_1_745' title='bbox 1985 3630 2185 3686; x_wconf 89' lang='lat' dir='ltr'><strong>dicitur</strong></span> <span class='ocrx_word' id='word_1_746' title='bbox 2224 3630 2313 3685; x_wconf 91' lang='lat' dir='ltr'><strong>hic</strong></span> <span class='ocrx_word' id='word_1_747' title='bbox 2346 3648 2358 3683; x_wconf 93' lang='lat'>:</span> <span class='ocrx_word' id='word_1_748' title='bbox 2395 3628 2543 3683; x_wconf 87' lang='lat' dir='ltr'><strong>Beati</strong></span> <span class='ocrx_word' id='word_1_749' title='bbox 2568 3629 2796 3699; x_wconf 83' lang='lat' dir='ltr'><strong>paciﬁci.</strong></span> <span class='ocrx_word' id='word_1_750' title='bbox 2830 3628 3007 3686; x_wconf 85' lang='lat' dir='ltr'><strong>Unum</strong></span> <span class='ocrx_word' id='word_1_751' title='bbox 3047 3623 3225 3684; x_wconf 82' lang='lat' dir='ltr'><strong>autem</strong></span> <span class='ocrx_word' id='word_1_752' title='bbox 3254 3629 3558 3700; x_wconf 62' lang='lat' dir='ltr'><strong>precarium,</strong></span> 
     </span>
    </p>
   </div>
   <div class='ocr_carea' id='block_1_100' title="bbox 1984 3707 3560 3795">
    <p class='ocr_par' dir='ltr' id='par_1_100' title="bbox 1984 3707 3560 3795">
     <span class='ocr_line' id='line_1_100' title="bbox 1984 3707 3560 3795; baseline -0.001 -16"><span class='ocrx_word' id='word_1_753' title='bbox 1984 3723 2128 3795; x_wconf 89' lang='lat' dir='ltr'><strong>quod</strong></span> <span class='ocrx_word' id='word_1_754' title='bbox 2155 3730 2238 3778; x_wconf 90' lang='lat' dir='ltr'><strong>est</strong></span> <span class='ocrx_word' id='word_1_755' title='bbox 2265 3737 2488 3794; x_wconf 79' lang='lat' dir='ltr'><strong>regnum</strong></span> <span class='ocrx_word' id='word_1_756' title='bbox 2532 3721 2792 3778; x_wconf 70' lang='lat' dir='ltr'><strong>cmlorum</strong></span> <span class='ocrx_word' id='word_1_757' title='bbox 2816 3761 2830 3788; x_wconf 91' lang='lat'><strong>,</strong></span> <span class='ocrx_word' id='word_1_758' title='bbox 2874 3736 2974 3792; x_wconf 89' lang='lat' dir='ltr'><strong>pro</strong></span> <span class='ocrx_word' id='word_1_759' title='bbox 3006 3723 3091 3778; x_wconf 90' lang='lat' dir='ltr'><strong>his</strong></span> <span class='ocrx_word' id='word_1_760' title='bbox 3119 3707 3373 3794; x_wconf 81' lang='lat' dir='ltr'><strong>gradibus</strong></span> <span class='ocrx_word' id='word_1_761' title='bbox 3411 3725 3560 3777; x_wconf 66' lang='lat' dir='ltr'><strong>varie</strong></span> 
     </span>
    </p>
   </div>
   <div class='ocr_carea' id='block_1_101' title="bbox 1984 3804 3367 3885">
    <p class='ocr_par' dir='ltr' id='par_1_101' title="bbox 1984 3804 3367 3885">
     <span class='ocr_line' id='line_1_101' title="bbox 1984 3804 3367 3885; baseline -0.001 -15"><span class='ocrx_word' id='word_1_762' title='bbox 1984 3814 2320 3871; x_wconf 88' lang='lat' dir='ltr'><strong>nominatum</strong></span> <span class='ocrx_word' id='word_1_763' title='bbox 2343 3822 2501 3879; x_wconf 25' lang='lat' dir='ltr'><strong>est“</strong></span> <span class='ocrx_word' id='word_1_764' title='bbox 2858 3837 2865 3842; x_wconf 53' lang='grc' dir='ltr'><strong>ι</strong></span> <span class='ocrx_word' id='word_1_765' title='bbox 3097 3844 3100 3848; x_wconf 54' lang='grc' dir='ltr'><em>ί</em></span> <span class='ocrx_word' id='word_1_766' title='bbox 3258 3816 3261 3819; x_wconf 85' lang='grc'><em>’</em></span> <span class='ocrx_word' id='word_1_767' title='bbox 3356 3804 3367 3885; x_wconf 53' lang='grc' dir='ltr'><em>ξ</em></span> 
     </span>
    </p>
   </div>
   <div class='ocr_carea' id='block_1_102' title="bbox 2052 3896 3560 3977">
    <p class='ocr_par' dir='ltr' id='par_1_102' title="bbox 2052 3896 3560 3977">
     <span class='ocr_line' id='line_1_102' title="bbox 2052 3896 3560 3977; baseline -0.002 -16"><span class='ocrx_word' id='word_1_768' title='bbox 2052 3907 2111 3961; x_wconf 87' lang='lat' dir='ltr'><strong>ln</strong></span> <span class='ocrx_word' id='word_1_769' title='bbox 2157 3906 2355 3977; x_wconf 88' lang='lat' dir='ltr'><strong>primo,</strong></span> <span class='ocrx_word' id='word_1_770' title='bbox 2400 3900 2557 3960; x_wconf 71' lang='lat' dir='ltr'><strong>sicut&#39;</strong></span> <span class='ocrx_word' id='word_1_771' title='bbox 2585 3905 2891 3975; x_wconf 77' lang='lat' dir='ltr'><strong>oportebat,</strong></span> <span class='ocrx_word' id='word_1_772' title='bbox 2930 3896 3290 3974; x_wconf 29' lang='lat' dir='ltr'><strong>positutn‘est</strong></span> <span class='ocrx_word' id='word_1_773' title='bbox 3340 3916 3560 3974; x_wconf 82' lang='lat' dir='ltr'><strong>regnum</strong></span> 
     </span>
    </p>
   </div>
   <div class='ocr_carea' id='block_1_103' title="bbox 1982 3980 3563 4065">
    <p class='ocr_par' dir='ltr' id='par_1_103' title="bbox 1982 3980 3563 4065">
     <span class='ocr_line' id='line_1_103' title="bbox 1982 3980 3563 4065; baseline -0.001 -14"><span class='ocrx_word' id='word_1_774' title='bbox 1982 3995 2260 4060; x_wconf 76' lang='lat' dir='ltr'><strong>ctelorum,</strong></span> <span class='ocrx_word' id='word_1_775' title='bbox 2287 3996 2429 4064; x_wconf 90' lang='lat' dir='ltr'><strong>quod</strong></span> <span class='ocrx_word' id='word_1_776' title='bbox 2450 3990 2534 4049; x_wconf 61' lang='grc' dir='ltr'><strong>εει</strong></span> <span class='ocrx_word' id='word_1_777' title='bbox 2554 3991 2795 4064; x_wconf 81' lang='lat' dir='ltr'><strong>perfecta</strong></span> <span class='ocrx_word' id='word_1_778' title='bbox 2820 3994 3084 4065; x_wconf 85' lang='lat' dir='ltr'><strong>sapientia</strong></span> <span class='ocrx_word' id='word_1_779' title='bbox 3107 3986 3302 4061; x_wconf 58' lang='lat' dir='ltr'><strong>animae</strong></span> <span class='ocrx_word' id='word_1_780' title='bbox 3325 3980 3563 4049; x_wconf 82' lang='lat' dir='ltr'><strong>rationa—</strong></span> 
     </span>
    </p>
   </div>
   <div class='ocr_carea' id='block_1_104' title="bbox 1981 4084 3563 4161">
    <p class='ocr_par' dir='ltr' id='par_1_104' title="bbox 1981 4084 3563 4161">
     <span class='ocr_line' id='line_1_104' title="bbox 1981 4084 3563 4161; baseline -0.002 -21"><span class='ocrx_word' id='word_1_781' title='bbox 1981 4085 2067 4145; x_wconf 88' lang='lat' dir='ltr'><strong>lis.</strong></span> <span class='ocrx_word' id='word_1_782' title='bbox 2114 4086 2205 4142; x_wconf 91' lang='lat' dir='ltr'><strong>Sic</strong></span> <span class='ocrx_word' id='word_1_783' title='bbox 2235 4084 2418 4156; x_wconf 90' lang='lat' dir='ltr'><strong>itaque</strong></span> <span class='ocrx_word' id='word_1_784' title='bbox 2451 4086 2653 4141; x_wconf 89' lang='lat' dir='ltr'><strong>dictum</strong></span> <span class='ocrx_word' id='word_1_785' title='bbox 2699 4089 2784 4141; x_wconf 89' lang='lat' dir='ltr'><strong>est</strong></span> <span class='ocrx_word' id='word_1_786' title='bbox 2827 4102 2841 4139; x_wconf 91' lang='lat'><strong>:</strong></span> <span class='ocrx_word' id='word_1_787' title='bbox 2885 4084 3040 4146; x_wconf 85' lang='lat' dir='ltr'><strong>Beati</strong></span> <span class='ocrx_word' id='word_1_788' title='bbox 3067 4092 3321 4161; x_wconf 74' lang='lat' dir='ltr'><strong>pauperes</strong></span> <span class='ocrx_word' id='word_1_789' title='bbox 3353 4085 3563 4156; x_wconf 85' lang='lat' dir='ltr'><strong>spiritu,</strong></span> 
     </span>
    </p>
   </div>
   <div class='ocr_carea' id='block_1_105' title="bbox 1978 4170 3564 4249">
    <p class='ocr_par' dir='ltr' id='par_1_105' title="bbox 1978 4170 3564 4249">
     <span class='ocr_line' id='line_1_105' title="bbox 1978 4170 3564 4249; baseline -0.001 -19"><span class='ocrx_word' id='word_1_790' title='bbox 1978 4179 2227 4249; x_wconf 86' lang='lat' dir='ltr'><strong>quoniam</strong></span> <span class='ocrx_word' id='word_1_791' title='bbox 2259 4176 2491 4248; x_wconf 88' lang='lat' dir='ltr'><strong>ipsorum</strong></span> <span class='ocrx_word' id='word_1_792' title='bbox 2528 4185 2604 4230; x_wconf 90' lang='lat' dir='ltr'><strong>est</strong></span> <span class='ocrx_word' id='word_1_793' title='bbox 2637 4183 2853 4247; x_wconf 73' lang='lat' dir='ltr'><strong>regnum</strong></span> <span class='ocrx_word' id='word_1_794' title='bbox 2876 4170 3143 4230; x_wconf 65' lang='lat' dir='ltr'><strong>calorum.</strong></span> <span class='ocrx_word' id='word_1_795' title='bbox 3174 4174 3453 4246; x_wconf 85' lang='lat' dir='ltr'><strong>Tanquam</strong></span> <span class='ocrx_word' id='word_1_796' title='bbox 3483 4175 3564 4229; x_wconf 82' lang='lat' dir='ltr'><strong>di-</strong></span> 
     </span>
    </p>
   </div>
   <div class='ocr_carea' id='block_1_106' title="bbox 1980 4265 3557 4339">
    <p class='ocr_par' dir='ltr' id='par_1_106' title="bbox 1980 4265 3557 4339">
     <span class='ocr_line' id='line_1_106' title="bbox 1980 4265 3557 4339; baseline -0.003 -16"><span class='ocrx_word' id='word_1_797' title='bbox 1980 4279 2196 4325; x_wconf 89' lang='lat' dir='ltr'><strong>ceretur</strong></span> <span class='ocrx_word' id='word_1_798' title='bbox 2225 4285 2237 4321; x_wconf 89' lang='lat'><strong>:</strong></span> <span class='ocrx_word' id='word_1_799' title='bbox 2272 4266 2493 4321; x_wconf 88' lang='lat' dir='ltr'><strong>Initium</strong></span> <span class='ocrx_word' id='word_1_800' title='bbox 2526 4268 2796 4339; x_wconf 76' lang='lat' dir='ltr'><strong>sapientia:</strong></span> <span class='ocrx_word' id='word_1_801' title='bbox 2828 4269 2986 4323; x_wconf 88' lang='lat' dir='ltr'><strong>timor</strong></span> <span class='ocrx_word' id='word_1_802' title='bbox 3023 4267 3234 4322; x_wconf 85' lang='lat' dir='ltr'><strong>Domini</strong></span> <span class='ocrx_word' id='word_1_803' title='bbox 3270 4266 3460 4338; x_wconf 61' lang='lat' dir='ltr'><strong>(Eccita</strong></span> <span class='ocrx_word' id='word_1_804' title='bbox 3493 4265 3557 4337; x_wconf 88' lang='grc' dir='ltr'><strong>ι).</strong></span> 
     </span>
    </p>
   </div>
   <div class='ocr_carea' id='block_1_107' title="bbox 1984 4349 3558 4430">
    <p class='ocr_par' dir='ltr' id='par_1_107' title="bbox 1984 4349 3558 4430">
     <span class='ocr_line' id='line_1_107' title="bbox 1984 4349 3558 4430; baseline -0.004 -14"><span class='ocrx_word' id='word_1_805' title='bbox 1984 4361 2199 4416; x_wconf 82' lang='lat' dir='ltr'><strong>Mitibus</strong></span> <span class='ocrx_word' id='word_1_806' title='bbox 2243 4360 2531 4425; x_wconf 78' lang='lat' dir='ltr'><strong>haereditas</strong></span> <span class='ocrx_word' id='word_1_807' title='bbox 2566 4360 2691 4415; x_wconf 88' lang='lat' dir='ltr'><strong>data</strong></span> <span class='ocrx_word' id='word_1_808' title='bbox 2719 4368 2837 4424; x_wconf 82' lang='lat' dir='ltr'><strong>est,</strong></span> <span class='ocrx_word' id='word_1_809' title='bbox 2879 4364 3135 4430; x_wconf 85' lang='lat' dir='ltr'><strong>tanquam</strong></span> <span class='ocrx_word' id='word_1_810' title='bbox 3174 4349 3558 4413; x_wconf 69' lang='lat' dir='ltr'><strong>leuamentum</strong></span> 
     </span>
    </p>
   </div>
   <div class='ocr_carea' id='block_1_108' title="bbox 1984 4437 3563 4521">
    <p class='ocr_par' dir='ltr' id='par_1_108' title="bbox 1984 4437 3563 4521">
     <span class='ocr_line' id='line_1_108' title="bbox 1984 4437 3563 4521; baseline -0.004 -16"><span class='ocrx_word' id='word_1_811' title='bbox 1984 4450 2155 4521; x_wconf 86' lang='lat' dir='ltr'><strong>patris</strong></span> <span class='ocrx_word' id='word_1_812' title='bbox 2194 4464 2315 4505; x_wconf 90' lang='lat' dir='ltr'><strong>cum</strong></span> <span class='ocrx_word' id='word_1_813' title='bbox 2343 4437 2543 4519; x_wconf 74' lang='lat' dir='ltr'><strong>pietate</strong></span> <span class='ocrx_word' id='word_1_814' title='bbox 2570 4450 2938 4519; x_wconf 58' lang='lat' dir='ltr'><strong>quaerentibus</strong></span> <span class='ocrx_word' id='word_1_815' title='bbox 2970 4466 2982 4501; x_wconf 93' lang='lat'><strong>:</strong></span> <span class='ocrx_word' id='word_1_816' title='bbox 3014 4446 3165 4501; x_wconf 79' lang='lat' dir='ltr'><strong>Beati</strong></span> <span class='ocrx_word' id='word_1_817' title='bbox 3188 4444 3385 4511; x_wconf 67' lang='lat' dir='ltr'><strong>‘mites,</strong></span> <span class='ocrx_word' id='word_1_818' title='bbox 3429 4454 3563 4517; x_wconf 83' lang='lat' dir='ltr'><strong>quo-</strong></span> 
     </span>
    </p>
   </div>
   <div class='ocr_carea' id='block_1_109' title="bbox 1984 4530 3562 4613">
    <p class='ocr_par' dir='ltr' id='par_1_109' title="bbox 1984 4530 3562 4613">
     <span class='ocr_line' id='line_1_109' title="bbox 1984 4530 3562 4613; baseline -0.004 -14"><span class='ocrx_word' id='word_1_819' title='bbox 1984 4544 2125 4599; x_wconf 85' lang='lat' dir='ltr'><strong>niam</strong></span> <span class='ocrx_word' id='word_1_820' title='bbox 2157 4543 2258 4613; x_wconf 89' lang='lat' dir='ltr'><strong>ipsi</strong></span> <span class='ocrx_word' id='word_1_821' title='bbox 2283 4540 2589 4596; x_wconf 81' lang='lat' dir='ltr'><strong>Iuereditate</strong></span> <span class='ocrx_word' id='word_1_822' title='bbox 2619 4540 2951 4611; x_wconf 84' lang='lat' dir='ltr'><strong>possidebunt</strong></span> <span class='ocrx_word' id='word_1_823' title='bbox 2986 4530 3198 4594; x_wconf 68' lang='lat' dir='ltr'><strong>terram.</strong></span> <span class='ocrx_word' id='word_1_824' title='bbox 3228 4537 3562 4610; x_wconf 76' lang='lat' dir='ltr'><strong>Lu‘gentibus</strong></span> 
     </span>
    </p>
   </div>
   <div class='ocr_carea' id='block_1_110' title="bbox 1983 4629 3565 4709">
    <p class='ocr_par' dir='ltr' id='par_1_110' title="bbox 1983 4629 3565 4709">
     <span class='ocr_line' id='line_1_110' title="bbox 1983 4629 3565 4709; baseline -0.003 -19"><span class='ocrx_word' id='word_1_825' title='bbox 1983 4633 2315 4709; x_wconf 79' lang='lat' dir='ltr'><strong>consolatio,</strong></span> <span class='ocrx_word' id='word_1_826' title='bbox 2353 4640 2612 4702; x_wconf 87' lang='lat' dir='ltr'><strong>tanquam</strong></span> <span class='ocrx_word' id='word_1_827' title='bbox 2644 4631 2942 4687; x_wconf 88' lang='lat' dir='ltr'><strong>scientibus</strong></span> <span class='ocrx_word' id='word_1_828' title='bbox 2963 4629 3107 4701; x_wconf 69' lang='lat' dir='ltr'><strong>quid</strong></span> <span class='ocrx_word' id='word_1_829' title='bbox 3144 4629 3469 4696; x_wconf 78' lang='lat' dir='ltr'><strong>amiserint,</strong></span> <span class='ocrx_word' id='word_1_830' title='bbox 3508 4638 3565 4685; x_wconf 89' lang='lat' dir='ltr'><strong>et</strong></span> 
     </span>
    </p>
   </div>
   <div class='ocr_carea' id='block_1_111' title="bbox 1982 4712 3579 4796">
    <p class='ocr_par' dir='ltr' id='par_1_111' title="bbox 1982 4712 3579 4796">
     <span class='ocr_line' id='line_1_111' title="bbox 1982 4712 3579 4796; baseline -0.004 -15"><span class='ocrx_word' id='word_1_831' title='bbox 1982 4725 2177 4796; x_wconf 88' lang='lat' dir='ltr'><strong>quibus</strong></span> <span class='ocrx_word' id='word_1_832' title='bbox 2222 4724 2400 4778; x_wconf 84' lang='lat' dir='ltr'><strong>moesti</strong></span> <span class='ocrx_word' id='word_1_833' title='bbox 2439 4722 2573 4796; x_wconf 80' lang='lat' dir='ltr'><strong>[Al.,</strong></span> <span class='ocrx_word' id='word_1_834' title='bbox 2622 4712 3019 4795; x_wconf 23' lang='lat' dir='ltr'><strong>mersi],sint‘:</strong></span> <span class='ocrx_word' id='word_1_835' title='bbox 3059 4721 3211 4783; x_wconf 77' lang='lat' dir='ltr'><strong>Beati</strong></span> <span class='ocrx_word' id='word_1_836' title='bbox 3254 4721 3343 4791; x_wconf 88' lang='lat' dir='ltr'><strong>qui</strong></span> <span class='ocrx_word' id='word_1_837' title='bbox 3385 4718 3579 4791; x_wconf 84' lang='lat' dir='ltr'><strong>lugent</strong></span> 
     </span>
    </p>
   </div>
   <div class='ocr_carea' id='block_1_112' title="bbox 1974 4810 3563 4887">
    <p class='ocr_par' dir='ltr' id='par_1_112' title="bbox 1974 4810 3563 4887">
     <span class='ocr_line' id='line_1_112' title="bbox 1974 4810 3563 4887; baseline -0.002 -15"><span class='ocrx_word' id='word_1_838' title='bbox 1974 4834 2120 4872; x_wconf 77' lang='lat' dir='ltr'><strong>nunc</strong></span> <span class='ocrx_word' id='word_1_839' title='bbox 2144 4858 2158 4884; x_wconf 92' lang='lat'><strong>,</strong></span> <span class='ocrx_word' id='word_1_840' title='bbox 2185 4817 2433 4887; x_wconf 85' lang='lat' dir='ltr'><strong>quoniam</strong></span> <span class='ocrx_word' id='word_1_841' title='bbox 2474 4817 2575 4886; x_wconf 89' lang='lat' dir='ltr'><strong>ipsi</strong></span> <span class='ocrx_word' id='word_1_842' title='bbox 2619 4813 3043 4871; x_wconf 75' lang='lat' dir='ltr'><strong>consolabuntur.</strong></span> <span class='ocrx_word' id='word_1_843' title='bbox 3087 4810 3467 4868; x_wconf 74' lang='lat' dir='ltr'><strong>E&#39;surientibus</strong></span> <span class='ocrx_word' id='word_1_844' title='bbox 3507 4823 3563 4870; x_wconf 90' lang='lat' dir='ltr'><strong>et</strong></span> 
     </span>
    </p>
   </div>
   <div class='ocr_carea' id='block_1_113' title="bbox 1983 4900 3564 4975">
    <p class='ocr_par' dir='ltr' id='par_1_113' title="bbox 1983 4900 3564 4975">
     <span class='ocr_line' id='line_1_113' title="bbox 1983 4900 3564 4975; baseline -0.002 -13"><span class='ocrx_word' id='word_1_845' title='bbox 1983 4905 2292 4962; x_wconf 88' lang='lat' dir='ltr'><strong>sitientibus</strong></span> <span class='ocrx_word' id='word_1_846' title='bbox 2321 4906 2610 4969; x_wconf 87' lang='lat' dir='ltr'><strong>saturitas,</strong></span> <span class='ocrx_word' id='word_1_847' title='bbox 2644 4910 2903 4975; x_wconf 77' lang='lat' dir='ltr'><strong>tanquam</strong></span> <span class='ocrx_word' id='word_1_848' title='bbox 2930 4900 3154 4959; x_wconf 79' lang='lat' dir='ltr'><strong>reiectio</strong></span> <span class='ocrx_word' id='word_1_849' title='bbox 3183 4903 3564 4960; x_wconf 80' lang='lat' dir='ltr'><strong>laborantibus</strong></span> 
     </span>
    </p>
   </div>
   <div class='ocr_carea' id='block_1_114' title="bbox 1980 4986 3562 5077">
    <p class='ocr_par' dir='ltr' id='par_1_114' title="bbox 1980 4986 3562 5077">
     <span class='ocr_line' id='line_1_114' title="bbox 1980 4986 3562 5077; baseline -0.001 -24"><span class='ocrx_word' id='word_1_850' title='bbox 1980 4986 2299 5069; x_wconf 80' lang='lat' dir='ltr'><strong>fertiterque</strong></span> <span class='ocrx_word' id='word_1_851' title='bbox 2333 4996 2771 5077; x_wconf 36' lang='lat' dir='ltr'><strong>certantibus’ad</strong></span> <span class='ocrx_word' id='word_1_852' title='bbox 2810 4994 3038 5050; x_wconf 85' lang='lat' dir='ltr'><strong>salutem</strong></span> <span class='ocrx_word' id='word_1_853' title='bbox 3078 4990 3277 5063; x_wconf 51' lang='lat' dir='ltr'><strong>{Beati</strong></span> <span class='ocrx_word' id='word_1_854' title='bbox 3308 4996 3398 5067; x_wconf 84' lang='lat' dir='ltr'><strong>qui</strong></span> <span class='ocrx_word' id='word_1_855' title='bbox 3436 5007 3562 5051; x_wconf 81' lang='lat' dir='ltr'><strong>esu-</strong></span> 
     </span>
    </p>
   </div>
   <div class='ocr_carea' id='block_1_115' title="bbox 1979 5074 3556 5158">
    <p class='ocr_par' dir='ltr' id='par_1_115' title="bbox 1979 5074 3556 5158">
     <span class='ocr_line' id='line_1_115' title="bbox 1979 5074 3556 5158; baseline -0.002 -14"><span class='ocrx_word' id='word_1_856' title='bbox 1979 5090 2120 5144; x_wconf 86' lang='lat' dir='ltr'><strong>riunt</strong></span> <span class='ocrx_word' id='word_1_857' title='bbox 2148 5097 2198 5143; x_wconf 81' lang='lat' dir='ltr'><strong>et</strong></span> <span class='ocrx_word' id='word_1_858' title='bbox 2221 5089 2405 5143; x_wconf 86' lang='lat' dir='ltr'><strong>sitiunt</strong></span> <span class='ocrx_word' id='word_1_859' title='bbox 2422 5074 2688 5157; x_wconf 74' lang='lat' dir='ltr'><strong>justitiam</strong></span> <span class='ocrx_word' id='word_1_860' title='bbox 2706 5126 2721 5152; x_wconf 94' lang='lat'><strong>,</strong></span> <span class='ocrx_word' id='word_1_861' title='bbox 2750 5086 2997 5157; x_wconf 85' lang='lat' dir='ltr'><strong>quoniam</strong></span> <span class='ocrx_word' id='word_1_862' title='bbox 3024 5086 3123 5158; x_wconf 84' lang='lat' dir='ltr'><strong>ipsi</strong></span> <span class='ocrx_word' id='word_1_863' title='bbox 3157 5085 3556 5142; x_wconf 76' lang='lat' dir='ltr'><strong>saturabuntur.</strong></span> 
     </span>
    </p>
   </div>
   <div class='ocr_carea' id='block_1_116' title="bbox 1978 5177 3557 5253">
    <p class='ocr_par' dir='ltr' id='par_1_116' title="bbox 1978 5177 3557 5253">
     <span class='ocr_line' id='line_1_116' title="bbox 1978 5177 3557 5253; baseline -0.004 -14"><span class='ocrx_word' id='word_1_864' title='bbox 1978 5181 2417 5239; x_wconf 81' lang='lat' dir='ltr'><strong>Misericordibus</strong></span> <span class='ocrx_word' id='word_1_865' title='bbox 2456 5177 2859 5244; x_wconf 85' lang='lat' dir='ltr'><strong>misericordia,</strong></span> <span class='ocrx_word' id='word_1_866' title='bbox 2908 5185 3162 5253; x_wconf 77' lang='lat' dir='ltr'><strong>tanquam</strong></span> <span class='ocrx_word' id='word_1_867' title='bbox 3204 5192 3334 5233; x_wconf 90' lang='lat' dir='ltr'><strong>vero</strong></span> <span class='ocrx_word' id='word_1_868' title='bbox 3362 5187 3433 5233; x_wconf 83' lang='lat' dir='ltr'><strong>et</strong></span> <span class='ocrx_word' id='word_1_869' title='bbox 3458 5192 3557 5248; x_wconf 83' lang='lat' dir='ltr'><strong>op-</strong></span> 
     </span>
    </p>
   </div>
   <div class='ocr_carea' id='block_1_117' title="bbox 1980 5267 3553 5341">
    <p class='ocr_par' dir='ltr' id='par_1_117' title="bbox 1980 5267 3553 5341">
     <span class='ocr_line' id='line_1_117' title="bbox 1980 5267 3553 5341; baseline -0.005 -12"><span class='ocrx_word' id='word_1_870' title='bbox 1980 5273 2112 5329; x_wconf 87' lang='lat' dir='ltr'><strong>timo</strong></span> <span class='ocrx_word' id='word_1_871' title='bbox 2141 5270 2367 5328; x_wconf 82' lang='lat' dir='ltr'><strong>consilio</strong></span> <span class='ocrx_word' id='word_1_872' title='bbox 2395 5270 2671 5325; x_wconf 88' lang='lat' dir='ltr'><strong>utentibus</strong></span> <span class='ocrx_word' id='word_1_873' title='bbox 2688 5311 2703 5335; x_wconf 93' lang='lat'><strong>,</strong></span> <span class='ocrx_word' id='word_1_874' title='bbox 2736 5279 2798 5325; x_wconf 90' lang='lat' dir='ltr'><strong>ut</strong></span> <span class='ocrx_word' id='word_1_875' title='bbox 2823 5270 2928 5326; x_wconf 84' lang='lat' dir='ltr'><strong>hoc</strong></span> <span class='ocrx_word' id='word_1_876' title='bbox 2954 5267 3034 5323; x_wconf 89' lang='lat' dir='ltr'><strong>eis</strong></span> <span class='ocrx_word' id='word_1_877' title='bbox 3058 5267 3380 5341; x_wconf 70' lang='lat' dir='ltr'><strong>exhibentur</strong></span> <span class='ocrx_word' id='word_1_878' title='bbox 3400 5282 3433 5321; x_wconf 84' lang='lat' dir='ltr'><strong>tt</strong></span> <span class='ocrx_word' id='word_1_879' title='bbox 3453 5282 3553 5337; x_wconf 85' lang='lat' dir='ltr'><strong>po-</strong></span> 
     </span>
    </p>
   </div>
   <div class='ocr_carea' id='block_1_118' title="bbox 1926 5356 3633 5439">
    <p class='ocr_par' dir='ltr' id='par_1_118' title="bbox 1926 5356 3633 5439">
     <span class='ocr_line' id='line_1_118' title="bbox 1926 5356 3633 5439; baseline -0.006 -16"><span class='ocrx_word' id='word_1_880' title='bbox 1926 5376 1929 5381; x_wconf 78' lang='lat'><em>‘</em></span> <span class='ocrx_word' id='word_1_881' title='bbox 1978 5367 2230 5433; x_wconf 87' lang='lat' dir='ltr'><strong>tentiore,</strong></span> <span class='ocrx_word' id='word_1_882' title='bbox 2266 5364 2407 5435; x_wconf 88' lang='lat' dir='ltr'><strong>quod</strong></span> <span class='ocrx_word' id='word_1_883' title='bbox 2445 5363 2797 5420; x_wconf 84' lang='lat' dir='ltr'><strong>inferioribus</strong></span> <span class='ocrx_word' id='word_1_884' title='bbox 2833 5356 3134 5419; x_wconf 42' lang='lat' dir='ltr'><strong>exhibent“:</strong></span> <span class='ocrx_word' id='word_1_885' title='bbox 3170 5358 3559 5439; x_wconf 64' lang='lat' dir='ltr'><strong>Beatiimiseri-</strong></span> <span class='ocrx_word' id='word_1_886' title='bbox 3630 5436 3633 5439; x_wconf 84' lang='lat'><em>_</em></span> 
     </span>
    </p>
   </div>
   <div class='ocr_carea' id='block_1_119' title="bbox 1974 5435 3554 5528">
    <p class='ocr_par' dir='ltr' id='par_1_119' title="bbox 1974 5435 3554 5528">
     <span class='ocr_line' id='line_1_119' title="bbox 1974 5435 3554 5528; baseline -0.008 -13"><span class='ocrx_word' id='word_1_887' title='bbox 1974 5457 2155 5516; x_wconf 80' lang='lat' dir='ltr'><strong>oordes</strong></span> <span class='ocrx_word' id='word_1_888' title='bbox 2173 5496 2188 5524; x_wconf 92' lang='lat'><strong>,</strong></span> <span class='ocrx_word' id='word_1_889' title='bbox 2216 5456 2479 5528; x_wconf 83' lang='lat' dir='ltr'><strong>quoniam</strong></span> <span class='ocrx_word' id='word_1_890' title='bbox 2499 5455 2733 5525; x_wconf 82' lang='lat' dir='ltr'><strong>ipsorum</strong></span> <span class='ocrx_word' id='word_1_891' title='bbox 2761 5449 3106 5526; x_wconf 77' lang='lat' dir='ltr'><strong>miserebitur.</strong></span> <span class='ocrx_word' id='word_1_892' title='bbox 3142 5435 3357 5505; x_wconf 67' lang='lat' dir='ltr'><strong>blandis</strong></span> <span class='ocrx_word' id='word_1_893' title='bbox 3388 5449 3554 5503; x_wconf 83' lang='lat' dir='ltr'><strong>corde</strong></span> 
     </span>
    </p>
   </div>
   <div class='ocr_carea' id='block_1_120' title="bbox 1920 5535 3555 5613">
    <p class='ocr_par' dir='ltr' id='par_1_120' title="bbox 1920 5535 3555 5613">
     <span class='ocr_line' id='line_1_120' title="bbox 1920 5535 3555 5613; baseline -0.01 -6"><span class='ocrx_word' id='word_1_894' title='bbox 1920 5574 1926 5581; x_wconf 64' lang='grc' dir='ltr'><strong>ε</strong></span> <span class='ocrx_word' id='word_1_895' title='bbox 1974 5546 2206 5613; x_wconf 75' lang='lat' dir='ltr'><strong>lacultas</strong></span> <span class='ocrx_word' id='word_1_896' title='bbox 2244 5545 2461 5603; x_wconf 89' lang='lat' dir='ltr'><strong>videndi</strong></span> <span class='ocrx_word' id='word_1_897' title='bbox 2498 5544 2690 5608; x_wconf 89' lang='lat' dir='ltr'><strong>Deum,</strong></span> <span class='ocrx_word' id='word_1_898' title='bbox 2731 5550 2988 5612; x_wconf 86' lang='lat' dir='ltr'><strong>tanquam</strong></span> <span class='ocrx_word' id='word_1_899' title='bbox 3015 5553 3210 5610; x_wconf 84' lang='lat' dir='ltr'><strong>purum</strong></span> <span class='ocrx_word' id='word_1_900' title='bbox 3237 5537 3453 5594; x_wconf 82' lang='lat' dir='ltr'><strong>Oculum</strong></span> <span class='ocrx_word' id='word_1_901' title='bbox 3482 5535 3555 5592; x_wconf 86' lang='lat' dir='ltr'><strong>ad</strong></span> 
     </span>
    </p>
   </div>
   <div class='ocr_carea' id='block_1_121' title="bbox 1975 5630 3551 5709">
    <p class='ocr_par' dir='ltr' id='par_1_121' title="bbox 1975 5630 3551 5709">
     <span class='ocr_line' id='line_1_121' title="bbox 1975 5630 3551 5709; baseline -0.009 -12"><span class='ocrx_word' id='word_1_902' title='bbox 1975 5639 2319 5709; x_wconf 81' lang='lat' dir='ltr'><strong>intelligenda</strong></span> <span class='ocrx_word' id='word_1_903' title='bbox 2350 5646 2546 5697; x_wconf 79' lang='lat' dir='ltr'><strong>:eterna</strong></span> <span class='ocrx_word' id='word_1_904' title='bbox 2577 5635 2890 5708; x_wconf 80' lang='lat' dir='ltr'><strong>gerentibus</strong></span> <span class='ocrx_word' id='word_1_905' title='bbox 2922 5651 2935 5689; x_wconf 91' lang='lat'><strong>:</strong></span> <span class='ocrx_word' id='word_1_906' title='bbox 2969 5631 3121 5690; x_wconf 82' lang='lat' dir='ltr'><strong>Beati</strong></span> <span class='ocrx_word' id='word_1_907' title='bbox 3153 5631 3335 5687; x_wconf 82' lang='lat' dir='ltr'><strong>mundi</strong></span> <span class='ocrx_word' id='word_1_908' title='bbox 3372 5630 3551 5696; x_wconf 78' lang='lat' dir='ltr'><strong>corde,</strong></span> 
     </span>
    </p>
   </div>
  </div>
