3938 6332
448 251 549 306 790

1104 252 1161 305 li.
1201 253 1454 309 RABANI
1488 254 1708 311 MAURI
1747 247 2063 309 ARCHIEP.
2106 242 2412 300 MOGUNT.
2454 240 2736 299 OPERUM
2774 241 2950 299 PARS
2984 243 3027 299 1.

440 363 689 432 quoniam
721 362 819 433 ipsi
841 362 1006 417 Deum
1025 362 1285 417 videbunt.
1314 360 1561 415 Paciﬁcis
1582 360 1669 414 Dei
1690 358 2008 422 similitudo,
2034 360 2084 419 Α
2110 355 2406 410 clesiastiea
2462 369 2555 409 ore
2608 355 2919 425 prophetico
2972 356 3169 411 dit‘lllll‘
3214 378 3225 411 :

3567 251 3680 306 εοι

3274 359 3465 416 Omnis
3515 360 3690 432 gloria

445 465 698 523 tauquam
729 453 969 523 perfecte
999 454 1331 521 sapientibus
1352 450 1703 516 formatiSque
1728 450 1793 500 ad
1828 449 2017 517 imagi-
2115 445 2231 514 ejus
2273 446 2394 499 ﬁlize
2445 461 2629 514 regum
2676 447 2741 498 ah
2785 446 2947 498 intus.
2981 446 3112 498 Nam
3143 449 3481 504 extrinsecus
3532 450 3693 502 male-

442 563 563 601 uem
619 547 710 601 Dei
762 562 857 617 per
913 547 1375 617 regenerationem
1434 542 1674 596 renovati
1725 542 2008 596 hominis:

439 636 594 691 Beati
626 610 860 707 pacifici.
897 610 1137 708 quoniam
1169 635 1271 704 ipsi
1299 633 1404 703 filii
1441 634 1535 687 Dei
1566 633 1914 688 vocabuntur.
1944 630 2009 687 Et
2044 610 2057 623 .

440 728 541 784 ista
582 732 803 800 quidem
841 732 892 786 in
940 730 1039 784 hac
1081 729 1188 781 vita
1249 736 1475 797 possunt
1519 726 1809 795 compleri,
1863 724 2009 779 sicut

438 822 710 891 completa
740 835 861 876 esse
887 822 938 875 in
961 820 1217 889 apostolis
1246 819 1542 875 credimus.
1565 817 1698 872 Nam
1722 817 1809 871 illa
1831 816 2013 872 omni-

442 910 600 965 moda
634 913 687 965 in
725 910 1092 979 evangelicam
1138 911 1367 966 formam
1429 909 1682 975 mutatio,
1737 923 1857 978 qua:
1893 915 2017 979 post

441 1004 581 1056 hanc
606 1004 768 1057 vitam
826 1004 1184 1073 promittitur,
1240 1002 1399 1056 nullis
1449 1002 1630 1056 verbis
1662 1000 1891 1072 exprimi
1921 1015 2017 1070 po-

446 1108 566 1153 test.
603 1096 755 1157 Beati
807 1116 926 1169 ergo
954 1097 1043 1169 qui
1079 1096 1482 1167 persecutionem
1519 1094 1793 1163 patiuntur
1816 1100 2025 1162 propter

444 1189 727 1256 iustitiam,
747 1190 993 1258 quoniam
1023 1187 1252 1257 ipsorum
1272 1193 1343 1238 est
1364 1200 1575 1253 regnum
1601 1182 1868 1237 caelorum.
1899 1181 2026 1234 llaec

445 1287 641 1332 octava
676 1277 940 1333 sententia
963 1316 978 1340 ,
1005 1290 1124 1345 quae
1147 1274 1214 1328 ad
1239 1282 1401 1342 caput
1426 1272 1585 1334 redit,
1617 1269 2026 1340 perfectumque

447 1370 722 1424 hominem
765 1367 1033 1431 declarat,
1073 1364 1341 1435 signiﬁcat
1376 1362 1607 1418 fortasse
1647 1372 1703 1416 et
1745 1360 2029 1416 circumci-

447 1461 679 1522 siouem,
706 1466 895 1513 octava
922 1457 1007 1511 die
1038 1457 1090 1510 in
1125 1456 1301 1510 Veteri
1331 1455 1699 1519 Testamento,
1733 1462 1787 1508 et
1816 1451 2030 1527 Domini

452 1550 908 1605 resurrectionem
936 1559 1059 1619 post
1088 1548 1393 1613 sabbatum,
1432 1546 1525 1615 qui
1555 1554 1638 1601 est
1664 1545 1851 1614 utique
1879 1552 2031 1599 octa-

452 1656 552 1695 vus
580 1640 714 1706 dies,
749 1637 1005 1711 idemque
1033 1640 1240 1711 primus
1273 1629 1387 1694 dies
1411 1647 1467 1694 et
1493 1637 1859 1693 celebratione
1880 1643 2033 1691 octa-

2117 537 2279 599 dictu,
2333 544 2387 588 ct
2425 534 2846 604 persecutiones,
2887 545 2941 590 et
2992 538 3408 595 detrectationes
3466 544 3692 612 pnituit-

2120 635 2324 691 tuntur,
2353 628 2419 681 de
2450 628 2648 697 quibus
2679 637 2857 683 tamen
2887 644 3078 698 magna
3104 647 3317 689 merces
3339 634 3393 689 in
3414 636 3565 691 ccelis
3582 646 3691 691 est.

2119 716 2247 783 Qum
2276 717 2585 771 sentiuntur
2620 718 2672 772 in
2701 719 2862 775 corde
2889 720 3209 790 patientium
3245 738 3435 780 eorum
3469 727 3560 797 qui
3576 708 3696 798 jam

2119 815 2345 875 possunt
2370 807 2555 862 dicere
2578 826 2589 861 :
2610 806 2910 863 Gloriamur
2927 810 2983 865 in
3008 810 3454 881 tribulationibus,
3477 819 3697 874 scientes

2119 897 2259 966 quod
2291 896 2557 951 tribulatio
2588 900 2894 967 patientiam
2919 912 3198 969 operatur,
3231 906 3487 974 patientia
3520 920 3696 965 autem

2120 991 2499 1059 probationem,
2524 992 2760 1062 probatio
2785 1009 2901 1048 vero
2921 1009 3082 1064 spem,
3107 1011 3221 1066 spes
3244 1006 3422 1051 autem
3445 1016 3549 1054 non
3570 1018 3703 1055 con-

2124 1081 2456 1153 fundit,quia
2476 1082 2704 1137 charitas
2726 1083 2819 1137 Dei
2832 1083 3025 1153 diﬂ'usa
3041 1094 3114 1139 est
3136 1086 3190 1140 in
3216 1086 3463 1142 cordibus
3484 1092 3699 1158 nostris,

2124 1190 2216 1244 per
2228 1171 2481 1243 Spiritum
2497 1184 2757 1242 sanctum,
2769 1176 2860 1246 qui
2879 1176 3034 1230 datus
3050 1187 3124 1231 est
3138 1178 3284 1233 nobis
3300 1177 3475 1249 (Rom.
3492 1180 3566 1251 v).
3583 1181 3702 1237 Non

2132 1266 2273 1319 enim
2297 1267 2397 1321 ista
2418 1269 2628 1337 perpeti
2652 1267 2983 1325 fruetuosum
3006 1280 3110 1337 est,
3136 1272 3231 1327 sed
3255 1273 3356 1328 ista
3371 1289 3474 1345 pro
3500 1274 3705 1331 Christi

2130 1359 2350 1413 nomine
2364 1374 2467 1413 non
2481 1360 2653 1415 solum
2666 1377 2819 1431 aequo
2833 1363 3032 1429 animo,
3048 1366 3142 1419 sed
3154 1365 3319 1421 etiam
3333 1382 3460 1422 cum
3472 1369 3707 1423 exsultao

2133 1447 2275 1501 tione
2300 1447 2555 1502 tolerare.
2580 1448 2712 1504 Nam
2732 1450 2883 1506 multi
2904 1452 3142 1508 hmretici
3162 1456 3379 1511 nomine
3394 1454 3709 1511 Christiano

2132 1538 2343 1619 animas
2372 1538 2719 1608 decipientcs,
2752 1542 2919 1596 multa
2953 1543 3080 1598 talia
3108 1546 3427 1615 patiuntur,
3459 1548 3555 1603 sed
3590 1548 3709 1603 ideo

2134 1628 2491 1683 excluduntur
2530 1631 2597 1683 ah
2634 1631 2733 1685 ista
2764 1634 3031 1697 mercede,
3061 1635 3204 1702 quod
3240 1650 3348 1692 non
3393 1636 3599 1693 dictum
3628 1649 3713 1694 est

455 1746 644 1785 varum
671 1732 947 1795 feriarum,
979 1747 1113 1801 quas
1138 1732 1190 1785 in
1215 1730 1627 1800 regeneratione
1654 1729 1775 1783 nevi
1800 1727 2033 1807 hominis

2144 1730 2346 1775 tantum
2372 1740 2384 1774 :
2412 1721 2558 1775 Beati
2576 1724 2668 1794 qui
2692 1726 3096 1793 persecutionem
3117 1728 3411 1796 patiuntur,
3440 1729 3535 1784 sed
3558 1728 3710 1785 addi-

452 1821 811 1886 celcbramus,
835 1830 889 1876 et
917 1835 1140 1876 numero
1164 1821 1280 1890 ipso
1302 1821 1667 1876 Pentecostes.
1696 1818 1827 1872 Nam
1860 1825 2036 1886 septe-

455 1912 609 1967 nario
653 1928 879 1968 numero
922 1914 1121 1983 septies
1156 1912 1532 1982 multiplicato,
1578 1926 1686 1980 quo
1722 1910 1859 1964 ﬁunt
1895 1925 2033 1978 qua-

455 2002 702 2074 draginta
730 2019 950 2067 novem,
985 2004 1141 2075 quasi
1165 2013 1390 2060 octavus
1420 2003 1655 2068 additur,
1683 2008 1743 2056 ut
1771 2002 2037 2072 quinqua-

454 2092 603 2163 ginta
644 2092 1043 2163 compleantur,
1074 2102 1129 2149 et
1158 2102 1411 2163 tanquam
1455 2092 1708 2148 redeatur
1735 2093 1802 2147 ad
1841 2099 2032 2162 caput;

457 2195 565 2251 quo
590 2182 677 2237 die
708 2183 905 2239 missus
939 2180 1023 2239 est
1058 2183 1293 2254 Spiritus
1318 2193 1559 2249 sanctus,
1589 2199 1695 2254 quo
1726 2184 1778 2238 in
1811 2199 2038 2259 regnum

458 2270 724 2327 caelorum
767 2273 1035 2340 ducimur,
1063 2283 1118 2329 et
1161 2275 1533 2330 haereditatem
1566 2275 1880 2344 accipimus,
1911 2290 2041 2329 cou-

458 2360 719 2428 solamur,
748 2370 802 2417 et
826 2364 1121 2433 pascimur,
1144 2372 1197 2419 et
1223 2365 1652 2421 misericordiam
1681 2364 2037 2434 assequiinur,

456 2460 512 2506 et
542 2452 885 2520 mundamur,
913 2463 967 2509 et
993 2456 1346 2525 paciﬁcamur
1367 2495 1381 2520 ,
1420 2466 1582 2524 atque
1614 2456 1685 2509 ita
1712 2456 2043 2524 persecutio-

460 2552 558 2594 nes
585 2540 924 2597 extrinsecus
953 2558 1047 2611 per
1086 2543 1262 2598 illatas
1298 2544 1704 2615 molestiaspro
1734 2545 1959 2600 veritate
1986 2554 2043 2600 et

455 2628 665 2697 justitia
690 2630 1036 2687 sustinemus.

536 2718 686 2774 Beati
710 2722 831 2776 estis
858 2740 973 2776 cunt
1005 2741 1091 2778 vos
1122 2725 1485 2780 ntaledia'erint
1510 2728 1743 2780 homines
1760 2767 1775 2791 ,
1801 2737 1847 2780 et
1870 2743 2044 2796 perse-

462 2811 573 2863 cuti
610 2826 698 2864 vos
732 2810 963 2879 fuerint,
1000 2823 1047 2866 et
1081 2814 1305 2867 dixerint
1353 2832 1504 2868 omne
1541 2815 1737 2868 malum
1771 2816 2045 2869 adversum

464 2918 574 2967 vos,
602 2905 928 2969 mentientes,
958 2916 1168 2976 propter
1186 2923 1285 2959 nte.
1313 2906 1493 2979 (Ang.)
1520 2906 1838 2977 Superiores
1866 2919 2046 2963 autem

465 2992 765 3047 sententias
812 2995 1134 3064 generaliter
1180 2999 1487 3064 degere-bat.
1527 2997 1638 3052 Non
1676 3000 1819 3053 enim
1863 2999 2042 3054 dixit:

466 3081 619 3135 Beati
649 3100 904 3155 pauperes
927 3085 1136 3155 spiritu,
1167 3088 1420 3155 quoniam
1446 3095 1682 3141 vestrum
1711 3098 1794 3142 est
1823 3104 2043 3158 regnum

464 3173 728 3229 caelorum
750 3214 764 3241 ,
802 3177 894 3231 sed
924 3177 1175 3247 quoniam
1204 3161 1433 3247 ipsorum
1462 3187 1569 3242 est,
1606 3177 1800 3247 inquit,
1832 3195 2047 3249 regnum

464 3266 753 3331 caelorum;
774 3280 959 3335 neque
986 3284 998 3320 :
1028 3265 1178 3320 Beati
1203 3268 1371 3332 mites,
1406 3268 1658 3337 quoniam
1688 3284 1783 3324 vos
1804 3270 2047 3337 posside-

464 3356 593 3410 hitis
625 3364 859 3421 terram,
896 3358 994 3414 sed
1020 3359 1267 3428 quoniam
1302 3359 1407 3428 ipsi
1439 3360 1774 3429 possidebunt
1814 3370 2044 3427 terram;

462 3456 518 3500 et
565 3446 638 3501 ita
680 3456 895 3512 caetera,
934 3463 1106 3519 usque
1146 3450 1212 3503 ad
1259 3458 1509 3505 octavam
1539 3452 1862 3507 sententiam
1890 3492 1905 3517 ,
1953 3452 2045 3507 ubi

460 3539 541 3592 ait
573 3557 586 3592 :
621 3537 775 3593 Beati
803 3542 892 3611 qui
930 3544 1334 3612 persecutionem
1360 3546 1633 3615 patiuntur
1658 3556 1868 3616 propter
1882 3545 2048 3615 justi-

461 3628 611 3694 tiam,
642 3630 893 3698 quoniam
920 3632 1152 3701 ipsorum
1173 3640 1247 3685 est
1280 3649 1494 3702 regnum
1524 3633 1793 3687 calarum.

534 3720 663 3775 lnde
685 3720 799 3789 j'am
826 3723 1016 3793 incipit
1045 3723 1188 3793 loqui
1219 3733 1514 3793 praesentes
1542 3726 1889 3795 compellans,
1924 3742 2047 3780 cum

462 3819 517 3865 et
555 3811 643 3865 illa
677 3826 799 3881 qua:
834 3828 993 3882 supra
1033 3814 1175 3869 dicta
1201 3823 1327 3869 sunt
1365 3817 1431 3870 ad
1471 3820 1573 3871 eos'
1594 3818 1757 3871 etiam
1794 3818 1884 3887 qui
1912 3833 2049 3888 prte-

465 3911 651 3958 sentes
680 3903 1008 3970 audiebant,
1035 3914 1088 3960 et
1115 3906 1229 3961 haec
1258 3916 1464 3975 postea,
1494 3923 1614 3976 qua:
1639 3908 2051 3979 videnturprte-

466 3994 713 4049 sentibus
747 3995 1053 4065 specialiter
1094 3997 1221 4061 dici,
1262 3998 1571 4067 pertineant
1604 3998 1767 4053 etiam
1812 3998 1880 4054 ad
1927 3997 2049 4053 illos

469 4084 564 4153 qui
591 4084 846 4140 absentes
871 4085 954 4141 vel
974 4093 1096 4155 post
1124 4084 1285 4141 futuri
1316 4096 1493 4142 erant.
1524 4086 1629 4143 Sed
1654 4088 1776 4143 ideo
1805 4096 2049 4159 apostro-

390 4180 405 4199 “
468 4176 609 4245 pheu
635 4176 765 4231 facit
786 4177 853 4231 ad
881 4192 975 4232 eos
997 4177 1191 4247 quibus
1215 4179 1521 4248 specialiter
1540 4178 1753 4235 locutus
1776 4188 1879 4245 est,
1904 4196 2045 4250 prm-

469 4268 657 4323 dicens
684 4268 765 4323 eis
792 4268 1196 4338 persecutiones
1225 4284 1361 4339 quas
1388 4285 1486 4339 pro
1524 4271 1740 4325 nomine
1773 4269 1892 4338 ejus
1917 4285 2045 4341 pas-

468 4361 581 4416 suri
620 4368 798 4427 erant,
834 4361 960 4432 quia
990 4361 1307 4433 dignitatem
1336 4363 1534 4433 gradus
1571 4378 1759 4417 eorum
1786 4362 1892 4418 illis
1922 4363 2047 4417 inti-
2071 4402 2126 4462 Β

468 4465 618 4505 mare
644 4450 877 4514 volebat,
906 4450 985 4506 sal
1018 4460 1174 4506 teme
1199 4459 1254 4507 et
1277 4451 1366 4506 lux
1392 4453 1572 4507 mundi
1600 4452 1719 4507 illos
1744 4452 2044 4523 appellans,

468 4551 530 4593 ut
557 4556 623 4595 ex
651 4541 899 4596 tristibus
926 4541 1311 4609 humilitatem,
1336 4549 1391 4596 et
1427 4558 1494 4597 ex
1536 4542 1674 4597 laetis
1716 4542 2047 4598 consolatio-

469 4647 595 4687 nem
623 4632 967 4703 perciperent
997 4650 1010 4685 :
1041 4632 1211 4696 Beati,
1251 4633 1445 4703 inquit,
1496 4634 1618 4688 estis
1653 4650 1770 4688 cum
1802 4650 1890 4687 vos
1926 4633 2049 4688 ode—

469 4725 598 4788 rint,
652 4732 701 4777 et
747 4725 1005 4794 persecuti
1052 4740 1140 4779 vos
1190 4724 1383 4794 fuerint
1432 4726 1689 4791 homines,
1728 4736 1777 4780 et
1821 4726 2049 4780 dixerint

467 4829 621 4867 autne
654 4813 853 4868 malum
882 4815 1128 4869 adversus
1153 4831 1242 4868 vos
1261 4854 1277 4880 ,
1305 4816 1620 4871 mentientes.
1659 4816 1790 4871 Illud
1826 4817 2048 4871 maledi-

466 4913 617 4959 ctum
638 4906 1092 4961 contemnendum
1111 4915 1214 4973 est,
1237 4915 1290 4961 et
1311 4908 1697 4962 beatitudinem
1715 4892 1883 4972 creat,
1908 4908 2051 4976 quod

472 4993 607 5049 falso
633 4995 1003 5052 maledicentia
1030 5013 1125 5053 ore
1150 4996 1440 5068 profertur.

546 5087 696 5142 Unde
728 5095 783 5140 ct
820 5089 1129 5157 specialiter
1159 5090 1412 5145 deﬁnitur
1447 5104 1566 5159 qua:
1593 5100 1676 5145 est
1705 5091 1857 5144 beata
1888 5098 2052 5143 mate-

468 5179 657 5242 dictio,
691 5196 851 5237 omne
872 5182 1058 5255 dicens
1087 5184 1423 5241 maledictum
1456 5185 1731 5240 adversum
1760 5201 1869 5247 vos,
1908 5201 2051 5237 men-

469 5269 687 5336 tientes,
730 5282 943 5342 propter
973 5290 1071 5327 me.
1118 5274 1299 5347 (Aug.)
1350 5276 1450 5332 Ubi
1498 5278 1642 5331 enim
1694 5276 1943 5332 Christus
1994 5276 2048 5329 in

468 5378 638 5418 causa
690 5372 806 5429 est,
854 5365 926 5420 ibi
979 5368 1211 5437 optanda
1270 5369 1594 5423 maledictio.
1642 5368 2056 5422 Animadvertat

473 5454 718 5523 quisquis
761 5455 982 5512 delicias
1032 5456 1190 5526 lmjus
1241 5460 1417 5514 sa‘culi
1450 5469 1505 5514 et
1538 5459 1821 5515 facultates
1868 5474 2049 5514 rerum

475 5547 849 5615 temporalium
876 5550 1099 5618 quarrit,
1130 5549 1181 5603 in
1215 5551 1433 5605 nomine
1454 5551 1766 5607 Christiano
1798 5550 2054 5605 intrinse-

476 5654 570 5694 cus
598 5653 715 5695 esse
748 5641 1134 5698 beatitudinem
1171 5652 1434 5707 nostram,
1467 5642 1605 5696 sicut
1645 5643 1709 5697 de
1740 5642 1921 5696 anima
1948 5641 2050 5696 Ec-

2136 1823 2248 1868 tum
2274 1824 2357 1869 est
2387 1825 2597 1885 propter
2628 1817 2915 1886 justitiam.
2950 1816 3050 1872 Ubi
3077 1827 3259 1874 autem
3285 1835 3413 1875 sana
3442 1821 3580 1890 ﬁdes
3608 1838 3712 1877 non

2134 1911 2235 1966 est,
2260 1920 2365 1971 non
2390 1912 2567 1974 potest
2595 1921 2716 1960 esse
2726 1907 2952 1976 jnstitia,
2977 1909 3100 1977 quia
3122 1908 3303 1977 justus
3327 1925 3395 1965 ex
3428 1894 3534 1967 ﬁde
3566 1915 3708 1968 vivit.

2136 1993 2320 2063 Neque
2361 1996 2691 2051 schismatici
2722 1997 2919 2067 aliquid
2948 1999 3051 2053 sibi
3081 2016 3145 2055 ex
3186 2002 3287 2055 ista
3319 2003 3572 2057 mercede
3595 2017 3717 2071 pro-

2137 2088 2357 2142 mittant
2386 2094 2400 2142 :
2433 2089 2560 2157 quia
2610 2089 2871 2144 similiter.
2900 2090 2988 2145 ubi
3030 2093 3267 2149 charitas
3296 2108 3402 2148 non
3431 2102 3517 2149 est
3544 2136 3561 2159 ,
3612 2111 3713 2150 non

2138 2187 2313 2248 potest
2365 2194 2484 2234 esse
2520 2178 2749 2247 justitia.
2798 2180 3021 2237 Dilectio
3063 2184 3206 2239 enim
3243 2185 3475 2256 proximi
3518 2186 3715 2241 malum

2141 2288 2243 2326 non
2281 2282 2569 2342 operatur,
2605 2288 2768 2343 quam
2817 2275 2862 2329 si
2914 2275 3174 2331 haberent
3232 2292 3339 2331 non
3395 2277 3719 2333 dilaniarcut

2140 2378 2335 2432 corpus
2363 2362 2588 2428 Christi,
2618 2365 2760 2433 quod
2789 2371 2874 2419 est
2900 2364 3162 2420 Ecclesia.
3211 2365 3388 2432 Quasri
3419 2377 3605 2420 autem
3629 2384 3718 2437 po-

2145 2460 2247 2507 test
2276 2452 2405 2521 quid
2431 2452 2667 2515 intersit,
2696 2453 2839 2523 quod
2864 2453 2964 2516 ait,
3009 2452 3142 2508 Cum
3174 2455 3326 2509 vobis
3354 2455 3679 2511 maledicent
3702 2498 3718 2523 ,

2141 2552 2195 2597 et
2218 2544 2398 2599 dicent
2424 2558 2584 2598 omne
2626 2544 2824 2598 malum
2856 2546 3141 2600 adversum
3182 2561 3302 2611 vos,
3342 2562 3469 2600 cum
3499 2547 3720 2603 maledi-

2142 2650 2287 2699 cere,
2324 2635 2428 2688 hoc
2457 2635 2528 2688 sit
2555 2634 2752 2688 malum
2792 2634 2987 2689 dicere.
3029 2633 3135 2689 Sed
3171 2636 3329 2690 aliter
3376 2636 3721 2692 maledictum

2139 2722 2377 2793 jactatur
2403 2739 2524 2779 cum
2556 2725 2878 2780 contumelia
2906 2740 3088 2781 coram
3125 2727 3215 2781 illo
3242 2727 3327 2799 cui
3360 2728 3719 2813 maledicitur,

2110 2888 2117 2893 ο
2145 2815 2285 2870 sicut
2317 2814 2545 2869 Domino
2588 2823 2771 2869 nostro
2799 2816 3000 2871 dictum
3032 2826 3116 2872 est
3151 2835 3164 2871 :
3202 2815 3392 2873 Nonne
3434 2836 3613 2874 verant
3640 2820 3719 2873 di-

2146 2904 2342 2969 cimus,
2390 2903 2513 2974 quia
2561 2902 2925 2960 Samaritanus
2965 2923 3019 2960 es
3048 2948 3062 2972 ,
3110 2918 3159 2962 et
3203 2908 3522 2963 dtrmonium
3570 2910 3722 2965 habes

2150 2991 2331 3064 (Joan.
2364 2994 2483 3066 vm)
2509 2995 2532 3048 ?
2558 2995 2715 3049 aliter
2740 3011 2861 3050 cum
2889 2996 3127 3052 absentis
3158 2997 3297 3052 fama
3323 2997 3556 3065 heditur,
3586 3001 3725 3055 sicut

2150 3082 2215 3137 de
2242 3082 2334 3137 illo
2365 3084 2489 3136 item
2518 3084 2775 3139 scribitur
2804 3102 2817 3139 :
2848 3084 2953 3139 Alii
2994 3086 3276 3142 dicebant:
3308 3087 3449 3154 Quia
3476 3090 3723 3160 propheta

2145 3182 2261 3237 est;
2303 3172 2398 3226 alii
2420 3174 2658 3229 dicebant
2687 3188 2705 3228 :
2734 3174 2878 3241 Non,
2909 3176 2999 3230 sed
3035 3178 3234 3232 seducit
3262 3178 3514 3249 populum
3543 3179 3723 3248 (locu.

2146 3262 2263 3335 vn).
2286 3263 2542 3335 Persequi
2572 3274 2769 3331 autem,
2799 3276 2882 3322 est
2910 3268 3017 3322 vim
3043 3267 3241 3325 inferre
3268 3269 3353 3324 vel
3390 3270 3601 3325 insidiis
3636 3287 3727 3342 ap-

2145 3362 2349 3424 petere.
2381 3354 2535 3422 Quod
2574 3354 2702 3411 fecit
2731 3397 2746 3421 ,
2788 3358 2879 3426 qui
2922 3371 3044 3413 eum
3094 3359 3355 3423 tradidit,
3393 3368 3449 3413 et
3478 3360 3572 3428 qui
3606 3375 3727 3414 cum

2148 3450 2557 3505 cruciﬁxerunt.
2591 3450 2729 3517 Quid
2776 3459 2860 3505 est
2908 3466 3035 3505 sane
3064 3492 3080 3514 ,
3132 3452 3272 3521 quod
3302 3451 3465 3504 etiam
3492 3452 3598 3507 hoc
3626 3467 3725 3506 non

2148 3548 2233 3594 est
2260 3540 2434 3595 solum
2464 3541 2696 3610 positum
2728 3582 2741 3606 ,
2787 3549 2847 3595 ut
2892 3542 3164 3596 diceretur
3199 3561 3210 3595 :
3259 3541 3325 3595 Et
3361 3542 3536 3595 dicent
3583 3558 3729 3596 omne

2150 3627 2347 3681 malum
2376 3627 2649 3682 adversum
2674 3646 2781 3693 vos,
2813 3629 2906 3684 sed
2936 3630 3175 3684 additum
3224 3631 3524 3685 mentientes
3580 3630 3730 3685 addi-

2152 3718 2468 3793 tumletiam
2512 3731 2720 3789 propter
2752 3720 2873 3774 me?
2920 3710 3147 3790 Propter
3186 3737 3279 3776 eos
3324 3721 3565 3775 additum
3611 3736 3733 3777 esse

2150 3817 2280 3879 puto
2308 3810 2398 3878 qui
2426 3809 2613 3864 volunt
2645 3811 2711 3865 de
2744 3811 3203 3880 persecutionibus
3237 3824 3289 3867 et
3318 3812 3384 3868 dc
3430 3813 3589 3866 fama:
3623 3826 3735 3866 stuc

2152 3902 2481 3970 turpitudine
2497 3901 2735 3972 gloriari,
2752 3910 2803 3957 et
2820 3902 2938 3957 ideo
2952 3904 3131 3958 dicere
3146 3906 3211 3959 ad
3226 3919 3284 3959 se
3298 3904 3572 3974 pertinere
3582 3902 3738 3958 Chri-

2151 4001 2314 4057 stum,
2346 3993 2471 4063 quia
2504 3994 2670 4049 nmlta
2701 3996 2765 4051 de
2793 3995 2896 4050 illis
2920 3996 3175 4051 dicuntur
3201 3997 3341 4052 mala
3373 4013 3495 4052 cum
3526 4005 3583 4053 et
3604 4012 3733 4053 vera

2150 4075 2419 4147 dicantur,
2446 4086 2661 4152 quando
2690 4093 2743 4139 et
2768 4084 2832 4139 de
2856 4084 3064 4140 illorum
3097 4101 3282 4141 errore
3305 4086 3562 4142 dicuntur
3584 4128 3599 4153 ,
3632 4086 3736 4141 etsi

2151 4172 2438 4244 aliquando
2463 4175 2626 4229 etiam
2659 4175 2910 4229 nonnulla
2960 4175 3091 4230 falsa
3135 4178 3414 4248 jactantur
3459 4175 3624 4246 (quod
3654 4184 3735 4233 te.

2153 4262 2398 4317 meritate
2429 4262 2705 4317 hominum
2746 4263 3059 4333 plerumque
3104 4265 3321 4336 accidit)
3348 4305 3364 4330 ,
3406 4280 3514 4320 non
3547 4273 3732 4320 tamen

2152 4363 2373 4423 propter
2409 4352 2687 4408 Christum
2731 4355 2830 4409 ista
2872 4355 3161 4425 patiuntur.
3209 4356 3324 4412 Non
3374 4358 3520 4413 cnim
3572 4356 3737 4411 Chri-

2152 4454 2293 4502 stum
2324 4446 2587 4517 sequitur,
2642 4448 2733 4517 qui
2783 4464 2887 4502 non
2935 4449 3232 4504 secundum
3264 4465 3445 4505 veram
3480 4448 3641 4504 ﬁdem
3682 4458 3740 4503 et

2152 4539 2475 4595 catholicam
2502 4539 2838 4609 disciplinam
2860 4541 3201 4597 Christianus
3238 4551 3473 4596 vocatur.

2224 4630 2457 4685 Gaudete
2484 4640 2531 4685 et
2547 4630 2819 4694 cxsultate,
2843 4633 3090 4703 quoniam
3116 4650 3311 4687 merces
3336 4641 3507 4687 vestra
3520 4632 3736 4703 copiosa

2154 4733 2226 4777 est
2250 4724 2305 4775 in
2331 4720 2489 4775 ctelis.
2519 4720 2579 4791 (Α
2591 4721 2701 4793 ug.)
2733 4721 2848 4775 Non
2877 4722 2965 4776 hic
2991 4723 3159 4782 etelos
3184 4723 3290 4777 dici
3330 4730 3461 4793 puto
3491 4722 3741 4792 superio-

2154 4828 2243 4868 res
2267 4822 2448 4881 partes
2497 4810 2655 4881 hujus
2688 4806 2919 4867 visibilis
2945 4812 3153 4866 mundi.
3198 4812 3314 4867 Non
3355 4812 3500 4866 enim
3526 4825 3743 4868 merces

2154 4886 2361 4968 nostra,
2392 4916 2513 4971 qua:
2534 4902 2853 4957 inconcuSsa
2890 4909 2945 4957 ct
2969 4909 3169 4956 mterna
3200 4918 3319 4958 esse
3352 4903 3535 4969 debet,
3568 4902 3624 4958 in
3655 4918 3740 4959 re-

2152 4995 2253 5050 bus
2283 4986 2601 5049 volubilibus
2636 5002 2691 5048 et
2728 4994 3072 5063 temporariis
3120 4994 3427 5050 collocanda
3474 5003 3601 5063 est;
3640 4996 3740 5050 sed

2152 5089 2205 5140 in
2238 5088 2378 5140 caelis
2408 5086 2606 5141 dictum
2638 5095 2766 5155 puto
2794 5086 2846 5139 in
2881 5086 3212 5155 spiritalibus
3236 5086 3619 5150 ﬁrmamentis,
3640 5087 3735 5141 ubi

2154 5177 2363 5232 habitat
2384 5179 2711 5247 sempiterna
2738 5176 2966 5245 justitia.
2992 5178 3050 5232 In
3075 5194 3305 5248 quorum
3331 5179 3739 5249 comparatione

2164 5280 2308 5327 terra
2333 5272 2530 5326 dicitur
2560 5272 2737 5324 anima
2767 5271 2965 5339 iniqua,
2996 5272 3081 5325 cui
3112 5272 3354 5341 peccanti
3381 5271 3587 5327 dictum
3609 5277 3735 5326 est:

2169 5360 2330 5415 Terra
2382 5378 2457 5425 es,
2490 5362 2612 5414 etin
2643 5370 2832 5413 terram
2862 5360 2958 5414 ibis
2989 5358 3141 5431 (Gen.
3169 5360 3273 5431 ιιι).
3323 5360 3399 5414 De
3452 5360 3540 5413 his
3586 5357 3740 5413 cmlis

2165 5453 2293 5507 dicit
2321 5451 2606 5521 Apostolus
2633 5469 2643 5504 :
2679 5450 2937 5517 Quoniam
2981 5450 3302 5505 conversatio
3345 5460 3527 5503 nostra
3552 5448 3609 5501 in
3633 5463 3739 5500 ra:-

2167 5545 2229 5596 Iis
2258 5555 2329 5597 est
2363 5542 2579 5612 (Philip.
2628 5542 2729 5611 ιιι).
2763 5539 3011 5595 Sentium
3054 5541 3166 5611 jam
3195 5554 3324 5611 ergo
3347 5541 3504 5595 istam
3533 5551 3740 5591 mercc-

2167 5637 2305 5696 dem,
2335 5634 2424 5703 qui
2478 5634 2712 5703 gaudent
2744 5631 3072 5702 spiritalibus
3120 5633 3295 5689 bonis.
3353 5631 3459 5686 Sed
3489 5644 3555 5682 ex
3592 5624 3736 5682 omni
