3938 6324
197 266 299 324 θυι

1178 267 1526 325 COMMENT.
1569 271 1633 324 ΙΝ
1674 267 2111 324 ΜΛΤΤΙΙίΕυΜ.
2152 300 2221 309 —
2261 270 2386 327 LIB.
2427 272 2489 325 ll.
2576 224 2581 229 ⁵

3366 286 3471 344 8οΞ

201 394 358 455 parte
404 380 737 454 perficietur,
790 396 910 433 cum
946 381 1107 435 etiam
1146 382 1245 437 hoc
1277 384 1505 437 mortale
1550 380 1784 459 induerit
1813 386 1857 441 Λ
1890 379 2032 450 Ergo
2058 380 2124 434 ad
2154 380 2381 434 nihilum
2411 381 2553 436 valet
2583 382 2660 436 sal
2692 382 3038 453 infamatum,
3067 391 3251 446 nisiut
3283 395 3465 451 mitta—

201 475 689 531 immortalitatem.
714 497 748 523 η-

276 586 548 660 (Ηὶενοη.)
588 585 778 641 Nescio
809 588 932 657 quis
960 590 1059 643 hoc
1086 598 1327 644 nostrum
1377 588 1547 659 possit
1594 587 1783 657 imple—

200 691 285 742 re,
314 685 376 731 ut
401 676 666 731 laceretur
685 678 988 748 Oppi-ebriis
1015 677 1154 732 fama
1173 686 1379 741 nostra,
1412 689 1577 732 etnos
1602 677 1782 731 exsul-

201 774 384 821 temus
410 767 463 820 in
493 768 736 822 Domino.
784 769 917 835 Hoc,
946 769 1037 839 qui
1058 785 1251 822 vanam
1288 776 1529 824 sectatur
1552 769 1780 838 gloriam

200 856 432 926 implere
459 873 565 912 non
605 866 798 929 potest.
834 858 1081 915 Gaudere
1114 860 1277 928 igitur
1296 868 1351 912 ct
1377 860 1649 913 exsultare
1684 860 1780 912 de-

202 946 416 1010 bemus,
452 956 511 1002 ut
568 964 774 1004 merces
819 948 974 1004 nobis
1012 949 1063 1005 in
1094 948 1245 1003 caelis
1275 957 1625 1018 praeparetur.
1659 949 1782 1002 Ele-

199 1044 398 1104 ganter
422 1037 475 1092 in
503 1039 732 1109 quodam
762 1039 1032 1093 volumine
1084 1039 1344 1107 scriptum
1398 1039 1665 1108 legimus:
1700 1039 1781 1094 Ne

193 1143 413 1197 quartis
474 1130 720 1199 gloriam,
772 1141 818 1184 et
875 1148 978 1184 non
1031 1131 1227 1185 dolebis
1281 1148 1399 1185 cum
1462 1132 1780 1203 ingloriosus

191 1220 386 1286 lueris.

273 1334 366 1389 Sic
416 1352 554 1390 enim
607 1336 862 1405 persecuti
919 1344 1037 1389 sunt
1084 1336 1380 1407 prophetas,
1434 1338 1523 1409 qui
1568 1337 1781 1407 fuerunt

194 1438 321 1479 ante
355 1443 462 1481 vos.
492 1426 673 1497 (Aug.)
701 1424 856 1482 Nunc’
877 1428 1303 1499 perseeutionem
1334 1429 1659 1499 generaliter
1685 1444 1780 1499 po—

195 1514 334 1580 suit,
364 1523 418 1570 et
448 1516 501 1571 in
560 1516 884 1582 maledictis,
915 1525 970 1573 et
991 1518 1043 1573 in
1073 1518 1459 1574 dilaceratione
1489 1518 1685 1585 famze;
1725 1526 1781 1573 et
1810 1565 1820 1574 .

193 1605 340 1661 bene
394 1607 641 1677 exemplo
691 1594 1009 1665 adhortatus
1056 1618 1160 1677 est,
1193 1611 1316 1680 quia
1358 1626 1486 1665 vera
1534 1610 1779 1665 dicentes

192 1696 375 1752 solent
402 1699 827 1767 persecutionem
857 1701 987 1771 pati.
1012 1700 1122 1757 Nec
1154 1710 1333 1756 tamen
1358 1702 1478 1756 ideo
1501 1702 1779 1771 propheta:

191 1789 406 1859 antiqui
441 1806 590 1845 more
625 1792 1017 1860 persecutionis
1044 1808 1071 1846 a
1101 1792 1349 1846 veritatis
1396 1792 1776 1861 praedicatione

190 1877 532 1934 defecerunt.
567 1879 890 1935 Rectissime
911 1881 1092 1951 itaque
1117 1882 1358 1951 sequitur
1389 1900 1399 1934 :

168 1993 172 1997 ‘
264 1987 379 2063 [IL]
411 1987 512 2043 Vos
535 1992 658 2044 estis
680 1979 761 2044 sal
783 1999 954 2045 terrm.
986 1989 1275 2063 (Maenas)
1311 1990 1403 2047 Sal
1435 1993 1777 2064 appellantur

190 2080 452 2152 apostoli,
481 2082 616 2157 quia.
633 2097 732 2152 per
759 2081 903 2149 ipsos
934 2082 1245 2137 universum
1270 2083 1550 2138 hominum
1580 2083 1773 2138 condi-

190 2179 285 2227 tur
309 2187 495 2242 genus.
531 2168 711 2227 Terra:
735 2172 878 2226 enim
926 2172 1164 2238 nomine,
1211 2174 1445 2239 humana
1482 2182 1677 2243 natura
1707 2175 1772 2230 si-

188 2262 503 2334 gnificatur,
533 2264 587 2318 in
625 2263 752 2318 salis
779 2279 907 2319 vero
939 2264 1089 2320 verbi
1137 2265 1422 2334 sapientia.
1471 2267 1627 2334 Quod
1679 2282 1779 2322 au-

189 2366 306 2429 tern
334 2355 603 2425 apostolos
628 2369 753 2410 suos
798 2355 1003 2410 caelesti
1054 2371 1120 2411 ac
1146 2356 1324 2412 divina
1379 2358 1641 2426 sapientia
1665 2358 1779 2428 ple-

190 2460 320 2512 nos,
384 2445 465 2500 sal
491 2453 648 2500 terra:
710 2443 960 2500 Salvator
1010 2446 1270 2510 nominat,
1323 2448 1561 2503 ostendit
1596 2446 1778 2504 fatuos

190 2552 317 2593 esse
340 2536 685 2607 judicaudos,
735 2537 826 2607 qui
883 2546 1094 2591 terrena
1145 2546 1351 2592 tantum
1409 2540 1647 2609 sapiunt,
1675 2540 1776 2608 qui

194 2628 577 2699 temporalium
608 2629 873 2683 bonorum
929 2628 1074 2682 velut
1125 2628 1332 2703 copiam
1360 2638 1654 2694 sectantes,
1692 2630 1777 2685 vel

194 2720 434 2789 inopiam
473 2726 791 2783 metuentes,
839 2717 1094 2771 amittunt
1123 2710 1322 2772 aeterna
1342 2758 1355 2782 ,
1387 2734 1508 2788 qua:
1528 2733 1629 2773 nec
1662 2719 1776 2774 (lari

190 2818 423 2881 possunt
444 2809 512 2863 ab
532 2807 861 2872 hominibus,
890 2821 994 2861 nec
1021 2804 1569 2883 auferri.‘Notandum
1595 2816 1775 2864 autem

192 2900 343 2971 quod
379 2898 509 2954 salis
533 2906 724 2953 natura
754 2896 1197 2952 infecunditatem
1250 2906 1407 2951 terra:
1437 2896 1588 2953 facit.
1625 2897 1776 2954 Unde

191 3002 250 3048 et
277 2991 332 3046 in
358 2990 566 3060 psalmo
598 2990 860 3059 scriptum
912 2997 997 3043 est
1024 3002 1038 3043 :
1070 2986 1257 3042 Posuit
1292 2998 1487 3042 terram
1538 2988 1777 3057 fructife-

1890 481 1975 526 tur
2002 473 2163 539 foras,
2192 482 2248 528 et
2284 474 2525 528 calcetur
2554 474 2622 528 ab
2647 476 2981 532 hominibus.

1955 581 2070 637 Non
2116 585 2297 653 itaque
2348 584 2590 639 calcatur
2634 586 2703 640 ab
2760 587 3083 656 hominibus,
3124 594 3216 663 qui
3260 598 3467 665 patitur

1883 674 2332 742 persecutionem,
2382 676 2478 730 sed
2511 676 2602 745 qui
2633 679 3065 746 persecutionem
3112 683 3351 741 timendo
3378 688 3465 744 in-

1883 762 2141 819 fatuatur.
2174 766 2386 821 Calcari
2413 768 2556 821 enim
2596 785 2701 824 non
2734 778 2930 839 potest,
2962 772 3063 826 nisi
3093 772 3340 841 inferior,
3372 781 3464 832 sed

1884 852 2107 911 inferior
2140 871 2247 910 non
2299 866 2405 921 est,
2437 858 2527 926 qui
2564 862 2811 927 quamvis
2840 862 2892 915 in
2921 871 3068 917 terra
3112 865 3276 920 multa
3314 869 3476 922 susti-

1882 954 2032 1011 neat,
2061 946 2225 1001 corde
2253 954 2433 1001 tamen
2462 947 2601 1003 fixus
2630 948 2682 1002 in
2712 951 2850 1005 cmlo
2886 961 2987 1008 est.
3036 953 3190 1009 Sicut
3230 972 3359 1027 ergo
3388 961 3468 1012 sal

1884 1034 2234 1103 infatuatum,
2287 1053 2411 1092 cum
2469 1041 2537 1095 ad
2575 1042 2904 1098 condiendos
2942 1045 3112 1113 cibos,
3163 1063 3468 1118 carnesque

1882 1126 2168 1182 siccandas
2199 1128 2382 1183 valere
2416 1130 2661 1197 desierit,
2688 1132 2818 1187 nulli
2836 1132 2948 1202 jam
2980 1136 3099 1190 usui
3132 1147 3318 1207 aptum
3341 1142 3465 1205 erit,

1882 1230 2057 1285 neque
2082 1218 2250 1286 enim,
2273 1227 2334 1273 ut
2368 1220 2507 1276 alius
2540 1229 2770 1277 testatur
2792 1226 3143 1297 evangelista,
3173 1230 3227 1283 in
3263 1238 3465 1286 terrain

1880 1307 2013 1363 utile
2042 1317 2145 1375 est,
2177 1310 2331 1379 cujus
2361 1312 2559 1381 injectu
2588 1316 2893 1385 germinare
2916 1320 3255 1388 prohibetur,
3288 1340 3461 1394 neque

1882 1394 1937 1451 in
1964 1398 2363 1469 Sterquilinium
2407 1404 2752 1474 agricultura:
2794 1406 3161 1474 profuturum,
3214 1414 3358 1481 quod
3383 1414 3464 1467 vi-

1879 1488 2103 1544 vacibus
2152 1490 2277 1545 licet
2305 1491 2479 1563 glebis
2520 1494 2836 1559 immistum,
2891 1512 2998 1551 non
3029 1494 3199 1553 fetare
3251 1503 3458 1557 semina

1879 1575 2117 1649 frugum,
2150 1581 2245 1635 sed
2294 1583 2640 1654 exstinguere
2684 1586 3003 1641 naturaliter
3028 1588 3164 1644 solet
3195 1610 3207 1644 :
3246 1594 3325 1647 sic
3348 1609 3468 1649 om-

1884 1668 1970 1722 nis
1990 1670 2081 1739 qui
2112 1679 2229 1740 post
2267 1674 2597 1742 agnitionem
2645 1675 2891 1731 veritatis
2922 1688 3068 1733 retro
3097 1682 3340 1748 redierit,
3371 1700 3466 1739 nc-

1882 1773 1985 1827 que
2014 1760 2130 1830 ipse
2159 1760 2395 1817 fructum
2422 1763 2549 1818 boni
2593 1765 2774 1833 operis
2802 1764 2964 1831 ferre,
2999 1783 3173 1838 neque
3199 1770 3332 1826 alios
3372 1788 3465 1828 ex-

1881 1850 2061 1906 colere
2098 1853 2263 1917 valet,
2320 1853 2412 1908 sed
2452 1854 2597 1910 foras
2642 1855 2959 1921 mittendus,
3008 1859 3111 1915 hoc
3140 1867 3242 1926 est,
3270 1863 3337 1918 ab
3364 1863 3466 1920 Ec—

1882 1940 2058 1996 clesia:
2080 1953 2166 1997 est
2192 1943 2399 1998 unitate
2429 1944 2813 2010 secernendus,
2838 1936 2923 2010 ut,
2944 1945 3100 2014 juxta
3124 1949 3282 2004 aliam
3305 1967 3467 2021 para-

1883 2034 2083 2101 bolam,
2122 2035 2413 2090 irridentes
2446 2050 2568 2089 eum
2599 2036 2802 2092 inimici
2833 2038 3053 2093 dicant:
3088 2039 3226 2107 Quia
3253 2042 3338 2097 hic
3370 2045 3466 2099 ho-

1880 2142 1964 2180 mo
1990 2126 2138 2197 carpit
2161 2125 2448 2195 wdiﬁcare,
2472 2136 2520 2180 et
2550 2142 2652 2180 non
2682 2129 2848 2195 potuit
2885 2126 3265 2187 consummare.

1960 2235 2064 2290 Vos
2107 2237 2230 2290 estis
2259 2234 2354 2290 lux
2380 2236 2581 2290 mundi.
2612 2236 2903 2309 (Maenas)
2935 2237 2979 2293 A
3018 2239 3137 2296 luce
3164 2257 3313 2309 vera,
3342 2259 3463 2316 qua:

1881 2326 2128 2381 Christus
2180 2334 2284 2391 est,
2342 2326 2629 2380 illuminati
2680 2328 2907 2398 apostoli
2943 2329 3030 2385 lux
3060 2334 3241 2388 mandi
3278 2335 3464 2406 appel—

1880 2418 2085 2483 lantur,
2113 2418 2236 2488 quia
2264 2432 2363 2487 per
2408 2417 2554 2487 ipsos
2583 2417 2703 2472 luce
2753 2418 2873 2474 fidei
2904 2428 2957 2474 et
2984 2422 3224 2478 scientiae
3260 2424 3461 2479 illumi-

1880 2509 2090 2563 nandus
2143 2515 2263 2582 erat
2314 2508 2563 2561 mundus.
2600 2508 2735 2561 Nam
2774 2512 3042 2579 quomodo
3097 2515 3344 2582 superius
3378 2518 3461 2570 sal

1878 2595 2039 2655 terra:
2064 2600 2361 2671 figuraliter
2414 2599 2574 2654 iidem
2623 2610 2748 2655 sunt
2774 2602 3055 2669 nominati,
3090 2604 3167 2658 sic
3196 2621 3342 2660 nunc
3373 2605 3475 2671 lux.

1877 2692 2063 2746 mundi
2114 2708 2235 2747 esse
2270 2706 2375 2745 non
2428 2690 2804 2760 corporaliter,
2857 2691 2949 2747 sed
2994 2694 3310 2763 spiritaliter
3337 2706 3464 2750 sunt

1878 2780 2228 2850 intelligendi.
2264 2777 2446 2851 (Aug.)
2480 2778 2647 2831 Terra
2705 2793 2831 2834 vero
2862 2780 3175 2850 accipienda
3231 2790 3315 2836 est
3355 2800 3485 2842 non.

1879 2883 2043 2938 quam
2069 2866 2295 2938 pedibus
2320 2868 2597 2938 corporeis
2625 2866 2918 2934 calcamus,
2950 2872 3043 2924 sed
3079 2870 3344 2939 homines,
3369 2875 3458 2943 qui

1882 2964 1936 3019 in
1986 2970 2141 3018 terra,
2182 2962 2449 3034 habitant,
2506 2960 2592 3017 vel
2643 2960 2806 3017 etiam
2851 2972 3184 3033 peccatores,
3232 2980 3461 3034 quorum

162 3092 310 3138 ‘ram
349 3052 403 3137 in
449 3052 991 3152 salsugine-rnlf’sal.
1024 3078 1153 3151 ovs).
1197 3079 1264 3134 Et
1292 3052 1557 3148 quasdam
1609 3052 1772 3135 urbes

1882 3053 2196 3110 condiendis
2232 3062 2298 3108 et
2352 3052 2757 3124 exstinguendis
2803 3052 3060 3111 fetoribus
3109 3056 3463 3125 apostolicum

191 3173 274 3227 ira
305 3172 569 3227 victorum
597 3170 709 3225 sale
759 3170 1068 3233 seminatas,
1108 3176 1169 3222 ut
1222 3168 1428 3223 nullum
1456 3168 1511 3223 in
1539 3168 1619 3223 eis
1643 3183 1770 3238 ger-

170 3264 319 3321 ‘mcn
348 3265 601 3320 oriretur.
633 3261 935 3331 Allegorice
962 3271 1139 3315 autem
1180 3261 1282 3314 hoc
1330 3259 1467 3314 bene
1517 3260 1771 3314 convenit

189 3356 456 3412 doctrinae
503 3352 827 3424 apostolicae,
885 3360 946 3405 ut
990 3350 1277 3405 destructis
1334 3349 1770 3405 adversariorum

188 3446 608 3509 munitionibus,
637 3453 692 3499 et
712 3444 921 3514 peccati
946 3457 1114 3514 regno
1140 3441 1365 3510 dejecto,
1392 3442 1526 3498 sale
1555 3444 1769 3515 sapien-

190 3538 285 3595 tiae
309 3544 620 3607 compescat
649 3535 788 3589 ultra
820 3535 873 3587 in
912 3533 1092 3588 carnis
1142 3532 1387 3587 humanae
1417 3542 1559 3589 terra
1589 3534 1768 3588 smculi

189 3630 379 3684 luxum
408 3638 569 3698 atque
597 3625 896 3681 fteditatem
927 3623 1233 3697 germinare
1258 3624 1531 3680 vitiorum.

263 3744 399 3799 Item
429 3743 554 3814 quia
578 3741 658 3797 sal
691 3742 758 3795 ad
787 3738 1116 3795 condiendos
1147 3739 1296 3794 cibos
1322 3754 1630 3807 carnesque
1659 3739 1769 3794 sic-

188 3835 398 3891 candas
423 3842 606 3902 aptum
637 3838 739 3896 est,
776 3831 875 3884 rite
899 3815 1233 3884 demonstrat
1274 3829 1416 3899 quod
1448 3844 1547 3900 per
1567 3830 1769 3898 pracdi-

187 3924 460 3982 catiunem
508 3921 781 3993 Evangelii
819 3921 995 3976 ﬂuxus
1038 3920 1382 3991 restringitur
1410 3920 1767 3989 voluptatum,

188 4025 251 4072 et
275 4017 509 4071 humana
536 4023 754 4079 natura,
784 4012 1020 4068 exclusis
1072 4012 1343 4066 vermibus
1392 4020 1447 4067 et
1482 4013 1770 4082 putredine

188 4118 558 4182 peccatorum,
586 4107 747 4162 illmsa
789 4113 1036 4161 servatur
1062 4105 1328 4160 conditori
1375 4120 1492 4169 suo,
1521 4120 1617 4174 per
1647 4106 1766 4175 ejus

186 4201 493 4260 custodiam
523 4198 916 4253 mandatorum.
966 4196 1171 4251 Bonum
1198 4197 1393 4266 quippe
1416 4204 1501 4250 est
1527 4192 1620 4250 Dei
1647 4211 1767 4251 ver-

190 4297 323 4350 bum
376 4292 584 4359 audire,
644 4291 977 4361 frequentius
1032 4290 1144 4346 sale
1197 4290 1471 4361 sapientiae
1507 4290 1767 4360 spiritalis

186 4384 373 4439 cordis
411 4398 610 4437 arcana
636 4381 862 4446 condiri,
896 4382 1004 4436 imo
1032 4382 1204 4450 ipsum
1251 4395 1372 4434 cum
1403 4380 1656 4451 apostolis
1684 4381 1763 4436 sal

187 4484 354 4530 terra:
380 4472 519 4537 fieri,
545 4474 598 4527 id
625 4480 730 4535 est,
761 4488 948 4527 eorum
976 4487 1188 4542 quoque
1227 4472 1317 4541 qui
1346 4472 1521 4527 adhuc
1553 4480 1766 4527 terrena

182 4562 409 4632 sapiunt
460 4562 759 4616 imbuendis
813 4560 1081 4615 mentibus
1139 4558 1403 4615 sufﬁcere.
1444 4562 1516 4613 At
1541 4560 1587 4614 si
1643 4560 1766 4631 quis

184 4653 360 4708 semel
393 4653 737 4708 condimento
762 4651 1007 4706 veritatis
1063 4650 1397 4706 illuminatus
1434 4651 1503 4705 ad
1550 4661 1766 4722 aposta-

185 4748 328 4802 siam
374 4746 617 4810 redierit,
668 4759 771 4816 quc
798 4744 904 4798 alio
932 4744 1149 4798 doctore
1177 4743 1493 4814 corrigitur,
1525 4745 1614 4814 qui
1642 4760 1765 4801 eam

184 4855 352 4910 quam
391 4839 505 4909 ipse
534 4838 768 4908 gustavit
826 4836 1101 4906 sapientiai
1141 4834 1497 4901 dulcedinem,
1548 4835 1633 4889 vel
1664 4835 1763 4890 ad-

183 4935 365 4987 versis
399 4930 720 5002 perterritus
767 4929 850 4984 vel
902 4929 1171 4984 illecebris
1223 4927 1469 4993 allectus,
1523 4926 1769 4997 abiecit?

188 5024 345 5078 Unde
372 5033 426 5077 et
452 5023 695 5077 subditur
724 5034 738 5073 :

262 5116 414 5180 Quod
438 5116 482 5168 si
511 5114 592 5169 sal
615 5110 904 5177 evanuerit,
934 5113 987 5164 in
1012 5128 1112 5181 quo
1150 5110 1367 5165 satietur
1390 5112 1413 5161 ?
1440 5109 1507 5161 ad
1536 5108 1765 5163 nihilum

183 5209 322 5261 valet
352 5205 511 5269 ultra,
559 5205 661 5257 nisi
711 5212 764 5257 ut
811 5205 1047 5258 mittatur
1068 5203 1233 5272 foras,
1262 5212 1309 5256 et
1342 5201 1677 5255 conculcetur
1699 5200 1763 5255 ab

181 5295 483 5353 hominibus
507 5297 532 5348 Σ)
553 5296 735 5367 (Aug.)
782 5294 840 5349 Id
867 5305 969 5361 est,
1003 5294 1045 5349 si
1070 5309 1165 5349 vos
1195 5308 1290 5363 per
1315 5308 1451 5363 quos
1477 5292 1761 5345 condiendi

184 5397 319 5446 sunt
342 5389 735 5459 quodammodo
756 5388 959 5458 populi,
998 5397 1141 5442 metu
1162 5386 1596 5457 persecutionum
1631 5395 1765 5438 tem—

182 5482 453 5554 por-alium
499 5481 786 5536 amiseritis
838 5494 1001 5548 regna
1038 5479 1317 5543 caelorum,
1362 5476 1630 5546 quierunt
1662 5475 1759 5529 ho-

182 5582 362 5635 mines
390 5593 488 5648 per
520 5591 655 5647 quos
680 5576 831 5630 vobis
858 5589 1012 5629 error
1033 5573 1329 5638 auferatur,
1363 5586 1487 5627 cum
1516 5586 1611 5625 vos
1656 5569 1766 5625 ele-

181 5675 321 5745 gerit
368 5673 511 5725 Deus
543 5686 636 5739 per
661 5684 794 5737 quos
839 5681 1079 5722 errorem
1134 5664 1342 5719 auferat
1395 5664 1762 5717 cancrorum?

1792 4436 1845 4496 D

1879 3145 2045 3201 salem
2092 3145 2353 3200 Dominus
2381 3145 2546 3199 misit.
2596 3146 2662 3201 Et
2690 3147 2778 3202 hic
2808 3146 3065 3201 mundum
3106 3161 3212 3200 non
3240 3147 3462 3213 (mlum,

1878 3244 1934 3292 et
1962 3244 2185 3302 terram,
2220 3237 2313 3292 sed
2354 3238 2625 3303 homines,
2658 3240 2750 3309 qui
2776 3248 2899 3295 sunt
2930 3240 2983 3294 in
3025 3240 3246 3303 mundo,
3277 3243 3360 3294 vel
3381 3242 3464 3295 di-

1876 3329 2049 3401 ligunt
2083 3329 2363 3395 mundum,
2396 3338 2611 3399 oportet
2636 3331 2878 3401 intelligi,
2913 3332 3110 3401 quibus
3157 3332 3463 3386 illuminan-

1876 3418 1960 3475 dis
2006 3419 2233 3490 apostoli
2298 3420 2449 3475 missi
2500 3429 2643 3475 sunt.
2706 3420 2930 3493 (Hi/ar.)
2976 3421 3177 3476 Natura
3229 3436 3462 3492 namque

1877 3508 2095 3565 luminis
2124 3519 2209 3566 est
2234 3519 2293 3565 ut
2316 3511 2487 3566 lucem
2516 3527 2835 3582 quocunque
2866 3511 3280 3567 circumferatur
3302 3514 3462 3568 emit-

1876 3611 1975 3668 tat,
2009 3602 2322 3678 illatumque
2356 3604 2560 3659 :cdibus
2590 3605 2840 3660 tenebras
2866 3605 3101 3674 perimat
3140 3604 3260 3660 luce
3285 3606 3459 3661 domi-

1878 3703 2063 3747 nante.

1947 3802 2116 3875 Igitur
2162 3803 2393 3858 m'undus
2415 3812 2568 3858 extra
2599 3805 2959 3876 cognitionem
2985 3804 3081 3859 Dei
3117 3804 3326 3873 positus
3356 3804 3456 3860 ob-

1879 3896 2201 3950 scurabatur
2248 3894 2564 3963 ignorantia:
2612 3895 2872 3959 tenebris,
2926 3894 3009 3949 cui
3038 3910 3136 3964 per
3187 3896 3457 3965 apostolos

1878 3988 2117 4043 scientiae
2164 3986 2346 4041 lumen
2396 3987 2564 4052 venit,
2611 3993 2666 4041 et
2696 3987 2933 4058 cognitio
2961 3985 3054 4041 Dei
3081 3986 3274 4055 claret,
3308 3996 3366 4043 et
3390 3988 3458 4044 de

1874 4079 2059 4147 parvis
2087 4094 2273 4133 eorum
2314 4080 2670 4148 corpusculis,
2723 4094 3043 4151 quocunque
3095 4079 3456 4148 incesserunt,

1874 4170 1963 4224 lux
1996 4170 2353 4225 ministratur.

1945 4284 2070 4340 Non
2088 4294 2250 4357 potest
2276 4285 2459 4340 civitas
2495 4285 2744 4340 abscondi
2788 4302 2947 4356 supra
2992 4293 3219 4338 montem
3262 4284 3453 4354 posita.

1873 4374 2293 4448 (Maunus.)ﬂoc
2309 4384 2393 4431 est
2406 4377 2714 4447 apostolica:
2741 4376 2988 4432 soliditas
3002 4374 3261 4430 doctrina:
3293 4390 3457 4446 super

1870 4468 2136 4538 insignem
2173 4482 2533 4537 magnamque
2571 4466 2837 4537 justitiam
2860 4465 3107 4521 solidata.
3160 4462 3334 4529 Quam
3376 4464 3454 4519 si-

1869 4560 2090 4631 gnificat
2114 4550 2280 4614 etiam
2314 4558 2430 4632 ipse
2462 4574 2619 4615 mons
2658 4559 2711 4613 in
2744 4574 2849 4629 quo
2896 4558 3136 4626 disputat
3165 4555 3449 4611 Dominus.

1869 4650 2052 4706 Potest
2078 4650 2242 4721 igitur
2263 4665 2418 4705 mons
2460 4650 2562 4704 iste
2616 4649 2789 4719 ipsum
2818 4648 3092 4704 Christum
3119 4644 3448 4716 significare.

1868 4742 1944 4798 De
1976 4757 2083 4811 quo
2113 4742 2373 4812 scriptum
2414 4750 2499 4797 est
2529 4759 2540 4794 :
2590 4739 2786 4804 Venite,
2821 4738 3167 4793 ascendamus
3187 4735 3258 4790 ad
3299 4752 3453 4790 mon-

1866 4842 1969 4887 tem
1989 4831 2201 4886 Domini
2235 4829 2370 4900 (Isa.
2404 4831 2489 4901 ιι).
2539 4829 2740 4885 Civitas
2771 4842 2900 4884 vero
2928 4834 3094 4882 totam
3146 4824 3447 4879 Ecclesiam

1869 4920 2069 4976 Christi
2098 4922 2151 4976 in
2182 4920 2299 4992 ejus
2338 4920 2441 4976 fide
2469 4919 2765 4982 fundatam,
2794 4932 2913 4987 quae
2962 4931 3028 4971 ex
3055 4913 3243 4968 multis
3271 4914 3448 4985 genti-

1870 5012 1973 5068 bus
2022 5021 2282 5082 tanquam
2332 5025 2398 5065 ex
2451 5010 2633 5064 multis
2686 5008 2949 5077 lapidibus
2977 5016 3062 5061 est
3111 5015 3445 5070 constructa,

1869 5102 2234 5173 conglutinata
2278 5110 2459 5156 autem
2514 5099 2774 5154 bitumine
2829 5097 3113 5151 charitatis
3160 5106 3215 5152 et
3242 5097 3448 5151 unitate

1868 5195 2015 5253 fidei.
2047 5194 2171 5249 llaec
2198 5202 2310 5249 tuta
2342 5192 2401 5247 fit
2438 5192 2790 5260 intrantibus,
2823 5193 2914 5247 sed
2951 5192 3219 5246 laboriosa
3245 5190 3446 5245 adeun-

1870 5291 2033 5354 tibus,
2091 5287 2327 5343 custodit
2382 5287 2731 5351 habitatores,
2793 5282 3019 5341 sccludit
3066 5282 3335 5337 inimicos.
3379 5281 3447 5334 Et

1871 5391 2059 5438 contra
2104 5395 2293 5436 omnes
2323 5378 2548 5434 insidias
2579 5377 2939 5439 inimicorum,
2972 5376 3075 5428 hoc
3123 5382 3207 5428 est
3231 5370 3362 5426 Jud».
3383 5388 3445 5422 u-

1868 5489 2009 5537 rurr,
2051 5472 2414 5542 Paganorum,
2466 5470 2581 5523 sive
2634 5468 2795 5521 etiam
2828 5464 3228 5527 haereticorum,
3260 5466 3446 5514 manet

1869 5562 2268 5634 insuperabilis.
2301 5561 2451 5615 lianc
2486 5560 2757 5614 civitatem
2794 5553 3209 5626 przeligurabant
3238 5565 3331 5607 sex
3358 5564 3445 5603 ur-

1865 5658 1962 5711 bcs
1992 5653 2181 5724 refugii
2213 5653 2265 5706 in
2301 5652 2571 5707 montibus
2595 5648 2802 5717 positae,
2839 5645 2965 5715 quia
2999 5645 3113 5713 ipsa
3148 5642 3204 5697 in
3234 5648 3442 5705 monte,
