3938 6378
442 276 543 330 803

1078 218 1136 320 θ’.
1180 268 1429 322 ιιΑυΑΜ
1467 266 1684 324 mum
1721 264 2032 321 AitClllEP.
2075 260 2381 320 uocum.
2422 262 2706 322 oranuu
2740 266 2918 322 mas
2957 267 2993 323 ι,

3570 268 3681 325 8³⁸1

439 388 542 439 huc
566 391 672 444 est,
722 379 900 449 palam
951 379 1126 448 posita
1154 380 1422 434 veraciter
1449 378 1711 448 refugium
1741 376 1796 429 ﬁt
1826 374 1998 428 omui-
2029 374 2074 433 A
2104 381 2151 425 ct
2183 390 2285 428 non
2316 376 2369 429 in
2394 367 2399 375 ’
2422 374 2588 429 altero
2618 372 2762 444 (Cal.
2814 375 2907 443 γι).
2942 376 3055 429 Non
3098 392 3226 447 ergo
3256 387 3461 432 tantum
3492 380 3635 433 dixit
3666 391 3681 432 ε

439 474 538 528 tius
568 469 1000 539 confugientibus
1034 470 1101 524 ad
1133 484 1191 525 se
1216 470 1283 524 ab
1312 469 1530 523 inimico
1563 450 1789 522 diabolo.

510 558 690 630 Neque
719 562 1003 629 accendunt
1039 559 1304 613 lucernam
1330 568 1379 611 et
1412 571 1609 627 ponunt
1628 571 1742 609 eam
1765 554 1858 608 sub
1889 568 1999 605 mo-

436 652 544 715 dio,
565 649 657 705 sed
681 666 837 720 super
863 637 1251 711 candelabrum,
1279 657 1335 700 ut
1367 646 1532 700 luceat
1564 644 1802 699 omnibus
1831 645 1919 714 qui
1950 644 2003 696 in

435 742 588 796 domo
634 750 774 795 sunt.
813 741 1083 812 Exemplis
1139 741 1301 795 etiam
1358 746 1518 807 atque
1567 737 2005 793 similitudinibus

437 833 753 890 domesticis
795 842 951 889 uocet
977 832 1247 902 apostolos
1286 830 1535 886 ﬁduciam
1564 831 1763 886 habere
1806 829 2005 900 pradi-

437 926 621 994 randi,
656 943 725 981 ne
751 926 1147 982 abscondantur
1172 925 1241 979 ob
1266 933 1488 989 metum,
1539 932 1594 979 et
1648 924 1755 993 sint
1802 918 2005 977 similes

437 1016 675 1073 lucernae
706 1005 806 1071 sub
832 1015 1029 1081 modio,
1055 1015 1151 1070 sed
1177 1022 1286 1070 tota
1306 1001 1645 1071 .libertate'se
1674 1014 1924 1083 prodant,
1948 1019 2005 1066 ut

439 1104 586 1174 quod
625 1105 917 1163 audierunt
968 1102 1326 1159 iu-cubiculis
1376 1102 1669 1173 praedicent
1717 1103 1769 1156 in
1826 1101 2002 1157 tectis.

439 1193 623 1265 Meg.)
679 1194 883 1250 Ponere
908 1210 1035 1264 ergo
1063 1194 1334 1247 lucernam
1387 1192 1487 1247 sub
1514 1191 1693 1247 modio
1719 1200 1820 1255 est,
1858 1196 2009 1261 sup'e-

441 1285 585 1353 riora
612 1286 789 1345 facere
807 1284 1047 1351 corporis
1076 1280 1356 1335 commoda
1382 1296 1542 1348 quam
1573 1281 2005 1350 praedicationem

438 1374 703 1439 veritatis,
750 1382 805 1426 ut
832 1373 949 1426 ideo
995 1372 1220 1440 quisque
1260 1372 1540 1429 veritatem
1593 1384 1699 1424 non
1730 1370 2004 1452 praedicet,

408 1468 567 1521 idum
597 1464 747 1518 timet
776 1479 843 1517 ne
874 1464 926 1517 in
955 1462 1112 1516 rebus
1141 1461 1513 1533 corporalibus
1540 1470 1595 1542 et
1626 1458 2009 1543 temporalibus

438 1553 641 1624 aliquid
674 1552 931 1607 molestia:
966 1553 1233 1623 patiatur.
1261 1551 1375 1608 Sub
1426 1551 1604 1606 modio
1648 1564 1776 1621 ergo
1829 1551 2021 1607 lucer-,

440 1657 563 1701 nam
591 1641 765 1712 ponit,
814 1639 1061 1713 quisquis
1086 1639 1258 1695 lucem
1301 1639 1561 1695 doctrinae
1588 1639 1741 1695 bona:
1766 1655 2006 1695 conmm-

438 1736 520 1792 dis
553 1710 936 1802 temporalibus
972 1734 1227 1787 obscurat
1254 1740 1308 1799 et
1359 1731 1506 1802 tegit.
1561 1729 1734 1801 Super
1761 1730 2010 1790 candela-
2038 1710 2083 1769 Β

442 1823 597 1881 brum
646 1831 849 1885 autem,
890 1821 981 1892 qui
1012 1837 1206 1892 corpus
1235 1837 1407 1881 suum,
1437 1821 1735 1903 ministerio
1762 1820 1855 1903 Dei
1885 1822 2011 1875 sub-

435 1915 576 1982 jicit,
605 1913 955 1983 utsuperior
1004 1913 1075 1967 sit
1105 1913 1415 1983 prmdicatio
1464 1896 1725 1976 vei'itatis,
1783 1900 2010 1968 inferior

440 2004 672 2061 servitus
700 2004 965 2074 corporis,
1016 2018 1114 2073 per
1150 2005 1320 2075 ipsam
1357 2013 1534 2058 tamen
1564 2003 1807 2073 corporis
1841 2002 2009 2058 virtu-

442 2106 548 2159 tum
599 2095 948 2151 excellentior
996 2094 1171 2150 luceat
1218 2094 1482 2158 doctrina,
1535 2108 1654 2164 qua:
1691 2109 1788 2164 per
1832 2091 2009 2149 ofﬁcia

442 2188 765 2259 corporalia,
796 2188 848 2243 id
873 2194 973 2251 est,
1003 2202 1099 2258 per
1139 2202 1348 2251 vocem,
1379 2194 1435 2241 et
1478 2185 1734 2257 linguam,
1766 2193 1821 2241 et
1848 2194 2011 2241 czete-

445 2295 533 2339 ros
558 2274 802 2350 corporis
831 2289 1028 2345 motus,
1056 2280 1109 2334 in
1142 2279 1298 2334 bonis
1322 2279 1575 2348 operibus
1604 2278 1909 2333 insinuatur
1931 2278 2012 2334 di-

440 2360 732 2424 scentibus.
760 2370 935 2439 Super
960 2368 1339 2425 candelabrum
1363 2384 1491 2440 ergo
1511 2368 1783 2424 lucernam
1814 2371 2011 2439 posuit,

443 2442 530 2531 qui
562 2462 638 2514 ait
667 2474 681 2513 :
715 2459 925 2530 Castigo
950 2477 1135 2529 corpus
1180 2477 1373 2525 meum,
1417 2469 1463 2513 et
1502 2456 1737 2513 servituti
1763 2458 2008 2529 subjicio,

442 2567 503 2621 ne
530 2550 662 2619 forte
694 2566 812 2603 cum
851 2550 968 2604 aliis
996 2550 1345 2620 pra'dicavero
1368 2550 1475 2620 ipse
1518 2549 1762 2618 reprobus
1794 2550 2007 2621 efficiar.

443 2620 626 2696 l’otest
651 2649 705 2695 et
747 2639 967 2695 lucerna
1006 2641 1118 2696 haec
1145 2656 1305 2711 super
1335 2641 1667 2695 humanitate
1710 2639 2009 2719 Salvatofis

444 2729 808 2800 interpretari.
861 2728 980 2799 Ipse
1018 2729 1215 2799 quippe
1267 2728 1541 2784 lucernam
1596 2728 1863 2794 accendit,
1918 2728 2009 2797 qui

450 2832 649 2887 terram
681 2821 929 2877 humanm
959 2802 1167 2876 naturae
1205 2819 1418 2875 flamine
1448 2836 1558 2875 suae
1583 2819 1880 2876 divinitatis
1907 2820 2014 2874 im-

445 2908 630 2980 plevit.
686 2907 858 2977 Quam
907 2907 1147 2980 profecto
1199 2908 1473 2965 lucernam
1520 2924 1620 2965 nec
1672 2908 2015 2965 credentibus

448 2997 799 3064 abscondere,
824 3014 926 3067 nec
955 3000 1134 3054 modio
1182 3014 1502 3071 supponere,
1534 2999 1588 3054 id
1617 3010 1699 3054 est
1728 3002 1827 3055 sub
1856 3015 2010 3055 meu-

2106 460 2172 516 L’t
2196 463 2400 518 videant
2421 464 2553 519 bona
2586 481 2738 535 opera
2784 476 2972 530 uestra,
3003 468 3095 520 sc.l
3125 469 3332 523 addidit
3361 468 3429 523 Et
3470 469 3690 540 gloriﬁ-

2103 564 2217 607 cent
2254 553 2469 611 Patrem
2496 567 2736 622 uestruui,
2774 560 2864 629 qui
2892 559 2947 611 in
2974 560 3111 613 cce/is
3137 573 3232 627 est,
3262 574 3317 617 ut
3349 565 3452 619 hoc
3475 565 3686 635 ipsum.

2102 642 2244 710 quod
2272 643 2431 699 homo
2456 660 2551 714 per
2596 647 2730 701 bona
2782 662 2943 716 opera
2996 647 3168 716 placet
3196 651 3523 719 hominibus,
3568 669 3682 712 non

2104 731 2206 785 sibi
2233 731 2391 786 linem
2427 738 2737 800 constituat,
2766 744 2823 790 ut
2859 737 3167 792 hominibus
3205 741 3427 809 placeat,
3462 745 3555 799 sed
3587 759 3679 799 re-

2104 820 2242 876 ferat
2269 823 2371 879 hoc
2399 825 2467 879 ad
2492 824 2703 882 laudem
2733 826 2846 881 Dei.
2887 828 2961 901 Et
3010 842 3291 899 propterea
3336 835 3545 901 placeat
3572 838 3683 891 ho-

2105 910 2360 980 minibus,
2387 925 2445 968 ut
2486 916 2543 971 in
2574 916 2664 970 illo
2690 916 3017 987 gloriﬁcetur
3046 919 3207 973 Deus.
3238 920 3352 976 Hoc
3379 926 3523 978 enim
3553 925 3681 980 lau-

2105 1002 2357 1059 dantibus
2379 1007 2594 1078 expedit
2639 1017 2697 1062 ut
2720 1024 2825 1062 non
2852 1008 3145 1071 hominem,
3178 1012 3271 1066 sed
3302 1012 3469 1067 Deum
3503 1016 3681 1073 hono-

2108 1100 2245 1146 rent.
2280 1092 2431 1149 Sicut
2460 1096 2513 1149 in
2544 1096 2659 1165 ipso
2704 1098 2939 1156 homine.
2969 1114 3127 1168 quem
3163 1100 3433 1169 portabat,
3490 1105 3681 1159 Domi—

2107 1198 2207 1237 nus
2234 1184 2489 1249 ostendit,
2528 1182 2619 1240 ubi
2670 1168 2944 1242 admiratae
3002 1198 3128 1244 sunt
3169 1168 3347 1244 turba:
3375 1192 3681 1262 paralytico

2108 1284 2297 1331 sanato
2326 1277 2552 1332 virtutes
2601 1278 2733 1349 ejus,
2785 1279 2925 1334 sicut
2976 1281 3026 1334 in
3065 1281 3356 1351 Evangelio
3413 1284 3678 1353 scriptum

2108 1373 2191 1418 est
2224 1381 2236 1417 :
2273 1364 2593 1420 Timuerunt
2619 1376 2674 1421 et
2712 1366 3134 1438 gloriﬁcaverunt
3164 1369 3351 1436 Deum,
3404 1374 3493 1443 qui
3536 1373 3679 1427 dedit

2107 1464 2406 1523 potestatem
2434 1456 2727 1511 hominibus
2758 1457 3156 1535 talemlMatt/z.
3186 1462 3284 1533 ix).
3649 1528 3653 1535 Δ

2180 1543 2312 1617 [ιιι]
2355 1543 2535 1599 Nolite
2581 1554 2766 1615 putare
2800 1528 3049 1618 quoniam
3094 1553 3207 1605 ueni
3245 1528 3456 1605 vsolrere
3495 1528 3677 1621 legem.

2110 1644 2203 1689 aut
2228 1635 2537 1706 prophetas;
2568 1654 2670 1691 non
2702 1639 2811 1692 ueni
2832 1638 3046 1704 solvere,
3077 1642 3165 1695 sed
3192 1642 3495 1713 adimplere.
3523 1644 3679 1699 Post-

2109 1742 2269 1797 quam
2301 1740 2429 1798 ergo
2466 1727 2712 1783 hortatus
2748 1738 2925 1811 estut
2953 1746 3009 1786 se
3042 1741 3412 1803 praepararent
3462 1734 3531 1797 ad
3568 1751 3683 1801 om-

2110 1816 2196 1872 nia
2228 1814 2538 1874 sustiuenda
2589 1835 2688 1891 pro
2736 1822 2963 1877 veritate
3015 1832 3177 1893 atque
3218 1822 3455 1894 iustitia,
3496 1834 3679 1880 etnon

2110 1910 2502 1966 absconderem
2526 1912 2725 1968 bonum
2755 1914 2895 1983 quod
2934 1917 3208 1985 accepturi
3262 1926 3444 1981 erant,
3497 1918 3591 1973 sed
3620 1933 3680 1973 ea

2109 2000 2424 2068 discerent;
2449 2011 2515 2058 ut
2565 2012 2791 2059 caeteros
2848 2005 3129 2071 docerent,
3190 2022 3296 2061 non
3354 2008 3422 2062 ad
3472 2008 3683 2063 laudem

2111 2106 2286 2157 suam,
2317 2091 2412 2147 sed
2432 2091 2501 2147 ad
2523 2092 2745 2163 gloriam
2774 2094 2866 2151 Dei
2888 2095 3027 2169 bona
3056 2112 3151 2152 sua
3172 2105 3333 2167 opera
3362 2096 3681 2158 referentes,

2112 2183 2301 2254 incipit
2324 2198 2419 2240 eos
2447 2181 2559 2253 jam
2585 2184 2880 2258 informare
2914 2195 2969 2242 et
2997 2188 3190 2242 docere
3243 2187 3374 2256 quid
3434 2186 3681 2248 doceant,

2120 2281 2375 2344 tanquam
2405 2274 2451 2330 si
2467 2271 2800 2345 quaererent,
2829 2277 3067 2333 dicentes
3095 2297 3107 2331 :
3142 2278 3279 2334 Ecce
3299 2278 3550 2334 volumus
3574 2291 3684 2333 om-

2119 2363 2208 2417 nia
2232 2364 2499 2441 sustinere
2522 2381 2617 2436 pro
2644 2375 2735 2421 tuo
2763 2371 3000 2432 nomine,
3031 2378 3085 2423 et
3105 2370 3404 2424 doctrinam
3431 2384 3539 2424 non
3568 2370 3685 2424 abs—

2114 2454 2367 2517 condere,
2399 2454 2493 2510 sed
2529 2455 2654 2525 quid
2680 2465 2765 2511 est
2790 2457 2988 2527 ipsum,
3038 2459 3180 2527 quod
3210 2469 3361 2513 vetas
3403 2458 3681 2522 abscondi,

2111 2554 2165 2599 et
2188 2561 2289 2616 pro
2325 2562 2433 2616 quo
2466 2545 2625 2616 iubes
2652 2550 2840 2605 omnia
2875 2529 3135 2615 tolerari?
3162 2551 3411 2621 Nunquid
3434 2553 3685 2626 aliuddis

2116 2644 2303 2691 cturus
2330 2652 2388 2691 es
2417 2645 2604 2693 contra
2632 2654 2693 2693 ca
2740 2653 2858 2709 quae
2904 2640 2959 2694 in
2989 2641 3104 2711 lege
3133 2642 3330 2711 scripta
3361 2642 3523 2696 sunt?
3549 2641 3683 2707 Non,

2116 2725 2330 2795 inquit:
2373 2725 2550 2781 Nolite
2580 2738 2763 2798 putare
2810 2730 3057 2800 quoniam
3102 2733 3217 2785 reni
3267 2732 3466 2786 solvere
3504 2732 3682 2802 legem,

2113 2824 2205 2869 aut
2230 2817 2525 2886 prophetas.
2560 2817 2683 2872 Non
2722 2804 2857 2872 enini
2884 2822 2997 2874 ueni
3024 2822 3234 2889 solvere,
3262 2822 3353 2877 sed
3380 2812 3680 2892 adimplere.

2114 2903 2171 2958 lu
2192 2904 2303 2959 hac
2318 2905 2469 2961 ’enim
2518 2891 2784 2963 sententia
2836 2923 3027 2964 sensus
3056 2910 3248 2981 duplex
3271 2920 3375 2978 est,
3403 2922 3458 2967 et
3490 2891 3682 2968 εεςιιιιδ

2108 2992 2243 3049 dum
2272 3002 2561 3064 utrumque
2588 2999 2926 3053 tractandum
2950 3008 3033 3055 est

446 3101 578 3142 sura
609 3087 741 3160 legis
779 3062 1076 3155 includere,
1119 3087 1203 3143 vel
1234 3062 1375 3143 intra
1398 3062 1558 3145 unius
1600 3086 1796 3149 Iudaea:
1840 3090 2018 3161 gentis
2045 3062 2087 3119 δ
2184 3074 2322 3161 Nam
2350 3085 2441 3155 qui
2468 3084 2596 3140 dicit
2625 3103 2728 3140 non
2766 3086 2877 3141 ueni
2925 3083 3120 3143 solvere
3161 3089 3344 3160 legem,
3398 3092 3491 3146 sed
3512 3093 3680 3145 adiuta

450 3178 711 3236 terminos
754 3180 925 3236 voluit
973 3180 1244 3236 cohibere.
1282 3179 1677 3236 Candelabrum
1719 3181 2013 3237 Ecclesium

447 3266 597 3333 dicit,
657 3268 742 3323 cui
796 3267 1067 3323 lucernam
1124 3268 1485 3337 superposuit.
1540 3266 1676 3335 Quia
1734 3269 1933 3325 nostris
1959 3270 2014 3323 in

388 3408 395 3415 .
446 3339 712 3413 frontibus
749 3356 907 3413 ﬁdem
943 3373 1053 3413 sua:
1084 3357 1468 3423 incarnationis
1491 3357 1675 3414 allixit.
1713 3359 1781 3416 Ut
1804 3361 1893 3432 qui
1912 3360 2016 3416 Ec-

402 3450 405 3453 ’
446 3444 667 3513 clesiam
691 3445 921 3501 ﬁdeliter
968 3446 1174 3518 ingredi
1201 3447 1499 3513 voluerint;
1542 3447 1723 3503 lumen
1766 3450 2014 3505 veritatis

446 3532 621 3604 palam
648 3542 848 3603 queant
871 3535 1089 3590 intueri.
1123 3535 1277 3602 Quod
1314 3550 1445 3591 vero
1472 3536 1585 3591 ait:
1618 3534 1683 3591 Ut
1709 3536 1881 3593 luceat
1909 3554 2016 3593 om-

446 3622 596 3677 nibus
630 3623 720 3693 qui
759 3625 813 3677 in
836 3623 990 3679 domo
1020 3633 1162 3689 sunt,
1190 3634 1245 3679 ct
1268 3622 1564 3681 Ecclesiam
1604 3635 1781 3697 potest
1807 3628 2013 3699 signiﬁ-

446 3726 596 3777 care,
646 3720 707 3767 ut
740 3728 901 3783 supra
934 3715 1290 3781 ostendimus,
1331 3723 1386 3769 ct
1414 3715 1583 3785 ipsam
1630 3715 2015 3773 habitationem

451 3800 750 3866 hmninum,
787 3802 892 3856 hoc
916 3810 999 3856 est
1025 3803 1302 3857 mundum.
1333 3802 1424 3859 Sic
1451 3805 1594 3859 enim
1618 3804 1761 3861 lucet
1780 3807 1871 3861 lux
1894 3823 2018 3862 san-

450 3895 660 3941 ctorum
702 3888 1111 3958 priedicatorum
1159 3890 1213 3944 iu
1247 3890 1502 3956 Ecclesia,
1538 3901 1597 3947 ut
1624 3895 1786 3948 etiam
1840 3895 1893 3949 bi
1925 3895 2016 3964 qui

455 3978 598 4031 intus
631 3984 757 4032 sunt
794 3976 971 4031 lumen
1023 3977 1259 4045 videant,
1306 3988 1360 4035 et
1388 3980 1454 4035 ad
1484 3996 1579 4039 eos
1608 3984 1698 4053 qui
1733 3983 1863 4039 foris
1890 3994 2018 4039 sunt

454 4068 588 4123 locis
629 4068 809 4124 radios
831 4076 1067 4141 spargat,
1095 4079 1151 4124 ut
1197 4071 1295 4141 ipsi
1325 4086 1538 4144 quoque
1581 4075 1649 4129 ab
1685 4068 1929 4130 errorum
1959 4084 2015 4131 et

456 4168 800 4227 peccatorum
848 4161 1086 4215 tenebris
1114 4160 1411 4232 aufugiam,
1454 4172 1510 4218 et
1558 4165 1625 4221 ad
1661 4164 1833 4221 lucem
1872 4183 2013 4223 vera:

456 4247 577 4302 ﬁdei
604 4249 889 4305 convenire
910 4248 1364 4307 festinentaUndc
1386 4261 1440 4306 et
1459 4254 1705 4308 subditur
1732 4272 1745 4307 :

526 4336 615 4393 Sic
641 4336 807 4392 luceat
831 4338 922 4394 lux
953 4349 1116 4397 vestra
1144 4358 1319 4395 coram
1367 4342 1677 4406 hominibus,
1720 4354 1775 4397 ut
1804 4344 2009 4398 videant

2116 3160 2274 3245 plere,
2306 3183 2401 3230 aut
2430 3176 2674 3249 addendo
2703 3177 2833 3232 dicit
2860 3177 3004 3249 quod
3055 3180 3233 3235 minus
3252 3180 3435 3245 habet,
3466 3191 3560 3237 ant
3604 3182 3680 3236 fa-

2118 3263 2309 3318 ciendo
2356 3264 2499 3333 quod
2550 3264 2726 3321 habet.
2765 3266 2905 3339 Ergo
2928 3268 3078 3339 prius
3100 3265 3512 3327 consideremus
3542 3274 3681 3343 quod

2116 3354 2291 3423 primo
2318 3354 2493 3423 posui.
2550 3354 2685 3412 Nam
2726 3357 2818 3428 qui
2866 3358 3072 3414 addidit
3118 3360 3261 3430 quod
3292 3359 3475 3417 mimis
3502 3362 3679 3426 habet,

2117 3459 2224 3499 non
2264 3445 2446 3514 utique
2476 3445 2631 3501 solvit
2660 3448 2814 3517 quod‘
2830 3449 3053 3515 invenit,
3081 3451 3176 3506 sed
3201 3450 3374 3519 magis
3398 3450 3679 3521 perﬁcien-

2118 3535 2186 3590 do
2212 3536 2568 3592 conﬁrmavit.
2597 3536 2721 3592 Sive
2762 3553 2891 3610 ergo
2915 3554 2978 3594 ea
3002 3556 3121 3609 qua:
3144 3541 3208 3597 de
3260 3556 3320 3597 se
3365 3526 3680 3612 prophetata

2116 3634 2244 3677 sunt
2297 3624 2565 3695 complere
2621 3626 2770 3682 venit
2804 3628 3206 3695 inhumanatus,
3267 3632 3382 3687 sive
3417 3632 3508 3687 illa
3567 3648 3680 3702 qua:

2120 3724 2275 3767 antea
2308 3724 2526 3784 prepter
2562 3715 2930 3791 inﬁrmitatem
2964 3720 3293 3776 audientium
3321 3722 3475 3776 rudia
3501 3733 3557 3777 et
3583 3724 3678 3777 im-

2118 3801 2355 3872 perfecta
2389 3802 2601 3859 fuerant
2649 3804 2937 3877 complere,
2991 3808 3369 3877 iramitollens
3418 3820 3475 3867 et
3510 3812 3678 3867 vicem

2120 3892 2332 3947 talionis
2362 3893 2675 3959 exc-ludens,
2706 3904 2759 3950 et
2808 3896 3071 3960 occultam
3102 3887 3386 3955 in‘mente
3430 3902 3683 3971 (σπυρίσι

2089 3981 2376 4036 .sccntiam
2414 3982 2616 4038 habere
2640 3985 2952 4055 prohibens.

2189 4070 2354 4125 Amen
2380 4072 2565 4142 quippe
2590 4074 2707 4127 dico
2732 4077 2892 4141 vobis,
2935 4076 3097 4132 donec
3149 4082 3381 4134 transeat
3424 4080 3607 4137 celum
3637 4094 3687 4138 et

2116 4172 2277 4226 terra,
2311 4164 2417 4216 iota
2444 4180 2605 4218 unum
2634 4176 2723 4219 aut
2740 4184 2881 4222 lunus
2904 4186 3036 4239 apes:
3065 4186 3165 4225 non
3190 4173 3474 4241 prwteribit
3497 4193 3531 4229 α
3557 4176 3684 4246 lege,

2115 4252 2277 4306 donec
2304 4254 2477 4307 omnia
2500 4254 2651 4323 ﬁant.
2682 4255 2949 4326 (Ilieron.)
2974 4258 3365 4316 Promittttntur
3383 4263 3506 4319 εαξη
3536 4268 3699 4331 novi,

2119 4351 2173 4397 et
2207 4352 2347 4399 terra
2396 4361 2554 4411 nova,
2590 4362 2709 4416 qua)
2764 4346 3005 4406 facturus
3030 4359 3114 4406 est
3141 4351 3401 4409 Dominus
3423 4354 3603 4423 Deus;
3637 4359 3683 4413 si

452 4441 606 4495 opera
646 4436 811 4480 vestra
835 4428 989 4493 bona,
1031 4438 1078 4482 et
1104 4428 1392 4499 gloriﬁcent
1418 4430 1630 4485 Patrem
1655 4442 1895 4497 uestrum,
1925 4435 2014 4505 qui
2038 4405 2093 4467 Β
2122 4433 2264 4487 enim
2314 4448 2452 4488 nova
2484 4434 2713 4509 creanda
2762 4446 2924 4503 sunt,
2980 4452 3366 4511 consequenter
3413 4444 3529 4499 haec
3564 4405 3687 4501 sunt

452 4517 505 4569 in
532 4515 672 4570 calls
701 4527 795 4571 est.
824 4518 1005 4590 (Λεία.)
1037 4518 1094 4574 Si
1126 4522 1495 4575 tantummodo
1537 4522 1737 4576 diceret
1768 4542 1778 4576 :
1815 4522 1905 4578 Sic
1932 4523 2014 4577 lu-

453 4614 573 4660 ceat
611 4605 789 4662 lumen
833 4621 1072 4663 vestrum
1125 4625 1306 4664 coram
1365 4611 1690 4679 hominibus,
1718 4622 1778 4667 ut
1803 4614 2018 4669 videant

455 4695 593 4749 bona
628 4694 769 4751 facta
805 4706 1003 4761 vestra,
1066 4698 1225 4753 ﬁnem
1276 4702 1614 4758 constituisse
1668 4705 1937 4759 videretur
1963 4706 2016 4760 in

458 4785 702 4841 laudibus
746 4789 1045 4855 hominum,
1093 4805 1225 4859 quas
1257 4802 1503 4860 qumrunt
1533 4794 1822 4862 hypocrita:
1849 4804 1901 4848 et
1927 4796 2017 4863 qui

459 4874 700 4929 ambiunt
747 4877 813 4931 ad
842 4878 1093 4944 honores,
1135 4889 1189 4933 et
1241 4889 1458 4949 captant
1494 4881 1859 4937 inanissimam
1902 4885 2018 4955 glo-

460 4962 616 5015 riam.
648 4961 849 5017 Contra
874 4980 1009 5033 quos
1033 4968 1231 5020 dicitur
1258 4985 1270 5020 :
1304 4968 1365 5022 Si
1392 4969 1565 5022 adhuc
1590 4971 1882 5025 hominibus
1907 4972 2020 5041 pla-

458 5068 649 5117 cerens,
681 5068 856 5107 seruus
877 5054 971 5107 Dei
998 5073 1098 5108 non
1124 5074 1281 5111 essent
1311 5056 1449 5129 (Gal.
1476 5058 1533 5129 ι).
1561 5060 1627 5114 Ει
1655 5076 1751 5130 per
1787 5060 2020 5133 Prophe-

462 5152 570 5195 tam
598 5160 611 5196 :
643 5141 747 5209 Qui
773 5143 1063 5198 hominibus
1090 5147 1284 5213 placent
1320 5149 1521 5218 confusi
1566 5162 1709 5215 sunt,
1738 5153 1857 5223 quia
1886 5153 2020 5207 Deus

460 5229 591 5284 nihil
622 5231 741 5299 fecit
766 5231 885 5285 illos
919 5231 1090 5303 (l’sal.
1124 5235 1241 5306 LII),
1272 5248 1327 5291 et
1356 5240 1547 5293 iterum
1574 5258 1586 5295 :
1616 5241 1757 5296 Deus
1784 5243 2001 5311 confrin-

458 5320 531 5389 git
558 5336 675 5373 ossa
725 5337 903 5391 eorum
930 5324 1017 5391 qui
1042 5324 1333 5379 hominibus
1364 5328 1564 5397 placent
1597 5328 1769 5399 (Psal.
1802 5342 1919 5403 ut).
1956 5333 2021 5385 Ει

462 5426 673 5466 rursum
729 5412 1057 5483 Apostolus:
1102 5415 1223 5469 Non
1273 5419 1571 5486 efﬁciantur,
1607 5422 1795 5490 inquit,
1848 5426 2019 5478 inanis

458 5500 637 5567 gloria:
658 5503 831 5571 cupidi
856 5503 997 5575 (Gal.
1017 5504 1091 5577 v).
1123 5505 1190 5559 Et
1220 5506 1329 5576 ipse
1371 5508 1561 5564 iterum
1588 5531 1599 5564 :
1633 5511 1822 5567 Probet
1849 5526 2019 5567 autent

464 5593 685 5659 seipsum
711 5596 883 5663 homo,
912 5608 958 5653 et
985 5608 1105 5651 tunc
1133 5600 1185 5651 in
1219 5601 1485 5668 semetipso
1527 5603 1726 5657 habebit
1774 5607 2019 5675 gloriam,

2124 4523 2431 4581 transitura.
2473 4522 2655 4595 (Αηρ.)
2682 4526 2831 4593 Quod
2879 4537 3056 4583 autem
3094 4532 3359 4601 sequitur,
3382 4534 3493 4587 iota
3523 4538 3683 4588 unum
3726 4595 3731 4599 ,

2120 4625 2210 4663 aut
2243 4628 2377 4667 unus
2404 4629 2538 4682 apex
2567 4630 2669 4668 non
2690 4618 2971 4683 pra’teribit
3000 4637 3030 4673 a
3053 4618 3180 4689 lege,
3208 4621 3371 4676 donec
3407 4622 3541 4690 [iam
3568 4639 3679 4676 om-

2122 4703 2231 4763 nia,
2262 4716 2329 4754 ex
2379 4700 2547 4771 ﬁgura
2575 4703 2773 4759 littera:
2819 4708 3117 4762 ostenditur
3169 4710 3310 4778 quod
3362 4711 3527 4764 etiam
3564 4726 3682 4780 qua:

2122 4791 2340 4845 minima
2384 4801 2639 4861 putantur
2670 4794 2721 4847 in
2760 4794 2895 4864 lege,
2927 4797 3281 4851 sacramentis
3311 4798 3680 4867 spiritualibus

2122 4882 2276 4951 plena
2312 4891 2455 4946 sunt,
2502 4885 2555 4938 et
2585 4886 2761 4939 omnia
2811 4886 3230 4956 rccapitulautur
3281 4886 3333 4939 in
3373 4886 3675 4955 Evangelia.

2125 4974 2265 5027 luter
2296 4973 2500 5028 littcras‘
2528 4990 2653 5044 ergo
2683 4976 2788 5027 iota
2829 4976 3007 5029 minor
3031 4984 3115 5029 est
3153 4976 3382 5039 ueteris,
3409 4976 3535 5044 quia
3579 4992 3681 5031 uno

2128 5064 2287 5118 ductu
2339 5064 2432 5129 ﬁt;
2471 5080 2620 5137 apex
2672 5074 2847 5118 autem
2884 5066 3049 5119 etiam
3095 5060 3261 5134 ipsius
3291 5075 3376 5119 est
3417 5065 3593 5133 aliqua
3626 5066 3677 5119 in

2126 5171 2332 5209 summo
2360 5156 2639 5224 particula.
2702 5154 2905 5221 Quibus
2950 5157 3127 5227 verbis
3159 5156 3396 5211 ostendit
3423 5157 3588 5210 etiam
3626 5156 3680 5209 in

2126 5245 2239 5315 lege
2264 5247 2477 5299 minima
2504 5248 2567 5300 ad
2582 5247 2825 5299 cflectum
2843 5248 3078 5315 perduci.
3105 5246 3392 5317 (Maestus)
3414 5248 3549 5316 Apte
3572 5246 3685 5316 qui-

2125 5335 2242 5387 dem
2276 5337 2378 5387 iota
2404 5324 2667 5398 Gi‘a'cum,
2696 5344 2749 5389 et
2774 5352 2875 5388 non
2899 5337 3002 5389 iotlt
3034 5336 3314 5390 llebrmum
3336 5336 3535 5405 posuit,
3559 5336 3680 5403 quia

2127 5426 2231 5477 iota
2263 5425 2314 5476 iu
2348 5406 2571 5478 numero
2611 5426 2791 5479 decem
2817 5425 3099 5496 signiﬁcat,
3135 5434 3187 5480 et
3213 5425 3523 5495 dccalogum
3555 5424 3680 5492 legis

2126 5522 2421 5579 enumerat,
2448 5513 2599 5581 cujus
2632 5516 2843 5583 quidem
2869 5532 3001 5586 apex
3025 5526 3077 5571 ct
3105 5517 3360 5586 perfectio
3390 5526 3475 5572 est
3503 5517 3677 5569 Exau-

2126 5608 2337 5676 gilium.
