  <div class='ocr_page' id='page_1' title='image "/cluster/home/n/w/nwhite01/storage/ocr_20150623/107/uva.x000827064/408.png"; bbox 0 0 3938 6348; ppageno 0'>
   <div class='ocr_carea' id='block_1_1' title="bbox 148 306 255 367">
    <p class='ocr_par' dir='ltr' id='par_1_1' title="bbox 148 306 255 367">
     <span class='ocr_line' id='line_1_1' title="bbox 148 306 255 367; baseline 0.019 -2"><span class='ocrx_word' id='word_1_1' title='bbox 148 306 255 367; x_wconf 69' lang='lat'><strong>803</strong></span> 
     </span>
    </p>
   </div>
   <div class='ocr_carea' id='block_1_2' title="bbox 1104 272 2401 371">
    <p class='ocr_par' dir='ltr' id='par_1_2' title="bbox 1104 272 2401 371">
     <span class='ocr_line' id='line_1_2' title="bbox 1104 272 2401 371; baseline -0.007 -15"><span class='ocrx_word' id='word_1_2' title='bbox 1104 272 1452 358; x_wconf 55' lang='lat' dir='ltr'><strong>contuear.</strong></span> <span class='ocrx_word' id='word_1_3' title='bbox 1494 298 1559 352; x_wconf 82' lang='lat' dir='ltr'><strong>l.\‘</strong></span> <span class='ocrx_word' id='word_1_4' title='bbox 1600 294 2032 351; x_wconf 63' lang='lat' dir='ltr'><strong>nummum.</strong></span> <span class='ocrx_word' id='word_1_5' title='bbox 2073 326 2143 338; x_wconf 70' lang='grc' dir='ltr'><strong>..ο</strong></span> <span class='ocrx_word' id='word_1_6' title='bbox 2179 295 2301 351; x_wconf 84' lang='lat' dir='ltr'><strong>LIB.</strong></span> <span class='ocrx_word' id='word_1_7' title='bbox 2342 295 2401 371; x_wconf 82' lang='grc' dir='ltr'><strong>ιι.</strong></span> 
     </span>
    </p>
   </div>
   <div class='ocr_carea' id='block_1_3' title="bbox 3286 305 3389 361">
    <p class='ocr_par' dir='ltr' id='par_1_3' title="bbox 3286 305 3389 361">
     <span class='ocr_line' id='line_1_3' title="bbox 3286 305 3389 361; baseline 0 0"><span class='ocrx_word' id='word_1_8' title='bbox 3286 305 3389 361; x_wconf 79' lang='grc'><strong>806</strong></span> 
     </span>
    </p>
   </div>
   <div class='ocr_carea' id='block_1_4' title="bbox 160 396 3394 493">
    <p class='ocr_par' dir='ltr' id='par_1_4' title="bbox 160 396 3394 493">
     <span class='ocr_line' id='line_1_4' title="bbox 160 396 3394 493; baseline -0.002 -15"><span class='ocrx_word' id='word_1_9' title='bbox 160 422 167 439; x_wconf 83' lang='grc'><em>⁴</em></span> <span class='ocrx_word' id='word_1_10' title='bbox 222 426 328 490; x_wconf 82' lang='lat' dir='ltr'><strong>Qui</strong></span> <span class='ocrx_word' id='word_1_11' title='bbox 352 439 472 493; x_wconf 88' lang='lat' dir='ltr'><strong>ergo</strong></span> <span class='ocrx_word' id='word_1_12' title='bbox 494 436 653 475; x_wconf 87' lang='lat' dir='ltr'><strong>unum</strong></span> <span class='ocrx_word' id='word_1_13' title='bbox 675 418 877 473; x_wconf 73' lang='lat' dir='ltr'><strong>solverit</strong></span> <span class='ocrx_word' id='word_1_14' title='bbox 908 418 971 472; x_wconf 87' lang='lat' dir='ltr'><strong>de</strong></span> <span class='ocrx_word' id='word_1_15' title='bbox 1002 416 1260 488; x_wconf 25' lang='lat' dir='ltr'><strong>uianda‘tis</strong></span> <span class='ocrx_word' id='word_1_16' title='bbox 1293 416 1423 476; x_wconf 78' lang='lat' dir='ltr'><strong>istis,</strong></span> <span class='ocrx_word' id='word_1_17' title='bbox 1456 423 1502 467; x_wconf 88' lang='lat' dir='ltr'><strong>et</strong></span> <span class='ocrx_word' id='word_1_18' title='bbox 1530 412 1719 465; x_wconf 84' lang='lat' dir='ltr'><strong>docue—</strong></span> <span class='ocrx_word' id='word_1_19' title='bbox 1750 415 1797 471; x_wconf 83' lang='grc' dir='ltr'><strong>Α</strong></span> <span class='ocrx_word' id='word_1_20' title='bbox 1826 409 2113 489; x_wconf 82' lang='lat' dir='ltr'><strong>irascatur.</strong></span> <span class='ocrx_word' id='word_1_21' title='bbox 2147 408 2298 476; x_wconf 89' lang='lat' dir='ltr'><strong>Quod</strong></span> <span class='ocrx_word' id='word_1_22' title='bbox 2334 409 2377 464; x_wconf 87' lang='lat' dir='ltr'><strong>si</strong></span> <span class='ocrx_word' id='word_1_23' title='bbox 2410 396 2723 478; x_wconf 73' lang='lat' dir='ltr'><strong>perfecerit,</strong></span> <span class='ocrx_word' id='word_1_24' title='bbox 2779 412 2944 467; x_wconf 83' lang='lat' dir='ltr'><strong>multo</strong></span> <span class='ocrx_word' id='word_1_25' title='bbox 2998 402 3259 473; x_wconf 83' lang='lat' dir='ltr'><strong>remotior</strong></span> <span class='ocrx_word' id='word_1_26' title='bbox 3286 419 3394 475; x_wconf 87' lang='lat' dir='ltr'><strong>erit</strong></span> 
     </span>
    </p>
   </div>
   <div class='ocr_carea' id='block_1_5' title="bbox 152 499 1715 572">
    <p class='ocr_par' dir='ltr' id='par_1_5' title="bbox 152 499 1715 572">
     <span class='ocr_line' id='line_1_5' title="bbox 152 499 1715 572; baseline -0.008 -7"><span class='ocrx_word' id='word_1_27' title='bbox 152 518 219 568; x_wconf 87' lang='lat' dir='ltr'><strong>rit</strong></span> <span class='ocrx_word' id='word_1_28' title='bbox 240 516 314 568; x_wconf 89' lang='lat' dir='ltr'><strong>sic</strong></span> <span class='ocrx_word' id='word_1_29' title='bbox 345 510 599 572; x_wconf 79' lang='lat' dir='ltr'><strong>homines,</strong></span> <span class='ocrx_word' id='word_1_30' title='bbox 627 509 869 562; x_wconf 86' lang='lat' dir='ltr'><strong>minimus</strong></span> <span class='ocrx_word' id='word_1_31' title='bbox 892 507 1157 564; x_wconf 76' lang='lat' dir='ltr'><strong>vocabitur</strong></span> <span class='ocrx_word' id='word_1_32' title='bbox 1187 504 1239 557; x_wconf 90' lang='lat' dir='ltr'><strong>in</strong></span> <span class='ocrx_word' id='word_1_33' title='bbox 1270 516 1424 572; x_wconf 82' lang='lat' dir='ltr'><strong>regno</strong></span> <span class='ocrx_word' id='word_1_34' title='bbox 1450 499 1715 563; x_wconf 64' lang='lat' dir='ltr'><strong>calorum.</strong></span> 
     </span>
    </p>
   </div>
   <div class='ocr_carea' id='block_1_6' title="bbox 156 584 1717 675">
    <p class='ocr_par' dir='ltr' id='par_1_6' title="bbox 156 584 1717 675">
     <span class='ocr_line' id='line_1_6' title="bbox 156 584 1717 675; baseline -0.009 -18"><span class='ocrx_word' id='word_1_35' title='bbox 156 600 381 675; x_wconf 83' lang='lat' dir='ltr'><strong>(lIilar.)</strong></span> <span class='ocrx_word' id='word_1_36' title='bbox 413 601 597 668; x_wconf 83' lang='lat' dir='ltr'><strong>Itaque</strong></span> <span class='ocrx_word' id='word_1_37' title='bbox 622 612 689 652; x_wconf 89' lang='lat' dir='ltr'><strong>ne</strong></span> <span class='ocrx_word' id='word_1_38' title='bbox 720 597 940 652; x_wconf 88' lang='lat' dir='ltr'><strong>minima</strong></span> <span class='ocrx_word' id='word_1_39' title='bbox 970 594 1184 664; x_wconf 80' lang='lat' dir='ltr'><strong>quidem</strong></span> <span class='ocrx_word' id='word_1_40' title='bbox 1212 590 1588 645; x_wconf 72' lang='lat' dir='ltr'><strong>mandatorum</strong></span> <span class='ocrx_word' id='word_1_41' title='bbox 1620 584 1717 643; x_wconf 87' lang='lat' dir='ltr'><strong>Dei</strong></span> 
     </span>
    </p>
   </div>
   <div class='ocr_carea' id='block_1_7' title="bbox 155 676 1715 759">
    <p class='ocr_par' dir='ltr' id='par_1_7' title="bbox 155 676 1715 759">
     <span class='ocr_line' id='line_1_7' title="bbox 155 676 1715 759; baseline -0.011 -10"><span class='ocrx_word' id='word_1_42' title='bbox 155 695 261 749; x_wconf 85' lang='lat' dir='ltr'><strong>uisi</strong></span> <span class='ocrx_word' id='word_1_43' title='bbox 292 706 414 748; x_wconf 77' lang='lat' dir='ltr'><strong>mm</strong></span> <span class='ocrx_word' id='word_1_44' title='bbox 468 687 677 759; x_wconf 88' lang='lat' dir='ltr'><strong>piaculo</strong></span> <span class='ocrx_word' id='word_1_45' title='bbox 709 686 985 743; x_wconf 90' lang='lat' dir='ltr'><strong>constituit</strong></span> <span class='ocrx_word' id='word_1_46' title='bbox 1012 699 1131 739; x_wconf 90' lang='lat' dir='ltr'><strong>esse</strong></span> <span class='ocrx_word' id='word_1_47' title='bbox 1176 681 1450 736; x_wconf 72' lang='lat' dir='ltr'><strong>solvenda.</strong></span> <span class='ocrx_word' id='word_1_48' title='bbox 1490 676 1715 759; x_wconf 75' lang='lat' dir='ltr'><strong>Futurot</strong></span> 
     </span>
    </p>
   </div>
   <div class='ocr_carea' id='block_1_8' title="bbox 157 768 1722 845">
    <p class='ocr_par' dir='ltr' id='par_1_8' title="bbox 157 768 1722 845">
     <span class='ocr_line' id='line_1_8' title="bbox 157 768 1722 845; baseline -0.01 -9"><span class='ocrx_word' id='word_1_49' title='bbox 157 780 435 845; x_wconf 88' lang='lat' dir='ltr'><strong>minimos,</strong></span> <span class='ocrx_word' id='word_1_50' title='bbox 461 779 512 833; x_wconf 90' lang='lat' dir='ltr'><strong>id</strong></span> <span class='ocrx_word' id='word_1_51' title='bbox 541 784 626 832; x_wconf 90' lang='lat' dir='ltr'><strong>est</strong></span> <span class='ocrx_word' id='word_1_52' title='bbox 652 774 995 838; x_wconf 81' lang='lat' dir='ltr'><strong>novissimos,</strong></span> <span class='ocrx_word' id='word_1_53' title='bbox 1031 788 1095 827; x_wconf 88' lang='lat' dir='ltr'><strong>ac</strong></span> <span class='ocrx_word' id='word_1_54' title='bbox 1118 785 1255 841; x_wconf 91' lang='lat' dir='ltr'><strong>pene</strong></span> <span class='ocrx_word' id='word_1_55' title='bbox 1293 768 1482 832; x_wconf 92' lang='lat' dir='ltr'><strong>nullos,</strong></span> <span class='ocrx_word' id='word_1_56' title='bbox 1512 768 1722 841; x_wconf 84' lang='lat' dir='ltr'><strong>denun-</strong></span> 
     </span>
    </p>
   </div>
   <div class='ocr_carea' id='block_1_9' title="bbox 152 859 1720 927">
    <p class='ocr_par' dir='ltr' id='par_1_9' title="bbox 152 859 1720 927">
     <span class='ocr_line' id='line_1_9' title="bbox 152 859 1720 927; baseline -0.009 -1"><span class='ocrx_word' id='word_1_57' title='bbox 152 873 301 927; x_wconf 81' lang='lat' dir='ltr'><strong>tians</strong></span> <span class='ocrx_word' id='word_1_58' title='bbox 347 868 567 924; x_wconf 87' lang='lat' dir='ltr'><strong>minima</strong></span> <span class='ocrx_word' id='word_1_59' title='bbox 620 865 904 922; x_wconf 83' lang='lat' dir='ltr'><strong>solventes.</strong></span> <span class='ocrx_word' id='word_1_60' title='bbox 957 861 1112 917; x_wconf 82' lang='lat' dir='ltr'><strong>Nulla</strong></span> <span class='ocrx_word' id='word_1_61' title='bbox 1163 868 1343 915; x_wconf 89' lang='lat' dir='ltr'><strong>autem</strong></span> <span class='ocrx_word' id='word_1_62' title='bbox 1386 859 1471 913; x_wconf 88' lang='lat' dir='ltr'><strong>bis</strong></span> <span class='ocrx_word' id='word_1_63' title='bbox 1513 859 1720 913; x_wconf 84' lang='lat' dir='ltr'><strong>&#39;minnra</strong></span> 
     </span>
    </p>
   </div>
   <div class='ocr_carea' id='block_1_10' title="bbox 154 951 1719 1033">
    <p class='ocr_par' dir='ltr' id='par_1_10' title="bbox 154 951 1719 1033">
     <span class='ocr_line' id='line_1_10' title="bbox 154 951 1719 1033; baseline -0.01 -15"><span class='ocrx_word' id='word_1_64' title='bbox 154 970 387 1033; x_wconf 84' lang='lat' dir='ltr'><strong>possunt</strong></span> <span class='ocrx_word' id='word_1_65' title='bbox 434 974 552 1016; x_wconf 88' lang='lat' dir='ltr'><strong>esse</strong></span> <span class='ocrx_word' id='word_1_66' title='bbox 591 974 709 1028; x_wconf 69' lang='lat' dir='ltr'><strong>quae</strong></span> <span class='ocrx_word' id='word_1_67' title='bbox 749 965 873 1014; x_wconf 90' lang='lat' dir='ltr'><strong>sunt</strong></span> <span class='ocrx_word' id='word_1_68' title='bbox 900 955 1158 1015; x_wconf 87' lang='lat' dir='ltr'><strong>minima:</strong></span> <span class='ocrx_word' id='word_1_69' title='bbox 1200 951 1481 1006; x_wconf 88' lang='lat' dir='ltr'><strong>minimum</strong></span> <span class='ocrx_word' id='word_1_70' title='bbox 1511 958 1594 1005; x_wconf 88' lang='lat' dir='ltr'><strong>est</strong></span> <span class='ocrx_word' id='word_1_71' title='bbox 1622 966 1719 1004; x_wconf 85' lang='lat' dir='ltr'><strong>au-</strong></span> 
     </span>
    </p>
   </div>
   <div class='ocr_carea' id='block_1_11' title="bbox 159 1043 1723 1119">
    <p class='ocr_par' dir='ltr' id='par_1_11' title="bbox 159 1043 1723 1119">
     <span class='ocr_line' id='line_1_11' title="bbox 159 1043 1723 1119; baseline -0.01 -11"><span class='ocrx_word' id='word_1_72' title='bbox 159 1069 271 1108; x_wconf 79' lang='lat' dir='ltr'><strong>tem</strong></span> <span class='ocrx_word' id='word_1_73' title='bbox 309 1052 547 1107; x_wconf 89' lang='lat' dir='ltr'><strong>omnium</strong></span> <span class='ocrx_word' id='word_1_74' title='bbox 580 1049 791 1105; x_wconf 90' lang='lat' dir='ltr'><strong>Domini</strong></span> <span class='ocrx_word' id='word_1_75' title='bbox 820 1046 1020 1119; x_wconf 81' lang='lat' dir='ltr'><strong>passio,</strong></span> <span class='ocrx_word' id='word_1_76' title='bbox 1055 1052 1109 1099; x_wconf 92' lang='lat' dir='ltr'><strong>et</strong></span> <span class='ocrx_word' id='word_1_77' title='bbox 1141 1043 1320 1097; x_wconf 90' lang='lat' dir='ltr'><strong>crucis</strong></span> <span class='ocrx_word' id='word_1_78' title='bbox 1363 1055 1528 1100; x_wconf 86' lang='lat' dir='ltr'><strong>mors,</strong></span> <span class='ocrx_word' id='word_1_79' title='bbox 1561 1054 1723 1109; x_wconf 89' lang='lat' dir='ltr'><strong>quam</strong></span> 
     </span>
    </p>
   </div>
   <div class='ocr_carea' id='block_1_12' title="bbox 157 1126 1725 1214">
    <p class='ocr_par' dir='ltr' id='par_1_12' title="bbox 157 1126 1725 1214">
     <span class='ocr_line' id='line_1_12' title="bbox 157 1126 1725 1214; baseline -0.009 -15"><span class='ocrx_word' id='word_1_80' title='bbox 157 1146 201 1199; x_wconf 97' lang='lat' dir='ltr'><strong>si</strong></span> <span class='ocrx_word' id='word_1_81' title='bbox 226 1143 347 1213; x_wconf 89' lang='lat' dir='ltr'><strong>quis</strong></span> <span class='ocrx_word' id='word_1_82' title='bbox 375 1152 627 1214; x_wconf 81' lang='lat' dir='ltr'><strong>tanquam</strong></span> <span class='ocrx_word' id='word_1_83' title='bbox 651 1126 1070 1195; x_wconf 76' lang='lat' dir='ltr'><strong>erubescendum</strong></span> <span class='ocrx_word' id='word_1_84' title='bbox 1095 1150 1201 1189; x_wconf 93' lang='lat' dir='ltr'><strong>non</strong></span> <span class='ocrx_word' id='word_1_85' title='bbox 1230 1132 1593 1196; x_wconf 84' lang='lat' dir='ltr'><strong>conﬁtebitur,</strong></span> <span class='ocrx_word' id='word_1_86' title='bbox 1622 1131 1725 1186; x_wconf 89' lang='lat' dir='ltr'><strong>erit</strong></span> 
     </span>
    </p>
   </div>
   <div class='ocr_carea' id='block_1_13' title="bbox 159 1221 1725 1297">
    <p class='ocr_par' dir='ltr' id='par_1_13' title="bbox 159 1221 1725 1297">
     <span class='ocr_line' id='line_1_13' title="bbox 159 1221 1725 1297; baseline -0.008 -9"><span class='ocrx_word' id='word_1_87' title='bbox 159 1231 438 1297; x_wconf 87' lang='lat' dir='ltr'><strong>minimus,</strong></span> <span class='ocrx_word' id='word_1_88' title='bbox 468 1228 745 1286; x_wconf 83' lang='lat' dir='ltr'><strong>confitenti</strong></span> <span class='ocrx_word' id='word_1_89' title='bbox 768 1242 905 1283; x_wconf 88' lang='lat' dir='ltr'><strong>vero</strong></span> <span class='ocrx_word' id='word_1_90' title='bbox 939 1240 1145 1296; x_wconf 69' lang='lat' dir='ltr'><strong>magnae</strong></span> <span class='ocrx_word' id='word_1_91' title='bbox 1176 1224 1228 1277; x_wconf 91' lang='lat' dir='ltr'><strong>in</strong></span> <span class='ocrx_word' id='word_1_92' title='bbox 1269 1221 1407 1278; x_wconf 78' lang='lat' dir='ltr'><strong>cmlo</strong></span> <span class='ocrx_word' id='word_1_93' title='bbox 1429 1221 1725 1277; x_wconf 84' lang='lat' dir='ltr'><strong>vocationis</strong></span> 
     </span>
    </p>
   </div>
   <div class='ocr_carea' id='block_1_14' title="bbox 148 1309 1728 1395">
    <p class='ocr_par' dir='ltr' id='par_1_14' title="bbox 148 1309 1728 1395">
     <span class='ocr_line' id='line_1_14' title="bbox 148 1309 1728 1395; baseline -0.009 -16"><span class='ocrx_word' id='word_1_94' title='bbox 148 1324 384 1395; x_wconf 79' lang='lat' dir='ltr'><strong>gloriam</strong></span> <span class='ocrx_word' id='word_1_95' title='bbox 416 1320 715 1393; x_wconf 82' lang='lat' dir='ltr'><strong>pollicetur.</strong></span> <span class='ocrx_word' id='word_1_96' title='bbox 758 1313 1026 1387; x_wconf 55' lang='lat' dir='ltr'><strong>(&#39;Hieron.)</strong></span> <span class='ocrx_word' id='word_1_97' title='bbox 1064 1309 1237 1368; x_wconf 84' lang='lat' dir='ltr'><strong>Aliter</strong></span> <span class='ocrx_word' id='word_1_98' title='bbox 1268 1314 1446 1367; x_wconf 83' lang='lat' dir='ltr'><strong>autem</strong></span> <span class='ocrx_word' id='word_1_99' title='bbox 1478 1309 1728 1382; x_wconf 85' lang='lat' dir='ltr'><strong>suggillat</strong></span> 
     </span>
    </p>
   </div>
   <div class='ocr_carea' id='block_1_15' title="bbox 155 1400 1728 1479">
    <p class='ocr_par' dir='ltr' id='par_1_15' title="bbox 155 1400 1728 1479">
     <span class='ocr_line' id='line_1_15' title="bbox 155 1400 1728 1479; baseline -0.008 -10"><span class='ocrx_word' id='word_1_100' title='bbox 155 1412 462 1468; x_wconf 69' lang='lat' dir='ltr'><strong>Pharisaeos</strong></span> <span class='ocrx_word' id='word_1_101' title='bbox 494 1411 598 1466; x_wconf 83' lang='lat' dir='ltr'><strong>hoc</strong></span> <span class='ocrx_word' id='word_1_102' title='bbox 648 1404 905 1479; x_wconf 88' lang='lat' dir='ltr'><strong>capitulo,</strong></span> <span class='ocrx_word' id='word_1_103' title='bbox 954 1404 1070 1475; x_wconf 90' lang='lat' dir='ltr'><strong>qui,</strong></span> <span class='ocrx_word' id='word_1_104' title='bbox 1107 1400 1429 1472; x_wconf 88' lang='lat' dir='ltr'><strong>contemptis</strong></span> <span class='ocrx_word' id='word_1_105' title='bbox 1460 1401 1728 1477; x_wconf 84' lang='lat' dir='ltr'><strong>mandatis</strong></span> 
     </span>
    </p>
   </div>
   <div class='ocr_carea' id='block_1_16' title="bbox 157 1487 1729 1567">
    <p class='ocr_par' dir='ltr' id='par_1_16' title="bbox 157 1487 1729 1567">
     <span class='ocr_line' id='line_1_16' title="bbox 157 1487 1729 1567; baseline -0.009 -10"><span class='ocrx_word' id='word_1_106' title='bbox 157 1501 280 1566; x_wconf 86' lang='lat' dir='ltr'><strong>Dei,</strong></span> <span class='ocrx_word' id='word_1_107' title='bbox 312 1506 619 1556; x_wconf 88' lang='lat' dir='ltr'><strong>statuerunt</strong></span> <span class='ocrx_word' id='word_1_108' title='bbox 664 1495 914 1567; x_wconf 87' lang='lat' dir='ltr'><strong>proprias</strong></span> <span class='ocrx_word' id='word_1_109' title='bbox 951 1487 1288 1567; x_wconf 77' lang='lat' dir='ltr'><strong>traditiones,</strong></span> <span class='ocrx_word' id='word_1_110' title='bbox 1328 1489 1472 1560; x_wconf 88' lang='lat' dir='ltr'><strong>quod</strong></span> <span class='ocrx_word' id='word_1_111' title='bbox 1504 1503 1610 1543; x_wconf 91' lang='lat' dir='ltr'><strong>non</strong></span> <span class='ocrx_word' id='word_1_112' title='bbox 1648 1487 1729 1544; x_wconf 91' lang='lat' dir='ltr'><strong>eis</strong></span> 
     </span>
    </p>
   </div>
   <div class='ocr_carea' id='block_1_17' title="bbox 158 1572 1731 1660">
    <p class='ocr_par' dir='ltr' id='par_1_17' title="bbox 158 1572 1731 1660">
     <span class='ocr_line' id='line_1_17' title="bbox 158 1572 1731 1660; baseline -0.008 -16"><span class='ocrx_word' id='word_1_113' title='bbox 158 1592 335 1660; x_wconf 89' lang='lat' dir='ltr'><strong>prosit</strong></span> <span class='ocrx_word' id='word_1_114' title='bbox 368 1589 610 1646; x_wconf 86' lang='lat' dir='ltr'><strong>doctrina</strong></span> <span class='ocrx_word' id='word_1_115' title='bbox 665 1586 719 1645; x_wconf 87' lang='lat' dir='ltr'><strong>in</strong></span> <span class='ocrx_word' id='word_1_116' title='bbox 750 1572 980 1657; x_wconf 83' lang='lat' dir='ltr'><strong>populis,</strong></span> <span class='ocrx_word' id='word_1_117' title='bbox 1034 1581 1079 1638; x_wconf 91' lang='lat' dir='ltr'><strong>si</strong></span> <span class='ocrx_word' id='word_1_118' title='bbox 1130 1580 1215 1636; x_wconf 90' lang='lat' dir='ltr'><strong>vel</strong></span> <span class='ocrx_word' id='word_1_119' title='bbox 1247 1594 1474 1660; x_wconf 84' lang='lat' dir='ltr'><strong>parvum</strong></span> <span class='ocrx_word' id='word_1_120' title='bbox 1505 1577 1645 1649; x_wconf 90' lang='lat' dir='ltr'><strong>quod</strong></span> <span class='ocrx_word' id='word_1_121' title='bbox 1676 1577 1731 1631; x_wconf 91' lang='lat' dir='ltr'><strong>in</strong></span> 
     </span>
    </p>
   </div>
   <div class='ocr_carea' id='block_1_18' title="bbox 159 1668 1732 1751">
    <p class='ocr_par' dir='ltr' id='par_1_18' title="bbox 159 1668 1732 1751">
     <span class='ocr_line' id='line_1_18' title="bbox 159 1668 1732 1751; baseline -0.008 -18"><span class='ocrx_word' id='word_1_122' title='bbox 159 1680 279 1751; x_wconf 88' lang='lat' dir='ltr'><strong>lege</strong></span> <span class='ocrx_word' id='word_1_123' title='bbox 306 1687 632 1751; x_wconf 71' lang='lat' dir='ltr'><strong>prmceptum</strong></span> <span class='ocrx_word' id='word_1_124' title='bbox 660 1683 744 1731; x_wconf 89' lang='lat' dir='ltr'><strong>est</strong></span> <span class='ocrx_word' id='word_1_125' title='bbox 775 1673 1069 1729; x_wconf 84' lang='lat' dir='ltr'><strong>destruant.</strong></span> <span class='ocrx_word' id='word_1_126' title='bbox 1104 1669 1283 1743; x_wconf 68' lang='lat' dir='ltr'><strong>(A&#39;ug.)</strong></span> <span class='ocrx_word' id='word_1_127' title='bbox 1316 1668 1566 1724; x_wconf 81' lang='lat' dir='ltr'><strong>Mandata</strong></span> <span class='ocrx_word' id='word_1_128' title='bbox 1603 1681 1732 1737; x_wconf 90' lang='lat' dir='ltr'><strong>ergo</strong></span> 
     </span>
    </p>
   </div>
   <div class='ocr_carea' id='block_1_19' title="bbox 1831 498 3393 569">
    <p class='ocr_par' dir='ltr' id='par_1_19' title="bbox 1831 498 3393 569">
     <span class='ocr_line' id='line_1_19' title="bbox 1831 498 3393 569; baseline 0.006 -15"><span class='ocrx_word' id='word_1_129' title='bbox 1831 498 1898 555; x_wconf 86' lang='lat' dir='ltr'><strong>ab</strong></span> <span class='ocrx_word' id='word_1_130' title='bbox 1925 499 2237 555; x_wconf 88' lang='lat' dir='ltr'><strong>homicidio.</strong></span> <span class='ocrx_word' id='word_1_131' title='bbox 2280 498 2619 569; x_wconf 86' lang='lat' dir='ltr'><strong>Quapropter</strong></span> <span class='ocrx_word' id='word_1_132' title='bbox 2649 500 2740 568; x_wconf 91' lang='lat' dir='ltr'><strong>qui</strong></span> <span class='ocrx_word' id='word_1_133' title='bbox 2770 501 2925 556; x_wconf 86' lang='lat' dir='ltr'><strong>docet</strong></span> <span class='ocrx_word' id='word_1_134' title='bbox 2956 512 3015 557; x_wconf 94' lang='lat' dir='ltr'><strong>ut</strong></span> <span class='ocrx_word' id='word_1_135' title='bbox 3048 519 3155 567; x_wconf 87' lang='lat' dir='ltr'><strong>non</strong></span> <span class='ocrx_word' id='word_1_136' title='bbox 3185 507 3393 563; x_wconf 83' lang='lat' dir='ltr'><strong>irasca-</strong></span> 
     </span>
    </p>
   </div>
   <div class='ocr_carea' id='block_1_20' title="bbox 1828 589 3395 669">
    <p class='ocr_par' dir='ltr' id='par_1_20' title="bbox 1828 589 3395 669">
     <span class='ocr_line' id='line_1_20' title="bbox 1828 589 3395 669; baseline 0.004 -24"><span class='ocrx_word' id='word_1_137' title='bbox 1828 607 1970 656; x_wconf 90' lang='lat' dir='ltr'><strong>mur,</strong></span> <span class='ocrx_word' id='word_1_138' title='bbox 2009 607 2115 646; x_wconf 90' lang='lat' dir='ltr'><strong>non</strong></span> <span class='ocrx_word' id='word_1_139' title='bbox 2169 590 2329 647; x_wconf 80' lang='lat' dir='ltr'><strong>solvit</strong></span> <span class='ocrx_word' id='word_1_140' title='bbox 2362 589 2533 662; x_wconf 87' lang='lat' dir='ltr'><strong>legem</strong></span> <span class='ocrx_word' id='word_1_141' title='bbox 2584 604 2653 647; x_wconf 89' lang='lat' dir='ltr'><strong>ne</strong></span> <span class='ocrx_word' id='word_1_142' title='bbox 2699 591 3025 669; x_wconf 84' lang='lat' dir='ltr'><strong>occidamus,</strong></span> <span class='ocrx_word' id='word_1_143' title='bbox 3081 598 3175 652; x_wconf 89' lang='lat' dir='ltr'><strong>scd</strong></span> <span class='ocrx_word' id='word_1_144' title='bbox 3210 598 3395 668; x_wconf 88' lang='lat' dir='ltr'><strong>implet</strong></span> 
     </span>
    </p>
   </div>
   <div class='ocr_carea' id='block_1_21' title="bbox 1827 683 3397 754">
    <p class='ocr_par' dir='ltr' id='par_1_21' title="bbox 1827 683 3397 754">
     <span class='ocr_line' id='line_1_21' title="bbox 1827 683 3397 754; baseline 0.004 -15"><span class='ocrx_word' id='word_1_145' title='bbox 1827 684 2023 754; x_wconf 88' lang='lat' dir='ltr'><strong>potius,</strong></span> <span class='ocrx_word' id='word_1_146' title='bbox 2066 692 2125 739; x_wconf 92' lang='lat' dir='ltr'><strong>ut</strong></span> <span class='ocrx_word' id='word_1_147' title='bbox 2155 694 2211 739; x_wconf 91' lang='lat' dir='ltr'><strong>et</strong></span> <span class='ocrx_word' id='word_1_148' title='bbox 2252 683 2386 738; x_wconf 88' lang='lat' dir='ltr'><strong>foris</strong></span> <span class='ocrx_word' id='word_1_149' title='bbox 2439 683 2565 738; x_wconf 89' lang='lat' dir='ltr'><strong>dum</strong></span> <span class='ocrx_word' id='word_1_150' title='bbox 2596 698 2700 738; x_wconf 90' lang='lat' dir='ltr'><strong>non</strong></span> <span class='ocrx_word' id='word_1_151' title='bbox 2748 684 3042 740; x_wconf 89' lang='lat' dir='ltr'><strong>occidimus</strong></span> <span class='ocrx_word' id='word_1_152' title='bbox 3067 694 3121 741; x_wconf 89' lang='lat' dir='ltr'><strong>et</strong></span> <span class='ocrx_word' id='word_1_153' title='bbox 3148 687 3202 742; x_wconf 89' lang='lat' dir='ltr'><strong>iu</strong></span> <span class='ocrx_word' id='word_1_154' title='bbox 3232 689 3397 746; x_wconf 83' lang='lat' dir='ltr'><strong>corde</strong></span> 
     </span>
    </p>
   </div>
   <div class='ocr_carea' id='block_1_22' title="bbox 1828 774 3395 843">
    <p class='ocr_par' dir='ltr' id='par_1_22' title="bbox 1828 774 3395 843">
     <span class='ocr_line' id='line_1_22' title="bbox 1828 774 3395 843; baseline 0.004 -14"><span class='ocrx_word' id='word_1_155' title='bbox 1828 791 1935 829; x_wconf 90' lang='lat' dir='ltr'><strong>non</strong></span> <span class='ocrx_word' id='word_1_156' title='bbox 1974 776 2290 840; x_wconf 86' lang='lat' dir='ltr'><strong>irascamur,</strong></span> <span class='ocrx_word' id='word_1_157' title='bbox 2340 774 2703 829; x_wconf 87' lang='lat' dir='ltr'><strong>innocentiam</strong></span> <span class='ocrx_word' id='word_1_158' title='bbox 2747 775 3131 843; x_wconf 84' lang='lat' dir='ltr'><strong>custodiamus,</strong></span> <span class='ocrx_word' id='word_1_159' title='bbox 3172 781 3314 837; x_wconf 87' lang='lat' dir='ltr'><strong>unde</strong></span> <span class='ocrx_word' id='word_1_160' title='bbox 3339 789 3395 836; x_wconf 84' lang='lat' dir='ltr'><strong>et</strong></span> 
     </span>
    </p>
   </div>
   <div class='ocr_carea' id='block_1_23' title="bbox 1828 867 3131 949">
    <p class='ocr_par' dir='ltr' id='par_1_23' title="bbox 1828 867 3131 949">
     <span class='ocr_line' id='line_1_23' title="bbox 1828 867 3131 949; baseline -0.004 -27"><span class='ocrx_word' id='word_1_161' title='bbox 1828 867 2075 949; x_wconf 73' lang='lat' dir='ltr'><strong>subditur</strong></span> <span class='ocrx_word' id='word_1_162' title='bbox 2105 885 2117 920; x_wconf 88' lang='lat'><strong>:</strong></span> <span class='ocrx_word' id='word_1_163' title='bbox 3126 878 3131 924; x_wconf 81' lang='lat' dir='ltr'>j</span> 
     </span>
    </p>
   </div>
   <div class='ocr_carea' id='block_1_24' title="bbox 1896 958 3390 1030">
    <p class='ocr_par' dir='ltr' id='par_1_24' title="bbox 1896 958 3390 1030">
     <span class='ocr_line' id='line_1_24' title="bbox 1896 958 3390 1030; baseline 0.002 -17"><span class='ocrx_word' id='word_1_164' title='bbox 1896 959 2132 1014; x_wconf 77' lang='lat' dir='ltr'><strong>Audistis</strong></span> <span class='ocrx_word' id='word_1_165' title='bbox 2179 961 2303 1030; x_wconf 85' lang='lat' dir='ltr'><strong>quia</strong></span> <span class='ocrx_word' id='word_1_166' title='bbox 2349 958 2548 1011; x_wconf 81' lang='lat' dir='ltr'><strong>dictum</strong></span> <span class='ocrx_word' id='word_1_167' title='bbox 2582 967 2657 1011; x_wconf 88' lang='lat' dir='ltr'><strong>est</strong></span> <span class='ocrx_word' id='word_1_168' title='bbox 2694 958 2921 1029; x_wconf 79' lang='lat' dir='ltr'><strong>antiquis</strong></span> <span class='ocrx_word' id='word_1_169' title='bbox 2954 975 2972 1013; x_wconf 92' lang='lat'><strong><em>:</em></strong></span> <span class='ocrx_word' id='word_1_170' title='bbox 3014 958 3136 1013; x_wconf 78' lang='lat' dir='ltr'><strong>Non</strong></span> <span class='ocrx_word' id='word_1_171' title='bbox 3171 961 3390 1018; x_wconf 75' lang='lat' dir='ltr'><strong>occides.</strong></span> 
     </span>
    </p>
   </div>
   <div class='ocr_carea' id='block_1_25' title="bbox 1832 1048 3399 1119">
    <p class='ocr_par' dir='ltr' id='par_1_25' title="bbox 1832 1048 3399 1119">
     <span class='ocr_line' id='line_1_25' title="bbox 1832 1048 3399 1119; baseline 0.003 -16"><span class='ocrx_word' id='word_1_172' title='bbox 1832 1050 1935 1116; x_wconf 92' lang='lat' dir='ltr'><strong>Qui</strong></span> <span class='ocrx_word' id='word_1_173' title='bbox 1970 1058 2143 1103; x_wconf 85' lang='lat' dir='ltr'><strong>autem</strong></span> <span class='ocrx_word' id='word_1_174' title='bbox 2179 1049 2457 1115; x_wconf 86' lang='lat' dir='ltr'><strong>occiderit,</strong></span> <span class='ocrx_word' id='word_1_175' title='bbox 2501 1065 2616 1102; x_wconf 83' lang='lat' dir='ltr'><strong>reus</strong></span> <span class='ocrx_word' id='word_1_176' title='bbox 2657 1049 2751 1102; x_wconf 89' lang='lat' dir='ltr'><strong>erit</strong></span> <span class='ocrx_word' id='word_1_177' title='bbox 2795 1049 3015 1118; x_wconf 83' lang='lat' dir='ltr'><strong>judicio.</strong></span> <span class='ocrx_word' id='word_1_178' title='bbox 3066 1048 3179 1119; x_wconf 87' lang='lat' dir='ltr'><strong>Ego</strong></span> <span class='ocrx_word' id='word_1_179' title='bbox 3223 1061 3399 1109; x_wconf 82' lang='lat' dir='ltr'><strong>autem</strong></span> 
     </span>
    </p>
   </div>
   <div class='ocr_carea' id='block_1_26' title="bbox 1828 1138 3402 1208">
    <p class='ocr_par' dir='ltr' id='par_1_26' title="bbox 1828 1138 3402 1208">
     <span class='ocr_line' id='line_1_26' title="bbox 1828 1138 3402 1208; baseline 0.003 -16"><span class='ocrx_word' id='word_1_180' title='bbox 1828 1140 1945 1193; x_wconf 85' lang='lat' dir='ltr'><strong>dico</strong></span> <span class='ocrx_word' id='word_1_181' title='bbox 1983 1139 2152 1203; x_wconf 80' lang='lat' dir='ltr'><strong>vobis,</strong></span> <span class='ocrx_word' id='word_1_182' title='bbox 2189 1138 2311 1208; x_wconf 84' lang='lat' dir='ltr'><strong>quia</strong></span> <span class='ocrx_word' id='word_1_183' title='bbox 2353 1138 2519 1192; x_wconf 81' lang='lat' dir='ltr'><strong>omnis</strong></span> <span class='ocrx_word' id='word_1_184' title='bbox 2555 1138 2645 1207; x_wconf 84' lang='lat' dir='ltr'><strong>qui</strong></span> <span class='ocrx_word' id='word_1_185' title='bbox 2683 1139 2927 1191; x_wconf 78' lang='lat' dir='ltr'><strong>irascitur</strong></span> <span class='ocrx_word' id='word_1_186' title='bbox 2964 1138 3118 1207; x_wconf 78' lang='lat' dir='ltr'><strong>fratri</strong></span> <span class='ocrx_word' id='word_1_187' title='bbox 3150 1156 3245 1195; x_wconf 85' lang='lat' dir='ltr'><strong>suo</strong></span> <span class='ocrx_word' id='word_1_188' title='bbox 3283 1158 3402 1197; x_wconf 82' lang='lat' dir='ltr'><strong>reus</strong></span> 
     </span>
    </p>
   </div>
   <div class='ocr_carea' id='block_1_27' title="bbox 1830 1226 3400 1309">
    <p class='ocr_par' dir='ltr' id='par_1_27' title="bbox 1830 1226 3400 1309">
     <span class='ocr_line' id='line_1_27' title="bbox 1830 1226 3400 1309; baseline 0.002 -28"><span class='ocrx_word' id='word_1_189' title='bbox 1830 1228 1924 1282; x_wconf 89' lang='lat' dir='ltr'><strong>erit</strong></span> <span class='ocrx_word' id='word_1_190' title='bbox 1952 1227 2181 1298; x_wconf 87' lang='lat' dir='ltr'><strong>judicio.</strong></span> <span class='ocrx_word' id='word_1_191' title='bbox 2220 1226 2356 1293; x_wconf 85' lang='lat' dir='ltr'><strong>Quia</strong></span> <span class='ocrx_word' id='word_1_192' title='bbox 2390 1228 2571 1282; x_wconf 76' lang='lat' dir='ltr'><strong>autem</strong></span> <span class='ocrx_word' id='word_1_193' title='bbox 2622 1242 2730 1309; x_wconf 78' lang='lat' dir='ltr'><strong>non</strong></span> <span class='ocrx_word' id='word_1_194' title='bbox 2768 1227 3136 1298; x_wconf 87' lang='lat' dir='ltr'><strong>intelligebant</strong></span> <span class='ocrx_word' id='word_1_195' title='bbox 3174 1230 3400 1286; x_wconf 83' lang='lat' dir='ltr'><strong>homici-</strong></span> 
     </span>
    </p>
   </div>
   <div class='ocr_carea' id='block_1_28' title="bbox 1831 1319 3410 1393">
    <p class='ocr_par' dir='ltr' id='par_1_28' title="bbox 1831 1319 3410 1393">
     <span class='ocr_line' id='line_1_28' title="bbox 1831 1319 3410 1393; baseline 0.001 -18"><span class='ocrx_word' id='word_1_196' title='bbox 1831 1319 1978 1375; x_wconf 87' lang='lat' dir='ltr'><strong>dium</strong></span> <span class='ocrx_word' id='word_1_197' title='bbox 2033 1319 2139 1374; x_wconf 88' lang='lat' dir='ltr'><strong>nisi</strong></span> <span class='ocrx_word' id='word_1_198' title='bbox 2194 1320 2621 1389; x_wconf 88' lang='lat' dir='ltr'><strong>peremptionem</strong></span> <span class='ocrx_word' id='word_1_199' title='bbox 2678 1320 2921 1388; x_wconf 87' lang='lat' dir='ltr'><strong>corporis</strong></span> <span class='ocrx_word' id='word_1_200' title='bbox 2982 1321 3245 1387; x_wconf 88' lang='lat' dir='ltr'><strong>humani,</strong></span> <span class='ocrx_word' id='word_1_201' title='bbox 3306 1336 3410 1393; x_wconf 86' lang='lat' dir='ltr'><strong>per</strong></span> 
     </span>
    </p>
   </div>
   <div class='ocr_carea' id='block_1_29' title="bbox 1831 1409 3402 1482">
    <p class='ocr_par' dir='ltr' id='par_1_29' title="bbox 1831 1409 3402 1482">
     <span class='ocr_line' id='line_1_29' title="bbox 1831 1409 3402 1482; baseline -0.002 -15"><span class='ocrx_word' id='word_1_202' title='bbox 1831 1424 1994 1479; x_wconf 87' lang='lat' dir='ltr'><strong>quam</strong></span> <span class='ocrx_word' id='word_1_203' title='bbox 2026 1410 2137 1465; x_wconf 85' lang='lat' dir='ltr'><strong>vita</strong></span> <span class='ocrx_word' id='word_1_204' title='bbox 2167 1410 2497 1482; x_wconf 84' lang='lat' dir='ltr'><strong>privaretur,</strong></span> <span class='ocrx_word' id='word_1_205' title='bbox 2534 1410 2746 1480; x_wconf 88' lang='lat' dir='ltr'><strong>aperuit</strong></span> <span class='ocrx_word' id='word_1_206' title='bbox 2773 1409 3029 1464; x_wconf 90' lang='lat' dir='ltr'><strong>Dominus</strong></span> <span class='ocrx_word' id='word_1_207' title='bbox 3056 1424 3270 1465; x_wconf 83' lang='lat' dir='ltr'><strong>omnem</strong></span> <span class='ocrx_word' id='word_1_208' title='bbox 3297 1410 3402 1464; x_wconf 87' lang='lat' dir='ltr'><strong>ini-</strong></span> 
     </span>
    </p>
   </div>
   <div class='ocr_carea' id='block_1_30' title="bbox 1835 1496 3404 1569">
    <p class='ocr_par' dir='ltr' id='par_1_30' title="bbox 1835 1496 3404 1569">
     <span class='ocr_line' id='line_1_30' title="bbox 1835 1496 3404 1569; baseline 0.003 -20"><span class='ocrx_word' id='word_1_209' title='bbox 1835 1512 1999 1565; x_wconf 91' lang='lat' dir='ltr'><strong>quum</strong></span> <span class='ocrx_word' id='word_1_210' title='bbox 2036 1506 2238 1553; x_wconf 90' lang='lat' dir='ltr'><strong>motum</strong></span> <span class='ocrx_word' id='word_1_211' title='bbox 2275 1498 2342 1553; x_wconf 90' lang='lat' dir='ltr'><strong>ad</strong></span> <span class='ocrx_word' id='word_1_212' title='bbox 2380 1498 2681 1553; x_wconf 89' lang='lat' dir='ltr'><strong>nocendum</strong></span> <span class='ocrx_word' id='word_1_213' title='bbox 2721 1496 2876 1552; x_wconf 82' lang='lat' dir='ltr'><strong>fratri</strong></span> <span class='ocrx_word' id='word_1_214' title='bbox 2912 1497 2965 1552; x_wconf 92' lang='lat' dir='ltr'><strong>in</strong></span> <span class='ocrx_word' id='word_1_215' title='bbox 2995 1498 3270 1554; x_wconf 87' lang='lat' dir='ltr'><strong>homicidii</strong></span> <span class='ocrx_word' id='word_1_216' title='bbox 3312 1513 3404 1569; x_wconf 83' lang='lat' dir='ltr'><strong>ge-</strong></span> 
     </span>
    </p>
   </div>
   <div class='ocr_carea' id='block_1_31' title="bbox 1837 1585 3404 1664">
    <p class='ocr_par' dir='ltr' id='par_1_31' title="bbox 1837 1585 3404 1664">
     <span class='ocr_line' id='line_1_31' title="bbox 1837 1585 3404 1664; baseline 0.003 -24"><span class='ocrx_word' id='word_1_217' title='bbox 1837 1602 1966 1651; x_wconf 82' lang='lat' dir='ltr'><strong>nere</strong></span> <span class='ocrx_word' id='word_1_218' title='bbox 2017 1588 2341 1656; x_wconf 85' lang='lat' dir='ltr'><strong>computari.</strong></span> <span class='ocrx_word' id='word_1_219' title='bbox 2382 1587 2538 1643; x_wconf 88' lang='lat' dir='ltr'><strong>Unde</strong></span> <span class='ocrx_word' id='word_1_220' title='bbox 2573 1596 2628 1643; x_wconf 88' lang='lat' dir='ltr'><strong>et</strong></span> <span class='ocrx_word' id='word_1_221' title='bbox 2662 1585 2895 1642; x_wconf 87' lang='lat' dir='ltr'><strong>Joannes</strong></span> <span class='ocrx_word' id='word_1_222' title='bbox 2943 1588 3112 1644; x_wconf 86' lang='lat' dir='ltr'><strong>dicit:</strong></span> <span class='ocrx_word' id='word_1_223' title='bbox 3148 1587 3252 1654; x_wconf 88' lang='lat' dir='ltr'><strong>Qui</strong></span> <span class='ocrx_word' id='word_1_224' title='bbox 3294 1588 3404 1664; x_wconf 81' lang='lat' dir='ltr'><strong>odit</strong></span> 
     </span>
    </p>
   </div>
   <div class='ocr_carea' id='block_1_32' title="bbox 1839 1666 3407 1751">
    <p class='ocr_par' dir='ltr' id='par_1_32' title="bbox 1839 1666 3407 1751">
     <span class='ocr_line' id='line_1_32' title="bbox 1839 1666 3407 1751; baseline 0 -16"><span class='ocrx_word' id='word_1_225' title='bbox 1839 1681 2057 1750; x_wconf 76' lang='lat' dir='ltr'><strong>fratrem</strong></span> <span class='ocrx_word' id='word_1_226' title='bbox 2095 1698 2248 1735; x_wconf 81' lang='lat' dir='ltr'><strong>suum</strong></span> <span class='ocrx_word' id='word_1_227' title='bbox 2284 1681 2545 1734; x_wconf 84' lang='lat' dir='ltr'><strong>homicida</strong></span> <span class='ocrx_word' id='word_1_228' title='bbox 2583 1689 2655 1734; x_wconf 85' lang='lat' dir='ltr'><strong>est</strong></span> <span class='ocrx_word' id='word_1_229' title='bbox 2695 1679 2768 1749; x_wconf 92' lang='grc' dir='ltr'><strong>(Ι</strong></span> <span class='ocrx_word' id='word_1_230' title='bbox 2798 1678 2959 1736; x_wconf 79' lang='lat' dir='ltr'><strong>Joan.</strong></span> <span class='ocrx_word' id='word_1_231' title='bbox 2992 1680 3118 1751; x_wconf 90' lang='grc' dir='ltr'><strong>ιιι).</strong></span> <span class='ocrx_word' id='word_1_232' title='bbox 3169 1678 3283 1751; x_wconf 84' lang='lat' dir='ltr'><strong>Ego</strong></span> <span class='ocrx_word' id='word_1_233' title='bbox 3316 1666 3407 1736; x_wconf 80' lang='lat' dir='ltr'><strong>hic</strong></span> 
     </span>
    </p>
   </div>
   <div class='ocr_carea' id='block_1_33' title="bbox 164 1757 3404 1842">
    <p class='ocr_par' dir='ltr' id='par_1_33' title="bbox 164 1757 3404 1842">
     <span class='ocr_line' id='line_1_33' title="bbox 164 1757 3404 1842; baseline -0 -15"><span class='ocrx_word' id='word_1_234' title='bbox 164 1771 387 1826; x_wconf 83' lang='lat' dir='ltr'><strong>minima</strong></span> <span class='ocrx_word' id='word_1_235' title='bbox 415 1757 782 1841; x_wconf 71' lang='lat' dir='ltr'><strong>signiﬁcantur</strong></span> <span class='ocrx_word' id='word_1_236' title='bbox 816 1777 915 1834; x_wconf 72' lang='grc' dir='ltr'><strong>ρει</strong></span> <span class='ocrx_word' id='word_1_237' title='bbox 941 1777 1103 1817; x_wconf 73' lang='lat' dir='ltr'><strong>unum</strong></span> <span class='ocrx_word' id='word_1_238' title='bbox 1138 1760 1267 1828; x_wconf 64' lang='grc' dir='ltr'><strong>ἱοζδν</strong></span> <span class='ocrx_word' id='word_1_239' title='bbox 1293 1768 1387 1814; x_wconf 64' lang='grc' dir='ltr'><strong>θυι</strong></span> <span class='ocrx_word' id='word_1_240' title='bbox 1416 1774 1582 1813; x_wconf 71' lang='lat' dir='ltr'><strong>unum</strong></span> <span class='ocrx_word' id='word_1_241' title='bbox 1611 1758 1730 1826; x_wconf 66' lang='lat' dir='ltr'><strong>apl‘</strong></span> <span class='ocrx_word' id='word_1_242' title='bbox 1760 1765 1811 1824; x_wconf 81' lang='grc' dir='ltr'><strong>Β</strong></span> <span class='ocrx_word' id='word_1_243' title='bbox 1833 1771 1948 1825; x_wconf 84' lang='lat' dir='ltr'><strong>dico</strong></span> <span class='ocrx_word' id='word_1_244' title='bbox 1982 1772 2124 1825; x_wconf 80' lang='lat' dir='ltr'><strong>vobis</strong></span> <span class='ocrx_word' id='word_1_245' title='bbox 2159 1771 2485 1842; x_wconf 78' lang='lat' dir='ltr'><strong>quiaomnis</strong></span> <span class='ocrx_word' id='word_1_246' title='bbox 2523 1771 2612 1841; x_wconf 85' lang='lat' dir='ltr'><strong>qui</strong></span> <span class='ocrx_word' id='word_1_247' title='bbox 2645 1770 2893 1824; x_wconf 84' lang='lat' dir='ltr'><strong>irascitur</strong></span> <span class='ocrx_word' id='word_1_248' title='bbox 2941 1770 3096 1839; x_wconf 86' lang='lat' dir='ltr'><strong>fratri</strong></span> <span class='ocrx_word' id='word_1_249' title='bbox 3142 1788 3238 1824; x_wconf 87' lang='lat' dir='ltr'><strong>suo</strong></span> <span class='ocrx_word' id='word_1_250' title='bbox 3287 1788 3404 1826; x_wconf 83' lang='lat' dir='ltr'><strong>reus</strong></span> 
     </span>
    </p>
   </div>
   <div class='ocr_carea' id='block_1_34' title="bbox 164 1848 1736 1929">
    <p class='ocr_par' dir='ltr' id='par_1_34' title="bbox 164 1848 1736 1929">
     <span class='ocr_line' id='line_1_34' title="bbox 164 1848 1736 1929; baseline -0.01 -12"><span class='ocrx_word' id='word_1_251' title='bbox 164 1876 306 1925; x_wconf 89' lang='lat' dir='ltr'><strong>cem,</strong></span> <span class='ocrx_word' id='word_1_252' title='bbox 338 1860 477 1915; x_wconf 89' lang='lat' dir='ltr'><strong>sicut</strong></span> <span class='ocrx_word' id='word_1_253' title='bbox 502 1872 664 1929; x_wconf 76' lang='lat' dir='ltr'><strong>supra</strong></span> <span class='ocrx_word' id='word_1_254' title='bbox 693 1864 967 1912; x_wconf 83' lang='lat' dir='ltr'><strong>ostensum</strong></span> <span class='ocrx_word' id='word_1_255' title='bbox 994 1860 1094 1907; x_wconf 88' lang='lat' dir='ltr'><strong>est.</strong></span> <span class='ocrx_word' id='word_1_256' title='bbox 1128 1850 1229 1918; x_wconf 87' lang='lat' dir='ltr'><strong>Qui</strong></span> <span class='ocrx_word' id='word_1_257' title='bbox 1257 1864 1386 1920; x_wconf 88' lang='lat' dir='ltr'><strong>ergo</strong></span> <span class='ocrx_word' id='word_1_258' title='bbox 1413 1848 1652 1929; x_wconf 81' lang='lat' dir='ltr'><strong>solverit</strong></span> <span class='ocrx_word' id='word_1_259' title='bbox 1678 1855 1736 1902; x_wconf 90' lang='lat' dir='ltr'><strong>et</strong></span> 
     </span>
    </p>
   </div>
   <div class='ocr_carea' id='block_1_35' title="bbox 165 1927 1735 2013">
    <p class='ocr_par' dir='ltr' id='par_1_35' title="bbox 165 1927 1735 2013">
     <span class='ocr_line' id='line_1_35' title="bbox 165 1927 1735 2013; baseline -0.009 -6"><span class='ocrx_word' id='word_1_260' title='bbox 165 1950 411 2007; x_wconf 83' lang='lat' dir='ltr'><strong>docuerit</strong></span> <span class='ocrx_word' id='word_1_261' title='bbox 438 1927 537 2009; x_wconf 81' lang='lat' dir='ltr'><strong>sic,</strong></span> <span class='ocrx_word' id='word_1_262' title='bbox 571 1947 623 2002; x_wconf 92' lang='lat' dir='ltr'><strong>id</strong></span> <span class='ocrx_word' id='word_1_263' title='bbox 648 1954 750 2011; x_wconf 88' lang='lat' dir='ltr'><strong>est,</strong></span> <span class='ocrx_word' id='word_1_264' title='bbox 782 1943 1077 2000; x_wconf 89' lang='lat' dir='ltr'><strong>secundum</strong></span> <span class='ocrx_word' id='word_1_265' title='bbox 1122 1941 1266 2013; x_wconf 87' lang='lat' dir='ltr'><strong>quod</strong></span> <span class='ocrx_word' id='word_1_266' title='bbox 1289 1927 1472 2005; x_wconf 78' lang='lat' dir='ltr'><strong>solvit,</strong></span> <span class='ocrx_word' id='word_1_267' title='bbox 1510 1954 1617 1995; x_wconf 92' lang='lat' dir='ltr'><strong>non</strong></span> <span class='ocrx_word' id='word_1_268' title='bbox 1648 1954 1735 1994; x_wconf 90' lang='lat' dir='ltr'><strong>se-</strong></span> 
     </span>
    </p>
   </div>
   <div class='ocr_carea' id='block_1_36' title="bbox 164 2028 1739 2106">
    <p class='ocr_par' dir='ltr' id='par_1_36' title="bbox 164 2028 1739 2106">
     <span class='ocr_line' id='line_1_36' title="bbox 164 2028 1739 2106; baseline -0.008 -11"><span class='ocrx_word' id='word_1_269' title='bbox 164 2038 403 2095; x_wconf 85' lang='lat' dir='ltr'><strong>cundum</strong></span> <span class='ocrx_word' id='word_1_270' title='bbox 436 2035 576 2106; x_wconf 89' lang='lat' dir='ltr'><strong>quod</strong></span> <span class='ocrx_word' id='word_1_271' title='bbox 605 2034 806 2091; x_wconf 85' lang='lat' dir='ltr'><strong>invenit</strong></span> <span class='ocrx_word' id='word_1_272' title='bbox 842 2033 893 2088; x_wconf 92' lang='lat' dir='ltr'><strong>in</strong></span> <span class='ocrx_word' id='word_1_273' title='bbox 928 2033 1064 2104; x_wconf 86' lang='lat' dir='ltr'><strong>lege,</strong></span> <span class='ocrx_word' id='word_1_274' title='bbox 1104 2031 1360 2087; x_wconf 89' lang='lat' dir='ltr'><strong>minimus</strong></span> <span class='ocrx_word' id='word_1_275' title='bbox 1382 2029 1662 2086; x_wconf 86' lang='lat' dir='ltr'><strong>vocabitur</strong></span> <span class='ocrx_word' id='word_1_276' title='bbox 1686 2028 1739 2083; x_wconf 91' lang='lat' dir='ltr'><strong>in</strong></span> 
     </span>
    </p>
   </div>
   <div class='ocr_carea' id='block_1_37' title="bbox 171 2121 1740 2202">
    <p class='ocr_par' dir='ltr' id='par_1_37' title="bbox 171 2121 1740 2202">
     <span class='ocr_line' id='line_1_37' title="bbox 171 2121 1740 2202; baseline -0.006 -18"><span class='ocrx_word' id='word_1_277' title='bbox 171 2144 340 2202; x_wconf 82' lang='lat' dir='ltr'><strong>regno</strong></span> <span class='ocrx_word' id='word_1_278' title='bbox 392 2128 672 2192; x_wconf 73' lang='lat' dir='ltr'><strong>enatorum,</strong></span> <span class='ocrx_word' id='word_1_279' title='bbox 722 2135 776 2181; x_wconf 89' lang='lat' dir='ltr'><strong>et</strong></span> <span class='ocrx_word' id='word_1_280' title='bbox 808 2124 1035 2180; x_wconf 80' lang='lat' dir='ltr'><strong>fortasse</strong></span> <span class='ocrx_word' id='word_1_281' title='bbox 1078 2123 1199 2179; x_wconf 88' lang='lat' dir='ltr'><strong>ideo</strong></span> <span class='ocrx_word' id='word_1_282' title='bbox 1228 2138 1333 2177; x_wconf 91' lang='lat' dir='ltr'><strong>non</strong></span> <span class='ocrx_word' id='word_1_283' title='bbox 1358 2122 1463 2177; x_wconf 89' lang='lat' dir='ltr'><strong>erit</strong></span> <span class='ocrx_word' id='word_1_284' title='bbox 1492 2121 1546 2175; x_wconf 89' lang='lat' dir='ltr'><strong>in</strong></span> <span class='ocrx_word' id='word_1_285' title='bbox 1575 2135 1740 2192; x_wconf 87' lang='lat' dir='ltr'><strong>regno</strong></span> 
     </span>
    </p>
   </div>
   <div class='ocr_carea' id='block_1_38' title="bbox 168 2215 1467 2287">
    <p class='ocr_par' dir='ltr' id='par_1_38' title="bbox 168 2215 1467 2287">
     <span class='ocr_line' id='line_1_38' title="bbox 168 2215 1467 2287; baseline -0.008 -11"><span class='ocrx_word' id='word_1_286' title='bbox 168 2221 454 2285; x_wconf 71' lang='lat' dir='ltr'><strong>cmlorum,</strong></span> <span class='ocrx_word' id='word_1_287' title='bbox 480 2218 571 2274; x_wconf 89' lang='lat' dir='ltr'><strong>ubi</strong></span> <span class='ocrx_word' id='word_1_288' title='bbox 608 2217 712 2273; x_wconf 88' lang='lat' dir='ltr'><strong>nisi</strong></span> <span class='ocrx_word' id='word_1_289' title='bbox 737 2215 1059 2287; x_wconf 69' lang='lat' dir='ltr'><strong>magni‘esse</strong></span> <span class='ocrx_word' id='word_1_290' title='bbox 1087 2227 1193 2268; x_wconf 92' lang='lat' dir='ltr'><strong>non</strong></span> <span class='ocrx_word' id='word_1_291' title='bbox 1222 2221 1467 2283; x_wconf 76' lang='lat' dir='ltr'><strong>pessum.</strong></span> 
     </span>
    </p>
   </div>
   <div class='ocr_carea' id='block_1_39' title="bbox 243 2301 1742 2381">
    <p class='ocr_par' dir='ltr' id='par_1_39' title="bbox 243 2301 1742 2381">
     <span class='ocr_line' id='line_1_39' title="bbox 243 2301 1742 2381; baseline -0.006 -16"><span class='ocrx_word' id='word_1_292' title='bbox 243 2310 533 2381; x_wconf 73' lang='grc' dir='ltr'><strong>(Μλυιιιιε.)</strong></span> <span class='ocrx_word' id='word_1_293' title='bbox 549 2309 732 2364; x_wconf 87' lang='lat' dir='ltr'><strong>Potest</strong></span> <span class='ocrx_word' id='word_1_294' title='bbox 746 2315 803 2363; x_wconf 90' lang='lat' dir='ltr'><strong>et</strong></span> <span class='ocrx_word' id='word_1_295' title='bbox 824 2308 928 2362; x_wconf 89' lang='lat' dir='ltr'><strong>hoc</strong></span> <span class='ocrx_word' id='word_1_296' title='bbox 942 2305 1217 2381; x_wconf 82' lang='lat' dir='ltr'><strong>moraliter</strong></span> <span class='ocrx_word' id='word_1_297' title='bbox 1239 2303 1431 2374; x_wconf 88' lang='lat' dir='ltr'><strong>accipi.</strong></span> <span class='ocrx_word' id='word_1_298' title='bbox 1462 2301 1742 2380; x_wconf 81' lang='lat' dir='ltr'><strong>Solvitau-</strong></span> 
     </span>
    </p>
   </div>
   <div class='ocr_carea' id='block_1_40' title="bbox 173 2395 1740 2468">
    <p class='ocr_par' dir='ltr' id='par_1_40' title="bbox 173 2395 1740 2468">
     <span class='ocr_line' id='line_1_40' title="bbox 173 2395 1740 2468; baseline -0.007 -12"><span class='ocrx_word' id='word_1_299' title='bbox 173 2412 284 2458; x_wconf 89' lang='lat' dir='ltr'><strong>tem</strong></span> <span class='ocrx_word' id='word_1_300' title='bbox 338 2402 650 2457; x_wconf 87' lang='lat' dir='ltr'><strong>mandatum</strong></span> <span class='ocrx_word' id='word_1_301' title='bbox 677 2399 771 2455; x_wconf 91' lang='lat' dir='ltr'><strong>Dei</strong></span> <span class='ocrx_word' id='word_1_302' title='bbox 825 2399 871 2454; x_wconf 88' lang='lat' dir='ltr'><strong>is</strong></span> <span class='ocrx_word' id='word_1_303' title='bbox 904 2398 994 2468; x_wconf 90' lang='lat' dir='ltr'><strong>qui</strong></span> <span class='ocrx_word' id='word_1_304' title='bbox 1049 2411 1155 2452; x_wconf 90' lang='lat' dir='ltr'><strong>non</strong></span> <span class='ocrx_word' id='word_1_305' title='bbox 1192 2395 1398 2465; x_wconf 83' lang='lat' dir='ltr'><strong>implet,</strong></span> <span class='ocrx_word' id='word_1_306' title='bbox 1429 2397 1740 2464; x_wconf 83' lang='lat' dir='ltr'><strong>quanquam</strong></span> 
     </span>
    </p>
   </div>
   <div class='ocr_carea' id='block_1_41' title="bbox 172 2486 1736 2555">
    <p class='ocr_par' dir='ltr' id='par_1_41' title="bbox 172 2486 1736 2555">
     <span class='ocr_line' id='line_1_41' title="bbox 172 2486 1736 2555; baseline -0.006 -8"><span class='ocrx_word' id='word_1_307' title='bbox 172 2510 283 2548; x_wconf 88' lang='lat' dir='ltr'><strong>non</strong></span> <span class='ocrx_word' id='word_1_308' title='bbox 310 2494 363 2547; x_wconf 89' lang='lat' dir='ltr'><strong>in</strong></span> <span class='ocrx_word' id='word_1_309' title='bbox 394 2494 645 2548; x_wconf 89' lang='lat' dir='ltr'><strong>mandato</strong></span> <span class='ocrx_word' id='word_1_310' title='bbox 670 2492 988 2548; x_wconf 87' lang='lat' dir='ltr'><strong>solutionem</strong></span> <span class='ocrx_word' id='word_1_311' title='bbox 1015 2488 1196 2555; x_wconf 87' lang='lat' dir='ltr'><strong>faciat,</strong></span> <span class='ocrx_word' id='word_1_312' title='bbox 1224 2488 1319 2544; x_wconf 87' lang='lat' dir='ltr'><strong>sed</strong></span> <span class='ocrx_word' id='word_1_313' title='bbox 1346 2489 1399 2542; x_wconf 89' lang='lat' dir='ltr'><strong>in</strong></span> <span class='ocrx_word' id='word_1_314' title='bbox 1428 2486 1736 2554; x_wconf 88' lang='lat' dir='ltr'><strong>semetipso.</strong></span> 
     </span>
    </p>
   </div>
   <div class='ocr_carea' id='block_1_42' title="bbox 173 2575 1738 2649">
    <p class='ocr_par' dir='ltr' id='par_1_42' title="bbox 173 2575 1738 2649">
     <span class='ocr_line' id='line_1_42' title="bbox 173 2575 1738 2649; baseline -0.007 -9"><span class='ocrx_word' id='word_1_315' title='bbox 173 2585 421 2640; x_wconf 87' lang='lat' dir='ltr'><strong>Firmum</strong></span> <span class='ocrx_word' id='word_1_316' title='bbox 444 2593 527 2640; x_wconf 88' lang='lat' dir='ltr'><strong>est</strong></span> <span class='ocrx_word' id='word_1_317' title='bbox 550 2583 694 2640; x_wconf 86' lang='lat' dir='ltr'><strong>enim</strong></span> <span class='ocrx_word' id='word_1_318' title='bbox 724 2582 817 2638; x_wconf 89' lang='lat' dir='ltr'><strong>Dei</strong></span> <span class='ocrx_word' id='word_1_319' title='bbox 842 2581 1173 2646; x_wconf 90' lang='lat' dir='ltr'><strong>mandatum,</strong></span> <span class='ocrx_word' id='word_1_320' title='bbox 1209 2586 1264 2635; x_wconf 89' lang='lat' dir='ltr'><strong>et</strong></span> <span class='ocrx_word' id='word_1_321' title='bbox 1282 2594 1387 2634; x_wconf 91' lang='lat' dir='ltr'><strong>non</strong></span> <span class='ocrx_word' id='word_1_322' title='bbox 1409 2584 1584 2649; x_wconf 88' lang='lat' dir='ltr'><strong>potest</strong></span> <span class='ocrx_word' id='word_1_323' title='bbox 1605 2575 1738 2630; x_wconf 90' lang='lat' dir='ltr'><strong>solvi</strong></span> 
     </span>
    </p>
   </div>
   <div class='ocr_carea' id='block_1_43' title="bbox 175 2665 1779 2746">
    <p class='ocr_par' dir='ltr' id='par_1_43' title="bbox 175 2665 1779 2746">
     <span class='ocr_line' id='line_1_43' title="bbox 175 2665 1779 2746; baseline -0.009 -13"><span class='ocrx_word' id='word_1_324' title='bbox 175 2676 464 2746; x_wconf 72' lang='lat' dir='ltr'><strong>scriptura.</strong></span> <span class='ocrx_word' id='word_1_325' title='bbox 516 2674 626 2729; x_wconf 80' lang='lat' dir='ltr'><strong>Lex</strong></span> <span class='ocrx_word' id='word_1_326' title='bbox 655 2688 783 2744; x_wconf 88' lang='lat' dir='ltr'><strong>ergo</strong></span> <span class='ocrx_word' id='word_1_327' title='bbox 837 2670 1232 2741; x_wconf 89' lang='lat' dir='ltr'><strong>quodammodo</strong></span> <span class='ocrx_word' id='word_1_328' title='bbox 1274 2678 1357 2724; x_wconf 87' lang='lat' dir='ltr'><strong>est</strong></span> <span class='ocrx_word' id='word_1_329' title='bbox 1400 2667 1601 2739; x_wconf 88' lang='lat' dir='ltr'><strong>ligatio.</strong></span> <span class='ocrx_word' id='word_1_330' title='bbox 1637 2665 1738 2733; x_wconf 89' lang='lat' dir='ltr'><strong>Qui</strong></span> <span class='ocrx_word' id='word_1_331' title='bbox 1774 2684 1779 2689; x_wconf 67' lang='grc'><strong>’</strong></span> 
     </span>
    </p>
   </div>
   <div class='ocr_carea' id='block_1_44' title="bbox 170 2758 1740 2835">
    <p class='ocr_par' dir='ltr' id='par_1_44' title="bbox 170 2758 1740 2835">
     <span class='ocr_line' id='line_1_44' title="bbox 170 2758 1740 2835; baseline -0.008 -12"><span class='ocrx_word' id='word_1_332' title='bbox 170 2776 357 2823; x_wconf 79' lang='lat' dir='ltr'><strong>autem</strong></span> <span class='ocrx_word' id='word_1_333' title='bbox 381 2765 663 2835; x_wconf 87' lang='lat' dir='ltr'><strong>ligationes</strong></span> <span class='ocrx_word' id='word_1_334' title='bbox 686 2764 781 2819; x_wconf 90' lang='lat' dir='ltr'><strong>Dei</strong></span> <span class='ocrx_word' id='word_1_335' title='bbox 806 2762 1057 2826; x_wconf 81' lang='lat' dir='ltr'><strong>excedit,</strong></span> <span class='ocrx_word' id='word_1_336' title='bbox 1083 2761 1194 2831; x_wconf 91' lang='lat' dir='ltr'><strong>ipse</strong></span> <span class='ocrx_word' id='word_1_337' title='bbox 1221 2761 1470 2816; x_wconf 89' lang='lat' dir='ltr'><strong>mandata</strong></span> <span class='ocrx_word' id='word_1_338' title='bbox 1496 2759 1666 2814; x_wconf 85' lang='lat' dir='ltr'><strong>solvet</strong></span> <span class='ocrx_word' id='word_1_339' title='bbox 1685 2758 1740 2811; x_wconf 89' lang='lat' dir='ltr'><strong>in</strong></span> 
     </span>
    </p>
   </div>
   <div class='ocr_carea' id='block_1_45' title="bbox 166 2846 1741 2933">
    <p class='ocr_par' dir='ltr' id='par_1_45' title="bbox 166 2846 1741 2933">
     <span class='ocr_line' id='line_1_45' title="bbox 166 2846 1741 2933; baseline -0.007 -21"><span class='ocrx_word' id='word_1_340' title='bbox 166 2856 487 2925; x_wconf 81' lang='lat' dir='ltr'><strong>semetipso,</strong></span> <span class='ocrx_word' id='word_1_341' title='bbox 538 2861 593 2907; x_wconf 90' lang='lat' dir='ltr'><strong>et</strong></span> <span class='ocrx_word' id='word_1_342' title='bbox 620 2868 725 2908; x_wconf 92' lang='lat' dir='ltr'><strong>non</strong></span> <span class='ocrx_word' id='word_1_343' title='bbox 768 2850 999 2933; x_wconf 60' lang='lat' dir='ltr'><strong>in/ipsis.</strong></span> <span class='ocrx_word' id='word_1_344' title='bbox 1055 2848 1200 2903; x_wconf 87' lang='lat' dir='ltr'><strong>Talis</strong></span> <span class='ocrx_word' id='word_1_345' title='bbox 1227 2848 1438 2918; x_wconf 87' lang='lat' dir='ltr'><strong>quidem</strong></span> <span class='ocrx_word' id='word_1_346' title='bbox 1488 2846 1741 2901; x_wconf 88' lang='lat' dir='ltr'><strong>minimus</strong></span> 
     </span>
    </p>
   </div>
   <div class='ocr_carea' id='block_1_46' title="bbox 170 2937 1742 3013">
    <p class='ocr_par' dir='ltr' id='par_1_46' title="bbox 170 2937 1742 3013">
     <span class='ocr_line' id='line_1_46' title="bbox 170 2937 1742 3013; baseline -0.004 -13"><span class='ocrx_word' id='word_1_347' title='bbox 170 2947 460 3003; x_wconf 71' lang='lat' dir='ltr'><strong>vocabitur</strong></span> <span class='ocrx_word' id='word_1_348' title='bbox 487 2945 539 2999; x_wconf 92' lang='lat' dir='ltr'><strong>in</strong></span> <span class='ocrx_word' id='word_1_349' title='bbox 588 2958 753 3013; x_wconf 88' lang='lat' dir='ltr'><strong>regno</strong></span> <span class='ocrx_word' id='word_1_350' title='bbox 812 2940 1090 3004; x_wconf 53' lang='lat' dir='ltr'><strong>caelorum,</strong></span> <span class='ocrx_word' id='word_1_351' title='bbox 1146 2939 1269 3011; x_wconf 89' lang='lat' dir='ltr'><strong>quia</strong></span> <span class='ocrx_word' id='word_1_352' title='bbox 1301 2937 1742 3008; x_wconf 86' lang='lat' dir='ltr'><strong>despectissimus</strong></span> 
     </span>
    </p>
   </div>
   <div class='ocr_carea' id='block_1_47' title="bbox 168 3025 1739 3098">
    <p class='ocr_par' dir='ltr' id='par_1_47' title="bbox 168 3025 1739 3098">
     <span class='ocr_line' id='line_1_47' title="bbox 168 3025 1739 3098; baseline -0.006 -8"><span class='ocrx_word' id='word_1_353' title='bbox 168 3045 267 3090; x_wconf 78' lang='lat' dir='ltr'><strong>est</strong></span> <span class='ocrx_word' id='word_1_354' title='bbox 312 3036 365 3089; x_wconf 89' lang='lat' dir='ltr'><strong>in</strong></span> <span class='ocrx_word' id='word_1_355' title='bbox 404 3032 641 3089; x_wconf 85' lang='lat' dir='ltr'><strong>Ecclesia</strong></span> <span class='ocrx_word' id='word_1_356' title='bbox 692 3038 1021 3085; x_wconf 87' lang='lat' dir='ltr'><strong>sanctorum.</strong></span> <span class='ocrx_word' id='word_1_357' title='bbox 1053 3026 1187 3082; x_wconf 87' lang='lat' dir='ltr'><strong>Nam</strong></span> <span class='ocrx_word' id='word_1_358' title='bbox 1222 3035 1276 3082; x_wconf 89' lang='lat' dir='ltr'><strong>et</strong></span> <span class='ocrx_word' id='word_1_359' title='bbox 1316 3042 1536 3098; x_wconf 80' lang='lat' dir='ltr'><strong>regnum</strong></span> <span class='ocrx_word' id='word_1_360' title='bbox 1571 3025 1739 3081; x_wconf 74' lang='lat' dir='ltr'><strong>c0310-</strong></span> 
     </span>
    </p>
   </div>
   <div class='ocr_carea' id='block_1_48' title="bbox 1838 1858 3407 1931">
    <p class='ocr_par' dir='ltr' id='par_1_48' title="bbox 1838 1858 3407 1931">
     <span class='ocr_line' id='line_1_48' title="bbox 1838 1858 3407 1931; baseline 0 -16"><span class='ocrx_word' id='word_1_361' title='bbox 1838 1863 1935 1915; x_wconf 88' lang='lat' dir='ltr'><strong>erit</strong></span> <span class='ocrx_word' id='word_1_362' title='bbox 1974 1862 2199 1931; x_wconf 81' lang='lat' dir='ltr'><strong>judicio.</strong></span> <span class='ocrx_word' id='word_1_363' title='bbox 2252 1860 2310 1913; x_wconf 88' lang='lat' dir='ltr'><strong>lu</strong></span> <span class='ocrx_word' id='word_1_364' title='bbox 2355 1860 2674 1930; x_wconf 87' lang='lat' dir='ltr'><strong>quibusdam</strong></span> <span class='ocrx_word' id='word_1_365' title='bbox 2723 1859 2998 1914; x_wconf 89' lang='lat' dir='ltr'><strong>codicibus</strong></span> <span class='ocrx_word' id='word_1_366' title='bbox 3043 1858 3256 1917; x_wconf 85' lang='lat' dir='ltr'><strong>additur</strong></span> <span class='ocrx_word' id='word_1_367' title='bbox 3296 1861 3407 1915; x_wconf 88' lang='lat' dir='ltr'><strong>sine</strong></span> 
     </span>
    </p>
   </div>
   <div class='ocr_carea' id='block_1_49' title="bbox 1839 1940 3408 2017">
    <p class='ocr_par' dir='ltr' id='par_1_49' title="bbox 1839 1940 3408 2017">
     <span class='ocr_line' id='line_1_49' title="bbox 1839 1940 3408 2017; baseline 0.001 -14"><span class='ocrx_word' id='word_1_368' title='bbox 1839 1967 2018 2003; x_wconf 73' lang='lat' dir='ltr'><strong>causa.</strong></span> <span class='ocrx_word' id='word_1_369' title='bbox 2073 1949 2179 2004; x_wconf 91' lang='lat' dir='ltr'><strong>Sed</strong></span> <span class='ocrx_word' id='word_1_370' title='bbox 2226 1948 2399 2004; x_wconf 74' lang='lat' dir='ltr'><strong>Graeci</strong></span> <span class='ocrx_word' id='word_1_371' title='bbox 2449 1948 2661 2003; x_wconf 88' lang='lat' dir='ltr'><strong>codices</strong></span> <span class='ocrx_word' id='word_1_372' title='bbox 2707 1940 2902 2017; x_wconf 87' lang='lat' dir='ltr'><strong>quibus</strong></span> <span class='ocrx_word' id='word_1_373' title='bbox 2938 1947 3070 2003; x_wconf 80' lang='lat' dir='ltr'><strong>fides</strong></span> <span class='ocrx_word' id='word_1_374' title='bbox 3106 1947 3408 2013; x_wconf 82' lang='lat' dir='ltr'><strong>adhibenda</strong></span> 
     </span>
    </p>
   </div>
   <div class='ocr_carea' id='block_1_50' title="bbox 1839 2035 3413 2107">
    <p class='ocr_par' dir='ltr' id='par_1_50' title="bbox 1839 2035 3413 2107">
     <span class='ocr_line' id='line_1_50' title="bbox 1839 2035 3413 2107; baseline -0.003 -9"><span class='ocrx_word' id='word_1_375' title='bbox 1839 2049 1956 2106; x_wconf 89' lang='lat' dir='ltr'><strong>est,</strong></span> <span class='ocrx_word' id='word_1_376' title='bbox 1991 2056 2095 2095; x_wconf 88' lang='lat' dir='ltr'><strong>non</strong></span> <span class='ocrx_word' id='word_1_377' title='bbox 2125 2041 2328 2095; x_wconf 81' lang='lat' dir='ltr'><strong>habent</strong></span> <span class='ocrx_word' id='word_1_378' title='bbox 2355 2039 2471 2093; x_wconf 90' lang='lat' dir='ltr'><strong>sine</strong></span> <span class='ocrx_word' id='word_1_379' title='bbox 2500 2052 2696 2104; x_wconf 88' lang='lat' dir='ltr'><strong>causa,</strong></span> <span class='ocrx_word' id='word_1_380' title='bbox 2730 2037 2977 2107; x_wconf 85' lang='lat' dir='ltr'><strong>quamvis</strong></span> <span class='ocrx_word' id='word_1_381' title='bbox 3013 2035 3153 2092; x_wconf 90' lang='lat' dir='ltr'><strong>idem</strong></span> <span class='ocrx_word' id='word_1_382' title='bbox 3189 2037 3301 2106; x_wconf 81' lang='lat' dir='ltr'><strong>ipse</strong></span> <span class='ocrx_word' id='word_1_383' title='bbox 3338 2036 3413 2093; x_wconf 87' lang='lat' dir='ltr'><strong>sit</strong></span> 
     </span>
    </p>
   </div>
   <div class='ocr_carea' id='block_1_51' title="bbox 1840 2144 2958 2191">
    <p class='ocr_par' dir='ltr' id='par_1_51' title="bbox 1840 2144 2958 2191">
     <span class='ocr_line' id='line_1_51' title="bbox 1840 2144 2958 2191; baseline -0.005 -7"><span class='ocrx_word' id='word_1_384' title='bbox 1840 2144 2051 2184; x_wconf 86' lang='lat' dir='ltr'><strong>sensus.</strong></span> <span class='ocrx_word' id='word_1_385' title='bbox 2956 2189 2958 2191; x_wconf 0' lang='grc' dir='ltr'><strong>ι</strong></span> 
     </span>
    </p>
   </div>
   <div class='ocr_carea' id='block_1_52' title="bbox 1908 2214 3410 2286">
    <p class='ocr_par' dir='ltr' id='par_1_52' title="bbox 1908 2214 3410 2286">
     <span class='ocr_line' id='line_1_52' title="bbox 1908 2214 3410 2286; baseline -0.003 -13"><span class='ocrx_word' id='word_1_386' title='bbox 1908 2218 2042 2273; x_wconf 90' lang='lat' dir='ltr'><strong>Illud</strong></span> <span class='ocrx_word' id='word_1_387' title='bbox 2082 2218 2312 2273; x_wconf 88' lang='lat' dir='ltr'><strong>dicimus</strong></span> <span class='ocrx_word' id='word_1_388' title='bbox 2351 2216 2699 2281; x_wconf 89' lang='lat' dir='ltr'><strong>intuendum,</strong></span> <span class='ocrx_word' id='word_1_389' title='bbox 2739 2214 2868 2286; x_wconf 90' lang='lat' dir='ltr'><strong>quid</strong></span> <span class='ocrx_word' id='word_1_390' title='bbox 2908 2215 2978 2270; x_wconf 88' lang='lat' dir='ltr'><strong>sit</strong></span> <span class='ocrx_word' id='word_1_391' title='bbox 3022 2214 3184 2270; x_wconf 86' lang='lat' dir='ltr'><strong>irasci</strong></span> <span class='ocrx_word' id='word_1_392' title='bbox 3234 2214 3410 2269; x_wconf 81' lang='lat' dir='ltr'><strong>fratri.</strong></span> 
     </span>
    </p>
   </div>
   <div class='ocr_carea' id='block_1_53' title="bbox 1840 2291 3413 2375">
    <p class='ocr_par' dir='ltr' id='par_1_53' title="bbox 1840 2291 3413 2375">
     <span class='ocr_line' id='line_1_53' title="bbox 1840 2291 3413 2375; baseline -0.001 -14"><span class='ocrx_word' id='word_1_393' title='bbox 1840 2307 2106 2375; x_wconf 88' lang='lat' dir='ltr'><strong>Quoniam</strong></span> <span class='ocrx_word' id='word_1_394' title='bbox 2151 2321 2259 2361; x_wconf 90' lang='lat' dir='ltr'><strong>non</strong></span> <span class='ocrx_word' id='word_1_395' title='bbox 2310 2304 2465 2361; x_wconf 83' lang='lat' dir='ltr'><strong>fratri</strong></span> <span class='ocrx_word' id='word_1_396' title='bbox 2511 2291 2779 2369; x_wconf 76' lang='lat' dir='ltr'><strong>irascitur,</strong></span> <span class='ocrx_word' id='word_1_397' title='bbox 2830 2304 2919 2374; x_wconf 90' lang='lat' dir='ltr'><strong>qui</strong></span> <span class='ocrx_word' id='word_1_398' title='bbox 2964 2312 3187 2374; x_wconf 87' lang='lat' dir='ltr'><strong>peccato</strong></span> <span class='ocrx_word' id='word_1_399' title='bbox 3228 2303 3413 2360; x_wconf 82' lang='lat' dir='ltr'><strong>fratris</strong></span> 
     </span>
    </p>
   </div>
   <div class='ocr_carea' id='block_1_54' title="bbox 1842 2395 3407 2468">
    <p class='ocr_par' dir='ltr' id='par_1_54' title="bbox 1842 2395 3407 2468">
     <span class='ocr_line' id='line_1_54' title="bbox 1842 2395 3407 2468; baseline -0.001 -14"><span class='ocrx_word' id='word_1_400' title='bbox 1842 2398 2112 2455; x_wconf 85' lang='lat' dir='ltr'><strong>irascitur.</strong></span> <span class='ocrx_word' id='word_1_401' title='bbox 2162 2396 2269 2464; x_wconf 85' lang='lat' dir='ltr'><strong>Qui</strong></span> <span class='ocrx_word' id='word_1_402' title='bbox 2308 2411 2437 2468; x_wconf 90' lang='lat' dir='ltr'><strong>ergo</strong></span> <span class='ocrx_word' id='word_1_403' title='bbox 2482 2395 2670 2457; x_wconf 79' lang='lat' dir='ltr'><strong>fratri.</strong></span> <span class='ocrx_word' id='word_1_404' title='bbox 2709 2411 2817 2452; x_wconf 93' lang='lat' dir='ltr'><strong>non</strong></span> <span class='ocrx_word' id='word_1_405' title='bbox 2866 2404 3088 2467; x_wconf 89' lang='lat' dir='ltr'><strong>peccato</strong></span> <span class='ocrx_word' id='word_1_406' title='bbox 3135 2396 3407 2463; x_wconf 85' lang='lat' dir='ltr'><strong>irascitur,</strong></span> 
     </span>
    </p>
   </div>
   <div class='ocr_carea' id='block_1_55' title="bbox 1841 2487 2466 2543">
    <p class='ocr_par' dir='ltr' id='par_1_55' title="bbox 1841 2487 2466 2543">
     <span class='ocr_line' id='line_1_55' title="bbox 1841 2487 2466 2543; baseline -0.005 -1"><span class='ocrx_word' id='word_1_407' title='bbox 1841 2488 1958 2543; x_wconf 90' lang='lat' dir='ltr'><strong>sine</strong></span> <span class='ocrx_word' id='word_1_408' title='bbox 1976 2491 1982 2497; x_wconf 89' lang='lat'>&#39;</span> <span class='ocrx_word' id='word_1_409' title='bbox 1998 2502 2159 2543; x_wconf 90' lang='lat' dir='ltr'><strong>causa</strong></span> <span class='ocrx_word' id='word_1_410' title='bbox 2195 2487 2466 2541; x_wconf 87' lang='lat' dir='ltr'><strong>irascitur.</strong></span> 
     </span>
    </p>
   </div>
   <div class='ocr_carea' id='block_1_56' title="bbox 1913 2576 3408 2646">
    <p class='ocr_par' dir='ltr' id='par_1_56' title="bbox 1913 2576 3408 2646">
     <span class='ocr_line' id='line_1_56' title="bbox 1913 2576 3408 2646; baseline 0.002 -15"><span class='ocrx_word' id='word_1_411' title='bbox 1913 2577 2017 2644; x_wconf 83' lang='lat' dir='ltr'><strong>Qui</strong></span> <span class='ocrx_word' id='word_1_412' title='bbox 2044 2586 2217 2632; x_wconf 86' lang='lat' dir='ltr'><strong>autem</strong></span> <span class='ocrx_word' id='word_1_413' title='bbox 2245 2576 2441 2631; x_wconf 73' lang='lat' dir='ltr'><strong>dixerit</strong></span> <span class='ocrx_word' id='word_1_414' title='bbox 2468 2576 2630 2646; x_wconf 88' lang='lat' dir='ltr'><strong>fratri</strong></span> <span class='ocrx_word' id='word_1_415' title='bbox 2656 2594 2752 2632; x_wconf 83' lang='lat' dir='ltr'><strong>suo</strong></span> <span class='ocrx_word' id='word_1_416' title='bbox 2780 2577 2943 2631; x_wconf 79' lang='lat' dir='ltr'><strong>rae/ta</strong></span> <span class='ocrx_word' id='word_1_417' title='bbox 2960 2618 2975 2643; x_wconf 91' lang='lat'><strong>,</strong></span> <span class='ocrx_word' id='word_1_418' title='bbox 3011 2594 3128 2632; x_wconf 88' lang='lat' dir='ltr'><strong>reus</strong></span> <span class='ocrx_word' id='word_1_419' title='bbox 3156 2578 3254 2633; x_wconf 89' lang='lat' dir='ltr'><strong>erit</strong></span> <span class='ocrx_word' id='word_1_420' title='bbox 3280 2594 3408 2640; x_wconf 51' lang='lat' dir='ltr'><strong>cons</strong></span> 
     </span>
    </p>
   </div>
   <div class='ocr_carea' id='block_1_57' title="bbox 1840 2654 3485 2738">
    <p class='ocr_par' dir='ltr' id='par_1_57' title="bbox 1840 2654 3485 2738">
     <span class='ocr_line' id='line_1_57' title="bbox 1840 2654 3485 2738; baseline 0.002 -16"><span class='ocrx_word' id='word_1_421' title='bbox 1840 2667 1982 2722; x_wconf 87' lang='lat' dir='ltr'><strong>cilia.</strong></span> <span class='ocrx_word' id='word_1_422' title='bbox 2025 2654 2212 2721; x_wconf 75' lang='lat' dir='ltr'><strong>Raetia</strong></span> <span class='ocrx_word' id='word_1_423' title='bbox 2246 2667 2390 2722; x_wconf 88' lang='lat' dir='ltr'><strong>enim</strong></span> <span class='ocrx_word' id='word_1_424' title='bbox 2427 2667 2646 2738; x_wconf 89' lang='lat' dir='ltr'><strong>proprie</strong></span> <span class='ocrx_word' id='word_1_425' title='bbox 2681 2665 2983 2735; x_wconf 69' lang='lat' dir='ltr'><strong>interiectio</strong></span> <span class='ocrx_word' id='word_1_426' title='bbox 3011 2675 3096 2723; x_wconf 88' lang='lat' dir='ltr'><strong>est</strong></span> <span class='ocrx_word' id='word_1_427' title='bbox 3132 2667 3409 2726; x_wconf 71' lang='lat' dir='ltr'><strong>Hebraiae</strong></span> <span class='ocrx_word' id='word_1_428' title='bbox 3478 2727 3485 2733; x_wconf 90' lang='lat'>_</span> 
     </span>
    </p>
   </div>
   <div class='ocr_carea' id='block_1_58' title="bbox 1840 2757 3417 2828">
    <p class='ocr_par' dir='ltr' id='par_1_58' title="bbox 1840 2757 3417 2828">
     <span class='ocr_line' id='line_1_58' title="bbox 1840 2757 3417 2828; baseline 0.005 -18"><span class='ocrx_word' id='word_1_429' title='bbox 1840 2758 2068 2828; x_wconf 65' lang='lat' dir='ltr'><strong>linguae,</strong></span> <span class='ocrx_word' id='word_1_430' title='bbox 2125 2772 2234 2813; x_wconf 90' lang='lat' dir='ltr'><strong>non</strong></span> <span class='ocrx_word' id='word_1_431' title='bbox 2288 2773 2422 2813; x_wconf 89' lang='lat' dir='ltr'><strong>voce</strong></span> <span class='ocrx_word' id='word_1_432' title='bbox 2481 2758 2686 2827; x_wconf 89' lang='lat' dir='ltr'><strong>aliquid</strong></span> <span class='ocrx_word' id='word_1_433' title='bbox 2743 2757 3086 2828; x_wconf 81' lang='lat' dir='ltr'><strong>significans,</strong></span> <span class='ocrx_word' id='word_1_434' title='bbox 3137 2759 3231 2815; x_wconf 84' lang='lat' dir='ltr'><strong>sed</strong></span> <span class='ocrx_word' id='word_1_435' title='bbox 3282 2761 3417 2818; x_wconf 88' lang='lat' dir='ltr'><strong>indi-</strong></span> 
     </span>
    </p>
   </div>
   <div class='ocr_carea' id='block_1_59' title="bbox 1841 2846 3413 2920">
    <p class='ocr_par' dir='ltr' id='par_1_59' title="bbox 1841 2846 3413 2920">
     <span class='ocr_line' id='line_1_59' title="bbox 1841 2846 3413 2920; baseline 0.005 -19"><span class='ocrx_word' id='word_1_436' title='bbox 1841 2848 2059 2919; x_wconf 89' lang='lat' dir='ltr'><strong>gnantis</strong></span> <span class='ocrx_word' id='word_1_437' title='bbox 2084 2847 2251 2902; x_wconf 90' lang='lat' dir='ltr'><strong>animi</strong></span> <span class='ocrx_word' id='word_1_438' title='bbox 2281 2856 2487 2902; x_wconf 87' lang='lat' dir='ltr'><strong>motum</strong></span> <span class='ocrx_word' id='word_1_439' title='bbox 2514 2849 2842 2920; x_wconf 79' lang='lat' dir='ltr'><strong>exprimens.</strong></span> <span class='ocrx_word' id='word_1_440' title='bbox 2875 2846 2986 2903; x_wconf 81' lang='lat' dir='ltr'><strong>Has</strong></span> <span class='ocrx_word' id='word_1_441' title='bbox 3010 2849 3413 2919; x_wconf 81' lang='lat' dir='ltr'><strong>interjectiones</strong></span> 
     </span>
    </p>
   </div>
   <div class='ocr_carea' id='block_1_60' title="bbox 1842 2920 3421 3012">
    <p class='ocr_par' dir='ltr' id='par_1_60' title="bbox 1842 2920 3421 3012">
     <span class='ocr_line' id='line_1_60' title="bbox 1842 2920 3421 3012; baseline 0.003 -19"><span class='ocrx_word' id='word_1_442' title='bbox 1842 2938 2181 3008; x_wconf 81' lang='lat' dir='ltr'><strong>grammatici</strong></span> <span class='ocrx_word' id='word_1_443' title='bbox 2213 2931 2411 2994; x_wconf 79' lang='lat' dir='ltr'><strong>vocant</strong></span> <span class='ocrx_word' id='word_1_444' title='bbox 2438 2938 2731 3009; x_wconf 84' lang='lat' dir='ltr'><strong>partieulas</strong></span> <span class='ocrx_word' id='word_1_445' title='bbox 2758 2940 3022 2996; x_wconf 89' lang='lat' dir='ltr'><strong>orationis</strong></span> <span class='ocrx_word' id='word_1_446' title='bbox 3049 2920 3421 3012; x_wconf 17' lang='lat' dir='ltr'><strong>signiﬁcantes”</strong></span> 
     </span>
    </p>
   </div>
   <div class='ocr_carea' id='block_1_61' title="bbox 1842 3028 3424 3094">
    <p class='ocr_par' dir='ltr' id='par_1_61' title="bbox 1842 3028 3424 3094">
     <span class='ocr_line' id='line_1_61' title="bbox 1842 3028 3424 3094; baseline 0.002 -9"><span class='ocrx_word' id='word_1_447' title='bbox 1842 3030 2096 3085; x_wconf 88' lang='lat' dir='ltr'><strong>commoti</strong></span> <span class='ocrx_word' id='word_1_448' title='bbox 2133 3030 2300 3085; x_wconf 89' lang='lat' dir='ltr'><strong>animi</strong></span> <span class='ocrx_word' id='word_1_449' title='bbox 2339 3028 2620 3094; x_wconf 77' lang='lat' dir='ltr'><strong>allectum,</strong></span> <span class='ocrx_word' id='word_1_450' title='bbox 2660 3028 2805 3084; x_wconf 89' lang='lat' dir='ltr'><strong>velut</strong></span> <span class='ocrx_word' id='word_1_451' title='bbox 2840 3044 2964 3085; x_wconf 90' lang='lat' dir='ltr'><strong>cum</strong></span> <span class='ocrx_word' id='word_1_452' title='bbox 3003 3028 3200 3085; x_wconf 89' lang='lat' dir='ltr'><strong>dicitur</strong></span> <span class='ocrx_word' id='word_1_453' title='bbox 3245 3046 3275 3086; x_wconf 92' lang='lat' dir='ltr'><strong>a</strong></span> <span class='ocrx_word' id='word_1_454' title='bbox 3319 3032 3424 3094; x_wconf 75' lang='lat' dir='ltr'><strong>do—,</strong></span> 
     </span>
    </p>
   </div>
   <div class='ocr_carea' id='block_1_62' title="bbox 180 3106 3423 3197">
    <p class='ocr_par' dir='ltr' id='par_1_62' title="bbox 180 3106 3423 3197">
     <span class='ocr_line' id='line_1_62' title="bbox 180 3106 3423 3197; baseline -0.001 -16"><span class='ocrx_word' id='word_1_455' title='bbox 180 3143 305 3181; x_wconf 80' lang='lat' dir='ltr'><strong>rum</strong></span> <span class='ocrx_word' id='word_1_456' title='bbox 332 3125 444 3197; x_wconf 77' lang='lat' dir='ltr'><strong>hic</strong></span> <span class='ocrx_word' id='word_1_457' title='bbox 480 3115 811 3193; x_wconf 61' lang='lat' dir='ltr'><strong>:praescntetn</strong></span> <span class='ocrx_word' id='word_1_458' title='bbox 861 3119 1152 3174; x_wconf 87' lang='lat' dir='ltr'><strong>Eeclesiam</strong></span> <span class='ocrx_word' id='word_1_459' title='bbox 1197 3117 1478 3188; x_wconf 71' lang='lat' dir='ltr'><strong>significat,</strong></span> <span class='ocrx_word' id='word_1_460' title='bbox 1526 3116 1665 3189; x_wconf 86' lang='lat' dir='ltr'><strong>sicut</strong></span> <span class='ocrx_word' id='word_1_461' title='bbox 1690 3125 1744 3171; x_wconf 91' lang='lat' dir='ltr'><strong>et</strong></span> <span class='ocrx_word' id='word_1_462' title='bbox 1770 3120 1814 3183; x_wconf 88' lang='lat' dir='ltr'>C</span> <span class='ocrx_word' id='word_1_463' title='bbox 1846 3120 1987 3177; x_wconf 87' lang='lat' dir='ltr'><strong>lente</strong></span> <span class='ocrx_word' id='word_1_464' title='bbox 2013 3123 2113 3176; x_wconf 84' lang='lat' dir='ltr'><strong>heu</strong></span> <span class='ocrx_word' id='word_1_465' title='bbox 2133 3162 2148 3188; x_wconf 95' lang='lat'><strong>,</strong></span> <span class='ocrx_word' id='word_1_466' title='bbox 2178 3123 2245 3185; x_wconf 82' lang='lat' dir='ltr'><strong>ab</strong></span> <span class='ocrx_word' id='word_1_467' title='bbox 2275 3124 2541 3177; x_wconf 87' lang='lat' dir='ltr'><strong>irascente</strong></span> <span class='ocrx_word' id='word_1_468' title='bbox 2568 3121 2717 3185; x_wconf 78' lang='lat' dir='ltr'><strong>Item,-</strong></span> <span class='ocrx_word' id='word_1_469' title='bbox 2751 3135 2872 3190; x_wconf 66' lang='lat' dir='ltr'><strong>qua:</strong></span> <span class='ocrx_word' id='word_1_470' title='bbox 2900 3134 3059 3175; x_wconf 87' lang='lat' dir='ltr'><strong>voces</strong></span> <span class='ocrx_word' id='word_1_471' title='bbox 3085 3106 3423 3195; x_wconf 49' lang='lat' dir='ltr'><strong>quarumque</strong></span> 
     </span>
    </p>
   </div>
   <div class='ocr_carea' id='block_1_63' title="bbox 180 3206 1739 3282">
    <p class='ocr_par' dir='ltr' id='par_1_63' title="bbox 180 3206 1739 3282">
     <span class='ocr_line' id='line_1_63' title="bbox 180 3206 1739 3282; baseline -0.006 -11"><span class='ocrx_word' id='word_1_472' title='bbox 180 3216 337 3281; x_wconf 75' lang='lat' dir='ltr'><strong>alibi,</strong></span> <span class='ocrx_word' id='word_1_473' title='bbox 358 3213 447 3269; x_wconf 89' lang='lat' dir='ltr'><strong>ubi</strong></span> <span class='ocrx_word' id='word_1_474' title='bbox 477 3212 734 3282; x_wconf 84' lang='lat' dir='ltr'><strong>scriptum</strong></span> <span class='ocrx_word' id='word_1_475' title='bbox 762 3219 845 3266; x_wconf 91' lang='lat' dir='ltr'><strong>est</strong></span> <span class='ocrx_word' id='word_1_476' title='bbox 872 3228 884 3263; x_wconf 91' lang='lat'>:</span> <span class='ocrx_word' id='word_1_477' title='bbox 915 3207 1097 3264; x_wconf 84' lang='lat' dir='ltr'><strong>Simile</strong></span> <span class='ocrx_word' id='word_1_478' title='bbox 1123 3217 1198 3263; x_wconf 85' lang='lat' dir='ltr'><strong>est</strong></span> <span class='ocrx_word' id='word_1_479' title='bbox 1241 3224 1453 3277; x_wconf 85' lang='lat' dir='ltr'><strong>regnum</strong></span> <span class='ocrx_word' id='word_1_480' title='bbox 1494 3206 1739 3261; x_wconf 68' lang='lat' dir='ltr'><strong>caelorum</strong></span> 
     </span>
    </p>
   </div>
   <div class='ocr_carea' id='block_1_64' title="bbox 182 3295 1735 3374">
    <p class='ocr_par' dir='ltr' id='par_1_64' title="bbox 182 3295 1735 3374">
     <span class='ocr_line' id='line_1_64' title="bbox 182 3295 1735 3374; baseline -0.006 -15"><span class='ocrx_word' id='word_1_481' title='bbox 182 3319 394 3374; x_wconf 74' lang='lat' dir='ltr'><strong>sugente</strong></span> <span class='ocrx_word' id='word_1_482' title='bbox 436 3303 606 3357; x_wconf 61' lang='lat' dir='ltr'><strong>misse</strong></span> <span class='ocrx_word' id='word_1_483' title='bbox 649 3301 703 3354; x_wconf 87' lang='lat' dir='ltr'><strong>in</strong></span> <span class='ocrx_word' id='word_1_484' title='bbox 745 3316 887 3354; x_wconf 89' lang='lat' dir='ltr'><strong>mare</strong></span> <span class='ocrx_word' id='word_1_485' title='bbox 929 3298 1143 3373; x_wconf 75' lang='lat' dir='ltr'><strong>(Matth.</strong></span> <span class='ocrx_word' id='word_1_486' title='bbox 1197 3296 1432 3369; x_wconf 82' lang='lat' dir='ltr'><strong>xm);et</strong></span> <span class='ocrx_word' id='word_1_487' title='bbox 1461 3314 1474 3350; x_wconf 87' lang='lat'><strong>:</strong></span> <span class='ocrx_word' id='word_1_488' title='bbox 1502 3295 1735 3367; x_wconf 84' lang='lat' dir='ltr'><strong>Regnum</strong></span> 
     </span>
    </p>
   </div>
   <div class='ocr_carea' id='block_1_65' title="bbox 184 3389 1012 3463">
    <p class='ocr_par' dir='ltr' id='par_1_65' title="bbox 184 3389 1012 3463">
     <span class='ocr_line' id='line_1_65' title="bbox 184 3389 1012 3463; baseline -0.012 -11"><span class='ocrx_word' id='word_1_489' title='bbox 184 3397 284 3453; x_wconf 79' lang='lat' dir='ltr'><strong>Dei</strong></span> <span class='ocrx_word' id='word_1_490' title='bbox 309 3398 447 3450; x_wconf 82' lang='lat' dir='ltr'><strong>intra</strong></span> <span class='ocrx_word' id='word_1_491' title='bbox 464 3410 550 3449; x_wconf 76' lang='lat' dir='ltr'><strong>vos</strong></span> <span class='ocrx_word' id='word_1_492' title='bbox 576 3401 649 3446; x_wconf 86' lang='lat' dir='ltr'><strong>est</strong></span> <span class='ocrx_word' id='word_1_493' title='bbox 678 3390 825 3463; x_wconf 87' lang='lat' dir='ltr'><strong>(Luc.</strong></span> <span class='ocrx_word' id='word_1_494' title='bbox 859 3389 1012 3456; x_wconf 79' lang='lat' dir='ltr'><strong>xvu).</strong></span> 
     </span>
    </p>
   </div>
   <div class='ocr_carea' id='block_1_66' title="bbox 254 3478 1737 3553">
    <p class='ocr_par' dir='ltr' id='par_1_66' title="bbox 254 3478 1737 3553">
     <span class='ocr_line' id='line_1_66' title="bbox 254 3478 1737 3553; baseline -0.007 -12"><span class='ocrx_word' id='word_1_495' title='bbox 254 3486 367 3553; x_wconf 83' lang='lat' dir='ltr'><strong>Qui</strong></span> <span class='ocrx_word' id='word_1_496' title='bbox 388 3495 561 3540; x_wconf 83' lang='lat' dir='ltr'><strong>autem</strong></span> <span class='ocrx_word' id='word_1_497' title='bbox 589 3483 785 3553; x_wconf 80' lang='lat' dir='ltr'><strong>fecerit,</strong></span> <span class='ocrx_word' id='word_1_498' title='bbox 816 3491 867 3536; x_wconf 86' lang='lat' dir='ltr'><strong>et</strong></span> <span class='ocrx_word' id='word_1_499' title='bbox 900 3480 1151 3546; x_wconf 83' lang='lat' dir='ltr'><strong>docuerit,</strong></span> <span class='ocrx_word' id='word_1_500' title='bbox 1183 3479 1267 3533; x_wconf 85' lang='lat' dir='ltr'><strong>hic</strong></span> <span class='ocrx_word' id='word_1_501' title='bbox 1289 3495 1506 3550; x_wconf 86' lang='lat' dir='ltr'><strong>magnus</strong></span> <span class='ocrx_word' id='word_1_502' title='bbox 1529 3478 1737 3533; x_wconf 85' lang='lat' dir='ltr'><strong>vocabi-</strong></span> 
     </span>
    </p>
   </div>
   <div class='ocr_carea' id='block_1_67' title="bbox 185 3564 1742 3646">
    <p class='ocr_par' dir='ltr' id='par_1_67' title="bbox 185 3564 1742 3646">
     <span class='ocr_line' id='line_1_67' title="bbox 185 3564 1742 3646; baseline -0.006 -15"><span class='ocrx_word' id='word_1_503' title='bbox 185 3589 278 3631; x_wconf 86' lang='lat' dir='ltr'><strong>tur</strong></span> <span class='ocrx_word' id='word_1_504' title='bbox 304 3578 360 3631; x_wconf 88' lang='lat' dir='ltr'><strong>in</strong></span> <span class='ocrx_word' id='word_1_505' title='bbox 394 3590 548 3646; x_wconf 85' lang='lat' dir='ltr'><strong>regno</strong></span> <span class='ocrx_word' id='word_1_506' title='bbox 582 3574 843 3629; x_wconf 63' lang='lat' dir='ltr'><strong>calorum.</strong></span> <span class='ocrx_word' id='word_1_507' title='bbox 875 3571 931 3627; x_wconf 90' lang='lat' dir='ltr'><strong>ln</strong></span> <span class='ocrx_word' id='word_1_508' title='bbox 980 3569 1223 3626; x_wconf 85' lang='lat' dir='ltr'><strong>faciendo</strong></span> <span class='ocrx_word' id='word_1_509' title='bbox 1259 3570 1407 3625; x_wconf 89' lang='lat' dir='ltr'><strong>enim</strong></span> <span class='ocrx_word' id='word_1_510' title='bbox 1436 3568 1568 3640; x_wconf 88' lang='lat' dir='ltr'><strong>legis</strong></span> <span class='ocrx_word' id='word_1_511' title='bbox 1590 3564 1742 3623; x_wconf 65' lang='lat' dir='ltr'><strong>ma‘n—</strong></span> 
     </span>
    </p>
   </div>
   <div class='ocr_carea' id='block_1_68' title="bbox 188 3660 1738 3738">
    <p class='ocr_par' dir='ltr' id='par_1_68' title="bbox 188 3660 1738 3738">
     <span class='ocr_line' id='line_1_68' title="bbox 188 3660 1738 3738; baseline -0.004 -16"><span class='ocrx_word' id='word_1_512' title='bbox 188 3670 318 3722; x_wconf 89' lang='lat' dir='ltr'><strong>data</strong></span> <span class='ocrx_word' id='word_1_513' title='bbox 348 3666 525 3738; x_wconf 85' lang='lat' dir='ltr'><strong>magni</strong></span> <span class='ocrx_word' id='word_1_514' title='bbox 552 3680 745 3722; x_wconf 87' lang='lat' dir='ltr'><strong>nomen</strong></span> <span class='ocrx_word' id='word_1_515' title='bbox 774 3672 1008 3720; x_wconf 86' lang='lat' dir='ltr'><strong>meretur</strong></span> <span class='ocrx_word' id='word_1_516' title='bbox 1035 3662 1122 3719; x_wconf 90' lang='lat' dir='ltr'><strong>ille</strong></span> <span class='ocrx_word' id='word_1_517' title='bbox 1147 3662 1241 3733; x_wconf 88' lang='lat' dir='ltr'><strong>qui</strong></span> <span class='ocrx_word' id='word_1_518' title='bbox 1263 3663 1438 3718; x_wconf 85' lang='lat' dir='ltr'><strong>docet.</strong></span> <span class='ocrx_word' id='word_1_519' title='bbox 1468 3660 1603 3728; x_wconf 88' lang='lat' dir='ltr'><strong>Quia</strong></span> <span class='ocrx_word' id='word_1_520' title='bbox 1632 3677 1738 3716; x_wconf 90' lang='lat' dir='ltr'><strong>non</strong></span> 
     </span>
    </p>
   </div>
   <div class='ocr_carea' id='block_1_69' title="bbox 192 3749 1743 3822">
    <p class='ocr_par' dir='ltr' id='par_1_69' title="bbox 192 3749 1743 3822">
     <span class='ocr_line' id='line_1_69' title="bbox 192 3749 1743 3822; baseline -0.006 -9"><span class='ocrx_word' id='word_1_521' title='bbox 192 3760 467 3822; x_wconf 86' lang='lat' dir='ltr'><strong>doctores,</strong></span> <span class='ocrx_word' id='word_1_522' title='bbox 499 3769 599 3811; x_wconf 90' lang='lat' dir='ltr'><strong>nec</strong></span> <span class='ocrx_word' id='word_1_523' title='bbox 626 3755 917 3820; x_wconf 86' lang='lat' dir='ltr'><strong>auditores,</strong></span> <span class='ocrx_word' id='word_1_524' title='bbox 948 3754 1043 3809; x_wconf 87' lang='lat' dir='ltr'><strong>sed</strong></span> <span class='ocrx_word' id='word_1_525' title='bbox 1068 3752 1297 3809; x_wconf 84' lang='lat' dir='ltr'><strong>factores</strong></span> <span class='ocrx_word' id='word_1_526' title='bbox 1327 3752 1458 3822; x_wconf 78' lang='lat' dir='ltr'><strong>legis</strong></span> <span class='ocrx_word' id='word_1_527' title='bbox 1477 3749 1743 3819; x_wconf 74' lang='lat' dir='ltr'><strong>iustiﬁca-</strong></span> 
     </span>
    </p>
   </div>
   <div class='ocr_carea' id='block_1_70' title="bbox 188 3845 1307 3915">
    <p class='ocr_par' dir='ltr' id='par_1_70' title="bbox 188 3845 1307 3915">
     <span class='ocr_line' id='line_1_70' title="bbox 188 3845 1307 3915; baseline -0.004 -13"><span class='ocrx_word' id='word_1_528' title='bbox 188 3849 395 3903; x_wconf 80' lang='lat' dir='ltr'><strong>buutur</strong></span> <span class='ocrx_word' id='word_1_529' title='bbox 414 3846 551 3915; x_wconf 87' lang='lat' dir='ltr'><strong>apud</strong></span> <span class='ocrx_word' id='word_1_530' title='bbox 580 3845 763 3899; x_wconf 87' lang='lat' dir='ltr'><strong>Deum.</strong></span> <span class='ocrx_word' id='word_1_531' title='bbox 1304 3904 1307 3907; x_wconf 96' lang='lat'><em>_</em></span> 
     </span>
    </p>
   </div>
   <div class='ocr_carea' id='block_1_71' title="bbox 264 3917 1738 4005">
    <p class='ocr_par' dir='ltr' id='par_1_71' title="bbox 264 3917 1738 4005">
     <span class='ocr_line' id='line_1_71' title="bbox 264 3917 1738 4005; baseline -0.003 -16"><span class='ocrx_word' id='word_1_532' title='bbox 264 3935 395 3989; x_wconf 87' lang='lat' dir='ltr'><strong>Dico</strong></span> <span class='ocrx_word' id='word_1_533' title='bbox 418 3934 551 3989; x_wconf 83' lang='lat' dir='ltr'><strong>enim</strong></span> <span class='ocrx_word' id='word_1_534' title='bbox 580 3934 715 3987; x_wconf 76' lang='lat' dir='ltr'><strong>vobis</strong></span> <span class='ocrx_word' id='word_1_535' title='bbox 742 3935 861 4005; x_wconf 88' lang='lat' dir='ltr'><strong>quia</strong></span> <span class='ocrx_word' id='word_1_536' title='bbox 890 3934 987 3987; x_wconf 85' lang='lat' dir='ltr'><strong>nisi</strong></span> <span class='ocrx_word' id='word_1_537' title='bbox 1024 3917 1360 3987; x_wconf 81' lang='lat' dir='ltr'><strong>abundaverit</strong></span> <span class='ocrx_word' id='word_1_538' title='bbox 1398 3932 1614 4003; x_wconf 83' lang='lat' dir='ltr'><strong>justitia</strong></span> <span class='ocrx_word' id='word_1_539' title='bbox 1643 3925 1738 3999; x_wconf 64' lang='lat' dir='ltr'><strong>ue-</strong></span> 
     </span>
    </p>
   </div>
   <div class='ocr_carea' id='block_1_72' title="bbox 186 4019 1742 4100">
    <p class='ocr_par' dir='ltr' id='par_1_72' title="bbox 186 4019 1742 4100">
     <span class='ocr_line' id='line_1_72' title="bbox 186 4019 1742 4100; baseline -0.008 -15"><span class='ocrx_word' id='word_1_540' title='bbox 186 4042 307 4086; x_wconf 80' lang='lat' dir='ltr'><strong>stra</strong></span> <span class='ocrx_word' id='word_1_541' title='bbox 354 4028 621 4100; x_wconf 82' lang='lat' dir='ltr'><strong>plusquam</strong></span> <span class='ocrx_word' id='word_1_542' title='bbox 674 4025 973 4081; x_wconf 71' lang='lat' dir='ltr'><strong>Scribarum</strong></span> <span class='ocrx_word' id='word_1_543' title='bbox 1010 4033 1057 4076; x_wconf 91' lang='lat' dir='ltr'><strong>et</strong></span> <span class='ocrx_word' id='word_1_544' title='bbox 1088 4019 1498 4086; x_wconf 67' lang='lat' dir='ltr'><strong>Pharisa&#39;orum,</strong></span> <span class='ocrx_word' id='word_1_545' title='bbox 1527 4035 1632 4074; x_wconf 88' lang='lat' dir='ltr'><strong>non</strong></span> <span class='ocrx_word' id='word_1_546' title='bbox 1660 4021 1742 4073; x_wconf 89' lang='lat' dir='ltr'><strong>in-</strong></span> 
     </span>
    </p>
   </div>
   <div class='ocr_carea' id='block_1_73' title="bbox 183 4108 1738 4187">
    <p class='ocr_par' dir='ltr' id='par_1_73' title="bbox 183 4108 1738 4187">
     <span class='ocr_line' id='line_1_73' title="bbox 183 4108 1738 4187; baseline -0.008 -14"><span class='ocrx_word' id='word_1_547' title='bbox 183 4119 398 4174; x_wconf 82' lang='lat' dir='ltr'><strong>trabitis</strong></span> <span class='ocrx_word' id='word_1_548' title='bbox 442 4118 496 4170; x_wconf 86' lang='lat' dir='ltr'><strong>in</strong></span> <span class='ocrx_word' id='word_1_549' title='bbox 538 4130 746 4187; x_wconf 88' lang='lat' dir='ltr'><strong>regnum</strong></span> <span class='ocrx_word' id='word_1_550' title='bbox 782 4111 1037 4168; x_wconf 67' lang='lat' dir='ltr'><strong>caelorum.</strong></span> <span class='ocrx_word' id='word_1_551' title='bbox 1088 4108 1267 4180; x_wconf 85' lang='lat' dir='ltr'><strong>(Aug.)</strong></span> <span class='ocrx_word' id='word_1_552' title='bbox 1296 4109 1354 4164; x_wconf 88' lang='lat' dir='ltr'><strong>Id</strong></span> <span class='ocrx_word' id='word_1_553' title='bbox 1378 4117 1479 4173; x_wconf 83' lang='lat' dir='ltr'><strong>est,</strong></span> <span class='ocrx_word' id='word_1_554' title='bbox 1508 4109 1610 4163; x_wconf 90' lang='lat' dir='ltr'><strong>nisi</strong></span> <span class='ocrx_word' id='word_1_555' title='bbox 1631 4123 1738 4162; x_wconf 91' lang='lat' dir='ltr'><strong>non</strong></span> 
     </span>
    </p>
   </div>
   <div class='ocr_carea' id='block_1_74' title="bbox 189 4189 1738 4271">
    <p class='ocr_par' dir='ltr' id='par_1_74' title="bbox 189 4189 1738 4271">
     <span class='ocr_line' id='line_1_74' title="bbox 189 4189 1738 4271; baseline -0.008 -6"><span class='ocrx_word' id='word_1_556' title='bbox 189 4209 369 4266; x_wconf 87' lang='lat' dir='ltr'><strong>solum</strong></span> <span class='ocrx_word' id='word_1_557' title='bbox 398 4189 486 4262; x_wconf 77' lang='lat' dir='ltr'><strong>illa</strong></span> <span class='ocrx_word' id='word_1_558' title='bbox 518 4206 735 4261; x_wconf 88' lang='lat' dir='ltr'><strong>minima</strong></span> <span class='ocrx_word' id='word_1_559' title='bbox 761 4202 891 4271; x_wconf 79' lang='lat' dir='ltr'><strong>legis</strong></span> <span class='ocrx_word' id='word_1_560' title='bbox 914 4206 1175 4270; x_wconf 66' lang='lat' dir='ltr'><strong>praecepta</strong></span> <span class='ocrx_word' id='word_1_561' title='bbox 1187 4198 1570 4267; x_wconf 71' lang='lat' dir='ltr'><strong>impleveritis,</strong></span> <span class='ocrx_word' id='word_1_562' title='bbox 1617 4214 1738 4269; x_wconf 68' lang='lat' dir='ltr'><strong>quat</strong></span> 
     </span>
    </p>
   </div>
   <div class='ocr_carea' id='block_1_75' title="bbox 179 4288 1736 4359">
    <p class='ocr_par' dir='ltr' id='par_1_75' title="bbox 179 4288 1736 4359">
     <span class='ocr_line' id='line_1_75' title="bbox 179 4288 1736 4359; baseline -0.01 -1"><span class='ocrx_word' id='word_1_563' title='bbox 179 4300 453 4359; x_wconf 77' lang='lat' dir='ltr'><strong>inchoant</strong></span> <span class='ocrx_word' id='word_1_564' title='bbox 478 4296 770 4357; x_wconf 87' lang='lat' dir='ltr'><strong>hominem,</strong></span> <span class='ocrx_word' id='word_1_565' title='bbox 812 4290 903 4346; x_wconf 89' lang='lat' dir='ltr'><strong>sed</strong></span> <span class='ocrx_word' id='word_1_566' title='bbox 949 4289 1108 4344; x_wconf 86' lang='lat' dir='ltr'><strong>etiam</strong></span> <span class='ocrx_word' id='word_1_567' title='bbox 1165 4288 1289 4352; x_wconf 89' lang='lat' dir='ltr'><strong>ista,</strong></span> <span class='ocrx_word' id='word_1_568' title='bbox 1319 4302 1437 4357; x_wconf 68' lang='lat' dir='ltr'><strong>quae</strong></span> <span class='ocrx_word' id='word_1_569' title='bbox 1465 4303 1495 4341; x_wconf 88' lang='lat' dir='ltr'><strong>a</strong></span> <span class='ocrx_word' id='word_1_570' title='bbox 1525 4302 1612 4343; x_wconf 91' lang='lat' dir='ltr'><strong>me</strong></span> <span class='ocrx_word' id='word_1_571' title='bbox 1636 4288 1736 4343; x_wconf 89' lang='lat' dir='ltr'><strong>ad-</strong></span> 
     </span>
    </p>
   </div>
   <div class='ocr_carea' id='block_1_76' title="bbox 190 4368 1732 4457">
    <p class='ocr_par' dir='ltr' id='par_1_76' title="bbox 190 4368 1732 4457">
     <span class='ocr_line' id='line_1_76' title="bbox 190 4368 1732 4457; baseline -0.011 -12"><span class='ocrx_word' id='word_1_572' title='bbox 190 4368 416 4452; x_wconf 85' lang='lat' dir='ltr'><strong>duntur,</strong></span> <span class='ocrx_word' id='word_1_573' title='bbox 442 4386 528 4457; x_wconf 89' lang='lat' dir='ltr'><strong>qui</strong></span> <span class='ocrx_word' id='word_1_574' title='bbox 555 4400 656 4438; x_wconf 84' lang='lat' dir='ltr'><strong>non</strong></span> <span class='ocrx_word' id='word_1_575' title='bbox 683 4380 795 4433; x_wconf 83' lang='lat' dir='ltr'><strong>veni</strong></span> <span class='ocrx_word' id='word_1_576' title='bbox 846 4377 1033 4431; x_wconf 80' lang='lat' dir='ltr'><strong>solvere</strong></span> <span class='ocrx_word' id='word_1_577' title='bbox 1074 4376 1257 4445; x_wconf 84' lang='lat' dir='ltr'><strong>legem,</strong></span> <span class='ocrx_word' id='word_1_578' title='bbox 1299 4376 1388 4429; x_wconf 86' lang='lat' dir='ltr'><strong>sed</strong></span> <span class='ocrx_word' id='word_1_579' title='bbox 1430 4375 1732 4444; x_wconf 78' lang='lat' dir='ltr'><strong>adimplere,</strong></span> 
     </span>
    </p>
   </div>
   <div class='ocr_carea' id='block_1_77' title="bbox 190 4463 1732 4538">
    <p class='ocr_par' dir='ltr' id='par_1_77' title="bbox 190 4463 1732 4538">
     <span class='ocr_line' id='line_1_77' title="bbox 190 4463 1732 4538; baseline -0.011 -5"><span class='ocrx_word' id='word_1_580' title='bbox 190 4474 300 4533; x_wconf 83' lang='lat' dir='ltr'><strong>non</strong></span> <span class='ocrx_word' id='word_1_581' title='bbox 331 4474 583 4530; x_wconf 85' lang='lat' dir='ltr'><strong>intrabitis</strong></span> <span class='ocrx_word' id='word_1_582' title='bbox 606 4472 659 4523; x_wconf 88' lang='lat' dir='ltr'><strong>in</strong></span> <span class='ocrx_word' id='word_1_583' title='bbox 691 4482 895 4538; x_wconf 83' lang='lat' dir='ltr'><strong>regnum</strong></span> <span class='ocrx_word' id='word_1_584' title='bbox 930 4465 1187 4520; x_wconf 72' lang='lat' dir='ltr'><strong>caelorum.</strong></span> <span class='ocrx_word' id='word_1_585' title='bbox 1220 4465 1358 4533; x_wconf 89' lang='lat' dir='ltr'><strong>Ergo</strong></span> <span class='ocrx_word' id='word_1_586' title='bbox 1379 4465 1468 4533; x_wconf 92' lang='lat' dir='ltr'><strong>qui</strong></span> <span class='ocrx_word' id='word_1_587' title='bbox 1500 4479 1603 4518; x_wconf 89' lang='lat' dir='ltr'><strong>non</strong></span> <span class='ocrx_word' id='word_1_588' title='bbox 1625 4463 1732 4519; x_wconf 86' lang='lat' dir='ltr'><strong>sol-</strong></span> 
     </span>
    </p>
   </div>
   <div class='ocr_carea' id='block_1_78' title="bbox 190 4551 1734 4623">
    <p class='ocr_par' dir='ltr' id='par_1_78' title="bbox 190 4551 1734 4623">
     <span class='ocr_line' id='line_1_78' title="bbox 190 4551 1734 4623; baseline -0.009 -1"><span class='ocrx_word' id='word_1_589' title='bbox 190 4568 337 4622; x_wconf 78' lang='lat' dir='ltr'><strong>verit</strong></span> <span class='ocrx_word' id='word_1_590' title='bbox 360 4565 461 4618; x_wconf 82' lang='lat' dir='ltr'><strong>illa</strong></span> <span class='ocrx_word' id='word_1_591' title='bbox 489 4561 727 4621; x_wconf 85' lang='lat' dir='ltr'><strong>minima,</strong></span> <span class='ocrx_word' id='word_1_592' title='bbox 760 4565 814 4609; x_wconf 89' lang='lat' dir='ltr'><strong>et</strong></span> <span class='ocrx_word' id='word_1_593' title='bbox 835 4556 909 4610; x_wconf 85' lang='lat' dir='ltr'><strong>sic</strong></span> <span class='ocrx_word' id='word_1_594' title='bbox 934 4554 1190 4617; x_wconf 88' lang='lat' dir='ltr'><strong>docuerit,</strong></span> <span class='ocrx_word' id='word_1_595' title='bbox 1244 4568 1348 4607; x_wconf 89' lang='lat' dir='ltr'><strong>non</strong></span> <span class='ocrx_word' id='word_1_596' title='bbox 1370 4551 1481 4619; x_wconf 86' lang='lat' dir='ltr'><strong>jam</strong></span> <span class='ocrx_word' id='word_1_597' title='bbox 1513 4568 1734 4623; x_wconf 86' lang='lat' dir='ltr'><strong>magnus</strong></span> 
     </span>
    </p>
   </div>
   <div class='ocr_carea' id='block_1_79' title="bbox 190 4643 1732 4713">
    <p class='ocr_par' dir='ltr' id='par_1_79' title="bbox 190 4643 1732 4713">
     <span class='ocr_line' id='line_1_79' title="bbox 190 4643 1732 4713; baseline -0.011 0"><span class='ocrx_word' id='word_1_598' title='bbox 190 4655 475 4713; x_wconf 73' lang='lat' dir='ltr'><strong>habendus</strong></span> <span class='ocrx_word' id='word_1_599' title='bbox 495 4660 549 4705; x_wconf 87' lang='lat' dir='ltr'><strong>et</strong></span> <span class='ocrx_word' id='word_1_600' title='bbox 577 4650 792 4703; x_wconf 87' lang='lat' dir='ltr'><strong>idoneus</strong></span> <span class='ocrx_word' id='word_1_601' title='bbox 824 4659 986 4713; x_wconf 88' lang='lat' dir='ltr'><strong>regno</strong></span> <span class='ocrx_word' id='word_1_602' title='bbox 1014 4643 1288 4706; x_wconf 85' lang='lat' dir='ltr'><strong>caelorum,</strong></span> <span class='ocrx_word' id='word_1_603' title='bbox 1316 4643 1404 4696; x_wconf 89' lang='lat' dir='ltr'><strong>sed</strong></span> <span class='ocrx_word' id='word_1_604' title='bbox 1434 4650 1604 4696; x_wconf 88' lang='lat' dir='ltr'><strong>tamen</strong></span> <span class='ocrx_word' id='word_1_605' title='bbox 1629 4657 1732 4697; x_wconf 91' lang='lat' dir='ltr'><strong>non</strong></span> 
     </span>
    </p>
   </div>
   <div class='ocr_carea' id='block_1_80' title="bbox 194 4733 1736 4807">
    <p class='ocr_par' dir='ltr' id='par_1_80' title="bbox 194 4733 1736 4807">
     <span class='ocr_line' id='line_1_80' title="bbox 194 4733 1736 4807; baseline -0.017 -7"><span class='ocrx_word' id='word_1_606' title='bbox 194 4760 309 4801; x_wconf 81' lang='lat' dir='ltr'><strong>tam</strong></span> <span class='ocrx_word' id='word_1_607' title='bbox 338 4744 585 4798; x_wconf 87' lang='lat' dir='ltr'><strong>minimus</strong></span> <span class='ocrx_word' id='word_1_608' title='bbox 610 4753 765 4807; x_wconf 86' lang='lat' dir='ltr'><strong>quam</strong></span> <span class='ocrx_word' id='word_1_609' title='bbox 787 4736 879 4789; x_wconf 83' lang='lat' dir='ltr'><strong>ille</strong></span> <span class='ocrx_word' id='word_1_610' title='bbox 902 4735 990 4803; x_wconf 91' lang='lat' dir='ltr'><strong>qui</strong></span> <span class='ocrx_word' id='word_1_611' title='bbox 1011 4733 1183 4789; x_wconf 80' lang='lat' dir='ltr'><strong>solvit.</strong></span> <span class='ocrx_word' id='word_1_612' title='bbox 1224 4733 1293 4786; x_wconf 89' lang='lat' dir='ltr'><strong>Ut</strong></span> <span class='ocrx_word' id='word_1_613' title='bbox 1328 4742 1503 4807; x_wconf 88' lang='lat' dir='ltr'><strong>autem</strong></span> <span class='ocrx_word' id='word_1_614' title='bbox 1535 4735 1605 4790; x_wconf 79' lang='lat' dir='ltr'><strong>sit</strong></span> <span class='ocrx_word' id='word_1_615' title='bbox 1629 4750 1736 4788; x_wconf 67' lang='lat' dir='ltr'><strong>ma-</strong></span> 
     </span>
    </p>
   </div>
   <div class='ocr_carea' id='block_1_81' title="bbox 193 4821 1729 4905">
    <p class='ocr_par' dir='ltr' id='par_1_81' title="bbox 193 4821 1729 4905">
     <span class='ocr_line' id='line_1_81' title="bbox 193 4821 1729 4905; baseline -0.009 -16"><span class='ocrx_word' id='word_1_616' title='bbox 193 4849 337 4905; x_wconf 83' lang='lat' dir='ltr'><strong>gnus</strong></span> <span class='ocrx_word' id='word_1_617' title='bbox 350 4841 507 4899; x_wconf 88' lang='lat' dir='ltr'><strong>atque</strong></span> <span class='ocrx_word' id='word_1_618' title='bbox 537 4829 609 4882; x_wconf 87' lang='lat' dir='ltr'><strong>illi</strong></span> <span class='ocrx_word' id='word_1_619' title='bbox 637 4840 798 4895; x_wconf 88' lang='lat' dir='ltr'><strong>regno</strong></span> <span class='ocrx_word' id='word_1_620' title='bbox 827 4832 998 4892; x_wconf 87' lang='lat' dir='ltr'><strong>aptus,</strong></span> <span class='ocrx_word' id='word_1_621' title='bbox 1028 4821 1202 4875; x_wconf 87' lang='lat' dir='ltr'><strong>facere</strong></span> <span class='ocrx_word' id='word_1_622' title='bbox 1232 4821 1408 4884; x_wconf 88' lang='lat' dir='ltr'><strong>debet,</strong></span> <span class='ocrx_word' id='word_1_623' title='bbox 1441 4827 1494 4875; x_wconf 90' lang='lat' dir='ltr'><strong>et</strong></span> <span class='ocrx_word' id='word_1_624' title='bbox 1520 4822 1729 4885; x_wconf 82' lang='lat' dir='ltr'><strong>docere,</strong></span> 
     </span>
    </p>
   </div>
   <div class='ocr_carea' id='block_1_82' title="bbox 196 4908 1735 4978">
    <p class='ocr_par' dir='ltr' id='par_1_82' title="bbox 196 4908 1735 4978">
     <span class='ocr_line' id='line_1_82' title="bbox 196 4908 1735 4978; baseline -0.01 0"><span class='ocrx_word' id='word_1_625' title='bbox 196 4927 345 4978; x_wconf 88' lang='lat' dir='ltr'><strong>sicut</strong></span> <span class='ocrx_word' id='word_1_626' title='bbox 364 4918 602 4974; x_wconf 81' lang='lat' dir='ltr'><strong>Christus</strong></span> <span class='ocrx_word' id='word_1_627' title='bbox 632 4928 770 4966; x_wconf 90' lang='lat' dir='ltr'><strong>nunc</strong></span> <span class='ocrx_word' id='word_1_628' title='bbox 802 4912 971 4974; x_wconf 87' lang='lat' dir='ltr'><strong>docet,</strong></span> <span class='ocrx_word' id='word_1_629' title='bbox 996 4910 1048 4962; x_wconf 90' lang='lat' dir='ltr'><strong>id</strong></span> <span class='ocrx_word' id='word_1_630' title='bbox 1071 4918 1169 4973; x_wconf 89' lang='lat' dir='ltr'><strong>est,</strong></span> <span class='ocrx_word' id='word_1_631' title='bbox 1200 4916 1259 4962; x_wconf 90' lang='lat' dir='ltr'><strong>ut</strong></span> <span class='ocrx_word' id='word_1_632' title='bbox 1278 4908 1509 4962; x_wconf 85' lang='lat' dir='ltr'><strong>abundet</strong></span> <span class='ocrx_word' id='word_1_633' title='bbox 1534 4910 1735 4978; x_wconf 88' lang='lat' dir='ltr'><strong>justitia</strong></span> 
     </span>
    </p>
   </div>
   <div class='ocr_carea' id='block_1_83' title="bbox 193 4996 1738 5079">
    <p class='ocr_par' dir='ltr' id='par_1_83' title="bbox 193 4996 1738 5079">
     <span class='ocr_line' id='line_1_83' title="bbox 193 4996 1738 5079; baseline -0.01 -14"><span class='ocrx_word' id='word_1_634' title='bbox 193 5011 320 5079; x_wconf 78' lang='lat' dir='ltr'><strong>ejus</strong></span> <span class='ocrx_word' id='word_1_635' title='bbox 344 5023 501 5077; x_wconf 86' lang='lat' dir='ltr'><strong>super</strong></span> <span class='ocrx_word' id='word_1_636' title='bbox 531 5005 833 5059; x_wconf 84' lang='lat' dir='ltr'><strong>Scribarum</strong></span> <span class='ocrx_word' id='word_1_637' title='bbox 861 5007 915 5054; x_wconf 83' lang='lat' dir='ltr'><strong>et</strong></span> <span class='ocrx_word' id='word_1_638' title='bbox 940 4998 1342 5052; x_wconf 73' lang='lat' dir='ltr'><strong>Pharisazorum.</strong></span> <span class='ocrx_word' id='word_1_639' title='bbox 1371 4996 1579 5051; x_wconf 83' lang='lat' dir='ltr'><strong>Justitia</strong></span> <span class='ocrx_word' id='word_1_640' title='bbox 1604 4997 1738 5051; x_wconf 88' lang='lat' dir='ltr'><strong>Pha-</strong></span> 
     </span>
    </p>
   </div>
   <div class='ocr_carea' id='block_1_84' title="bbox 184 5086 1735 5155">
    <p class='ocr_par' dir='ltr' id='par_1_84' title="bbox 184 5086 1735 5155">
     <span class='ocr_line' id='line_1_84' title="bbox 184 5086 1735 5155; baseline -0.01 0"><span class='ocrx_word' id='word_1_641' title='bbox 184 5091 482 5154; x_wconf 25' lang='lat' dir='ltr'><strong>&quot;r’is;eorttm</strong></span> <span class='ocrx_word' id='word_1_642' title='bbox 528 5102 625 5155; x_wconf 88' lang='lat' dir='ltr'><strong>est,</strong></span> <span class='ocrx_word' id='word_1_643' title='bbox 665 5101 723 5146; x_wconf 91' lang='lat' dir='ltr'><strong>ut</strong></span> <span class='ocrx_word' id='word_1_644' title='bbox 764 5106 867 5145; x_wconf 91' lang='lat' dir='ltr'><strong>non</strong></span> <span class='ocrx_word' id='word_1_645' title='bbox 901 5088 1146 5143; x_wconf 88' lang='lat' dir='ltr'><strong>occidant</strong></span> <span class='ocrx_word' id='word_1_646' title='bbox 1168 5103 1183 5150; x_wconf 86' lang='lat'><strong>;</strong></span> <span class='ocrx_word' id='word_1_647' title='bbox 1208 5086 1411 5155; x_wconf 85' lang='lat' dir='ltr'><strong>justitia</strong></span> <span class='ocrx_word' id='word_1_648' title='bbox 1436 5100 1619 5140; x_wconf 90' lang='lat' dir='ltr'><strong>eorum</strong></span> <span class='ocrx_word' id='word_1_649' title='bbox 1647 5089 1735 5154; x_wconf 89' lang='lat' dir='ltr'><strong>qui</strong></span> 
     </span>
    </p>
   </div>
   <div class='ocr_carea' id='block_1_85' title="bbox 193 5182 1729 5255">
    <p class='ocr_par' dir='ltr' id='par_1_85' title="bbox 193 5182 1729 5255">
     <span class='ocr_line' id='line_1_85' title="bbox 193 5182 1729 5255; baseline -0.009 -7"><span class='ocrx_word' id='word_1_650' title='bbox 193 5190 451 5249; x_wconf 77' lang='lat' dir='ltr'><strong>intraturi</strong></span> <span class='ocrx_word' id='word_1_651' title='bbox 489 5188 609 5241; x_wconf 88' lang='lat' dir='ltr'><strong>sunt</strong></span> <span class='ocrx_word' id='word_1_652' title='bbox 661 5202 876 5255; x_wconf 81' lang='lat' dir='ltr'><strong>regnum</strong></span> <span class='ocrx_word' id='word_1_653' title='bbox 906 5184 1019 5246; x_wconf 90' lang='lat' dir='ltr'><strong>Dei,</strong></span> <span class='ocrx_word' id='word_1_654' title='bbox 1070 5191 1124 5234; x_wconf 91' lang='lat' dir='ltr'><strong>ut</strong></span> <span class='ocrx_word' id='word_1_655' title='bbox 1153 5197 1257 5245; x_wconf 89' lang='lat' dir='ltr'><strong>nou</strong></span> <span class='ocrx_word' id='word_1_656' title='bbox 1287 5182 1604 5235; x_wconf 86' lang='lat' dir='ltr'><strong>irascantur.</strong></span> <span class='ocrx_word' id='word_1_657' title='bbox 1634 5182 1729 5235; x_wconf 77' lang='lat' dir='ltr'><strong>Mi-</strong></span> 
     </span>
    </p>
   </div>
   <div class='ocr_carea' id='block_1_86' title="bbox 198 5269 1731 5342">
    <p class='ocr_par' dir='ltr' id='par_1_86' title="bbox 198 5269 1731 5342">
     <span class='ocr_line' id='line_1_86' title="bbox 198 5269 1731 5342; baseline -0.009 -7"><span class='ocrx_word' id='word_1_658' title='bbox 198 5282 408 5335; x_wconf 79' lang='lat' dir='ltr'><strong>nimum</strong></span> <span class='ocrx_word' id='word_1_659' title='bbox 436 5283 515 5327; x_wconf 89' lang='lat' dir='ltr'><strong>est</strong></span> <span class='ocrx_word' id='word_1_660' title='bbox 541 5284 665 5342; x_wconf 86' lang='lat' dir='ltr'><strong>ergo</strong></span> <span class='ocrx_word' id='word_1_661' title='bbox 717 5289 821 5326; x_wconf 90' lang='lat' dir='ltr'><strong>non</strong></span> <span class='ocrx_word' id='word_1_662' title='bbox 847 5274 1105 5333; x_wconf 87' lang='lat' dir='ltr'><strong>occidere,</strong></span> <span class='ocrx_word' id='word_1_663' title='bbox 1142 5278 1193 5322; x_wconf 89' lang='lat' dir='ltr'><strong>et</strong></span> <span class='ocrx_word' id='word_1_664' title='bbox 1216 5270 1303 5336; x_wconf 89' lang='lat' dir='ltr'><strong>qui</strong></span> <span class='ocrx_word' id='word_1_665' title='bbox 1356 5269 1476 5321; x_wconf 82' lang='lat' dir='ltr'><strong>illud</strong></span> <span class='ocrx_word' id='word_1_666' title='bbox 1515 5270 1731 5322; x_wconf 85' lang='lat' dir='ltr'><strong>solverit</strong></span> 
     </span>
    </p>
   </div>
   <div class='ocr_carea' id='block_1_87' title="bbox 199 5358 1732 5427">
    <p class='ocr_par' dir='ltr' id='par_1_87' title="bbox 199 5358 1732 5427">
     <span class='ocr_line' id='line_1_87' title="bbox 199 5358 1732 5427; baseline -0.01 -2"><span class='ocrx_word' id='word_1_667' title='bbox 199 5368 461 5425; x_wconf 82' lang='lat' dir='ltr'><strong>minimus</strong></span> <span class='ocrx_word' id='word_1_668' title='bbox 508 5362 778 5414; x_wconf 82' lang='lat' dir='ltr'><strong>vocabitur</strong></span> <span class='ocrx_word' id='word_1_669' title='bbox 821 5362 873 5412; x_wconf 92' lang='lat' dir='ltr'><strong>in</strong></span> <span class='ocrx_word' id='word_1_670' title='bbox 909 5376 1071 5427; x_wconf 82' lang='lat' dir='ltr'><strong>regno</strong></span> <span class='ocrx_word' id='word_1_671' title='bbox 1122 5359 1392 5411; x_wconf 69' lang='lat' dir='ltr'><strong>caelorum.</strong></span> <span class='ocrx_word' id='word_1_672' title='bbox 1431 5358 1528 5422; x_wconf 83' lang='lat' dir='ltr'><strong>Qui</strong></span> <span class='ocrx_word' id='word_1_673' title='bbox 1559 5369 1732 5411; x_wconf 91' lang='lat' dir='ltr'><strong>autem</strong></span> 
     </span>
    </p>
   </div>
   <div class='ocr_carea' id='block_1_88' title="bbox 122 5446 1733 5517">
    <p class='ocr_par' dir='ltr' id='par_1_88' title="bbox 122 5446 1733 5517">
     <span class='ocr_line' id='line_1_88' title="bbox 122 5446 1733 5517; baseline -0.009 -6"><span class='ocrx_word' id='word_1_674' title='bbox 122 5462 133 5475; x_wconf 91' lang='lat'>&#39;</span> <span class='ocrx_word' id='word_1_675' title='bbox 203 5456 339 5512; x_wconf 80' lang='lat' dir='ltr'><strong>i‘lud</strong></span> <span class='ocrx_word' id='word_1_676' title='bbox 371 5448 682 5517; x_wconf 70' lang='lat' dir='ltr'><strong>impleverit,</strong></span> <span class='ocrx_word' id='word_1_677' title='bbox 731 5456 787 5499; x_wconf 90' lang='lat' dir='ltr'><strong>ut</strong></span> <span class='ocrx_word' id='word_1_678' title='bbox 814 5462 915 5498; x_wconf 90' lang='lat' dir='ltr'><strong>non</strong></span> <span class='ocrx_word' id='word_1_679' title='bbox 964 5447 1185 5505; x_wconf 86' lang='lat' dir='ltr'><strong>occidat,</strong></span> <span class='ocrx_word' id='word_1_680' title='bbox 1216 5461 1318 5498; x_wconf 91' lang='lat' dir='ltr'><strong>non</strong></span> <span class='ocrx_word' id='word_1_681' title='bbox 1350 5446 1598 5497; x_wconf 86' lang='lat' dir='ltr'><strong>continuo</strong></span> <span class='ocrx_word' id='word_1_682' title='bbox 1622 5461 1733 5497; x_wconf 80' lang='lat' dir='ltr'><strong>ma—</strong></span> 
     </span>
    </p>
   </div>
   <div class='ocr_carea' id='block_1_89' title="bbox 202 5532 1734 5618">
    <p class='ocr_par' dir='ltr' id='par_1_89' title="bbox 202 5532 1734 5618">
     <span class='ocr_line' id='line_1_89' title="bbox 202 5532 1734 5618; baseline -0.01 -20"><span class='ocrx_word' id='word_1_683' title='bbox 202 5560 347 5618; x_wconf 74' lang='lat' dir='ltr'><strong>gnus</strong></span> <span class='ocrx_word' id='word_1_684' title='bbox 398 5541 501 5594; x_wconf 87' lang='lat' dir='ltr'><strong>erit</strong></span> <span class='ocrx_word' id='word_1_685' title='bbox 540 5545 593 5589; x_wconf 92' lang='lat' dir='ltr'><strong>et</strong></span> <span class='ocrx_word' id='word_1_686' title='bbox 641 5534 856 5587; x_wconf 84' lang='lat' dir='ltr'><strong>idoneus</strong></span> <span class='ocrx_word' id='word_1_687' title='bbox 900 5547 1058 5601; x_wconf 90' lang='lat' dir='ltr'><strong>regno</strong></span> <span class='ocrx_word' id='word_1_688' title='bbox 1096 5533 1367 5589; x_wconf 59' lang='lat' dir='ltr'><strong>caelorum,</strong></span> <span class='ocrx_word' id='word_1_689' title='bbox 1396 5532 1514 5609; x_wconf 45' lang='lat' dir='ltr'><strong>&#39;sed</strong></span> <span class='ocrx_word' id='word_1_690' title='bbox 1566 5540 1734 5583; x_wconf 85' lang='lat' dir='ltr'><strong>tamen</strong></span> 
     </span>
    </p>
   </div>
   <div class='ocr_carea' id='block_1_90' title="bbox 206 5618 1735 5690">
    <p class='ocr_par' dir='ltr' id='par_1_90' title="bbox 206 5618 1735 5690">
     <span class='ocr_line' id='line_1_90' title="bbox 206 5618 1735 5690; baseline -0.023 -2"><span class='ocrx_word' id='word_1_691' title='bbox 206 5629 454 5689; x_wconf 72' lang='lat' dir='ltr'><strong>ascendit</strong></span> <span class='ocrx_word' id='word_1_692' title='bbox 500 5624 720 5690; x_wconf 73' lang='lat' dir='ltr'><strong>aliquem</strong></span> <span class='ocrx_word' id='word_1_693' title='bbox 766 5618 1001 5688; x_wconf 81' lang='lat' dir='ltr'><strong>gradum.</strong></span> <span class='ocrx_word' id='word_1_694' title='bbox 1030 5618 1335 5669; x_wconf 77' lang='lat' dir='ltr'><strong>Pcrﬁcietnc</strong></span> <span class='ocrx_word' id='word_1_695' title='bbox 1365 5626 1539 5670; x_wconf 72' lang='lat' dir='ltr'><strong>autem</strong></span> <span class='ocrx_word' id='word_1_696' title='bbox 1569 5618 1612 5669; x_wconf 72' lang='lat' dir='ltr'><strong>si</strong></span> <span class='ocrx_word' id='word_1_697' title='bbox 1642 5633 1735 5670; x_wconf 66' lang='grc' dir='ltr'><strong>ηερ</strong></span> 
     </span>
    </p>
   </div>
   <div class='ocr_carea' id='block_1_91' title="bbox 1840 3210 3471 3281">
    <p class='ocr_par' dir='ltr' id='par_1_91' title="bbox 1840 3210 3471 3281">
     <span class='ocr_line' id='line_1_91' title="bbox 1840 3210 3471 3281; baseline 0.003 -19"><span class='ocrx_word' id='word_1_698' title='bbox 1840 3210 2141 3280; x_wconf 82' lang='lat' dir='ltr'><strong>linguarum</strong></span> <span class='ocrx_word' id='word_1_699' title='bbox 2172 3218 2297 3266; x_wconf 89' lang='lat' dir='ltr'><strong>sunt</strong></span> <span class='ocrx_word' id='word_1_700' title='bbox 2322 3211 2569 3281; x_wconf 67' lang='lat' dir='ltr'><strong>propria),</strong></span> <span class='ocrx_word' id='word_1_701' title='bbox 2597 3224 2698 3266; x_wconf 89' lang='lat' dir='ltr'><strong>nec</strong></span> <span class='ocrx_word' id='word_1_702' title='bbox 2726 3211 2781 3265; x_wconf 90' lang='lat' dir='ltr'><strong>in</strong></span> <span class='ocrx_word' id='word_1_703' title='bbox 2810 3210 2970 3265; x_wconf 88' lang='lat' dir='ltr'><strong>aliam</strong></span> <span class='ocrx_word' id='word_1_704' title='bbox 2992 3210 3228 3281; x_wconf 88' lang='lat' dir='ltr'><strong>linguam</strong></span> <span class='ocrx_word' id='word_1_705' title='bbox 3256 3210 3414 3267; x_wconf 85' lang='lat' dir='ltr'><strong>facile</strong></span> <span class='ocrx_word' id='word_1_706' title='bbox 3468 3216 3471 3219; x_wconf 66' lang='grc'><em>“</em></span> 
     </span>
    </p>
   </div>
   <div class='ocr_carea' id='block_1_92' title="bbox 1843 3298 3416 3370">
    <p class='ocr_par' dir='ltr' id='par_1_92' title="bbox 1843 3298 3416 3370">
     <span class='ocr_line' id='line_1_92' title="bbox 1843 3298 3416 3370; baseline 0.004 -19"><span class='ocrx_word' id='word_1_707' title='bbox 1843 3298 2262 3354; x_wconf 86' lang='lat' dir='ltr'><strong>transferuntur.</strong></span> <span class='ocrx_word' id='word_1_708' title='bbox 2288 3298 2417 3366; x_wconf 77' lang='lat' dir='ltr'><strong>Quae</strong></span> <span class='ocrx_word' id='word_1_709' title='bbox 2444 3313 2606 3354; x_wconf 87' lang='lat' dir='ltr'><strong>causa</strong></span> <span class='ocrx_word' id='word_1_710' title='bbox 2634 3300 2820 3368; x_wconf 86' lang='lat' dir='ltr'><strong>utique</strong></span> <span class='ocrx_word' id='word_1_711' title='bbox 2839 3300 3016 3370; x_wconf 82' lang='lat' dir='ltr'><strong>coegit</strong></span> <span class='ocrx_word' id='word_1_712' title='bbox 3040 3308 3147 3355; x_wconf 87' lang='lat' dir='ltr'><strong>tam</strong></span> <span class='ocrx_word' id='word_1_713' title='bbox 3170 3299 3416 3358; x_wconf 70' lang='lat' dir='ltr'><strong>Griecum</strong></span> 
     </span>
    </p>
   </div>
   <div class='ocr_carea' id='block_1_93' title="bbox 1842 3384 3411 3469">
    <p class='ocr_par' dir='ltr' id='par_1_93' title="bbox 1842 3384 3411 3469">
     <span class='ocr_line' id='line_1_93' title="bbox 1842 3384 3411 3469; baseline 0.003 -25"><span class='ocrx_word' id='word_1_714' title='bbox 1842 3406 2000 3469; x_wconf 86' lang='lat' dir='ltr'><strong>quam</strong></span> <span class='ocrx_word' id='word_1_715' title='bbox 2040 3384 2291 3447; x_wconf 78' lang='lat' dir='ltr'><strong>Latinum</strong></span> <span class='ocrx_word' id='word_1_716' title='bbox 2327 3392 2675 3462; x_wconf 88' lang='lat' dir='ltr'><strong>interpretem</strong></span> <span class='ocrx_word' id='word_1_717' title='bbox 2725 3404 2911 3445; x_wconf 91' lang='lat' dir='ltr'><strong>vocem</strong></span> <span class='ocrx_word' id='word_1_718' title='bbox 2964 3391 3135 3460; x_wconf 88' lang='lat' dir='ltr'><strong>ipsam</strong></span> <span class='ocrx_word' id='word_1_719' title='bbox 3181 3407 3411 3462; x_wconf 88' lang='lat' dir='ltr'><strong>ponere,</strong></span> 
     </span>
    </p>
   </div>
   <div class='ocr_carea' id='block_1_94' title="bbox 1841 3477 3196 3560">
    <p class='ocr_par' dir='ltr' id='par_1_94' title="bbox 1841 3477 3196 3560">
     <span class='ocr_line' id='line_1_94' title="bbox 1841 3477 3196 3560; baseline 0 -21"><span class='ocrx_word' id='word_1_720' title='bbox 1841 3499 1963 3560; x_wconf 86' lang='lat' dir='ltr'><strong>cum</strong></span> <span class='ocrx_word' id='word_1_721' title='bbox 1994 3477 2262 3553; x_wconf 83' lang='lat' dir='ltr'><strong>quomodo</strong></span> <span class='ocrx_word' id='word_1_722' title='bbox 2292 3484 2741 3552; x_wconf 85' lang='lat' dir='ltr'><strong>interpretaretur</strong></span> <span class='ocrx_word' id='word_1_723' title='bbox 2769 3498 2875 3537; x_wconf 91' lang='lat' dir='ltr'><strong>non</strong></span> <span class='ocrx_word' id='word_1_724' title='bbox 2904 3484 3196 3540; x_wconf 84' lang='lat' dir='ltr'><strong>invenitur.</strong></span> 
     </span>
    </p>
   </div>
   <div class='ocr_carea' id='block_1_95' title="bbox 1913 3564 3406 3643">
    <p class='ocr_par' dir='ltr' id='par_1_95' title="bbox 1913 3564 3406 3643">
     <span class='ocr_line' id='line_1_95' title="bbox 1913 3564 3406 3643; baseline 0.001 -17"><span class='ocrx_word' id='word_1_725' title='bbox 1913 3573 2085 3627; x_wconf 83' lang='lat' dir='ltr'><strong>Aliter</strong></span> <span class='ocrx_word' id='word_1_726' title='bbox 2122 3572 2282 3626; x_wconf 82' lang='lat' dir='ltr'><strong>racba</strong></span> <span class='ocrx_word' id='word_1_727' title='bbox 2319 3572 2543 3643; x_wconf 86' lang='lat' dir='ltr'><strong>proprie</strong></span> <span class='ocrx_word' id='word_1_728' title='bbox 2569 3572 2794 3627; x_wconf 83' lang='lat' dir='ltr'><strong>verbum</strong></span> <span class='ocrx_word' id='word_1_729' title='bbox 2825 3564 3173 3640; x_wconf 70' lang='lat' dir='ltr'><strong>Hebrmorum</strong></span> <span class='ocrx_word' id='word_1_730' title='bbox 3203 3580 3317 3638; x_wconf 89' lang='lat' dir='ltr'><strong>est,</strong></span> <span class='ocrx_word' id='word_1_731' title='bbox 3349 3583 3406 3629; x_wconf 92' lang='lat' dir='ltr'><strong>et</strong></span> 
     </span>
    </p>
   </div>
   <div class='ocr_carea' id='block_1_96' title="bbox 1842 3661 3409 3733">
    <p class='ocr_par' dir='ltr' id='par_1_96' title="bbox 1842 3661 3409 3733">
     <span class='ocr_line' id='line_1_96' title="bbox 1842 3661 3409 3733; baseline -0.001 -14"><span class='ocrx_word' id='word_1_732' title='bbox 1842 3665 2227 3733; x_wconf 86' lang='lat' dir='ltr'><strong>interpretatur</strong></span> <span class='ocrx_word' id='word_1_733' title='bbox 2253 3663 2438 3728; x_wconf 65' lang='lat' dir='ltr'><strong>zonae,</strong></span> <span class='ocrx_word' id='word_1_734' title='bbox 2463 3662 2516 3716; x_wconf 92' lang='lat' dir='ltr'><strong>id</strong></span> <span class='ocrx_word' id='word_1_735' title='bbox 2543 3668 2654 3727; x_wconf 88' lang='lat' dir='ltr'><strong>est,</strong></span> <span class='ocrx_word' id='word_1_736' title='bbox 2681 3661 2856 3717; x_wconf 87' lang='lat' dir='ltr'><strong>inanis</strong></span> <span class='ocrx_word' id='word_1_737' title='bbox 2881 3668 2975 3728; x_wconf 85' lang='lat' dir='ltr'><strong>aut</strong></span> <span class='ocrx_word' id='word_1_738' title='bbox 2996 3676 3221 3730; x_wconf 81' lang='lat' dir='ltr'><strong>vacuus,</strong></span> <span class='ocrx_word' id='word_1_739' title='bbox 3249 3677 3409 3732; x_wconf 85' lang='lat' dir='ltr'><strong>quem</strong></span> 
     </span>
    </p>
   </div>
   <div class='ocr_carea' id='block_1_97' title="bbox 1842 3750 3411 3826">
    <p class='ocr_par' dir='ltr' id='par_1_97' title="bbox 1842 3750 3411 3826">
     <span class='ocr_line' id='line_1_97' title="bbox 1842 3750 3411 3826; baseline -0.001 -17"><span class='ocrx_word' id='word_1_740' title='bbox 1842 3771 1943 3809; x_wconf 87' lang='lat' dir='ltr'><strong>nos</strong></span> <span class='ocrx_word' id='word_1_741' title='bbox 1969 3764 2255 3826; x_wconf 88' lang='lat' dir='ltr'><strong>possumus</strong></span> <span class='ocrx_word' id='word_1_742' title='bbox 2283 3752 2503 3823; x_wconf 83' lang='lat' dir='ltr'><strong>vulgata</strong></span> <span class='ocrx_word' id='word_1_743' title='bbox 2527 3750 2750 3826; x_wconf 66' lang='lat' dir='ltr'><strong>injuria,</strong></span> <span class='ocrx_word' id='word_1_744' title='bbox 2782 3752 2974 3821; x_wconf 80' lang='lat' dir='ltr'><strong>absque</strong></span> <span class='ocrx_word' id='word_1_745' title='bbox 2999 3752 3208 3807; x_wconf 84' lang='lat' dir='ltr'><strong>cerebro</strong></span> <span class='ocrx_word' id='word_1_746' title='bbox 3225 3793 3240 3819; x_wconf 91' lang='lat'><strong>,</strong></span> <span class='ocrx_word' id='word_1_747' title='bbox 3272 3769 3411 3807; x_wconf 87' lang='lat' dir='ltr'><strong>nun-</strong></span> 
     </span>
    </p>
   </div>
   <div class='ocr_carea' id='block_1_98' title="bbox 1844 3824 3409 3919">
    <p class='ocr_par' dir='ltr' id='par_1_98' title="bbox 1844 3824 3409 3919">
     <span class='ocr_line' id='line_1_98' title="bbox 1844 3824 3409 3919; baseline -0.003 -19"><span class='ocrx_word' id='word_1_748' title='bbox 1844 3824 2062 3919; x_wconf 81' lang='lat' dir='ltr'><strong>cupare.</strong></span> <span class='ocrx_word' id='word_1_749' title='bbox 2117 3843 2173 3899; x_wconf 91' lang='lat' dir='ltr'><strong>Si</strong></span> <span class='ocrx_word' id='word_1_750' title='bbox 2211 3842 2277 3898; x_wconf 90' lang='lat' dir='ltr'><strong>de</strong></span> <span class='ocrx_word' id='word_1_751' title='bbox 2314 3843 2490 3896; x_wconf 88' lang='lat' dir='ltr'><strong>otioso</strong></span> <span class='ocrx_word' id='word_1_752' title='bbox 2526 3824 2774 3896; x_wconf 73' lang='lat' dir='ltr'><strong>sei-mone</strong></span> <span class='ocrx_word' id='word_1_753' title='bbox 2806 3840 3065 3896; x_wconf 88' lang='lat' dir='ltr'><strong>reddituri</strong></span> <span class='ocrx_word' id='word_1_754' title='bbox 3100 3842 3287 3897; x_wconf 87' lang='lat' dir='ltr'><strong>sumus</strong></span> <span class='ocrx_word' id='word_1_755' title='bbox 3320 3857 3409 3896; x_wconf 83' lang='lat' dir='ltr'><strong>ra-</strong></span> 
     </span>
    </p>
   </div>
   <div class='ocr_carea' id='block_1_99' title="bbox 1844 3920 3437 4003">
    <p class='ocr_par' dir='ltr' id='par_1_99' title="bbox 1844 3920 3437 4003">
     <span class='ocr_line' id='line_1_99' title="bbox 1844 3920 3437 4003; baseline 0 -15"><span class='ocrx_word' id='word_1_756' title='bbox 1844 3937 2072 4000; x_wconf 89' lang='lat' dir='ltr'><strong>tionem,</strong></span> <span class='ocrx_word' id='word_1_757' title='bbox 2122 3939 2322 4002; x_wconf 88' lang='lat' dir='ltr'><strong>quanto</strong></span> <span class='ocrx_word' id='word_1_758' title='bbox 2366 3931 2537 4001; x_wconf 89' lang='lat' dir='ltr'><strong>magis</strong></span> <span class='ocrx_word' id='word_1_759' title='bbox 2580 3931 2647 3985; x_wconf 91' lang='lat' dir='ltr'><strong>de</strong></span> <span class='ocrx_word' id='word_1_760' title='bbox 2694 3920 3075 3985; x_wconf 78' lang='lat' dir='ltr'><strong>contumeliis?</strong></span> <span class='ocrx_word' id='word_1_761' title='bbox 3109 3927 3217 3985; x_wconf 87' lang='lat' dir='ltr'><strong>Sed</strong></span> <span class='ocrx_word' id='word_1_762' title='bbox 3248 3940 3304 3987; x_wconf 90' lang='lat' dir='ltr'><strong>et</strong></span> <span class='ocrx_word' id='word_1_763' title='bbox 3339 3931 3437 4003; x_wconf 66' lang='lat' dir='ltr'><strong>sl-j</strong></span> 
     </span>
    </p>
   </div>
   <div class='ocr_carea' id='block_1_100' title="bbox 1830 4022 3409 4111">
    <p class='ocr_par' dir='ltr' id='par_1_100' title="bbox 1830 4022 3409 4111">
     <span class='ocr_line' id='line_1_100' title="bbox 1830 4022 3409 4111; baseline -0.004 -25"><span class='ocrx_word' id='word_1_764' title='bbox 1830 4023 2068 4103; x_wconf 69' lang='lat' dir='ltr'><strong>gnanter</strong></span> <span class='ocrx_word' id='word_1_765' title='bbox 2121 4028 2317 4083; x_wconf 90' lang='lat' dir='ltr'><strong>addit:</strong></span> <span class='ocrx_word' id='word_1_766' title='bbox 2355 4026 2447 4111; x_wconf 79' lang='lat' dir='ltr'><strong>qui</strong></span> <span class='ocrx_word' id='word_1_767' title='bbox 2499 4026 2589 4081; x_wconf 87' lang='lat' dir='ltr'><strong>hic</strong></span> <span class='ocrx_word' id='word_1_768' title='bbox 2636 4024 2825 4079; x_wconf 71' lang='lat' dir='ltr'><strong>dixerit</strong></span> <span class='ocrx_word' id='word_1_769' title='bbox 2875 4022 3033 4091; x_wconf 83' lang='lat' dir='ltr'><strong>fratri</strong></span> <span class='ocrx_word' id='word_1_770' title='bbox 3081 4038 3178 4077; x_wconf 87' lang='lat' dir='ltr'><strong>suo</strong></span> <span class='ocrx_word' id='word_1_771' title='bbox 3229 4026 3409 4082; x_wconf 70' lang='lat' dir='ltr'><strong>recite.</strong></span> 
     </span>
    </p>
   </div>
   <div class='ocr_carea' id='block_1_101' title="bbox 1840 4113 3410 4184">
    <p class='ocr_par' dir='ltr' id='par_1_101' title="bbox 1840 4113 3410 4184">
     <span class='ocr_line' id='line_1_101' title="bbox 1840 4113 3410 4184; baseline -0.003 -7"><span class='ocrx_word' id='word_1_772' title='bbox 1840 4123 2031 4177; x_wconf 85' lang='lat' dir='ltr'><strong>Frater</strong></span> <span class='ocrx_word' id='word_1_773' title='bbox 2055 4120 2197 4175; x_wconf 89' lang='lat' dir='ltr'><strong>enim</strong></span> <span class='ocrx_word' id='word_1_774' title='bbox 2230 4117 2408 4173; x_wconf 91' lang='lat' dir='ltr'><strong>nullus</strong></span> <span class='ocrx_word' id='word_1_775' title='bbox 2435 4124 2551 4183; x_wconf 89' lang='lat' dir='ltr'><strong>est,</strong></span> <span class='ocrx_word' id='word_1_776' title='bbox 2582 4115 2686 4170; x_wconf 90' lang='lat' dir='ltr'><strong>nisi</strong></span> <span class='ocrx_word' id='word_1_777' title='bbox 2715 4113 2805 4184; x_wconf 87' lang='lat' dir='ltr'><strong>qui</strong></span> <span class='ocrx_word' id='word_1_778' title='bbox 2846 4113 3125 4169; x_wconf 90' lang='lat' dir='ltr'><strong>nobiscum</strong></span> <span class='ocrx_word' id='word_1_779' title='bbox 3161 4116 3410 4172; x_wconf 88' lang='lat' dir='ltr'><strong>eumdem</strong></span> 
     </span>
    </p>
   </div>
   <div class='ocr_carea' id='block_1_102' title="bbox 1838 4202 3403 4278">
    <p class='ocr_par' dir='ltr' id='par_1_102' title="bbox 1838 4202 3403 4278">
     <span class='ocr_line' id='line_1_102' title="bbox 1838 4202 3403 4278; baseline -0.004 -13"><span class='ocrx_word' id='word_1_780' title='bbox 1838 4210 2000 4265; x_wconf 80' lang='lat' dir='ltr'><strong>habet</strong></span> <span class='ocrx_word' id='word_1_781' title='bbox 2031 4217 2259 4278; x_wconf 86' lang='lat' dir='ltr'><strong>patrem.</strong></span> <span class='ocrx_word' id='word_1_782' title='bbox 2293 4206 2427 4263; x_wconf 89' lang='lat' dir='ltr'><strong>Cum</strong></span> <span class='ocrx_word' id='word_1_783' title='bbox 2454 4219 2585 4274; x_wconf 89' lang='lat' dir='ltr'><strong>ergo</strong></span> <span class='ocrx_word' id='word_1_784' title='bbox 2610 4202 2860 4257; x_wconf 88' lang='lat' dir='ltr'><strong>similiter</strong></span> <span class='ocrx_word' id='word_1_785' title='bbox 2888 4203 3077 4258; x_wconf 88' lang='lat' dir='ltr'><strong>credat</strong></span> <span class='ocrx_word' id='word_1_786' title='bbox 3105 4203 3160 4257; x_wconf 92' lang='lat' dir='ltr'><strong>in</strong></span> <span class='ocrx_word' id='word_1_787' title='bbox 3192 4204 3361 4261; x_wconf 86' lang='lat' dir='ltr'><strong>Deum</strong></span> <span class='ocrx_word' id='word_1_788' title='bbox 3388 4246 3403 4269; x_wconf 93' lang='lat'><strong>,</strong></span> 
     </span>
    </p>
   </div>
   <div class='ocr_carea' id='block_1_103' title="bbox 1836 4282 3408 4375">
    <p class='ocr_par' dir='ltr' id='par_1_103' title="bbox 1836 4282 3408 4375">
     <span class='ocr_line' id='line_1_103' title="bbox 1836 4282 3408 4375; baseline -0.003 -23"><span class='ocrx_word' id='word_1_789' title='bbox 1836 4306 1892 4375; x_wconf 80' lang='lat' dir='ltr'><strong>et</strong></span> <span class='ocrx_word' id='word_1_790' title='bbox 1923 4295 2192 4352; x_wconf 86' lang='lat' dir='ltr'><strong>Christum</strong></span> <span class='ocrx_word' id='word_1_791' title='bbox 2227 4293 2322 4349; x_wconf 90' lang='lat' dir='ltr'><strong>Dei</strong></span> <span class='ocrx_word' id='word_1_792' title='bbox 2370 4291 2582 4347; x_wconf 87' lang='lat' dir='ltr'><strong>noverit</strong></span> <span class='ocrx_word' id='word_1_793' title='bbox 2628 4290 2950 4359; x_wconf 82' lang='lat' dir='ltr'><strong>sapientiam</strong></span> <span class='ocrx_word' id='word_1_794' title='bbox 2968 4282 2988 4354; x_wconf 76' lang='grc'><strong>’,</strong></span> <span class='ocrx_word' id='word_1_795' title='bbox 3039 4304 3145 4359; x_wconf 89' lang='lat' dir='ltr'><strong>qua</strong></span> <span class='ocrx_word' id='word_1_796' title='bbox 3198 4292 3408 4348; x_wconf 80' lang='lat' dir='ltr'><strong>ratione</strong></span> 
     </span>
    </p>
   </div>
   <div class='ocr_carea' id='block_1_104' title="bbox 1838 4378 3406 4453">
    <p class='ocr_par' dir='ltr' id='par_1_104' title="bbox 1838 4378 3406 4453">
     <span class='ocr_line' id='line_1_104' title="bbox 1838 4378 3406 4453; baseline -0.003 -10"><span class='ocrx_word' id='word_1_797' title='bbox 1838 4387 2079 4444; x_wconf 71' lang='lat' dir='ltr'><strong>stultitim</strong></span> <span class='ocrx_word' id='word_1_798' title='bbox 2101 4383 2275 4453; x_wconf 85' lang='lat' dir='ltr'><strong>elogio</strong></span> <span class='ocrx_word' id='word_1_799' title='bbox 2304 4380 2547 4439; x_wconf 80' lang='lat' dir='ltr'><strong>denotari</strong></span> <span class='ocrx_word' id='word_1_800' title='bbox 2574 4378 2796 4449; x_wconf 85' lang='lat' dir='ltr'><strong>potest?</strong></span> <span class='ocrx_word' id='word_1_801' title='bbox 2820 4378 2839 4449; x_wconf 96' lang='lat'><strong>(</strong></span> <span class='ocrx_word' id='word_1_802' title='bbox 2862 4378 3080 4451; x_wconf 78' lang='lat' dir='ltr'><strong>Hilar.)</strong></span> <span class='ocrx_word' id='word_1_803' title='bbox 3110 4379 3211 4447; x_wconf 91' lang='lat' dir='ltr'><strong>Qui</strong></span> <span class='ocrx_word' id='word_1_804' title='bbox 3238 4380 3406 4450; x_wconf 88' lang='lat' dir='ltr'><strong>igitur</strong></span> 
     </span>
    </p>
   </div>
   <div class='ocr_carea' id='block_1_105' title="bbox 1837 4468 3404 4547">
    <p class='ocr_par' dir='ltr' id='par_1_105' title="bbox 1837 4468 3404 4547">
     <span class='ocr_line' id='line_1_105' title="bbox 1837 4468 3404 4547; baseline -0.003 -17"><span class='ocrx_word' id='word_1_805' title='bbox 1837 4474 2040 4547; x_wconf 87' lang='lat' dir='ltr'><strong>Spiritu</strong></span> <span class='ocrx_word' id='word_1_806' title='bbox 2065 4479 2252 4527; x_wconf 89' lang='lat' dir='ltr'><strong>sancto</strong></span> <span class='ocrx_word' id='word_1_807' title='bbox 2275 4470 2490 4539; x_wconf 88' lang='lat' dir='ltr'><strong>plenum</strong></span> <span class='ocrx_word' id='word_1_808' title='bbox 2517 4468 2762 4523; x_wconf 89' lang='lat' dir='ltr'><strong>convicio</strong></span> <span class='ocrx_word' id='word_1_809' title='bbox 2784 4469 3069 4523; x_wconf 85' lang='lat' dir='ltr'><strong>vacuitatis</strong></span> <span class='ocrx_word' id='word_1_810' title='bbox 3094 4469 3404 4545; x_wconf 86' lang='lat' dir='ltr'><strong>insimulat,</strong></span> 
     </span>
    </p>
   </div>
   <div class='ocr_carea' id='block_1_106' title="bbox 1837 4558 3403 4630">
    <p class='ocr_par' dir='ltr' id='par_1_106' title="bbox 1837 4558 3403 4630">
     <span class='ocr_line' id='line_1_106' title="bbox 1837 4558 3403 4630; baseline -0.001 -9"><span class='ocrx_word' id='word_1_811' title='bbox 1837 4566 1897 4621; x_wconf 81' lang='lat' dir='ltr'><strong>ﬁt</strong></span> <span class='ocrx_word' id='word_1_812' title='bbox 1930 4560 2311 4621; x_wconf 80' lang='lat' dir='ltr'><strong>reusconcilio</strong></span> <span class='ocrx_word' id='word_1_813' title='bbox 2345 4568 2655 4614; x_wconf 89' lang='lat' dir='ltr'><strong>sanctorum</strong></span> <span class='ocrx_word' id='word_1_814' title='bbox 2683 4599 2696 4623; x_wconf 93' lang='lat'><strong>,</strong></span> <span class='ocrx_word' id='word_1_815' title='bbox 2738 4558 3118 4614; x_wconf 87' lang='lat' dir='ltr'><strong>contumeliam</strong></span> <span class='ocrx_word' id='word_1_816' title='bbox 3170 4560 3403 4630; x_wconf 77' lang='lat' dir='ltr'><strong>Spiritus</strong></span> 
     </span>
    </p>
   </div>
   <div class='ocr_carea' id='block_1_107' title="bbox 1835 4648 3396 4716">
    <p class='ocr_par' dir='ltr' id='par_1_107' title="bbox 1835 4648 3396 4716">
     <span class='ocr_line' id='line_1_107' title="bbox 1835 4648 3396 4716; baseline -0.002 -7"><span class='ocrx_word' id='word_1_817' title='bbox 1835 4655 2006 4712; x_wconf 86' lang='lat' dir='ltr'><strong>sancti</strong></span> <span class='ocrx_word' id='word_1_818' title='bbox 2043 4661 2349 4708; x_wconf 86' lang='lat' dir='ltr'><strong>sanctorum</strong></span> <span class='ocrx_word' id='word_1_819' title='bbox 2380 4649 2625 4716; x_wconf 88' lang='lat' dir='ltr'><strong>judicum</strong></span> <span class='ocrx_word' id='word_1_820' title='bbox 2654 4648 3119 4703; x_wconf 87' lang='lat' dir='ltr'><strong>animadversione</strong></span> <span class='ocrx_word' id='word_1_821' title='bbox 3147 4648 3396 4706; x_wconf 88' lang='lat' dir='ltr'><strong>luiturus.</strong></span> 
     </span>
    </p>
   </div>
   <div class='ocr_carea' id='block_1_108' title="bbox 1862 4741 3393 4817">
    <p class='ocr_par' dir='ltr' id='par_1_108' title="bbox 1862 4741 3393 4817">
     <span class='ocr_line' id='line_1_108' title="bbox 1862 4741 3393 4817; baseline 0.001 -20"><span class='ocrx_word' id='word_1_822' title='bbox 1862 4811 1869 4817; x_wconf 91' lang='lat'><em>_</em></span> <span class='ocrx_word' id='word_1_823' title='bbox 1909 4746 2011 4810; x_wconf 89' lang='lat' dir='ltr'><strong>Qui</strong></span> <span class='ocrx_word' id='word_1_824' title='bbox 2042 4754 2212 4798; x_wconf 87' lang='lat' dir='ltr'><strong>autem</strong></span> <span class='ocrx_word' id='word_1_825' title='bbox 2248 4742 2439 4796; x_wconf 72' lang='lat' dir='ltr'><strong>dixerit</strong></span> <span class='ocrx_word' id='word_1_826' title='bbox 2474 4741 2650 4810; x_wconf 89' lang='lat' dir='ltr'><strong>fatue,</strong></span> <span class='ocrx_word' id='word_1_827' title='bbox 2685 4759 2802 4796; x_wconf 88' lang='lat' dir='ltr'><strong>reus</strong></span> <span class='ocrx_word' id='word_1_828' title='bbox 2838 4744 2934 4796; x_wconf 87' lang='lat' dir='ltr'><strong>erit</strong></span> <span class='ocrx_word' id='word_1_829' title='bbox 2968 4741 3210 4812; x_wconf 79' lang='lat' dir='ltr'><strong>gehenna:</strong></span> <span class='ocrx_word' id='word_1_830' title='bbox 3237 4744 3393 4812; x_wconf 88' lang='lat' dir='ltr'><strong>ignis.</strong></span> 
     </span>
    </p>
   </div>
   <div class='ocr_carea' id='block_1_109' title="bbox 1840 4829 3391 4905">
    <p class='ocr_par' dir='ltr' id='par_1_109' title="bbox 1840 4829 3391 4905">
     <span class='ocr_line' id='line_1_109' title="bbox 1840 4829 3391 4905; baseline 0 -20"><span class='ocrx_word' id='word_1_831' title='bbox 1840 4836 1860 4905; x_wconf 84' lang='grc'>(</span> <span class='ocrx_word' id='word_1_832' title='bbox 1886 4834 2100 4887; x_wconf 80' lang='lat' dir='ltr'><strong>Hieron.</strong></span> <span class='ocrx_word' id='word_1_833' title='bbox 2125 4832 2144 4903; x_wconf 91' lang='lat'>)</span> <span class='ocrx_word' id='word_1_834' title='bbox 2176 4831 2274 4898; x_wconf 90' lang='lat' dir='ltr'><strong>Qui</strong></span> <span class='ocrx_word' id='word_1_835' title='bbox 2303 4830 2449 4884; x_wconf 88' lang='lat' dir='ltr'><strong>enim</strong></span> <span class='ocrx_word' id='word_1_836' title='bbox 2477 4845 2631 4900; x_wconf 71' lang='lat' dir='ltr'><strong>teque</strong></span> <span class='ocrx_word' id='word_1_837' title='bbox 2656 4832 2709 4885; x_wconf 90' lang='lat' dir='ltr'><strong>in</strong></span> <span class='ocrx_word' id='word_1_838' title='bbox 2728 4830 2902 4903; x_wconf 28' lang='lat' dir='ltr'><strong>[Deum</strong></span> <span class='ocrx_word' id='word_1_839' title='bbox 2929 4829 3169 4884; x_wconf 88' lang='lat' dir='ltr'><strong>credenti</strong></span> <span class='ocrx_word' id='word_1_840' title='bbox 3198 4829 3391 4886; x_wconf 82' lang='lat' dir='ltr'><strong>dixerit</strong></span> 
     </span>
    </p>
   </div>
   <div class='ocr_carea' id='block_1_110' title="bbox 1839 4917 3391 4991">
    <p class='ocr_par' dir='ltr' id='par_1_110' title="bbox 1839 4917 3391 4991">
     <span class='ocr_line' id='line_1_110' title="bbox 1839 4917 3391 4991; baseline 0 -16"><span class='ocrx_word' id='word_1_841' title='bbox 1839 4924 2008 4985; x_wconf 84' lang='lat' dir='ltr'><strong>fatue,</strong></span> <span class='ocrx_word' id='word_1_842' title='bbox 2040 4922 2231 4991; x_wconf 89' lang='lat' dir='ltr'><strong>impius</strong></span> <span class='ocrx_word' id='word_1_843' title='bbox 2256 4930 2340 4975; x_wconf 90' lang='lat' dir='ltr'><strong>est</strong></span> <span class='ocrx_word' id='word_1_844' title='bbox 2371 4922 2424 4974; x_wconf 89' lang='lat' dir='ltr'><strong>in</strong></span> <span class='ocrx_word' id='word_1_845' title='bbox 2458 4921 2791 4990; x_wconf 84' lang='lat' dir='ltr'><strong>religionem.</strong></span> <span class='ocrx_word' id='word_1_846' title='bbox 2828 4920 3002 4988; x_wconf 79' lang='lat' dir='ltr'><strong>Magni</strong></span> <span class='ocrx_word' id='word_1_847' title='bbox 3029 4917 3222 4986; x_wconf 88' lang='lat' dir='ltr'><strong>piaculi</strong></span> <span class='ocrx_word' id='word_1_848' title='bbox 3250 4920 3391 4987; x_wconf 90' lang='lat' dir='ltr'><strong>peri-</strong></span> 
     </span>
    </p>
   </div>
   <div class='ocr_carea' id='block_1_111' title="bbox 1836 5009 3387 5077">
    <p class='ocr_par' dir='ltr' id='par_1_111' title="bbox 1836 5009 3387 5077">
     <span class='ocr_line' id='line_1_111' title="bbox 1836 5009 3387 5077; baseline 0.001 -12"><span class='ocrx_word' id='word_1_849' title='bbox 1836 5011 2007 5065; x_wconf 90' lang='lat' dir='ltr'><strong>culum</strong></span> <span class='ocrx_word' id='word_1_850' title='bbox 2040 5018 2121 5064; x_wconf 91' lang='lat' dir='ltr'><strong>est</strong></span> <span class='ocrx_word' id='word_1_851' title='bbox 2146 5024 2302 5076; x_wconf 90' lang='lat' dir='ltr'><strong>quem</strong></span> <span class='ocrx_word' id='word_1_852' title='bbox 2334 5010 2499 5065; x_wconf 87' lang='lat' dir='ltr'><strong>salem</strong></span> <span class='ocrx_word' id='word_1_853' title='bbox 2528 5011 2670 5064; x_wconf 89' lang='lat' dir='ltr'><strong>Deus</strong></span> <span class='ocrx_word' id='word_1_854' title='bbox 2698 5009 3093 5077; x_wconf 87' lang='lat' dir='ltr'><strong>nuncupaverit</strong></span> <span class='ocrx_word' id='word_1_855' title='bbox 3114 5024 3235 5063; x_wconf 90' lang='lat' dir='ltr'><strong>cum</strong></span> <span class='ocrx_word' id='word_1_856' title='bbox 3262 5026 3387 5066; x_wconf 88' lang='lat' dir='ltr'><strong>eon-</strong></span> 
     </span>
    </p>
   </div>
   <div class='ocr_carea' id='block_1_112' title="bbox 1837 5096 3383 5169">
    <p class='ocr_par' dir='ltr' id='par_1_112' title="bbox 1837 5096 3383 5169">
     <span class='ocr_line' id='line_1_112' title="bbox 1837 5096 3383 5169; baseline 0.003 -19"><span class='ocrx_word' id='word_1_857' title='bbox 1837 5098 2046 5151; x_wconf 88' lang='lat' dir='ltr'><strong>tumelia</strong></span> <span class='ocrx_word' id='word_1_858' title='bbox 2103 5096 2348 5150; x_wconf 80' lang='lat' dir='ltr'><strong>infatuati</strong></span> <span class='ocrx_word' id='word_1_859' title='bbox 2404 5112 2591 5169; x_wconf 86' lang='lat' dir='ltr'><strong>sensus</strong></span> <span class='ocrx_word' id='word_1_860' title='bbox 2645 5098 2944 5169; x_wconf 83' lang='lat' dir='ltr'><strong>lacessere,</strong></span> <span class='ocrx_word' id='word_1_861' title='bbox 2998 5106 3054 5152; x_wconf 91' lang='lat' dir='ltr'><strong>et</strong></span> <span class='ocrx_word' id='word_1_862' title='bbox 3103 5097 3383 5154; x_wconf 79' lang='lat' dir='ltr'><strong>stultorum</strong></span> 
     </span>
    </p>
   </div>
   <div class='ocr_carea' id='block_1_113' title="bbox 1832 5166 3389 5260">
    <p class='ocr_par' dir='ltr' id='par_1_113' title="bbox 1832 5166 3389 5260">
     <span class='ocr_line' id='line_1_113' title="bbox 1832 5166 3389 5260; baseline 0.003 -24"><span class='ocrx_word' id='word_1_863' title='bbox 1832 5183 2228 5251; x_wconf 85' lang='lat' dir='ltr'><strong>intelligentiam</strong></span> <span class='ocrx_word' id='word_1_864' title='bbox 2257 5166 2535 5237; x_wconf 85' lang='lat' dir='ltr'><strong>salientem</strong></span> <span class='ocrx_word' id='word_1_865' title='bbox 2564 5185 2741 5240; x_wconf 78' lang='lat' dir='ltr'><strong>stulta:</strong></span> <span class='ocrx_word' id='word_1_866' title='bbox 2774 5166 3135 5256; x_wconf 74' lang='lat' dir='ltr'><strong>intelligentia:</strong></span> <span class='ocrx_word' id='word_1_867' title='bbox 3162 5204 3389 5260; x_wconf 77' lang='lat' dir='ltr'><strong>exaspe~.</strong></span> 
     </span>
    </p>
   </div>
   <div class='ocr_carea' id='block_1_114' title="bbox 1830 5268 3379 5345">
    <p class='ocr_par' dir='ltr' id='par_1_114' title="bbox 1830 5268 3379 5345">
     <span class='ocr_line' id='line_1_114' title="bbox 1830 5268 3379 5345; baseline 0.009 -24"><span class='ocrx_word' id='word_1_868' title='bbox 1830 5284 1946 5322; x_wconf 90' lang='lat' dir='ltr'><strong>rare</strong></span> <span class='ocrx_word' id='word_1_869' title='bbox 1992 5268 2286 5322; x_wconf 88' lang='lat' dir='ltr'><strong>maledicto.</strong></span> <span class='ocrx_word' id='word_1_870' title='bbox 2334 5270 2639 5326; x_wconf 83' lang='lat' dir='ltr'><strong>Istiusmodi</strong></span> <span class='ocrx_word' id='word_1_871' title='bbox 2686 5287 2815 5344; x_wconf 88' lang='lat' dir='ltr'><strong>ergo</strong></span> <span class='ocrx_word' id='word_1_872' title='bbox 2860 5276 3046 5329; x_wconf 70' lang='lat' dir='ltr'><strong>aeterni</strong></span> <span class='ocrx_word' id='word_1_873' title='bbox 3090 5274 3229 5345; x_wconf 87' lang='lat' dir='ltr'><strong>ignis</strong></span> <span class='ocrx_word' id='word_1_874' title='bbox 3274 5281 3379 5335; x_wconf 88' lang='lat' dir='ltr'><strong>erit</strong></span> 
     </span>
    </p>
   </div>
   <div class='ocr_carea' id='block_1_115' title="bbox 1827 5353 3372 5435">
    <p class='ocr_par' dir='ltr' id='par_1_115' title="bbox 1827 5353 3372 5435">
     <span class='ocr_line' id='line_1_115' title="bbox 1827 5353 3372 5435; baseline 0.012 -32"><span class='ocrx_word' id='word_1_875' title='bbox 1827 5354 2089 5421; x_wconf 86' lang='lat' dir='ltr'><strong>pabulum.</strong></span> <span class='ocrx_word' id='word_1_876' title='bbox 2135 5353 2356 5419; x_wconf 89' lang='lat' dir='ltr'><strong>Quidam</strong></span> <span class='ocrx_word' id='word_1_877' title='bbox 2403 5368 2581 5413; x_wconf 89' lang='lat' dir='ltr'><strong>autem</strong></span> <span class='ocrx_word' id='word_1_878' title='bbox 2628 5362 2968 5429; x_wconf 67' lang='lat' dir='ltr'><strong>quaerendum</strong></span> <span class='ocrx_word' id='word_1_879' title='bbox 3010 5371 3201 5430; x_wconf 87' lang='lat' dir='ltr'><strong>putant</strong></span> <span class='ocrx_word' id='word_1_880' title='bbox 3246 5369 3372 5435; x_wconf 88' lang='lat' dir='ltr'><strong>quid</strong></span> 
     </span>
    </p>
   </div>
   <div class='ocr_carea' id='block_1_116' title="bbox 1830 5440 3370 5515">
    <p class='ocr_par' dir='ltr' id='par_1_116' title="bbox 1830 5440 3370 5515">
     <span class='ocr_line' id='line_1_116' title="bbox 1830 5440 3370 5515; baseline 0.011 -23"><span class='ocrx_word' id='word_1_881' title='bbox 1830 5440 2032 5493; x_wconf 89' lang='lat' dir='ltr'><strong>intersit</strong></span> <span class='ocrx_word' id='word_1_882' title='bbox 2059 5440 2195 5493; x_wconf 89' lang='lat' dir='ltr'><strong>inter</strong></span> <span class='ocrx_word' id='word_1_883' title='bbox 2225 5460 2364 5496; x_wconf 88' lang='lat' dir='ltr'><strong>reum</strong></span> <span class='ocrx_word' id='word_1_884' title='bbox 2391 5447 2597 5513; x_wconf 86' lang='lat' dir='ltr'><strong>judicio</strong></span> <span class='ocrx_word' id='word_1_885' title='bbox 2617 5489 2631 5513; x_wconf 89' lang='lat'><strong>,</strong></span> <span class='ocrx_word' id='word_1_886' title='bbox 2663 5458 2717 5504; x_wconf 88' lang='lat' dir='ltr'><strong>et</strong></span> <span class='ocrx_word' id='word_1_887' title='bbox 2744 5466 2886 5503; x_wconf 85' lang='lat' dir='ltr'><strong>reum</strong></span> <span class='ocrx_word' id='word_1_888' title='bbox 2913 5451 3132 5506; x_wconf 86' lang='lat' dir='ltr'><strong>concilia</strong></span> <span class='ocrx_word' id='word_1_889' title='bbox 3151 5493 3166 5515; x_wconf 91' lang='lat'><strong>,</strong></span> <span class='ocrx_word' id='word_1_890' title='bbox 3200 5471 3370 5509; x_wconf 77' lang='lat' dir='ltr'><strong>reum-</strong></span> 
     </span>
    </p>
   </div>
   <div class='ocr_carea' id='block_1_117' title="bbox 1829 5532 3449 5613">
    <p class='ocr_par' dir='ltr' id='par_1_117' title="bbox 1829 5532 3449 5613">
     <span class='ocr_line' id='line_1_117' title="bbox 1829 5532 3449 5613; baseline 0.017 -38"><span class='ocrx_word' id='word_1_891' title='bbox 1829 5544 1921 5595; x_wconf 87' lang='lat' dir='ltr'><strong>que</strong></span> <span class='ocrx_word' id='word_1_892' title='bbox 1963 5532 2205 5606; x_wconf 65' lang='lat' dir='ltr'><strong>generante</strong></span> <span class='ocrx_word' id='word_1_893' title='bbox 2242 5532 2391 5600; x_wconf 82' lang='lat' dir='ltr'><strong>ignis.</strong></span> <span class='ocrx_word' id='word_1_894' title='bbox 2443 5536 2572 5590; x_wconf 85' lang='lat' dir='ltr'><strong>Nam</strong></span> <span class='ocrx_word' id='word_1_895' title='bbox 2621 5539 2722 5593; x_wconf 89' lang='lat' dir='ltr'><strong>hoc</strong></span> <span class='ocrx_word' id='word_1_896' title='bbox 2751 5548 3081 5608; x_wconf 87' lang='lat' dir='ltr'><strong>postremum</strong></span> <span class='ocrx_word' id='word_1_897' title='bbox 3117 5548 3362 5613; x_wconf 86' lang='lat' dir='ltr'><strong>gravissi-</strong></span> <span class='ocrx_word' id='word_1_898' title='bbox 3444 5592 3449 5595; x_wconf 55' lang='grc' dir='ltr'><strong>ι</strong></span> 
     </span>
    </p>
   </div>
   <div class='ocr_carea' id='block_1_118' title="bbox 1831 5622 3363 5700">
    <p class='ocr_par' dir='ltr' id='par_1_118' title="bbox 1831 5622 3363 5700">
     <span class='ocr_line' id='line_1_118' title="bbox 1831 5622 3363 5700; baseline 0.021 -37"><span class='ocrx_word' id='word_1_899' title='bbox 1831 5627 1968 5663; x_wconf 83' lang='lat' dir='ltr'><strong>mum</strong></span> <span class='ocrx_word' id='word_1_900' title='bbox 2018 5625 2166 5666; x_wconf 83' lang='lat' dir='ltr'><strong>sonat</strong></span> <span class='ocrx_word' id='word_1_901' title='bbox 2212 5627 2263 5669; x_wconf 85' lang='lat' dir='ltr'><strong>et</strong></span> <span class='ocrx_word' id='word_1_902' title='bbox 2312 5622 2555 5677; x_wconf 66' lang='lat' dir='ltr'><strong>admonet</strong></span> <span class='ocrx_word' id='word_1_903' title='bbox 2600 5627 2795 5693; x_wconf 84' lang='lat' dir='ltr'><strong>gradus</strong></span> <span class='ocrx_word' id='word_1_904' title='bbox 2831 5632 3089 5698; x_wconf 80' lang='lat' dir='ltr'><strong>quosdam</strong></span> <span class='ocrx_word' id='word_1_905' title='bbox 3126 5635 3296 5693; x_wconf 86' lang='lat' dir='ltr'><strong>factus</strong></span> <span class='ocrx_word' id='word_1_906' title='bbox 3332 5638 3363 5700; x_wconf 66' lang='grc' dir='ltr'><strong>ἒ.</strong></span> 
     </span>
    </p>
   </div>
  </div>
