3938 6378
460 250 566 308 807

1102 243 1158 298 Β.
1199 240 1449 299 ΙὶΛΒΔΝΙ
1489 239 1705 295 MAURI
1744 231 2059 292 ARClllliP.

2174 228 2410 288 )GUNT.
2452 223 2739 284 OPERUM
2777 225 2957 281 PARS
2993 224 3029 279 l.

3618 214 3727 273 308

463 357 752 413 levioribus
799 358 882 412 ad,
916 353 1199 423 graviora,
1239 354 1410 407 donec
1447 351 1513 404 ad
1553 349 1853 421 gehennam
1895 345 2032 414 ignis
2063 351 2107 407 Α
2137 358 2305 412 qucre
2334 349 2461 396 ante
2493 340 2669 394 altare
2693 338 2955 407 iubearis.
3000 340 3054 393 Si
3094 354 3223 410 ergo
3259 340 3325 394 dc
3361 339 3598 392 absente
3642 348 3728 393 ei.

465 449 759 504 veniretur.
800 443 1013 499 Gradus
1048 442 1230 512 itaque
1268 450 1393 496 sunt
1432 440 1485 493 in
1526 439 1643 492 istis
1668 435 1944 506 peccatis,
1978 440 2037 485 ut

469 542 641 615 primo
683 540 912 609 quisque
962 537 1245 599 irascatur,
1295 543 1348 589 et
1392 547 1515 588 eum
1557 536 1760 583 motum
1809 526 2039 580 retineat

468 633 632 689 corde
684 637 1021 700 conceptum.
1072 625 1188 680 .lam
1237 626 1282 680 si
1332 620 1621 677 cxtorscrit
1664 633 1851 673 vocem
1905 617 1957 669 in
1981 616 2042 668 ii-

468 721 652 795 gnanti
700 717 1176 791 Ipsa‘commotiu,
1225 730 1329 767 non
1376 701 1771 791 significantem
1810 705 2039 775 aliquid,

471 811 567 867 sed
605 810 756 865 illum
792 807 956 862 animi
994 813 1198 859 motum
1236 803 1349 872 ipsa
1387 801 1667 871 eruptione
1719 804 2042 860 testantem,

474 917 579 970 qua
609 900 833 954 feriatur
860 896 947 950 ille
976 896 1059 950 cui
1091 893 1390 956 irascimur,
1420 889 1540 961 plus
1565 897 1649 945 est
1676 889 1861 959 utique
1884 901 2046 955 quam

476 992 521 1045 si
570 988 918 1062 surgensjra
970 986 1183 1040 silentio
1230 990 1591 1054 premeretur.
1644 979 1703 1035 Si
1759 993 1889 1032 vero
1939 992 2047 1030 non

448 1075 451 1077 “
479 1081 654 1135 solum
681 1094 786 1134 vox
814 1075 1140 1147 indignantis
1174 1073 1443 1136 audiatur,
1472 1070 1564 1125 sed
1596 1070 1758 1125 etiam
1789 1068 2059 1130 verbum,

477 1171 622 1240 quod
674 1176 879 1224 certam
931 1165 1045 1234 ejus
1088 1163 1551 1234 vituperationem
1604 1161 1659 1215 in
1715 1174 1875 1229 quem
1929 1172 2053 1227 pro-

484 1260 659 1316 fertur
697 1260 941 1329 designet
980 1264 1033 1309 et
1075 1262 1253 1329 notet,
1289 1250 1412 1321 quis
1452 1249 1659 1305 dubitet
1688 1247 1919 1317 amplius
1949 1248 2052 1300 hoc

479 1367 601 1406 esse
624 1364 783 1420 quam
813 1348 857 1401 si
886 1345 1029 1401 solus
1056 1342 1438 1413 indignationis
1461 1356 1625 1396 sonus
1652 1338 1925 1393 ederetur.
1948 1337 2053 1391 Ita»

482 1456 588 1510 que
619 1441 670 1494 in
698 1438 873 1507 primo
903 1450 1065 1489 unum
1098 1443 1212 1498 est,
1245 1433 1298 1487 id
1328 1440 1413 1487 est
1442 1433 1518 1486 ira
1550 1431 1660 1486 sola
1683 1472 1696 1493 ,
1731 1430 1785 1483 in
1816 1428 2053 1484 secundo

484 1530 617 1592 duo,
656 1538 711 1582 et
745 1528 825 1581 ira
860 1534 914 1580 et
952 1539 1087 1589 vox,
1121 1538 1241 1593 qum
1276 1523 1411 1577 iram
1451 1514 1752 1593 signiﬁcat,
1799 1520 1853 1574 in
1896 1519 2055 1581 tertio

483 1620 583 1675 tria
603 1659 618 1685 ,
649 1626 715 1690 et~
734 1620 813 1672 ira
841 1625 896 1672 et
922 1632 1048 1681 vox,
1078 1630 1197 1685 quae
1247 1615 1380 1669 iram
1424 1611 1721 1683 signiﬁcat,
1755 1619 1811 1665 et
1841 1610 1893 1664 in
1925 1623 2056 1663 voce

486 1713 600 1782 ipsa
626 1717 773 1765 certa
794 1706 1207 1777 vituperationis
1228 1705 1524 1775 expressio.
1551 1702 1702 1760 Unde
1723 1716 1869 1757 nunc
1893 1701 2054 1756 etiam
2091 1692 2130 1749 Β

490 1813 600 1857 tres
630 1808 844 1867 reatus,
872 1788 1092 1871 judicii',
1123 1797 1337 1853 concilii
1367 1804 1421 1850 et
1449 1797 1709 1867 gehennae
1735 1794 1892 1864 ignis.
1926 1791 2059 1847 Nam

491 1894 543 1947 in
575 1891 778 1960 judicio
807 1892 980 1946 adhuc
1017 1887 1313 1944 defensioni
1346 1889 1503 1943 datur
1530 1887 1717 1951 locus;
1752 1886 1804 1940 in
1834 1884 2063 1940 concilio

490 1994 670 2039 autem
716 1998 1023 2053 quanquam
1072 1989 1126 2035 et
1167 1980 1429 2050 judicium
1472 1993 1592 2033 esse
1636 1978 1835 2042 soleat,
1882 1986 2065 2031 tamen

493 2077 616 2146 quia
658 2076 917 2129 interesse
951 2072 1157 2141 aliquid
1186 2072 1288 2127 hoc
1320 2071 1436 2126 loco
1475 2069 1627 2152 fateri
1665 2070 1808 2138 cogit
1835 2069 1949 2138 ipsa
1979 2068 2062 2123 di-

493 2164 743 2228 stinclio,
780 2164 994 2217 videtur
1032 2162 1101 2216 ad
1132 2161 1426 2217 concilium
1463 2161 1739 2231 pertinere
1786 2160 2067 2215 sententize

495 2255 745 2327 prolatio,
768 2258 981 2323 quando
1004 2267 1105 2306 non
1129 2250 1242 2320 jam
1267 2266 1390 2306 cum
1420 2251 1535 2322 ipso
1565 2266 1659 2305 reo
1685 2252 1863 2322 agitur
1887 2258 2069 2305 utrum

497 2346 835 2402 damnandus
870 2344 969 2409 sit,
1002 2344 1095 2398 sed
1131 2340 1275 2397 inter
1301 2357 1362 2397 se
1390 2342 1484 2413 qui
1507 2341 1753 2411 judicant
1785 2342 2070 2397 conferunt

496 2452 602 2507 quo
636 2436 894 2507 supplicio
932 2433 1177 2489 damnari
1212 2440 1461 2502 oporteat
1494 2447 1653 2502 quem
1689 2440 1905 2487 constat
1949 2446 2072 2488 esse

497 2526 875 2583 damnandum.
912 2524 1169 2579 Cebenna
1203 2539 1333 2578 vero
1366 2524 1503 2594 ignis
1540 2538 1640 2596 nec
1667 2523 2071 2578 damnationem

497 2619 659 2672 habet
685 2616 933 2680 dubiam,
963 2614 1104 2669 sicut
1126 2611 1389 2681 judicium
1408 2654 1421 2680 ,
1450 2628 1551 2669 nec
1580 2611 1818 2687 damnati
1852 2625 2070 2681 pinnam

500 2710 639 2763 sicut
687 2705 995 2761 concilium.
1047 2703 1104 2757 In
1152 2704 1397 2773 geheuna
1445 2703 1592 2757 enim
1636 2702 1775 2772 ignis
1808 2708 1956 2756 certa
1990 2707 2074 2753 est

502 2782 775 2852 damnatio
821 2806 877 2849 et
917 2808 1079 2864 pmna
1123 2793 1383 2847 damnati.
1433 2791 1697 2847 Videntur
1740 2807 1869 2862 ergo
1911 2789 2074 2860 aliqui

501 2889 701 2959 gradus
738 2887 791 2941 in
826 2886 1187 2959 peccatis,iet
1225 2885 1276 2938 in
1315 2892 1487 2937 reatu.
1530 2881 1638 2938 Sed
1677 2883 1873 2952 quibus
1905 2880 2076 2936 modis

503 2978 844 3032 invisibiliter
890 2974 1508 3039 exhibeantur'meritis
1558 2974 1900 3039 animarum,
1955 2973 2077 3043 quis
2116 2970 2130 3043 _'

504 3075 681 3137 potest
726 3065 948 3122 dicere?
984 3034 1300 3120 Gebennam
1337 3078 1550 3134 quoque
1586 3064 1671 3117 hic
1712 3034 2079 3117 Salvator-in-
2106 3034 2149 3098 δ

506 3160 641 3214 ferni
671 3159 969 3213 cruciatum
1002 3156 1331 3221 nominavit,
1364 3156 1451 3209 ubi
1489 3164 1803 3224 peccatores
1840 3161 1895 3207 et
1926 3154 2077 3224 impii

504 3248 663 3305 simul
711 3261 832 3303 eum
882 3247 1096 3301 diabolo
1143 3254 1197 3299 et
1244 3244 1449 3315 angelis
1497 3244 1613 3314 ejus
1661 3244 1713 3297 in
1762 3250 2079 3313 perpetuum

506 3338 917 3399 damnabuntur,
951 3350 1108 3404 quem
1142 3334 1238 3390 soli
1272 3334 1345 3388 illi
1376 3334 1616 3388 devitarc
1645 3340 1808 3402 atque
1850 3331 2082 3387 evadere

506 3435 738 3498 queunt,
768 3426 861 3495 qui
890 3441 987 3495 per
1016 3425 1244 3495 gratiam
1276 3425 1481 3480 Christi
1523 3423 1781 3494 redempti
1811 3438 1973 3494 opera
1995 3422 2083 3492 ju—

508 3518 667 3573 stiti:e
696 3516 967 3583 fecerunt,
1001 3531 1094 3569 seu
1127 3517 1217 3585 qui
1254 3525 1374 3585 post
1400 3523 1717 3585 perpetrata
1743 3522 1965 3585 peccata
1998 3516 2083 3570 di—

510 3624 641 3678 gnos
690 3607 1019 3677 pmnitentia:
1054 3605 1261 3661 fructus
1308 3607 1555 3675 egerint,
1604 3621 1667 3660 ac
1700 3622 1757 3661 se
1798 3622 1897 3676 per
1942 3608 2085 3660 bona

472 3720 477 3725 λ
506 3712 667 3765 opera
698 3711 1018 3767 recuperare
1046 3696 1369 3750 studueriut.
1401 3695 1603 3750 Nomen
1631 3710 1759 3766 ergo
1786 3697 2086 3767 gehennam

509 3786 736 3840 traxisse
768 3793 958 3853 putant
987 3798 1017 3836 a
1049 3783 1187 3836 valle
1226 3783 1382 3837 idolis
1417 3793 1736 3839 consecrata
1770 3785 1925 3854 juxta
1967 3800 2085 3837 mu-

514 3893 633 3930 rum
667 3873 963 3929 Jerusalem
992 3914 1006 3936 ,
1049 3874 1250 3943 repleta
1290 3875 1419 3928 olim
1454 3875 1807 3930 cadaveribus
1844 3885 2086 3930 mortuo-

514 3981 664 4030 rum,
697 3980 858 4033 quam
885 3973 941 4019 et
965 3962 1144 4019 Josias
1176 3980 1269 4019 rex
1302 3966 1701 4021 contaminasse
1736 3966 1787 4018 in
1818 3966 1956 4021 libro
1982 3965 2089 4020 Re-

514 4072 639 4127 gum
670 4056 878 4126 legitur.
1180 4070 1181 4073 ‘

588 4150 722 4222 [ιν]
763 4148 820 4205 Si
847 4167 967 4221 ergo
993 4151 1185 4219 o/feras
1216 4167 1404 4204 manus
1432 4159 1579 4204 tuum
1611 4151 1679 4203 ad
1707 4151 1908 4223 altare,
1942 4161 1989 4205 et
2016 4152 2089 4204 ibi

517 4244 816 4297 recordatus
844 4245 1006 4313 [ueris
1027 4245 1149 4313 quia
1177 4242 1340 4311 frater
1364 4252 1483 4296 tuus
1507 4243 1657 4297 habet
1684 4243 1881 4313 aliquid
1908 4244 2090 4297 adver-

514 4350 629 4388 sum
656 4345 735 4399 te,
762 4334 990 4405 relinque
1014 4333 1086 4387 ibi
1113 4350 1304 4387 munus
1331 4344 1477 4387 tuum
1509 4342 1629 4387 ante
1655 4334 1823 4387 altare
1844 4374 1858 4398 ,
1887 4344 1936 4387 et
1960 4334 2090 4389 vade

514 4425 659 4495 prius
696 4424 1023 4478 reconciliari
1066 4424 1220 4494 fratri
1256 4433 1377 4489 tuo,
1416 4433 1463 4478 et
1501 4434 1624 4478 tunc
1662 4425 1865 4478 veniens
1903 4426 2089 4495 σπεῖρε

519 4531 707 4568 munus
736 4525 903 4567 tuum.
933 4514 1098 4585 Igitur
1123 4514 1168 4568 si
1202 4515 1358 4569 irasci
1390 4529 1494 4569 non
1522 4520 1608 4569 est
1641 4514 1724 4569 fas
1766 4515 1920 4570 fratri
1953 4532 2086 4579 suo,

519 4606 697 4661 dicere
727 4606 889 4659 racha
908 4646 921 4671 ,
955 4614 1049 4658 aut
1076 4606 1255 4659 dicere
1285 4606 1429 4659 fatue
1448 4647 1462 4671 ,
1495 4606 1661 4679 multo
1692 4606 1869 4661 minus
1897 4605 1978 4661 fas
2006 4616 2090 4660 est

523 4696 704 4750 animo
742 4704 925 4750 tenere
962 4695 1162 4763 aliquid
1183 4735 1197 4760 ,
1230 4705 1291 4749 ut
1320 4697 1372 4749 in
1408 4697 1589 4750 odium
1626 4696 1924 4766 indignatio
1958 4711 2090 4751 con-

520 4794 781 4842 vertatur.
808 4786 888 4840 Ad
916 4786 1019 4841 hoc
1048 4786 1283 4854 pertinet
1311 4787 1475 4840 etiam
1505 4787 1646 4855 quod
1674 4786 1781 4840 alio
1808 4786 1929 4841 loco
1960 4786 2091 4841 dici-

524 4885 660 4932 tur:
723 4878 841 4932 Non
897 4879 1099 4933 occidat
1151 4878 1230 4932 sol
1285 4896 1443 4950 super
1492 4881 1822 4933 iracundiam
1874 4897 2093 4935 uestram

526 4966 760 5038 (Ephes.
792 4971 904 5037 tv).
945 4968 1203 5024 Julicmur
1236 4984 1365 5040 ergo
1412 4970 1618 5024 illatum
1665 4986 1860 5025 munus
1910 4971 1975 5024 ad
2021 4971 2095 5023 al-

529 5069 675 5123 tare,
725 5059 769 5111 si
816 5058 1077 5113 recordati
1125 5059 1383 5114 fuerimus
1424 5060 1707 5115 adversum
1751 5074 1850 5114 nos
1895 5058 2115 5128 aliquid

532 5149 730 5203 habere
771 5148 1023 5211 fratrem,
1054 5164 1245 5203 munus
1284 5158 1409 5204 ante
1451 5150 1621 5205 altare
1664 5149 1998 5218 relinquere.
2042 5157 2098 5203 et

528 5252 785 5310 pergere,
837 5252 901 5292 ac
956 5234 1311 5292 reconciliarf
1343 5238 1523 5305 fratri,
1565 5239 1759 5294 deinde
1811 5235 1997 5293 venire
2044 5246 2099 5293 et

530 5344 729 5385 munus
758 5327 972 5383 offerre.

605 5422 759 5487 Quod
798 5422 842 5474 si
872 5421 1179 5499 accipiatur
1218 5422 1285 5476 ad
1326 5421 1594 5485 litteram,
1642 5423 1875 5475 fortasse
1903 5419 2100 5489 aliquis

531 5511 718 5564 credat
762 5514 831 5565 ita
872 5511 984 5566 ﬁeri
1027 5521 1275 5581 oportere
1314 5513 1356 5566 si
1389 5512 1552 5567 frater
1578 5530 1814 5583 pnesens
1846 5521 1961 5577 est,
1994 5524 2100 5565 non

534 5600 680 5692 cnitn
706 5602 905 5655 diutius
933 5601 1130 5657 diﬂ‘erri
1159 5610 1364 5670 potest,
1394 5617 1513 5655 cum
1545 5619 1736 5654 munus
1764 5613 1911 5657 tuum
1942 5600 2105 5654 rcliu-
2148 5612 2153 5618 '

2115 4377 2167 4435 D

2142 434 2284 501 quod
2330 431 2446 486 ﬁeri
2495 439 2706 500 potest,
2759 439 2908 483 trans
2952 446 3101 483 mare
3149 431 3476 493 constituto,
3516 427 3731 494 aliquit

2145 525 2248 578 tale
2276 523 2457 577 veniat
2488 522 2541 574 in
2575 528 2806 575 mentem
2833 560 2848 584 ,
2886 518 3176 573 absurdum
3211 530 3294 575 est
3330 519 3555 574 credere
3597 524 3732 570 ante

2145 614 2314 667 altare
2364 627 2558 665 munus
2611 606 3055 678 relinquendum,
3100 610 3242 677 quod
3285 618 3406 678 post
3450 619 3631 661 terms
3677 615 3733 657 ct

2104 737 2109 741 «
2147 702 2316 755 maria
2349 707 2626 769 pererrata
2654 697 2850 752 offeras
2892 698 3019 750 Deo.
3061 696 3128 750 Et
3162 697 3281 750 ideo
3314 712 3537 767 prorsus
3580 695 3732 748 intro

2148 795 2216 849 ad
2252 793 2517 865 spiritalia
2556 791 2805 862 refugere
2833 791 3095 859 cogimur,
3126 797 3185 842 ut
3214 789 3315 842 hoc
3344 789 3488 857 quod
3518 788 3731 842 dictum

2150 896 2235 942 est
2282 887 2397 940 sine
2444 885 2776 939 absurditate
2826 881 2995 952 possit
3034 880 3276 950 intelligi.
3316 880 3502 934 Altare
3539 881 3734 948 itaque

2151 977 2467 1048 spiritaliter
2499 976 2551 1030 in
2597 975 2851 1029 interiore
2886 972 2979 1026 Dei
3018 971 3213 1041 templo
3251 972 3423 1041 ipsam
3451 971 3610 1026 ﬁdem
3643 986 3734 1024 ac-

2153 1074 2333 1141 cipere
2382 1084 2694 1140 possumus,
2738 1068 2890 1137 cujus
2932 1066 3143 1134 signum
3184 1073 3266 1119 est
3298 1065 3469 1117 altare
3498 1064 3732 1118 visibile.

2154 1163 2440 1231 Quodlibet
2478 1163 2621 1217 enim
2662 1175 2857 1214 munus
2889 1157 3164 1214 offerimus
3198 1157 3342 1221 Deo,
3374 1157 3489 1210 sive
3521 1156 3731 1210 doctri-

2157 1275 2279 1313 nam
2300 1300 2314 1325 ,
2344 1259 2456 1313 sive
2484 1257 2820 1326 prophetiam
2846 1296 2860 1321 ,
2898 1254 3010 1310 sive
3043 1254 3341 1309 orationem
3371 1293 3386 1314 .
3427 1252 3542 1305 sive
3578 1253 3735 1321 Itym.

2155 1363 2283 1402 num
2317 1387 2331 1413 ,
2365 1346 2479 1401 sive
2511 1345 2777 1414 psalmum
2800 1385 2814 1408 ,
2851 1346 2907 1399 et
2937 1343 2980 1398 si
3016 1343 3147 1412 quid
3185 1342 3289 1396 tale
3324 1340 3471 1394 aliud
3510 1334 3732 1411 spirits.

2156 1440 2285 1494 lium
2313 1439 2574 1493 bonorum
2601 1437 2782 1490 animo
2807 1435 3135 1497 occurrerit,
3165 1440 3445 1501 acceptum
3475 1445 3596 1486 esse
3624 1444 3732 1483 non

2158 1539 2337 1601 potest
2362 1530 2503 1593 Deo,
2533 1528 2636 1582 nisi
2666 1526 2789 1581 ﬁdei
2820 1525 3133 1579 sinceritate
3160 1523 3431 1588 fulciatur,
3460 1530 3517 1576 et
3545 1522 3594 1575 ci
3627 1521 3734 1575 ﬁxe

2159 1633 2320 1692 atque
2370 1619 2717 1676 immobiliter
2771 1620 3097 1690 imponatur,
3139 1625 3197 1671 ut
3240 1617 3412 1686 possit
3463 1617 3731 1686 integrum

2161 1725 2321 1783 atque
2375 1711 2637 1766 illibatum
2688 1726 2810 1766 esse
2856 1711 2997 1780 quod
3050 1710 3335 1779 loquimur.
3394 1706 3529 1761 Nam
3582 1706 3734 1760 nmlti

2163 1804 2401 1859 lneretici
2436 1819 2543 1875 non
2577 1804 2837 1858 habentes
2875 1802 3075 1866 altare,
3113 1801 3167 1855 id
3201 1809 3284 1857 est
3315 1815 3500 1854 veram
3544 1797 3731 1861 ﬁdem,

2140 1883 2527 1967 hiasphcmias
2561 1910 2659 1964 pro
2698 1895 2855 1949 laude
2893 1894 3176 1956 dixerunt,
3217 1890 3452 1959 terrenis
3486 1887 3736 1942 videlicet

2141 1983 2505 2055 opinionibus
2532 1982 2810 2053 aggravati
2837 1990 3018 2036 votum
3047 1996 3201 2035 suum
3234 1989 3485 2048 tanquam
3513 1977 3566 2031 in
3596 1985 3735 2030 terra

2166 2074 2531 2145 projicientes.
2585 2072 2691 2128 Sed
2733 2074 2890 2128 debet
2931 2087 3051 2127 esse
3088 2087 3217 2126 sana
3256 2072 3419 2125 etiam
3466 2067 3736 2124 offerentis

2169 2164 2421 2220 intentio.
2459 2164 2526 2217 Et
2562 2174 2849 2234 propterea
2884 2177 3006 2234 cum
3038 2161 3143 2217 tale
3170 2161 3369 2231 aliquid
3398 2159 3629 2215 oblatnri
3655 2174 3738 2212 su-

2170 2272 2290 2311 mus
2318 2257 2371 2310 in
2397 2254 2559 2311 corde
2584 2263 2789 2319 nostro,
2820 2254 2870 2309 id
2900 2262 2983 2309 est
3008 2255 3061 2307 in
3094 2253 3350 2307 interiore
3380 2252 3477 2307 Dei
3503 2250 3731 2319 templo;

2174 2344 2440 2417 Templum
2467 2345 2603 2399 enim
2630 2353 2864 2399 sanctum
2892 2354 2997 2407 est,
3026 2344 3230 2412 inquit,
3256 2342 3394 2412 quod
3419 2342 3544 2395 estis
3566 2356 3649 2393 vos
3673 2338 3733 2407 (I

2171 2437 2294 2492 Cor.
2321 2452 2387 2490 -ιιι
2414 2434 2462 2506 ),
2496 2442 2550 2488 et
2573 2451 2585 2487 :
2618 2433 2685 2487 In
2713 2434 2956 2487 interiore
2982 2433 3188 2486 homine
3212 2432 3452 2485 habitare
3478 2428 3736 2483 Christum

2170 2543 2263 2597 per
2286 2526 2443 2595 fidem
2470 2525 2524 2578 in
2552 2523 2793 2577 cordibus
2824 2522 3012 2576 nostris
3035 2539 3055 2587 ;
3079 2522 3125 2576 si
3154 2521 3207 2575 in
3242 2528 3478 2575 mentem
3507 2518 3737 2580 venerit,

2174 2616 2316 2686 quod
2346 2615 2547 2684 aliquid
2585 2614 2782 2669 habeat
2818 2614 3101 2668 adversum
3138 2628 3237 2667 nos
3272 2611 3464 2676 frater,
3500 2612 3553 2665 id
3590 2620 3668 2664 est
3698 2609 3739 2662 si

2176 2723 2274 2762 nos
2299 2721 2421 2762 eum
2444 2705 2498 2759 in
2521 2690 2701 2775 aliquo
2722 2705 2987 2768 lzesimus;
3017 2714 3144 2759 tunc
3168 2704 3309 2757 enim
3336 2704 3450 2772 ipse
3473 2703 3630 2757 habet
3650 2701 3740 2755 ad-

2178 2810 2394 2850 versum
2416 2808 2543 2859 nos;
2567 2810 2694 2848 nam
2715 2808 2815 2848 nos
2834 2793 3091 2847 adversus
3116 2792 3264 2846 illum
3284 2792 3567 2856 habemus,
3589 2791 3632 2845 si
3656 2789 3741 2844 ille

2178 2902 2277 2942 nos
2302 2885 2500 2941 laeserit
2517 2925 2533 2951 ,
2559 2884 2649 2939 ubi
2678 2902 2783 2940 non
2811 2899 2945 2954 opus
2973 2892 3057 2939 est
3084 2898 3306 2954 pergere
3335 2883 3401 2938 ad
3432 2881 3741 2938 reconcilia-

2182 2976 2415 3041 tionem,
2443 2990 2553 3029 non
2582 2974 2725 3031 enim
2755 2974 2968 3028 veniam
2999 2960 3292 3042 pos'tulabis
3330 2973 3398 3027 ab
3426 2987 3494 3027 eo
3523 2972 3615 3041 qui
3648 2972 3743 3025 tibi
3772 2990 3773 2993 η

2182 3066 2315 3123 fecit
2337 3065 2619 3134 iniuriam,
2651 3065 2744 3120 sed
2795 3060 3002 3118 tantum
3046 3064 3315 3128 dimittes,
3353 3063 3495 3117 sicut
3532 3062 3629 3117 tibi
3665 3062 3744 3117 di-

2182 3162 2318 3217 mitti
2347 3176 2379 3215 a
2410 3159 2638 3214 Domino
2667 3159 2852 3228 cupis,
2882 3158 3026 3228 quod
3063 3157 3177 3228 ipse
3213 3156 3593 3221 commiseris;
3624 3171 3744 3226 per-

2181 3252 2415 3324 gendum
2442 3258 2526 3305 est
2555 3264 2684 3320 ergo
2712 3265 2818 3304 non
2846 3247 3073 3317 pedibus
3105 3248 3369 3316 corporis,
3397 3246 3493 3301 sed
3519 3246 3743 3300 motibus

2181 3341 2379 3405 animi,
2427 3347 2488 3393 ut
2528 3348 2583 3393 te
2624 3338 2816 3393 humili
2866 3336 3056 3392 affectu
3103 3346 3412 3407 prosternas
3454 3335 3639 3400 fratri,
3680 3334 3744 3388 ad

2182 3449 2342 3505 quem
2394 3433 2557 3487 chara
2605 3430 2931 3501 cogitatione
2979 3429 3316 3494 cucurreris,
3362 3427 3418 3481 in
3461 3435 3745 3496 conspectu

2183 3528 2300 3598 ejus
2324 3525 2411 3581 cui
2437 3539 2633 3579 munus
2661 3523 2939 3578 oblaturus
2969 3537 3048 3576 es.
3078 3521 3155 3575 ita
3183 3520 3326 3574 enim
3356 3520 3518 3574 etiam
3543 3520 3590 3573 si
3618 3534 3747 3588 prae-

2184 3633 2310 3672 sens
2342 3617 2444 3679 sit,
2474 3614 2678 3684 poteris
2728 3627 2849 3669 cum
2887 3627 2991 3666 non
3028 3610 3282 3666 simulato
3324 3609 3507 3663 animo
3546 3608 3746 3669 lenire,

2188 3713 2345 3774 atque
2381 3705 2433 3758 in
2473 3703 2700 3773 gratiam
2754 3715 3038 3765 revocare,
3073 3700 3281 3752 veniam
3320 3697 3671 3768 postulando,
3707 3698 3748 3749 si

2187 3797 2290 3851 hoc
2314 3795 2465 3863 prius
2486 3807 2668 3848 coram
2694 3793 2805 3847 Deo
2829 3790 3021 3846 feceris
3044 3803 3270 3859 pergens
3297 3790 3363 3842 ad
3393 3803 3516 3841 eum
3545 3802 3652 3841 non
3679 3788 3753 3857 pi-

2187 3900 2285 3956 gro
2314 3892 2460 3939 motu
2483 3883 2747 3953 corporis,
2772 3881 2867 3937 sed
2891 3880 3171 3937 celerrimo
3199 3868 3502 3934 dilectionis
3528 3876 3717 3932 affectu
3736 3916 3749 3938 .

2187 3984 2348 4047 atque
2385 3976 2510 4031 inde
2552 3970 2811 4040 veniens,"
2848 3973 2900 4028 id
2948 3985 3062 4036 est,
3105 3971 3457 4025 intentionem
3497 3982 3753 4024 revocans

2188 4070 2255 4124 ad
2274 4067 2338 4123 id
2366 4068 2509 4138 quod
2537 4082 2681 4137 πει-θ
2708 4080 2985 4137 coeperas,
3016 4063 3210 4119 offeres
3251 4077 3448 4117 munus
3476 4070 3651 4114 tuum.

2262 4159 2390 4213 Esto
2420 4159 2745 4212 consentiens
2775 4155 3074 4209 adversario
3103 4164 3193 4207 tuo
3225 4154 3324 4205 cito
3355 4152 3483 4204 dum
3514 4166 3568 4203 es
3597 4150 3656 4203 in
3681 4149 3753 4202 eia

2192 4268 2307 4305 cum
2342 4266 2436 4313 eo,
2468 4264 2531 4301 ne
2561 4246 2694 4316 forte
2722 4245 2895 4299 tradat
2922 4254 2970 4297 te
2997 4243 3326 4296 adversarius
3356 4240 3531 4309 judici
3552 4278 3567 4303 ,
3598 4248 3647 4293 et
3672 4239 3755 4306 jn-

2191 4342 2292 4395 dea:
2318 4339 2490 4393 tradat
2525 4347 2573 4390 te
2602 4336 2861 4400 ministro,
2891 4343 2937 4388 et
2967 4333 3021 4387 in
3046 4347 3301 4385 carcerem
3331 4328 3580 4392 mittaris,
3610 4344 3755 4380 amen

2192 4433 2308 4485 dico
2331 4431 2443 4495 tibi,
2463 4445 2565 4482 non
2584 4429 2722 4482 exies
2742 4427 2866 4481 inde
2885 4426 3048 4479 donec
3069 4424 3257 4478 reddas
3279 4423 3617 4477 novissimum
3637 4438 3758 4491 qua-

2192 4522 2451 4573 drantem.
2487 4518 2594 4573 Pro
2618 4532 2685 4573 eo
2711 4517 2854 4586 quod
2886 4530 2982 4570 nos
3020 4516 3073 4569 in
3101 4514 3308 4569 Latinis
3332 4511 3607 4567 codicibus
3645 4526 3758 4564 con-

2192 4610 2414 4665 sentiens
2439 4608 2715 4674 habemus,
2734 4608 2787 4662 in
2800 4607 3005 4664 Graecis
3025 4607 3281 4677 scriptum
3304 4611 3389 4659 est
3406 4600 3604 4668 εὔνους,
3625 4597 3758 4671 quod

2196 4703 2585 4770 interpretatur
2614 4699 2884 4753 benevolus
2912 4707 2967 4753 et
2996 4698 3264 4768 benignus.
3300 4697 3377 4751 Ex
3406 4694 3755 4767 przncedenti~

2195 4791 2295 4846 bus
2325 4801 2502 4845 autem
2535 4798 2590 4844 et
2619 4790 3067 4859 consequentibus
3097 4788 3412 4842 manifestus
3440 4796 3525 4841 est
3553 4800 3755 4847 sensus,

2196 4881 2340 4951 quod
2388 4896 2485 4936 nos
2526 4881 2783 4935 Dominus
2825 4888 2985 4950 atque
3025 4878 3291 4941 Salvator,
3335 4875 3460 4931 dum
3509 4878 3564 4931 in
3613 4877 3760 4932 istius

2198 4970 2377 5025 saeculi
2420 4970 2507 5024 via
2547 4970 2847 5034 currimus,
2881 4970 2944 5024 ad
2991 4982 3177 5037 pacem
3206 4975 3261 5024 et
3287 4966 3632 5022 concordiam
3674 4982 3759 5019 eo.

2198 5062 2465 5126 hortetur,
2487 5062 2640 5131 juxta
2668 5050 2979 5131 Apostolum
3004 5062 3264 5117 dicentem
3292 5080 3305 5115 :
3339 5059 3398 5116 Si
3425 5060 3544 5129 ﬁeri
3567 5070 3759 5130 potest.

2199 5161 2453 5219 quantum
2482 5152 2535 5204 in
2561 5151 2702 5206 vobis
2732 5163 2806 5206 est
2838 5169 2956 5205 cum
2986 5152 3222 5206 omnibus
3248 5152 3545 5207 hominibus
3587 5165 3758 5221 pacem

2200 5246 2442 5298 habentes
2473 5242 2667 5315 (Rom.
2695 5261 2771 5299 xu
2796 5244 2836 5316 ).
2872 5243 3001 5299 Nam
3030 5254 3083 5299 et
3114 5247 3166 5300 in
3194 5245 3510 5315 praecedenti
3536 5241 3759 5313 capitulo

2168 5378 2171 5379 ν
2203 5335 2410 5389 dixerat
2437 5353 2449 5389 :
2483 5334 2543 5391 Si
2570 5336 2762 5405 o/Ieras
2790 5352 2979 5390 munus
3005 5347 3153 5391 tuum
3182 5328 3444 5391 ad'altare
3464 5376 3480 5402 ,
3502 5345 3553 5389 et
3579 5335 3653 5388 ibi
3693 5348 3761 5385 rc-

2196 5425 2446 5503 ‘cordatus
2487 5425 2650 5495 fueris
2681 5428 2804 5498 quia
2836 5427 3001 5497 frater
3027 5438 3147 5482 tuus
3176 5428 3325 5482 habet
3356 5425 3559 5498 aliquid
3587 5423 3760 5477 adver-

2158 5572 2161 5573 ν
2205 5530 2320 5567 sum
2348 5526 2415 5568 te.
2449 5515 2517 5569 Et
2544 5517 2651 5572 hoc
2680 5518 2832 5572 ﬁnito
2860 5519 3039 5573 statim
3071 5518 3233 5574 infert
3261 5537 3273 5572 :
3309 5518 3435 5573 Esto
3460 5512 3756 5575 benevolus,

2209 5614 2301 5657 aut
2341 5604 2601 5676 benignus
2643 5608 2943 5662 (tricenario
2970 5619 3089 5675 tuo,
3120 5617 3175 5662 et
3202 5608 3354 5676 rcliq.
3388 5605 3455 5661 Et
3485 5606 3538 5659 in
3581 5616 3758 5665 ωηερε
