3938 6328
253 275 359 327 vel!)

1224 263 1569 319 COWMEN'T.
1608 263 1672 317 ΙΝ
1712 263 2141 319 ΜᾹΤΊΊΙΞΕΟΜ.
2188 295 2245 305 --
2289 266 2411 318 LIB.
2458 268 2512 316 ll.

3380 268 3482 317 Siti

252 385 542 456 quentibus
577 380 771 446 jubet:
827 377 1035 447 Diligitc
1080 378 1317 429 inimicos
1365 385 1587 437 vestros,
1637 384 1683 428 et
1732 376 1817 426 he-
1854 379 1893 435 Α
1927 374 2125 428 dictum
2157 384 2269 433 est,
2303 378 2567 442 quununli-
2613 382 2813 440 Uli'll'll‘l
2867 374 3107 444 intelligi.
3162 376 3230 429 De
3276 378 3482 429 ιὶιειξυτῐυ

256 476 478 546 nefacite
512 472 592 526 his
632 470 718 540 qui
764 484 851 522 vos
897 469 1149 531 oderunt,
1177 476 1222 519 ct
1266 475 1408 519 orate
1444 482 1537 533 pro
1571 477 1816 533 persecu-

254 566 457 621 toribus
483 562 683 617 vestris.
718 561 735 627 (
761 560 892 629 Aug.
917 560 935 628 )
964 557 1207 613 Judicem
1238 556 1473 625 intelligo
1501 554 1773 610 Christum
1800 571 1813 607 :

261 653 424 708 Pater
468 669 573 707 non
611 651 818 721 judieat
862 663 1202 719 quemquam,
1250 646 1341 700 sed
1379 661 1526 698 omne
1555 643 1818 714 judicium

254 744 397 798 dedit
428 741 571 795 Filio
600 741 798 812 (Joan.
828 756 858 793 v
882 740 921 811 ).
952 738 1256 792 Ministrum
1288 734 1521 803 intelligo
1550 734 1814 805 angelum.

257 834 329 888 Et
368 832 573 903 angeli,
617 831 823 901 inquit,
862 825 1227 883 ministrabant
1270 825 1316 877 ei
1350 822 1577 894 (Matth.
1606 822 1721 895 tv).
1754 823 1821 878 Et

251 942 381 983 cum
421 925 625 997 angelis
667 924 779 978 suis
808 931 1091 976 venturum
1121 916 1388 971 credimus
1416 913 1480 967 ad
1506 912 1821 981 judicaudos

256 1018 409 1072 vivos
439 1025 493 1071 et
533 1022 791 1071 mortuos.
839 1011 1125 1067 Carcerem
1166 1005 1402 1075 intelligo
1442 1018 1630 1073 poenas
1671 1004 1818 1060 vide-

255 1108 384 1164 licet
422 1106 798 1170 tenebrarum,
844 1117 979 1173 quas
1023 1100 1129 1153 alio
1166 1097 1286 1153 loco
1322 1095 1599 1150 exteriores
1646 1103 1818 1151 vocat.

253 1200 431 1257 Credo
456 1206 739 1270 propterea
767 1194 908 1264 quod
938 1190 1262 1245 intrinsecus
1289 1186 1359 1242 sit
1388 1185 1442 1240 in
1471 1185 1583 1254 ipsa
1617 1194 1818 1247 mente,

254 1290 340 1345 vel
370 1289 533 1346 etiam
559 1288 605 1342 si
634 1286 762 1356 quid
790 1281 1055 1340 secretius
1085 1277 1310 1349 cogitari
1346 1284 1528 1347 potest
1571 1276 1822 1347 gaudium

255 1382 561 1438 divinorum
590 1376 953 1447 prtemiorum.
995 1371 1072 1426 De
1112 1384 1220 1428 auo
1260 1368 1455 1425 dicitur
1494 1382 1652 1423 servo
1688 1366 1825 1423 bene

254 1472 450 1529 merito
474 1487 487 1523 :
518 1468 667 1521 Intra
695 1467 749 1520 in
774 1463 1027 1536 gaudium
1054 1461 1266 1517 Do‘miai
1290 1459 1369 1522 tui
1394 1458 1413 1533 (
1438 1458 1623 1513 Matth.
1657 1474 1761 1513 xxv
1780 1458 1821 1530 ).

252 1559 716 1629 Quemadmodum
758 1556 921 1612 etiam
963 1563 1020 1611 et
1059 1555 1113 1635 in
1145 1554 1244 1609 hac
1283 1553 1619 1609 ordinatione
1648 1552 1825 1623 reipu-

242 1653 409 1709 blicae
452 1651 537 1707 vel
582 1665 612 1705 a
658 1638 949 1720 secretario
995 1646 1076 1701 vel
1127 1644 1378 1716 praetorio
1420 1644 1620 1713 judieis
1670 1651 1822 1697 extra

1920 477 2045 517 vero
2091 464 2360 533 quomodo
2410 474 2551 514 stare
2603 473 2809 529 potest.
2862 474 2914 514 ut
2962 465 3384 518 benevolentiam
3434 468 3477 515 vi

1910 548 2196 615 jubeamur
2216 550 2513 605 exhibere?
2539 551 2635 603 ΙῖΙιί
2663 550 2805 604 enim
2830 550 3219 617 benevolentia,
3251 554 3320 607 ibi
3351 557 3481 607 alni-

1917 639 2060 694 citia.
2086 638 2195 694 Nec
2213 641 2464 709 cuiquam
2495 640 2778 693 dicendum
2801 648 2881 699 est
2911 642 3196 696 amicitiam
3222 660 3342 698 cum
3371 645 3454 697 diu
3472 674 3483 682 -

1917 724 2040 782 bolo
2084 725 2417 789 faciendam,
2470 742 2643 797 neque
2682 727 3010 782 concordare
3053 744 3170 782 cum
3213 732 3354 799 ipso,
3399 736 3481 785 cui

1917 818 2081 873 semel
2126 819 2479 872 renuntiando
2519 820 2715 872 bellum
2748 819 3069 883 indiximus,
3113 830 3167 873 ct
3206 836 3309 888 quo
3348 824 3486 876 \‘lCln

1918 910 2316 965 coronabimur.
2350 909 2531 979 Neque
2559 912 2863 965 consentire
2894 910 2966 963 illi
2992 911 3103 980 jam
3132 921 3343 981 oportet
3362 955 3374 976 ,
3402 916 3486 968 cui

1919 1000 1966 1055 si
1991 1015 2265 1070 nunquam
2296 1001 2781 1065 consensisscmus,
2812 1017 3085 1070 nunquam
3118 1003 3167 1056 in
3202 1003 3332 1057 istas
3361 1004 3489 1058 inci-

1922 1092 2174 1149 deremus
2202 1091 2499 1147 calumnias
2538 1100 2590 1146 et
2624 1092 2889 1147 miserias.
2926 1092 3087 1148 Carni
3121 1109 3247 1149 vero
3278 1110 3382 1150 non
3414 1097 3493 1150 vi-

1922 1182 2025 1238 deo
2061 1183 2331 1252 quomodo
2371 1181 2614 1237 benevoli
2657 1186 2737 1236 vel
2784 1184 3107 1248 concordes,
3143 1186 3223 1240 vel
3266 1200 3493 1242 consen-

1924 1272 2118 1327 tientes
2142 1287 2259 1327 esse
2280 1272 2588 1341 juheamur,
2617 1274 2783 1344 magis
2810 1275 2953 1329 cnim
2979 1285 3290 1344 peccatores
3311 1288 3488 1332 amant

1924 1375 2143 1417 carnem
2190 1378 2374 1426 suam,
2404 1372 2459 1416 et
2486 1364 2817 1417 concordant
2847 1379 2969 1417 cum
3003 1364 3121 1427 illa,
3166 1374 3220 1419 et
3264 1382 3492 1423 consen-

1925 1450 2064 1506 tiunt
2087 1452 2158 1505 ei.
2188 1452 2289 1519 Qui
2323 1468 2448 1507 vero
2476 1469 2593 1509 eam
2623 1456 2869 1508 serviluti
2902 1454 3221 1523 subjiciunt,
3257 1474 3362 1513 non
3393 1461 3490 1529 ipsi

1926 1540 1974 1595 ei
2005 1542 2375 1609 consentiunt,
2407 1544 2502 1599 sed
2538 1560 2657 1599 eam
2688 1545 2788 1599 sibi
2820 1547 3125 1603 consentire
3154 1558 3367 1619 cogunt.

1994 1631 2261 1690 Fortassis
2285 1650 2413 1705 ergo
2436 1636 2686 1705 jubemur
2709 1638 2819 1690 Deo
2845 1640 3169 1704 consentire,
3199 1648 3253 1694 et
3280 1642 3349 1693 illi
3377 1654 3493 1693 esse

242 1744 506 1809 .miuimr,
536 1740 627 1815 qui
657 1740 711 1795 in
736 1717 1009 1795 carcerem
1053 1730 1305 1791 truditur;
1343 1733 1619 1801 Quadmns
1656 1745 1827 1802 genus
1855 1717 1900 1775 Β
1931 1723 2204 1789 benevoli,
2234 1732 2293 1778 ut
2323 1725 2396 1778 illi
2425 1727 2835 1781 reconciliemur
2880 1744 2909 1779 a
2951 1743 3058 1797 quo
3098 1731 3368 1797 peccando
3406 1748 3490 1785 sc—

253 1839 339 1888 est
362 1830 564 1887 nummi
591 1829 681 1899 qui
709 1828 870 1883 habet
893 1827 997 1881 duo
1023 1826 1246 1880 minuta.
1275 1821 1424 1879 Unde
1450 1822 1503 1876 in
1525 1820 1630 1875 alio
1653 1820 1825 1873 Evan-

241 1924 394 1995 gelia
421 1922 615 1979 mulier
639 1922 729 1977 illa
753 1918 1084 1991 paupercula
1114 1924 1168 1973 et
1195 1916 1351 1972 vidua
1384 1916 1579 1971 dicitur
1614 1915 1825 1969 misisse

251 2016 614 2086 quadrantem
662 2012 715 2067 in
764 2012 984 2068 corbem
1034 2008 1245 2081 (Marc.
1276 2024 1349 2062 xu
1378 2009 1423 2079 ),
1460 2008 1512 2062 in
1552 2005 1684 2069 alio,
1715 2006 1824 2059 duo

254 2107 458 2159 minuta
486 2102 505 2175 (
528 2102 654 2157 Luc.
681 2118 775 2157 xx:
798 2100 817 2173 )
838 2143 853 2167 ,
881 2116 988 2155 non
1017 2099 1159 2171 quod
1196 2098 1471 2177 dissonent
1501 2095 1821 2167 Evangelia,

255 2196 352 2251 sed
388 2196 531 2265 quod
560 2209 699 2249 unus
726 2191 1000 2263 quadrans
1028 2191 1162 2246 duos
1191 2190 1426 2245 minutos
1455 2202 1701 2243 nummos
1730 2188 1825 2241 ba-

248 2284 400 2340 beat.
429 2283 541 2339 Hoc
558 2292 642 2338 est
659 2297 787 2354 ergo
808 2282 951 2353 quod
971 2282 1099 2337 dicit
1126 2298 1139 2334 :
1174 2278 1297 2336 Non
1318 2278 1598 2351 egredieris
1619 2279 1684 2331 de
1706 2292 1826 2330 car-

254 2376 569 2441 cere,donec
588 2376 789 2428 minuta
807 2373 972 2428 etiam
996 2379 1212 2442 peccata
1233 2367 1514 2442 persolvas.
1543 2366 1724 2440 (Aug.)
1751 2366 1826 2420 De

255 2464 516 2523 solvendo
558 2473 737 2519 autem
782 2462 1075 2519 novissimo
1121 2461 1453 2532 quadrante,
1497 2466 1673 2527 potest
1719 2472 1823 2511 non

257 2556 492 2612 absurde
520 2553 759 2624 intelligi.
790 2552 899 2606 Aut
922 2566 1022 2622 pro
1054 2567 1120 2608 eo
1140 2552 1373 2622 positum
1400 2549 1543 2620 quod
1569 2548 1701 2604 nihil
1734 2563 1818 2601 re-

248 2646 535 2715 linquatur
559 2644 877 2713 impunitum
897 2684 912 2708 ,
939 2644 1077 2699 sicut
1102 2644 1377 2714 loquentes
1406 2642 1570 2697 etiam
1594 2641 1823 2696 dicimus

250 2755 424 2810 usque
453 2738 523 2792 ad
547 2738 709 2805 [eccm
727 2778 742 2803 ,
769 2752 890 2792 cum
919 2733 1165 2790 volumus
1191 2732 1493 2803 exprimere
1520 2730 1717 2800 aliquid
1747 2730 1822 2785 ita

256 2839 541 2893 exactum,
572 2836 632 2882 ut
661 2827 797 2882 nihil
829 2827 1242 2896 relinqueretur,
1274 2823 1421 2879 velut
1449 2820 1820 2895 significaren-

260 2926 352 2974 tur
388 2919 605 2974 nomine
637 2918 954 2989 quadrantis
988 2915 1294 2980 novissimi,
1335 2922 1546 2970 terrena
1583 2919 1821 2985 peccata.

259 3007 462 3075 Quarta
500 3007 643 3087 enim
682 3022 808 3077 pars
842 3006 1216 3062 distinetorum
1252 3004 1614 3059 membrorum
1665 3000 1826 3069 hujus

1929 1814 2209 1880 cessimus,
2243 1824 2303 1869 ut
2333 1816 2658 1870 adversario.
2688 1816 2826 1870 Deus
2852 1819 2996 1871 enim
3021 1820 3252 1887 superbis
3280 1823 3489 1885 resistit,

1926 1902 2210 1957 humilibus
2237 1914 2411 1957 autem
2432 1906 2522 1957 dat
2544 1906 2768 1975 gratiam
2796 1904 2813 1975 (
2828 1904 3015 1959 Jacob.
3042 1924 3095 1961 tv
3112 1907 3153 1978 ).
3189 1908 3252 1963 Et
3274 1908 3302 1962 I
3309 1911 3492 1963 uitium

1927 1993 2093 2047 omnis
2127 1995 2323 2063 peccati
2360 1996 2635 2063 superbia,
2664 1996 2869 2049 initium
2896 2006 3073 2051 aulem
3107 2000 3361 2068 superbia:
3404 2003 3495 2054 ho-

1926 2085 2081 2137 minis
2100 2125 2113 2147 ,
2142 2094 2440 2153 apostatare
2466 2104 2497 2136 (ι
2526 2085 2629 2139 Deo
2652 2084 2849 2155 (Eccli.
2880 2103 2909 2138 κ
2933 2087 2971 2155 ).
3006 2088 3072 2141 Et
3097 2088 3382 2151 Apostolus
3410 2092 3493 2144 (ii-

1926 2176 2004 2229 cit
2031 2192 2043 2226 :
2081 2173 2143 2230 Si
2170 2176 2307 2229 enim
2333 2193 2449 2229 eum
2473 2177 2671 2228 inimici
2693 2192 2918 2230 essemus
2958 2179 3280 2232 reconciliati
3314 2196 3494 2233 sumus

1933 2262 2039 2317 Deo
2066 2280 2158 2332 per
2188 2274 2404 2318 mortem
2436 2262 2564 2316 Filii
2591 2264 2703 2333 ejus
2723 2306 2735 2328 ,
2776 2266 2940 2319 multo
2972 2268 3137 2337 magis
3178 2270 3496 2322 reconciliati

1927 2354 2057 2408 salvi
2081 2354 2274 2408 erimus
2310 2354 2365 2406 in
2401 2355 2504 2421 vita
2544 2355 2706 2423 ipsius
2735 2354 2751 2424 (
2779 2354 2927 2408 Rom.
2963 2374 2992 2407 v
3015 2357 3054 2427 ).
3087 2357 3342 2427 Quisquis
3370 2375 3495 2427 ergo

1929 2443 1982 2497 in
2013 2443 2111 2497 bac
2135 2442 2220 2497 via
2241 2483 2255 2507 ,
2286 2443 2338 2497 id
2384 2445 2624 2508 estvita,
2654 2460 2757 2500 non
2796 2445 2955 2499 fuerit
2982 2449 3358 2502 reconciliatus
3386 2449 3493 2501 Deo

1926 2549 2024 2602 per
2045 2541 2273 2616 mortem
2304 2533 2422 2588 Filii
2451 2534 2597 2603 ejus,
2631 2536 2861 2590 traditur
2880 2535 3084 2604 judicio
3113 2537 3181 2591 ab
3210 2539 3317 2593 illo.
3355 2540 3493 2604 Quia

1928 2622 2089 2678 Pater
2130 2640 2234 2679 non
2266 2624 2477 2695 judicat
2524 2642 2865 2695 quemquam,
2910 2628 2999 2680 sed
3044 2644 3191 2682 omne
3230 2629 3493 2697 judicium

1923 2714 2067 2769 dedit
2099 2712 2241 2768 Filio
2286 2714 2485 2784 (Joan.
2520 2716 2611 2782 v).
2659 2716 2834 2784 Atque
2882 2717 2951 2769 ita
2999 2724 3193 2786 etetcra
3246 2719 3404 2788 (qu-.e
3442 2721 3491 2772 in

1928 2805 2031 2859 hoc
2067 2804 2303 2873 capitulo
2339 2805 2539 2875 scripta
2578 2806 2743 2875 sunt)
2792 2816 3212 2876 consequuntur,
3265 2811 3329 2863 de
3373 2811 3494 2878 qui—

1928 2895 2029 2952 bus
2058 2894 2174 2964 jam
2210 2899 2581 2954 tractavimus.
2630 2898 2805 2957 Unum
2841 2900 3011 2955 solum
3049 2910 3164 2965 est,
3196 2903 3335 2973 quod
3373 2905 3495 2957 huic

1925 2988 2219 3045 intellectui
2255 2988 2620 3046 dillicultatem
2656 2991 2807 3047 facit.
2848 2992 3127 3059 Quomodo
3156 2997 3324 3065 possit
3352 3006 3495 3051 recte

261 3097 480 3163 mutuli,
512 3104 567 3151 et
592 3080 656 3151 ea
700 3096 1025 3159 novissima,
1071 3103 1212 3150 terra
1254 3093 1545 3156 invenitur,
1590 3098 1648 3145 ut
1684 3091 1821 3147 inci-
1848 3090 1895 3154 C
1928 3080 2034 3137 diei
2064 3080 2119 3136 in
2148 3082 2233 3137 Via
2260 3096 2382 3138 0880
2409 3098 2532 3139 cum
2562 3082 2813 3151 Christo.
2846 3085 2891 3140 Si
2921 3088 3022 3141 hoc
3060 3086 3177 3141 Ιοεο
3216 3087 3330 3157 ipse
3357 3090 3495 3143 acci-

257 3188 381 3257 pias
409 3201 437 3240 a
466 3185 635 3252 etelo,
667 3186 953 3242 secundam
978 3198 1160 3245 aerem
1189 3196 1436 3238 numeres
1455 3222 1470 3243 ,
1496 3196 1687 3251 aquam
1716 3190 1825 3235 ter-

263 3276 430 3341 tiam,
477 3285 726 3345 quartam
773 3283 996 3330 terram.
1046 3273 1235 3329 Potest
1281 3286 1411 3342 ergo
1446 3272 1827 3328 convenienter

262 3366 435 3421 videri
473 3364 675 3421 dictum
706 3383 719 3418 :
765 3364 938 3419 Donec
977 3362 1145 3418 solvas
1186 3363 1524 3417 nov’ssimum
1561 3361 1828 3433 quadran-

257 3466 367 3512 tem
386 3498 403 3523 ,
432 3456 486 3511 id
515 3466 627 3523 est,
659 3458 830 3512 donec
856 3457 974 3511 luas
1003 3464 1212 3515 terrena
1250 3463 1489 3525 peccata.
1530 3452 1644 3509 lloe
1683 3454 1824 3508 enim

254 3555 515 3619 peccator
543 3547 765 3608 audivit.
801 3546 961 3603 Terra
999 3562 1084 3612 es,
1122 3556 1169 3599 et
1208 3546 1263 3599 in
1301 3554 1493 3599 terram
1531 3546 1628 3599 ibis
1656 3545 1672 3615 (
1696 3542 1825 3598 Gen.

264 3653 327 3693 ιιι
350 3637 391 3709 ).
420 3637 600 3693 Donec
629 3638 799 3693 solvas
836 3645 1015 3692 autem
1054 3636 1196 3708 quod
1235 3635 1438 3692 dictum
1479 3646 1593 3701 est,
1638 3637 1825 3699 miror,

261 3730 309 3787 si
352 3745 462 3786 non
500 3745 619 3786 eam
649 3729 913 3800 signiﬁcat
936 3743 1149 3799 ptenam
1169 3768 1183 3793 ,
1214 3735 1334 3797 qua:
1358 3736 1580 3783 vocatur
1604 3734 1825 3782 mterna.

265 3822 421 3878 Unde
451 3822 597 3877 enim
623 3810 853 3878 solvitur
882 3820 1011 3875 illud
1040 3820 1309 3886 debitum,
1342 3819 1433 3873 ubi
1457 3818 1568 3891 jam
1597 3834 1701 3873 non
1732 3818 1829 3873 da—

265 3922 358 3966 tur
385 3911 679 3981 ptenitendi
708 3918 762 3964 et
790 3910 1087 3965 eorrectius
1114 3909 1325 3965 vivendi
1356 3907 1505 3964 locus
1530 3908 1553 3961 ?
1576 3907 1655 3962 lta
1685 3908 1829 3963 enim

260 4000 495 4054 fortasse
524 3998 613 4053 hic
636 3997 871 4068 positum
898 4006 983 4053 est
1018 3998 1179 4052 donec
1218 3996 1387 4051 solvas
1409 4035 1424 4062 ,
1464 3998 1734 4067 quomodo
1776 3995 1828 4050 in

260 4089 385 4148 illo.
416 4088 506 4142 ubi
538 4088 737 4142 dictum
766 4096 849 4143 est
878 4106 891 4141 :
923 4086 1059 4143 Sede
1082 4106 1115 4142 a
1140 4087 1337 4141 dextris
1364 4086 1520 4153 meis,
1554 4086 1719 4141 donec
1739 4101 1832 4156 po-

260 4194 387 4233 nam
432 4194 606 4231 omnes
644 4179 883 4232 inimicos
928 4188 1044 4232 tuos
1088 4177 1183 4231 sub
1224 4177 1436 4248 pedibus
1481 4177 1586 4231 tuis
1634 4173 1828 4248 (Psal.

260 4268 415 4340 crx).
464 4266 582 4322 Non
627 4268 769 4322 enim
810 4283 932 4323 cum
979 4266 1178 4322 fuerint
1225 4265 1427 4321 inimici
1468 4265 1567 4321 sub
1607 4265 1834 4335 pedibus

259 4356 457 4427 pesiti,
498 4357 704 4413 desinet
745 4357 831 4411 ille
869 4357 1055 4412 sedere
1100 4357 1169 4411 ad
1209 4357 1504 4412 dexteram.
1547 4354 1657 4410 Aut
1701 4355 1830 4409 illud

1928 3172 2157 3243 piendus
2210 3182 2296 3227 est
2340 3174 2683 3228 adversarius
2735 3174 3054 3243 impiorum,
3108 3177 3195 3231 cui
3243 3176 3498 3245 jubemur

1926 3262 2037 3317 cito
2074 3262 2442 3327 reconciliari,
2484 3264 2587 3317 nisi
2622 3263 2760 3318 forte
2794 3264 2918 3333 quia
2968 3266 3083 3336 ipse
3134 3269 3331 3338 ubique
3380 3278 3494 3331 est,

1928 3366 2027 3406 nos
2056 3358 2238 3407 autem
2265 3368 2389 3408 cum
2421 3353 2475 3407 in
2506 3352 2610 3407 hac
2642 3353 2724 3407 via
2768 3370 2985 3420 sumus,
3015 3371 3135 3411 cum
3179 3358 3268 3412 illo
3308 3360 3493 3428 utique

1927 3456 2132 3498 sumus.
2173 3442 2235 3498 Si
2272 3443 2552 3497 ascendero
2588 3442 2643 3496 in
2679 3443 2893 3508 calum,
2927 3444 3136 3515 inquit,
3176 3456 3231 3501 tu
3256 3448 3365 3501 illic
3402 3465 3453 3501 es
3477 3490 3493 3511 ,

1924 3533 1972 3586 si
2008 3532 2318 3589 descendero
2343 3539 2409 3588 ad
2436 3534 2718 3604 infernum,
2752 3536 2916 3609 ades;
2944 3539 2989 3590 si
3021 3539 3265 3608 recipiam
3294 3557 3489 3609 pennas

1927 3639 2069 3677 meas
2103 3624 2160 3678 in
2192 3624 2479 3691 directum,
2514 3636 2568 3680 et
2602 3626 2847 3680 habitabo
2876 3606 2937 3681 in
2976 3630 3250 3683 novissimo
3295 3634 3489 3695 maris,

1928 3714 2117 3767 etenim
2157 3712 2281 3768 illuc
2315 3730 2502 3768 manus
2542 3724 2634 3769 tua
2674 3716 2889 3770 deducet
2918 3734 3027 3781 me,
3060 3730 3106 3772 et
3145 3721 3331 3775 tenebit
3368 3723 3494 3775 dex-

1929 3819 2041 3863 tera
2070 3819 2161 3864 tua
2192 3808 2211 3880 (
2240 3809 2385 3865 Psal.
2413 3826 2651 3866 cuxvm
2679 3812 2717 3881 ).

1999 3898 2107 3953 Aut
2157 3899 2204 3955 si
2256 3915 2361 3955 non
2416 3900 2595 3970 placet
2648 3898 2842 3971 impios
2890 3902 2993 3958 dici
3045 3918 3164 3959 esse
3211 3920 3332 3960 cum
3385 3907 3494 3960 Deo

1932 3990 1950 4058 (
1974 4004 2278 4060 quanquam
2317 4006 2583 4061 nusquam
2618 4007 2723 4047 non
2758 4001 2955 4063 praesto
2988 3994 3059 4048 sit
3089 3994 3271 4064 Deus)
3304 4011 3491 4066 quem-

1932 4079 2221 4134 admodum
2279 4096 2387 4135 non
2449 4081 2681 4137 dicimus
2738 4097 2911 4139 oecos
2966 4098 3087 4139 esse
3142 4100 3265 4140 cum
3335 4086 3453 4142 luce
3480 4128 3493 4148 ,

1934 4168 2146 4224 tametsi
2202 4170 2387 4225 oculos
2439 4185 2631 4227 eorum
2685 4171 2778 4227 lux
2835 4174 3275 4239 circumfundat;
3330 4193 3494 4231 unum

1933 4259 2197 4331 reliquum
2236 4269 2321 4316 est
2343 4301 2358 4327 ,
2400 4270 2458 4317 ut
2496 4263 2585 4318 hic
2616 4264 2988 4321 adversarium
3025 4277 3353 4339 przeeeptum
3402 4270 3494 4325 Dei

1932 4363 2053 4404 esse
2080 4348 2457 4422 intelligamus.
2489 4350 2627 4419 Quid
2654 4354 2800 4408 enim
2827 4355 2904 4409 sic
2930 4356 3248 4410 adversatur
3272 4370 3498 4426 peccare

258 4448 504 4518 Apostoli
532 4466 545 4501 :
583 4446 795 4518 Oportet
833 4448 970 4501 enim
1002 4446 1151 4502 illum
1188 4463 1433 4519 regnare,
1471 4448 1633 4502 donec
1670 4457 1829 4517 ponat
1854 4429 1907 4489 D
1936 4439 2270 4507 volentibus.
2302 4454 2463 4510 quam
2490 4452 2823 4526 Ρτεξέεερῑυω
2856 4444 2984 4509 Dei:
3018 4445 3071 4499 id
3099 4453 3211 4509 es"
3244 4445 3327 4500 Ῑθι
3358 4447 3494 4516 eius.

262 4550 443 4591 omnes
487 4538 722 4591 inimicos
764 4554 887 4592 suos
929 4536 1024 4591 sub
1063 4536 1278 4608 pedibus
1314 4538 1422 4592 suis
1450 4536 1466 4608 (
1490 4537 1517 4591 I
1542 4536 1665 4592 Cor.
1695 4552 1763 4590 xv
1786 4536 1826 4607 ).

245 4623 383 4683 Non
412 4626 553 4680 enim
580 4641 699 4680 cum
732 4626 893 4696 positi
918 4625 1114 4680 fuerint
1136 4625 1331 4681 desinit
1355 4640 1597 4696 regnare.
1628 4626 1828 4692 Quem-

260 4712 554 4768 admodum
588 4728 717 4783 ergo
748 4712 820 4768 ibi
861 4713 1189 4785 intelligitur,
1224 4714 1290 4768 de
1320 4728 1425 4783 quo
1456 4706 1675 4769 dictum
1703 4721 1787 4767 est
1815 4729 1829 4765 :

264 4801 483 4873 Oportet
526 4803 663 4856 enim
710 4818 924 4873 regnare
970 4803 1131 4858 donec
1173 4813 1330 4874 ponat
1378 4804 1551 4858 omnes
1590 4804 1831 4857 inimicos

260 4892 364 4947 sub
389 4892 607 4965 pedibus
634 4893 773 4957 suis,
804 4893 875 4947 ita
906 4894 994 4947 hic
1034 4893 1205 4962 accipi
1248 4900 1458 4965 potest,
1488 4893 1554 4948 de
1591 4909 1697 4963 quo
1744 4892 1829 4946 di-

262 4991 414 5037 ctum
441 4992 563 5037 est:
598 4982 718 5036 Non
758 4983 895 5036 exies
934 4983 1055 5036 inde
1093 4968 1261 5037 dotted
1295 4981 1464 5037 solvas
1500 4983 1834 5037 novissimum

261 5073 612 5145 quadrantem
633 5114 648 5139 ,
680 5088 892 5143 semper
920 5088 1025 5128 non
1054 5074 1324 5141 exiturum
1353 5088 1505 5139 esse,
1538 5073 1664 5142 quia
1695 5087 1836 5126 scm-

260 5170 365 5234 per
403 5164 563 5221 solvit
600 5163 947 5219 novissimum
989 5164 1370 5233 quadrantem,
1400 5164 1525 5217 dum
1555 5162 1837 5231 sempiter-

261 5270 366 5308 nas
392 5250 577 5323 pinnas
600 5262 934 5307 terrenarum
956 5262 1299 5319 peccatorum
1321 5252 1435 5307 luit.
1452 5251 1680 5319 Quidam
1706 5268 1834 5307 vero

260 5342 612 5413 quaarendum
639 5357 759 5397 esse
786 5341 949 5396 altius
972 5350 1293 5411 putaverunt
1320 5341 1441 5411 quis
1468 5349 1613 5397 esset
1638 5343 1828 5396 adver-

260 5433 444 5492 sarius
470 5431 556 5486 ille
580 5432 665 5486 cui
685 5428 940 5499 jubemur
962 5446 1081 5507 esse
1105 5432 1344 5487 benevoli
1370 5431 1477 5487 cito
1501 5447 1622 5488 cum
1646 5448 1832 5489 sumus

262 5538 391 5579 cum
431 5521 519 5576 illo
546 5522 600 5575 in
625 5522 709 5576 via
732 5563 745 5587 ,
776 5532 957 5576 utrum
988 5532 1131 5577 esset
1154 5523 1335 5592 homo,
1365 5538 1433 5577 an
1460 5523 1733 5588 diabolus,
1764 5540 1831 5578 an

263 5612 447 5676 Deus,
489 5625 557 5665 an
600 5620 924 5681 praeceptum
967 5609 1125 5677 ejus:
1177 5611 1270 5665 sed
1309 5612 1372 5663 tle
1411 5611 1626 5667 homine
1669 5628 1830 5683 supra

666 5705 935 5765 Peraea.
971 5702 1160 5765 CVII.

1933 4540 1985 4585 et
2016 4529 2293 4601 Scriptura
2332 4531 2543 4599 divina,
2584 4549 2703 4602 qua:
2747 4534 2868 4588 data
2913 4542 2999 4590 est
3048 4535 3200 4590 nobis
3244 4537 3310 4591 ad
3358 4538 3497 4592 hanc

1932 4624 2099 4678 vitam
2117 4662 2132 4687 ,
2163 4632 2221 4678 ut
2249 4623 2320 4679 sit
2346 4625 2621 4680 nobiseum
2650 4627 2703 4680 in
2730 4626 2813 4679 via
2833 4665 2849 4691 ,
2875 4624 2961 4682 cui
2989 4642 3095 4682 non
3123 4636 3337 4698 oportet
3364 4645 3495 4685 con-

1936 4711 2200 4767 tradicere
2218 4751 2233 4775 ,
2263 4726 2331 4766 ne
2357 4726 2456 4768 nos
2488 4712 2666 4768 tradat
2686 4712 2857 4781 judici
2876 4755 2891 4780 ,
2923 4715 3017 4770 sed
3046 4716 3094 4769 ei
3125 4725 3337 4785 oportet
3366 4734 3497 4773 con-

1934 4799 2138 4855 sentire
2182 4800 2329 4854 cito?
2372 4801 2487 4871 Non
2525 4802 2668 4857 enim
2716 4804 2942 4873 quisque
2985 4806 3135 4859 novit
3175 4808 3391 4875 quando
3433 4809 3499 4863 de

1935 4888 2037 4943 hac
2074 4889 2185 4943 vita
2220 4900 2395 4945 exeat.
2444 4891 2576 4957 Quis
2625 4902 2803 4947 autem
2852 4894 3122 4949 consentit
3169 4895 3498 4965 Scriptura),
3536 4882 3545 4889 ’

1936 4977 2037 5031 nisi
2075 4978 2167 5047 qui
2203 4977 2329 5047 legit
2361 4986 2417 5033 et
2453 4981 2645 5034 audit?
2678 4981 2766 5051 pie
2802 4980 3054 5038 deferens
3079 4985 3127 5039 ei
3158 4986 3367 5041 culmen
3405 5004 3502 5042 au-

1936 5068 2238 5131 ctoritatis,
2284 5077 2340 5123 ut
2376 5070 2516 5137 quod
2552 5070 2802 5140 intelligit
2838 5087 2944 5127 non
2982 5085 3204 5144 propter
3236 5077 3336 5133 hoc
3372 5079 3499 5133 ode-

1937 5158 2036 5221 rit,
2068 5158 2211 5226 quod
2247 5160 2484 5227 peccatis
2516 5160 2629 5214 suis
2659 5162 2934 5219 adversari
2970 5167 3165 5231 sentit,
3196 5167 3291 5221 sed
3324 5169 3497 5238 magis

1936 5247 2121 5317 diligat
2146 5239 2536 5319 correptione'm
2566 5266 2719 5305 suam
2750 5255 3084 5323 etgaudeat,
3117 5256 3257 5323 quod
3296 5258 3499 5311 morbis

1934 5339 2075 5402 suis,
2105 5341 2273 5395 donec
2299 5350 2575 5407 sanentur,
2606 5358 2709 5397 non
2739 5354 3003 5414 parcetur.

2008 5431 2238 5484 Audistis
2270 5434 2393 5501 quia
2427 5433 2623 5488 dictum
2660 5422 2733 5489 est
2781 5436 3009 5505 antiquis
3032 5450 3049 5485 :
3102 5434 3224 5489 Non
3274 5438 3497 5490 macha-

1938 5521 2092 5574 beris.
2133 5519 2247 5590 Ego
2286 5532 2457 5575 autem
2488 5525 2605 5577 dico
2648 5526 2783 5578 vobis
2824 5526 2945 5593 quia
2984 5526 3151 5578 omnis
3192 5528 3281 5592 qui
3317 5527 3501 5579 uiderit

1938 5609 2205 5664 mulierem
2230 5612 2298 5664 ad
2323 5616 2785 5684 concupiscendum
2808 5631 2923 5668 eam
2940 5653 2953 5676 ,
2974 5615 3089 5684 jam
3117 5617 3399 5671 moechatus
3424 5629 3501 5670 est

2992 5706 3071 5766 26
