3938 6326
443 256 688 312 Ἕττ⁷

1112 258 1172 312 n.
1217 225 1472 316 nam
1512 259 1731 316 MAURI
1768 254 2085 316 ARCHIEP.
2127 253 2434 312 uocum.
2475 253 2758 314 orenen
2796 233 2976 314 rans
3013 259 3055 314 l.

3619 266 3722 317 bili

433 388 579 448 “etim
616 374 670 425 in
714 371 866 424 corde
911 385 1026 424 suo.
1065 370 1282 441 (Anq)
1319 369 1532 426 Iustitia
1571 381 1697 440 ergo
1735 369 1909 423 minor
1945 375 2026 420 est
2055 368 2100 425 Λ
2129 373 2177 416 et
2215 365 2412 436 projice
2458 364 2548 418 abs
2578 374 2646 420 te.
2689 364 2908 436 Expedit
2933 370 3067 422 enim
3101 370 3194 423 tibi
3230 383 3284 425 ut
3321 380 3506 442 pereat
3555 387 3718 425 unua»

469 473 571 513 non
610 457 870 512 mtechari
917 473 1203 528 corporum
1239 452 1616 529 conjunctione
1639 499 1655 525 ,
1683 458 1895 528 ’justitia
1929 471 2026 509 au-

470 555 574 600 tem
624 545 794 615 major
835 554 917 601 est
959 548 1109 618 regni
1155 547 1250 602 Dei
1297 563 1403 602 non
1448 548 1710 602 mcechari
1755 547 1809 601 in
1848 545 2027 600 corde.

469 634 631 688 Multo
683 633 892 690 facilius
936 635 1172 690 custodit
1214 651 1283 690 ne
1331 635 1633 690 moechatur
1681 636 1735 690 in
1776 647 2028 703 corpore.

468 725 711 793 quisquis
739 739 843 779 non
875 724 1176 779 moechatur
1213 724 1266 778 in
1304 725 1488 778 corde.
1516 723 1652 778 lllud
1684 738 1810 794 ergo
1838 720 2032 777 confir-

474 813 639 866 mavit
711 813 801 881 qui
841 812 944 867 hoc
978 813 1273 882 prmccpit:
1316 812 1438 866 Non
1472 815 1585 867 veni
1614 812 1771 883 legem
1801 810 2028 876 solvere,

470 905 558 958 sed
593 902 896 973 adimplere.
937 902 1082 959 Sane
1115 904 1563 972 considerandum
1596 911 1707 968 est,
1745 903 1888 974 quod
1922 916 2028 956 non

472 993 645 1047 dixit:
682 991 869 1049 Omnis
905 993 995 1063 qui
1047 994 1379 1063 concupierit
1427 993 1706 1047 mulierem
1735 1032 1749 1057 ,
1801 991 1892 1047 sed
1927 988 2032 1056 Qui

471 1082 654 1136 riderit
696 1080 968 1136 mulierem
1012 1081 1082 1136 ad
1123 1079 1583 1151 concupiscendum
1627 1097 1772 1145 eam,
1819 1079 1872 1133 id
1917 1086 2028 1144 est,

476 1176 578 1250 hoc
629 1174 733 1240 fine
783 1183 840 1230 et
889 1174 1070 1229 animo
1117 1172 1441 1236 attenderit,
1493 1179 1552 1225 ut
1603 1187 1723 1227 eam
1777 1169 2029 1238 concupi—

472 1272 608 1317 scat.
639 1262 790 1330 Quod
813 1262 926 1332 jam
953 1276 1057 1316 non
1083 1269 1168 1316 est
1196 1260 1398 1314 titillari
1428 1261 1784 1316 delectatione
1822 1259 2029 1325 carnis,

475 1353 569 1407 sed
601 1352 761 1421 plane
788 1349 1091 1408 consentire
1125 1348 1365 1413 libidini,
1397 1349 1472 1402 ita
1499 1357 1559 1403 ut
1586 1365 1692 1403 non
1735 1346 2035 1404 refrenetur

477 1441 692 1495 illicitos
730 1439 1027 1512 appetitus,
1066 1437 1159 1494 sed
1197 1437 1242 1492 si
1283 1435 1508 1492 facultas
1543 1437 1670 1492 data
1708 1436 1899 1501 fuerit,
1925 1421 2035 1506 'pa-

478 1531 663 1584 rietur.
699 1528 756 1582 In
793 1527 878 1583 his
907 1536 1083 1582 autem
1125 1526 1334 1582 duobus
1359 1525 1521 1588 talem
1550 1524 1906 1580 differentiam
1935 1539 2032 1580 ve-

471 1630 613 1674 teres
645 1627 966 1690 posuerunt,
995 1617 1137 1689 quod
1179 1617 1406 1672 alterum
1434 1615 1840 1688 propassionem
1859 1656 1875 1682 ,
1903 1616 2035 1671 alte-

2133 453 2475 508 membrorum
2498 456 2706 517 tuorum
2744 473 2902 526 quam
2926 466 3089 511 totum
3129 477 3316 530 corpus
3337 472 3493 515 tuum
3537 461 3717 515 mitto.

2131 552 2218 596 tur
2237 543 2291 596 in
2312 544 2616 613 gehennam.
2643 543 2780 612 Quia
2821 561 2982 615 supra
3012 547 3078 601 de
3103 552 3550 620 concupiscentia
3591 566 3713 606 tnu-

2131 631 2278 689 lieris
2296 633 2525 702 dixerat,
2572 643 2718 692 recte
2742 651 2884 691 nunc
2906 637 3285 707 cogitationem
3308 651 3363 696 et
3398 658 3634 699 sensum
3659 643 3712 697 in

2130 724 2342 780 diversa
2367 726 2675 782 volitantem
2717 727 3041 796 nuncupavit
3081 729 3316 785 oculum.
3362 732 3471 788 Per
3516 733 3714 789 dexte-

2131 828 2245 867 ram
2277 823 2456 870 autem
2479 823 2533 892 et
2559 826 2783 872 caeteras
2805 818 3048 887 corporis
3070 828 3273 888 partes,
3299 822 3608 878 voluntatis
3633 833 3714 877 at-

2131 917 2236 975 que
2282 903 2565 960 affectuum
2595 906 2742 960 initia
2770 907 3227 975 demonstrantur,
3255 918 3313 963 ut
3336 912 3481 980 quod
3534 920 3712 967 mente

2131 998 2474 1068 concepimus
2496 1013 2564 1052 ne
2587 1011 2750 1067 opere
2778 997 3164 1067 compleamus,
3193 1002 3493 1055 cavendum
3520 1013 3623 1063 est,
3649 1018 3723 1055 ne:

2132 1086 2274 1156 quod
2300 1087 2352 1142 in
2376 1087 2531 1143 nobis
2548 1088 2806 1157 optimum
2841 1096 2924 1141 est
2949 1086 3058 1141 cito
3085 1086 3301 1142 labatur
3325 1090 3377 1142 in
3405 1090 3628 1143 vitin'u.
3655 1090 3708 1156 Si

2132 1177 2278 1232 enim
2321 1179 2509 1235 dexter
2531 1177 2716 1234 oculus
2753 1184 2808 1233 et
2843 1177 3059 1252 dextera
3086 1192 3276 1233 manus
3317 1179 3708 1245 scandalizent,

2133 1273 2335 1335 quanto
2362 1267 2534 1338 magis
2556 1282 2620 1323 ca
2659 1281 2778 1338 quae
2803 1268 2856 1322 in
2871 1257 3035 1322 nobis
3073 1266 3290 1322 sinistra
3317 1257 3480 1322 suiit?
3508 1266 3568 1322 Si
3596 1269 3710 1321 auio

2135 1371 2222 1410 ma
2265 1356 2487 1422 labitur,
2512 1365 2710 1426 quanto
2735 1357 2853 1428 plus
2901 1372 3114 1428 corpus,
3140 1356 3282 1426 quod
3331 1357 3399 1412 ad
3423 1365 3708 1428 peceatum

2133 1444 2453 1515 proclivius?
2477 1444 2656 1515 (Aug)
2672 1445 2893 1500 Videtur
2917 1445 3047 1500 mihi
3073 1461 3179 1500 non
3205 1445 3504 1516 incongrue
3532 1446 3706 1516 accipi

2135 1536 2328 1592 debere
2351 1536 2452 1591 hoc
2477 1535 2593 1590 loco
2613 1535 2844 1599 oculum,
2860 1534 3262 1591 dilectissimum
3289 1536 3547 1592 amicum.
3577 1535 3705 1590 Nam

2115 1615 2240 1682 hoc
2283 1634 2368 1682 est
2403 1626 2586 1696 utique
2629 1625 2771 1695 quod
2796 1625 3096 1680 membrum
3139 1633 3284 1680 recte
3299 1628 3583 1696 possimus
3606 1620 3706 1697 ap-

472 1723 590 1762 rum
620 1722 747 1762 vero
775 1706 1078 1778 passionem
1108 1706 1523 1763 nominaverint.
1553 1705 1698 1761 Inter
1727 1705 2032 1776 passionem
2064 1699 2110 1759 B
2139 1716 2354 1790 venare,
2382 1717 2524 1788 quod
2550 1716 2891 1772 vehementer
2929 1715 3220 1788 diligimus,
3243 1726 3296 1771 ει
3323 1717 3498 1788 ipsum
3533 1719 3705 1774 οοηεί-

474 1809 651 1856 autem
675 1808 727 1855 et
751 1800 1150 1871 propassionem
1176 1800 1279 1856 hoc
1302 1799 1561 1866 interest,
1585 1800 1724 1869 quod
1746 1799 1926 1869 passio
1952 1813 2033 1854 re-

473 1900 691 1962 putatur
721 1893 772 1946 in
800 1893 957 1956 vitio,
988 1892 1294 1962 prepassio.
1326 1891 1452 1947 licet
1472 1891 1683 1962 culpam
1705 1890 1923 1956 habeat,
1955 1887 2043 1945 ιιι-⁸

477 1996 598 2035 men
637 1995 741 2034 non
779 1988 992 2035 tenetur
1018 1979 1071 2034 in
1101 1979 1348 2035 crimine.
1389 1979 1530 2050 Ergo
1559 1980 1650 2050 qui
1689 1979 1881 2034 viderit
1918 1980 2033 2033 mu-

470 2074 654 2129 lierem
680 2081 734 2128 et
757 2073 933 2127 anima
964 2071 1078 2143 ejus
1106 2069 1267 2126 fuerit
1297 2069 1505 2125 titillata
1526 2111 1540 2136 ,
1573 2069 1659 2124 hic
1688 2070 2034 2140 propassione

471 2181 756 2235 percussus
783 2175 884 2220 est.
911 2163 968 2220 Si
995 2178 1122 2219 vero
1149 2163 1480 2218 consenserit
1497 2203 1512 2225 ,
1541 2170 1596 2217 ct
1623 2162 1688 2217 de
1715 2163 2034 2234 cogitatione

475 2253 725 2310 allectum
749 2253 967 2318 fecerit,
992 2253 1131 2308 sicut
1153 2253 1413 2323 scriptum
1435 2253 1591 2330 estoin
1612 2250 1778 2308 David
1801 2267 1816 2306 :
1844 2251 2036 2306 Trans.

472 2350 640 2402 ierunt
678 2349 732 2402 in
777 2348 1018 2417 affectum
1048 2346 1220 2400 cordis
1251 2344 1270 2417 (
1298 2341 1441 2400 Psal.
1467 2360 1613 2400 Lxxu
1636 2343 1654 2416 )
1680 2385 1694 2411 ,
1726 2344 1793 2400 de
1817 2359 2036 2416 propas—

474 2443 621 2496 sione
657 2439 907 2494 transivit
942 2439 1006 2494 ad
1034 2438 1362 2508 passionem.
1405 2437 1468 2491 Et
1499 2437 1624 2493 huic
1653 2451 1759 2490 non
1791 2434 2036 2490 voluntas

477 2530 677 2602 peccati
709 2530 885 2594 deest,
917 2529 1012 2585 scd
1041 2528 1276 2583 occasio.
1309 2525 1625 2597 Quicunque
1651 2522 2037 2597 igiturvulerit

479 2619 754 2675 mulierem
786 2620 852 2675 ad
879 2618 1362 2687 concupiscendum
1385 2657 1400 2682 ,
1439 2616 1493 2672 id
1529 2623 1647 2682 est,
1685 2615 1730 2670 si
1765 2614 1845 2670 sic
1881 2627 2037 2682 aspe-

475 2710 614 2765 xerit
632 2750 645 2773 ,
673 2717 731 2762 ut
753 2707 1130 2777 concupiscat,
1161 2714 1220 2760 ut
1250 2703 1428 2760 facere
1455 2703 1733 2774 disponat,
1763 2703 1864 2759 iste
1893 2701 2038 2759 recte

474 2802 752 2857 mwchatus
799 2817 910 2854 eam
951 2799 1152 2855 dicitur
1193 2798 1246 2853 in
1289 2796 1444 2852 corde
1483 2792 1857 2867 suo..(Aug.)
1888 2795 2040 2850 Sicut

474 2907 603 2964 ergo
633 2891 806 2946 tribus
834 2891 1088 2962 gradibus
1135 2889 1200 2944 ad
1242 2895 1521 2970 peccatum
1565 2886 1878 2958 pervenitur
1915 2901 2039 2957 sug-

477 2979 719 3054 gestione
742 3021 757 3046 ,
789 2979 1144 3035 delectatione
1162 3019 1178 3044 ,
1208 2976 1592 3042 consensione,
1624 2975 1701 3030 ita
1731 2975 1885 3030 istius
1910 2989 2036 3046 pec-

2137 1807 2520 1877 liariummuia
2553 1806 2741 1862 oculus
2768 1812 2852 1862 est
2897 1806 3152 1876 tanquam
3172 1806 3702 1869 demonstrans'itcr.

2135 1897 2201 1951 Et
2223 1897 2276 1950 in
2305 1897 2466 1952 rebus
2489 1895 2702 1962 divinis,
2724 1895 2853 1965 quia
2880 1895 3070 1952 dexter
3093 1903 3179 1951 est
3201 1936 3217 1961 ,
3269 1903 3331 1950 ut
3375 1891 3598 1952 sinister
3639 1899 3708 1954 sit

2134 1987 2363 2043 dilectus
2389 1987 2604 2057 quidem
2645 1986 3006 2053 consiliarius,
3033 1986 3125 2042 sed
3170 1988 3224 2041 in
3276 1987 3439 2042 rebus
3480 1989 3707 2043 terrenis

2135 2077 2199 2132 ad
2224 2075 2596 2133 necessitatem
2617 2075 2857 2147 corporis
2879 2074 3296 2146 pertinentibus.
3324 2073 3402 2131 De
3426 2089 3536 2144 quo
3557 2091 3708 2130 scan-

2135 2168 2399 2223 dalizante
2422 2165 2744 2238 superﬂuum
2771 2175 2887 2222 erat
2911 2166 3111 2230 dicere,
3138 2164 3578 2236 quandoquidem
3605 2179 3704 2221 nec

2137 2259 2324 2314 dextro
2349 2257 2675 2326 parcendum
2699 2249 2790 2311 sit.
2833 2256 2888 2310 ln
2919 2255 3078 2310 rebus
3103 2263 3282 2310 autem
3307 2254 3506 2310 divinis
3531 2255 3704 2310 consi-

2136 2348 2321 2403 liarius
2346 2346 2710 2403 scandaliza‘ns
2751 2354 2852 2411 est,
2876 2347 2920 2400 si
2977 2345 3028 2400 in
3071 2344 3306 2414 aliquam
3352 2345 3703 2415 perniciosam

2138 2440 2383 2495 haeresim
2411 2437 2625 2494 nomine
2665 2437 2937 2508 religionis
2983 2443 3143 2506 atque
3191 2437 3452 2493 doctrina:
3487 2445 3707 2491 conatur

2137 2529 2408 2585 inducere.
2472 2528 2474 2530 ’

2209 2616 2276 2674 Et
2301 2621 2345 2674 si
2389 2619 2572 2674 dextra
2597 2633 2784 2672 manus
2811 2626 2903 2670 tua
2932 2615 3282 2682 scandalizat,
3305 2614 3551 2670 abscinde
3571 2631 3700 2678 eam,

2136 2722 2182 2765 et
2217 2711 2411 2781 projice
2432 2710 2523 2764 abs
2566 2719 2633 2764 te.
2665 2706 2889 2779 Expedit
2927 2709 3066 2763 enim
3110 2705 3204 2762 tibi
3243 2717 3296 2762 ut
3339 2717 3515 2778 pereat
3546 2724 3702 2762 unum

2137 2801 2478 2854 membrorum
2504 2809 2734 2866 tuorum,
2756 2815 2912 2870 quam
2952 2807 3116 2853 totum
3143 2814 3329 2868 corpus
3371 2808 3519 2852 tuum
3541 2808 3626 2852 eat
3651 2799 3704 2853 in

2135 2890 2437 2961 gehennam.
2467 2891 2608 2960 Ergo
2640 2900 2694 2944 et
2739 2890 2960 2945 dextera
2987 2903 3173 2948 ntanus
3199 2886 3462 2958 accipitur
3486 2879 3717 2944 dilectus-

2137 2979 2376 3050 adiutor,
2401 2989 2455 3036 et
2479 2982 2726 3037 minister
2749 2982 2802 3036 in
2830 2981 3027 3036 divinis
3051 2980 3321 3050 operibus.
3355 2979 3490 3033 Nam
3517 2995 3703 3050 quem-

473 3042 579 3127 ἕξιιὶ
625 3079 735 3126 trcs
781 3078 905 3125 sunt
951 3066 1303 3130 differentiae:
1349 3066 1405 3121 in
1446 3065 1640 3132 corde,
1671 3065 1726 3119 in
1767 3042 1947 3130 factoi,
1978 3065 2033 3120 in
2061 3042 2104 3104 C
2135 3042 2421 3126 admodum
2446 3071 2499 3124 in
2527 3070 2682 3126 oculo
2730 3042 3133 3140 contemplatio,
3161 3068 3241 3124 sic
3284 3069 3338 3123 in
3376 3042 3703 3143 manu'actio

475 3163 885 3225 consuetudine,
930 3171 1180 3230 tanquam
1221 3167 1331 3214 tres
1365 3157 1586 3213 mortes.
1629 3155 1745 3212 Una
1785 3157 1939 3225 quasi
1977 3152 2031 3210 in

477 3252 667 3318 domo,
699 3253 751 3307 id
780 3259 892 3317 est,
941 3265 1062 3305 cum
1111 3247 1378 3304 in'corde
1421 3247 1753 3304 consentitur
1802 3246 2029 3303 libidini.

473 3344 686 3409 Altera,
727 3340 836 3410 jam
882 3340 1084 3411 prolata
1127 3339 1281 3409 quasi
1323 3345 1479 3394 extra
1518 3345 1762 3408 portam,
1809 3353 1932 3393 cum
1976 3334 2054 3392 in’

475 3435 672 3490 factum
712 3431 952 3504 procedit
988 3430 1251 3486 assensio.
1291 3427 1474 3483 Tertio
1511 3443 1633 3483 cum
1662 3427 1713 3482 vi
1745 3437 2032 3484 consuetu-

470 3529 609 3587 dinis
637 3525 792 3582 mala:
823 3533 1076 3594 tanquam
1103 3521 1243 3578 mole
1269 3529 1482 3577 terrena
1507 3519 1772 3590 premitur
1798 3517 2028 3583 animus,

468 3621 620 3691 quasi
653 3621 704 3675 in
736 3618 980 3690 sepulcro
999 3615 1111 3687 jam
1141 3622 1357 3688 puteus.
1388 3610 1515 3682 Qua?
1541 3611 1645 3666 tria
1674 3623 1868 3681 genera
1895 3625 2035 3665 mor-

471 3720 682 3766 tuorum
706 3709 874 3766 Deum
900 3708 1248 3764 resuscitasse
1270 3705 1513 3777 quisquis
1535 3700 1884 3774 Evangelium
1909 3700 2036 3772 legit

471 3803 735 3876 agnoscit.
787 3801 853 3855 Et
898 3798 1128 3855 fortasse
1165 3797 1479 3854 considerat
1525 3811 1659 3866 quas
1705 3790 2035 3852 differentias

468 3893 668 3949 habeat
691 3891 855 3947 etiam
883 3890 996 3961 ipsa
1020 3903 1125 3953 vos
1151 3887 1539 3954 resuscitantis,
1568 3901 1691 3942 cum
1713 3883 1840 3941 alibi
1864 3885 2030 3940 dicit:

474 3980 687 4048 Puella,
717 3997 871 4052 surge
914 3977 1128 4052 (Matth.
1157 3972 1254 4050 ix).
1284 3976 1422 4032 Alibi
1453 3996 1464 4030 :
1496 3975 1731 4043 Iuvenis,
1761 3976 1878 4030 dico
1905 3976 2030 4040 tibi,

444 4133 447 4136 ἠ
474 4087 626 4142 surge
663 4067 834 4143 (Luc.
863 4067 999 4141 vn).
1036 4066 1173 4123 Alibi
1211 4065 1485 4122 infremuit
1516 4067 1566 4120 in
1598 4066 1821 4136 spiritu,
1853 4073 1909 4120 et
1941 4064 2031 4121 lle-

471 4164 581 4228 vit,
620 4170 676 4218 et
711 4177 898 4217 rursus
928 4159 1174 4223 fremuit,
1210 4167 1264 4212 et
1298 4165 1421 4229 post
1448 4157 1643 4214 deinde
1673 4173 1804 4230 voce
1835 4172 2027 4230 magna

469 4251 828 4306 exclamavit:
872 4248 1104 4314 Lazare,
1146 4248 1256 4303 veni
1298 4227 1440 4318 j'oras
1486 4245 1687 4320 (Joan.
1718 4227 1774 4301 xi
1794 4247 1835 4319 ).
1888 4227 2030 4313 Qua-

467 4352 683 4412 propter
741 4342 955 4396 nomine
1008 4338 1431 4405 mmchantium,
1479 4339 1579 4412 qui
1631 4339 1734 4394 hoc
1789 4322 2024 4411 capitulo

467 4439 970 4497 commemorantur,
1019 4446 1233 4487 omnem
1276 4429 1545 4486 carnalem
1588 4437 1642 4485 et
1681 4429 2019 4486 libidinosam

468 4519 956 4589 concupiscentiam
1007 4529 1219 4591 oportet
1266 4521 1507 4593 intelligi.
1560 4520 1694 4576 Cum
1733 4521 1874 4576 enim
1910 4508 2019 4576 tam

471 4609 686 4663 assidue
715 4607 1068 4663 idololatriam
1101 4609 1507 4665 fornicationem
1535 4609 1813 4678 Scriptura
1842 4609 2018 4677 dicat,

469 4697 665 4752 f’aulns
703 4706 882 4753 autem
925 4697 1203 4768 apostolus.
1242 4699 1520 4754 avaritiam
1571 4699 1884 4755 idololatriae
1928 4715 2024 4755 no-

468 4789 610 4843 mine
639 4787 898 4857 appellet,
930 4786 1053 4857 quis
1081 4785 1283 4842 dubitet
1307 4802 1520 4864 omnem
1550 4788 1744 4842 malam
1773 4787 2025 4859 concupi-

465 4871 720 4932 scentiam
749 4886 892 4932 recte
915 4875 1325 4932 fornicationem
1350 4879 1559 4943 vocari,
1585 4877 1798 4947 quando
1823 4879 2020 4945 anima,

466 4963 1030 5036 neglecta'superiore
1079 4965 1226 5037 lege,
1279 4982 1383 5037 qua
1437 4967 1657 5039 regitur,
1711 4965 2022 5022 inferiorum

467 5067 778 5112 naturarum
813 5055 950 5124 turpi
990 5055 1258 5110 voluntate
1279 5098 1292 5121 ,
1323 5057 1478 5127 quasi
1515 5056 1762 5112 mercede
1782 5097 1796 5122 ,
1829 5061 2027 5126 prosti-

467 5154 581 5198 tuta
607 5142 1013 5212 corrumpitur?
1040 5141 1106 5196 Et
1137 5144 1253 5197 ideo
1291 5144 1532 5215 quisquis
1569 5143 1841 5200 carnalem
1881 5142 2024 5200 delc-

463 5233 756 5289 ctationem
785 5232 1041 5286 adversus
1069 5241 1270 5304 rectam
1299 5233 1625 5288 voluntatem
1657 5248 1809 5288 suam
1852 5232 2026 5287 rebel—
2056 5270 2060 5273 ς

462 5323 575 5378 lare
601 5323 790 5384 sentit,
822 5321 1086 5377 exclamet
1109 5319 1367 5391 lugendo,
1397 5323 1645 5393 imploret
1669 5321 2024 5378 consolatoris

460 5413 574 5466 veri
625 5411 832 5465 Domini
880 5410 1078 5465 Christi
1129 5411 1404 5464 auxilium.
1455 5411 1565 5468 Nec
1596 5428 1795 5482 parvus
1830 5421 1913 5468 est
1951 5413 2020 5467 ad

464 5499 842 5552 beatitudinem
872 5513 1148 5564 accessus,
1179 5500 1415 5568 cognitio
1441 5499 1766 5565 infelicitatis
1795 5517 1925 5558 sum.

392 5584 393 5587 “
535 5591 682 5654 Quod
706 5591 752 5644 si
767 5589 953 5645 oculus
979 5600 1096 5645 mus
1120 5591 1300 5645 dexter
1323 5592 1642 5648 scandalizat
1671 5604 1740 5661 te,
1759 5608 1883 5648 erue
1901 5609 2018 5648 eum

2050 4388 2100 4451 D

2136 3148 2280 3213 recte
2304 3157 2632 3230 intelligitur.
2663 3150 2734 3215 Ut
2762 3158 2980 3214 sinistra
3028 3173 3221 3232 manus
3270 3157 3604 3229 intelligatur
3643 3159 3695 3214 in

2132 3248 2400 3316 operibus,
2420 3263 2537 3318 qua:
2559 3248 2685 3304 huic
2707 3249 2829 3304 vita:
2851 3247 3060 3318 corpori
3078 3257 3202 3302 sunt
3227 3249 3561 3304 necessaria.
3583 3247 3706 3303 Pos-

2132 3353 2316 3394 sumus
2339 3353 2553 3409 quoque
2578 3338 2632 3392 in
2656 3339 2844 3394 dextro
2875 3337 3052 3402 oculo,
3077 3344 3131 3392 et
3160 3338 3349 3393 dextra
3379 3352 3570 3399 manu,
3593 3335 3699 3391 fra-

2133 3437 2297 3494 trum,
2319 3427 2374 3484 ct
2397 3429 2600 3493 uxoris,
2629 3437 2684 3485 et
2704 3428 3017 3492 liberorum,
3043 3435 3205 3498 atque
3227 3426 3466 3482 allinium
3492 3435 3545 3482 et
3580 3443 3698 3498 pro-

2130 3520 2452 3591 pinquorum
2483 3519 2779 3589 intelligere
2817 3517 3060 3574 allectus.
3104 3517 3250 3585 Quas
3283 3518 3326 3573 si
3355 3518 3422 3572 ad
3466 3527 3699 3573 contem-

2131 3611 2384 3682 plandum
2408 3625 2589 3666 veram
2613 3610 2786 3667 lucem
2810 3611 2963 3666 nobis
2989 3609 3372 3680 impedimento
3395 3623 3516 3665 esse
3535 3604 3718 3664 cerni?

2133 3717 2272 3767 mus,
2289 3701 2546 3758 debemus
2571 3710 2821 3758 truncare
2845 3701 3148 3757 istiusmodi
3176 3701 3472 3772 portiones,
3489 3715 3556 3755 ne
3577 3700 3698 3754 dum

2093 3823 2102 3833 ι
2132 3794 2375 3851 volumus
2403 3801 2627 3851 exteros
2655 3792 2989 3859 lucrifacere,
3017 3791 3117 3861 ipsi
3143 3791 3197 3845 in
3227 3801 3488 3846 :eternum
3511 3805 3696 3860 perea-

2133 3905 2270 3944 mus.
2313 3887 2465 3944 Unde
2506 3885 2700 3942 dicitur
2738 3892 2791 3939 et
2828 3883 2893 3940 de
2939 3880 3218 3939 sacerdote
3255 3895 3450 3951 magno
3481 3919 3497 3944 ,
3552 3877 3696 3946 cujus

2131 3979 2311 4034 anima
2341 3976 2435 4033 Dei
2472 3968 2643 4032 cultui
2682 3975 3098 4036 dedimta.est:
3129 3972 3306 4043 Supra
3350 3981 3569 4026 matrem
3591 4009 3607 4035 ,
3645 3977 3694 4024 et

2127 4080 2344 4140 patrem,
2371 4076 2418 4122 et
2455 4065 2614 4136 ﬁlios,
2639 4081 2741 4120 non
2766 4063 3027 4135 polluetur
3069 4061 3256 4134 (Leuit.
3290 4060 3404 4131 xm)
3432 4100 3448 4125 ,
3492 4059 3547 4115 id
3592 4067 3690 4123 cst,

2129 4157 2326 4212 nullmn
2353 4153 2600 4211 affectum
2629 4147 2785 4220 sciet,
2813 4153 2917 4208 nisi
2948 4153 3066 4223 ejus
3099 4150 3252 4220 cujus
3285 4151 3449 4231 cultui
3496 4149 3699 4206 dedica-

2131 4257 2216 4303 tus
2247 4255 2348 4303 est.

2203 4337 2402 4390 Dictum
2445 4344 2519 4390 est
2574 4344 2791 4388 autem:
2829 4330 3134 4402 Quicunque
3177 4330 3434 4384 dimiserit
3481 4346 3686 4384 uxorem

2124 4429 2299 4488 suam,
2320 4427 2404 4481 det
2450 4424 2530 4480 illi
2559 4424 2788 4480 libellum
2819 4422 3041 4494 repudii.
3095 4421 3362 4492 Scriptum
3391 4422 3572 4491 itaque
3611 4427 3685 4476 est

2122 4519 2201 4572 sic
2226 4517 2280 4571 in
2307 4499 2716 4571 Deutcronomio
2745 4531 2758 4567 :
2793 4511 2855 4569 Si
2879 4511 3132 4582 acceperit
3178 4510 3332 4564 homo
3361 4525 3606 4574 uxorem,
3643 4519 3688 4563 et

2124 4607 2360 4661 habuerit
2377 4621 2512 4670 eam,
2536 4612 2584 4660 et
2605 4616 2706 4659 non
2721 4604 2973 4658 invenerit
2995 4602 3220 4673 gratiam
3241 4609 3360 4656 ante
3379 4599 3555 4655 oculos
3581 4600 3688 4666 eius

2123 4710 2330 4770 propter
2348 4695 2576 4770 aliquam
2605 4696 2905 4761 t'oeditatem,
2933 4693 3120 4749 scribet
3152 4692 3379 4746 libellum
3402 4692 3622 4763 repudii,
3641 4694 3706 4745 α’

2123 4788 2266 4843 dabit
2301 4790 2356 4843 in
2388 4805 2544 4842 manu
2575 4786 2744 4852 illius,
2789 4796 2837 4840 et
2867 4770 3093 4840 dimittet
3143 4795 3257 4855 eam
3295 4783 3360 4838 de
3395 4783 3549 4837 domo
3574 4799 3706 4847 εγω(

2124 4887 2228 4936 etc.
2257 4878 2434 4952 (Deut.
2461 4876 2628 4948 xxiv).
2683 4876 2740 4929 In
2789 4873 3069 4946 posteriori
3098 4888 3224 4928 vero
3250 4880 3402 4942 parte
3431 4872 3588 4926 istum
3615 4863 3689 4926 lo—A

2125 4985 2244 5024 cum
2272 4968 2478 5040 plenius
2507 4967 2753 5022 Salvator
2779 4963 3015 5035 exponit.
3041 4961 3194 5030 Quod
3223 4961 3431 5031 Moyses
3455 4960 3676 5016 libellum

2127 5058 2327 5128 repudii
2371 5057 2486 5112 dari
2531 5056 2754 5125 jusserit
2784 5064 2992 5124 propter
3030 5047 3280 5106 duritiam
3323 5049 3494 5117 cordis
3526 5051 3674 5104 mari-

2126 5156 2320 5214 torum,
2345 5160 2451 5202 non
2473 5146 2753 5201 discidium
2783 5143 3100 5212 concedens,
3127 5140 3221 5196 sed
3253 5139 3503 5194 auferens
3525 5138 3685 5192 homi-

2130 5231 2345 5294 cidium.
2376 5237 2538 5292 Multo
2559 5237 2698 5292 enim
2717 5220 2904 5291 melius
2929 5241 3032 5297 est,
3054 5233 3179 5287 licet
3223 5230 3530 5303 lugubrem,
3559 5244 3677 5284 cve-

2130 5326 2247 5381 nire
2272 5326 2614 5390 discordiam,
2635 5339 2793 5394 quam
2829 5337 2924 5393 per
2955 5321 3134 5388 odium
3164 5320 3478 5391 sanguinem
3517 5316 3674 5372 fundi.

2200 5415 2309 5486 Ego
2337 5428 2509 5471 autem
2528 5416 2642 5469 dico
2664 5416 2802 5469 vobis
2827 5415 2950 5485 quia
2973 5413 3138 5468 omnis
3160 5413 3248 5482 qui
3278 5412 3531 5464 dimiserit
3558 5424 3675 5463 uxo-

2128 5521 2230 5559 rem
2250 5522 2415 5568 suam,
2443 5515 2652 5574 excepta
2683 5493 3036 5572 fornicationis
3065 5518 3245 5565 causa,
3275 5501 3401 5570 facit
3424 5515 3538 5553 eam
3561 5512 3676 5549 ma-

2126 5593 2291 5656 cltttri,
2320 5601 2373 5646 cf
2407 5593 2493 5662 qui
2549 5593 2814 5647 dimissum
2862 5592 3104 5653 duxerit,
3159 5591 3438 5643 adulterat.
3505 5589 3676 5657 (Λεία.)
