3938 6364
284 445 390 498 Si?)

1132 508 1133 511 η
1231 446 1577 502 COiiLliEZ‘lT.
1617 447 1685 500 ιδ
1726 446 2153 502 ΜᾹἹῗῖίὶίΕωὶ.
2195 455 2263 487 ‘——~
2300 449 2428 502 LIB.
2471 451 2531 503 ll.

3414 456 3516 514 8“

284 561 460 616 Multa:
486 569 640 615 erant
675 563 726 614 in
753 561 868 632 lege
907 564 1071 618 veleri
1110 580 1285 619 causm
1311 580 1506 619 uxores
1528 564 1846 620 dimittendi.
1879 568 1926 624 Α
1956 579 1985 615 a
2016 564 2211 633 quibus
2238 565 2528 634 diliguntur
2566 569 2810 631 oderunt,
2850 571 2982 623 sicut
3007 571 3262 628 luxuriosi
3299 573 3389 628 lilii
3426 589 3518 646 pa-

282 652 543 707 Dominus
572 659 746 703 autem
774 651 828 705 in
855 651 1144 725 Evangelia
1172 654 1337 709 solam
1378 670 1596 709 causam
1624 653 1854 708 fornica-

283 742 448 796 tionis
475 741 705 810 excepit.
734 740 967 797 Czeteras
994 757 1122 797 vcro
1152 743 1430 797 universas
1464 744 1768 808 molestias,
1808 744 1853 798 si

282 844 403 900 quae
437 828 576 884 forte
602 831 925 893 exstiterint,
963 828 1118 896 jubet
1152 845 1252 900 pro
1307 829 1409 884 fide
1443 829 1704 902 conjugali
1734 873 1748 895 ,
1800 839 1855 885 et

276 914 381 994 pro
441 922 689 978 castitate
739 921 949 977 fortiter
993 922 1266 977 sustineri.
1301 921 1369 975 Et
1413 925 1681 977 mmchum
1728 923 1857 978 dicit

283 1013 447 1069 etiam
474 1013 647 1066 virum
677 1013 766 1082 qui
802 1028 920 1068 eam
951 1009 1164 1067 duxerit
1190 1025 1308 1080 quae
1346 1011 1519 1065 soluta
1549 1019 1633 1065 est
1659 1027 1690 1064 a
1714 1012 1849 1066 viro.

283 1102 449 1174 Cujus
478 1101 556 1157 rei
585 1102 859 1172 apostolus
906 1101 1102 1156 Paulus
1136 1099 1424 1155 terminum
1448 1100 1697 1155 ostendit.
1721 1099 1853 1167 Quia

285 1193 476 1247 taudiu
519 1192 910 1248 observandum
962 1192 1091 1248 dicit
1134 1190 1367 1260 quandiu
1414 1189 1500 1243 vir
1540 1189 1654 1258 ejus
1701 1191 1850 1245 vivit.

280 1283 402 1358 illo
439 1294 617 1339 autem
671 1290 882 1340 mortuo
937 1284 1026 1339 dat
1076 1280 1307 1337 nubendi
1363 1280 1651 1336 licentiam.
1707 1282 1857 1338 Hanc

278 1373 451 1428 etiam
479 1373 716 1446 regulam
757 1375 868 1444 ipse
899 1372 1090 1437 tenuit,
1109 1379 1165 1426 et
1191 1371 1244 1443 in
1270 1386 1334 1426 ea
1371 1385 1474 1424 non
1502 1385 1656 1425 suum
1682 1373 1857 1427 consi-

283 1462 436 1526 lium,
463 1463 602 1517 sicut
638 1473 693 1517 et
721 1463 772 1516 in
815 1461 1088 1517 nonnullis
1135 1459 1373 1525 monitis,
1404 1461 1497 1514 sed
1531 1470 1856 1532 praeceptum

284 1554 499 1609 Domini
528 1553 766 1622 jubentis
811 1552 1065 1616 ostendit,
1093 1565 1213 1605 cum
1265 1550 1376 1605 ait:
1404 1549 1498 1605 Eis
1536 1559 1706 1606 autem
1742 1569 1857 1622 qua:

282 1654 460 1716 nupta:
483 1654 600 1700 sunt
633 1644 877 1715 prmcipio
905 1661 1006 1699 non
1035 1660 1149 1714 ego,
1174 1643 1264 1697 sed
1290 1642 1568 1710 Dominus,
1592 1642 1856 1698 mulierem

277 1753 318 1789 -α
344 1736 455 1790 viro
482 1752 583 1790 non
605 1735 1042 1807 dis’cedere,quod
1062 1736 1106 1789 si
1137 1735 1449 1801 discesserit,
1477 1751 1688 1789 manere
1709 1735 1858 1788 innu-

284 1833 448 1893 ptam,
475 1834 564 1878 aut
591 1825 696 1878 viro
729 1841 824 1879 suo
855 1824 1195 1889 reconciliari,
1220 1829 1278 1878 et~
1316 1825 1393 1878 vir
1432 1839 1646 1878 uxorem
1667 1840 1729 1878 ne
1775 1824 1855 1877 di-

1957 664 2137 708 rentes
2166 655 2489 709 cocrcitores
2537 657 2759 711 luxuria:
2801 673 2928 711 suae.
2959 660 3209 714 Ascendit
3248 677 3383 734 ergo.
3425 664 3520 720 all-

1956 759 2115 813 quem
2141 745 2386 812 gradum,
2411 745 2501 811 qui
2530 745 2828 812 proximum
2861 747 3050 816 diligit,
3081 751 3322 817 quamvis
3345 753 3520 810 adhuc

1951 833 2129 887 oderit
2155 831 2452 886 inimicum.
2485 833 2612 902 Ejus
2642 842 2817 888 autem
2866 835 3116 905 imperio,
3145 840 3234 906 qui
3275 840 3420 896 venit
3448 840 3518 897 lo-

1954 938 2077 993 gem
2110 922 2351 990 implere,
2384 937 2490 982 non
2527 923 2734 978 solvere
2758 964 2772 988 ,
2820 925 3062 995 perﬁciet
3103 927 3522 986 benevolentiam

1954 1020 2010 1068 et
2033 1011 2439 1082 benignitatem,
2465 1028 2584 1066 cum
2615 1029 2731 1067 eam
2762 1031 2932 1083 usque
2964 1016 3028 1068 ad
3056 1016 3253 1072 inimici
3289 1019 3522 1076 dilectio-

1955 1117 2078 1157 nem
2100 1103 2430 1172 perduxerit.
2453 1102 2584 1156 Nam
2611 1104 2698 1158 illc
2725 1106 2936 1174 gradus,
2966 1108 3207 1175 quamvis
3236 1111 3519 1168 imnnulius

1954 1192 2048 1258 sit,
2075 1199 2183 1246 tam
2205 1193 2463 1261 parvulus
2490 1202 2574 1248 est
2599 1202 2796 1258 tamen,
2817 1202 2874 1246 ut
2896 1211 3015 1266 cum
3041 1197 3338 1266 publicanis
3361 1200 3522 1257 etiam

1955 1282 2267 1354 possitesse
2292 1283 2615 1337 communis.
2653 1281 2761 1338 Nec
2791 1284 2932 1351 quod
2960 1285 3011 1337 in
3041 1284 3154 1355 lege
3175 1287 3372 1343 dictum
3395 1299 3479 1346 est
3503 1308 3518 1346 :

1956 1368 2144 1425 Oderis
2186 1370 2452 1424 inimicum
2474 1381 2640 1435 tuum,
2669 1387 2772 1427 vox
2811 1371 3046 1440 jubentis
3081 1376 3385 1445 accipienda
3415 1388 3519 1449 est,

1957 1461 2049 1516 sed
2079 1461 2441 1531 permittentis
2467 1462 2698 1518 infirmo.

2571 1573 2795 1631 CAPUT
2834 1575 2920 1631 Vl.

1961 1663 2035 1718 De
2059 1663 2381 1735 elcemosyna
2409 1667 2670 1738 facienda,
2703 1667 2765 1722 de
2810 1673 3007 1725 orando
3042 1671 3172 1738 Deo,
3199 1673 3262 1727 de
3309 1673 3522 1731 vitanda

2434 1737 2693 1807 hypocrisi
2722 1747 2769 1791 et
2808 1742 3045 1794 avaritia.

2029 1823 2119 1898 [1.]
2158 1825 2416 1879 Attendite
2444 1842 2511 1878 an
2529 1827 2790 1896 justitiam
2822 1839 3042 1883 vestram
3092 1831 3298 1900 faciatis
3346 1851 3519 1890 comm

278 1916 456 1968 mittat
509 1913 561 1984 (Ι
588 1915 711 1970 Cor.
755 1915 874 1987 vn),
903 1914 1064 1970 credo
1097 1914 1256 1969 simili
1298 1913 1490 1979 forma,
1523 1921 1582 1968 ut
1624 1914 1669 1967 si
1699 1913 1854 1968 dimi-
1884 1906 1928 1964 Β
1955 1915 2270 1979 hominibus,
2302 1924 2358 1967 ut
2391 1915 2668 1969 videamini
2699 1917 2762 1997 ab
2788 1919 2882 1971 eis.
2913 1918 2969 1972 In
3009 1923 3372 1990 superioribus
3394 1938 3520 1997 ergo

280 2003 436 2067 serit,
463 2019 569 2058 non
593 2004 752 2058 ducat
777 2002 957 2067 aliam,
980 2011 1073 2057 aut
1092 2003 1470 2058 reconcilietur
1511 2002 1700 2068 uxori,
1736 2003 1852 2058 fieri

285 2093 428 2160 enim
462 2100 643 2163 potest
677 2100 740 2147 ut
764 2091 999 2146 dimittat
1023 2083 1246 2149 uxorem
1270 2107 1432 2148 causa
1462 2080 1854 2159 fornicationis,

277 2198 444 2252 quam
486 2182 744 2239 Dominus
792 2190 1071 2254 exceptam
1100 2197 1218 2238 esse
1265 2183 1451 2237 voluit.
1499 2180 1615 2237 Jam
1657 2197 1780 2238 vero
1809 2184 1853 2237 si

277 2288 383 2327 nec
408 2273 483 2328 illi
514 2273 718 2328 nubere
753 2272 1064 2331 conceditur
1107 2289 1136 2328 a
1166 2290 1272 2344 quo
1317 2275 1638 2339 recesserit,
1682 2289 1854 2345 neque

279 2366 410 2420 huic
435 2365 658 2420 alteram
683 2365 1027 2421 ducere’viva
1053 2381 1219 2422 uxore
1255 2355 1416 2436 quam
1441 2367 1661 2432 dimisit,
1687 2366 1854 2421 multo

282 2458 462 2513 minus
484 2457 569 2512 fas
598 2467 681 2514 est
705 2457 884 2514 illicita
910 2473 1031 2514 cum
1054 2458 1381 2529 quibuslibet
1401 2467 1582 2528 stupra
1607 2459 1853 2514 commit-

280 2561 417 2608 tere.
454 2549 702 2606 Beatiora
733 2565 863 2607 sane
906 2549 1150 2620 coniugia
1194 2549 1482 2628 judicanda
1527 2558 1683 2622 sunt,
1735 2536 1888 2620 que

276 2627 401 2696 sive.
425 2641 914 2712 ﬁliisproceandis,
947 2643 1059 2698 sive
1099 2643 1263 2698 etiam
1316 2643 1417 2697 ista
1444 2649 1656 2698 terrena
1702 2641 1852 2712 prole

273 2739 608 2803 contempta,
634 2732 1022 2802 continentiam
1047 2732 1188 2788 inter
1216 2746 1274 2788 se
1302 2731 1418 2801 pari
1443 2733 1719 2788 consensu
1737 2746 1849 2787 ser-

275 2836 410 2876 vare
433 2822 724 2896 potuerint,
755 2822 884 2892 quia
918 2837 1092 2892 neque
1118 2830 1306 2876 contra
1352 2821 1480 2876 illud
1525 2830 1846 2893 praeceptum

275 2909 360 2974 ﬁt,
381 2924 496 2979 quo
523 2908 783 2964 Dominus
823 2909 1018 2963 dimitti
1047 2908 1328 2978 conjugcm
1372 2917 1544 2974 vetat,
1571 2924 1676 2964 non
1706 2911 1848 2964 enim

279 3002 521 3067 dimittit,
546 3002 638 3071 qui
674 3016 794 3056 cum
828 3016 895 3056 ea
928 3015 1033 3056 non
1083 3000 1390 3066 carnaliter,
1422 3002 1512 3055 sed
1541 3001 1850 3070 spiritaliter

274 3093 431 3147 vivit.
457 3092 523 3147 Et
562 3091 690 3147 illud
717 3099 965 3148 servatur
985 3092 1128 3161 quod
1151 3106 1249 3161 per
1275 3089 1584 3162 Apostolum
1611 3092 1806 3147 dicitur
1831 3111 1844 3146 :

281 3182 558 3252 Reliquum
573 3192 647 3236 est
677 3191 732 3236 ut
759 3182 854 3253 qui
876 3182 1061 3241 habent
1085 3182 1458 3254 uxores,quasi
1486 3198 1588 3236 non
1603 3181 1846 3236 habentes

278 3249 606 3327 sint.vMovet
637 3249 820 3326 autem
847 3272 933 3328 hic
955 3271 1236 3340 quosdam,
1275 3249 1414 3341 quod
1450 3271 1554 3326 alio
1583 3271 1703 3327 loCo
1736 3272 1848 3342 ipse
1875 3249 1919 3312 Ο

276 3363 541 3417 Dominus
563 3362 726 3416 dicit:
759 3360 1005 3433 Quisquis
1045 3362 1177 3415 venit
1208 3362 1398 3426 adme,
1425 3369 1472 3415 et
1497 3377 1598 3416 non
1621 3361 1726 3417 odit
1749 3378 1847 3432 pa-

279 3461 410 3504 trem
429 3467 600 3515 suum,
614 3458 661 3504 et
686 3460 924 3516 matrem,
938 3459 986 3505 et
1001 3466 1233 3513 uxorem,
1251 3459 1298 3504 et
1328 3449 1486 3519 ﬁlios,
1502 3459 1549 3503 et
1571 3449 1781 3519 fratres,
1798 3458 1846 3504 et

281 3540 728 3610 sorores,insuper
755 3549 803 3593 et
833 3540 1062 3594 animam
1085 3556 1254 3605 suam,
1273 3556 1374 3594 non
1394 3548 1558 3609 potest
1586 3537 1728 3593 meus
1740 3555 1848 3592 esse

279 3629 575 3694 discipulus
598 3630 747 3711 (Luc.
769 3630 900 3701 xxv).
935 3630 1115 3686 Videri
1143 3630 1286 3685 enim
1316 3638 1490 3699 potest
1521 3630 1846 3711 contrarium

277 3721 462 3774 minus
489 3719 931 3790 intelligentibus,
954 3719 1092 3788 quod
1122 3719 1209 3774 hic
1223 3727 1368 3773 vetat
1388 3719 1583 3773 dimitti
1603 3733 1845 3784 uxorem.

279 3819 506 3880 excepta
530 3805 690 3865 causa
713 3809 1103 3866 fornicationis.
1119 3809 1185 3862 Et
1203 3809 1325 3863 alibi
1353 3808 1666 3878 discipulum
1695 3823 1847 3863 suum

279 3887 444 3970 negat
475 3914 594 3954 esse
612 3914 773 3969 posse
793 3912 1115 3967 quemquam
1150 3896 1239 3972 qui
1269 3911 1371 3950 non
1407 3896 1581 3950 oderit
1604 3910 1846 3956 uxorem.

278 3989 433 4056 Quod
459 3989 501 4044 si
541 3977 758 4058 propter
786 3989 1134 4043 concubitum
1170 3988 1366 4043 dixerit
1391 4003 1496 4043 non
1539 3987 1702 4042 etiam
1750 4002 1850 4057 pa-

277 4082 440 4143 trem,
471 4087 525 4131 et
576 4086 820 4141 matrem,
852 4087 906 4132 et
941 4076 1164 4141 fratres,
1214 4075 1266 4131 in
1316 4075 1502 4131 eadem
1545 4067 1851 4131 conditione

274 4183 418 4238 opus
441 4175 557 4223 erat
578 4181 800 4236 ponere.
827 4165 983 4236 Ergo,
999 4177 1159 4235 quam
1181 4180 1362 4220 verum
1390 4172 1471 4219 est
1493 4165 1616 4234 quia
1639 4156 1850 4234 regnum

281 4255 526 4309 Helorum
586 4246 710 4314 vim,
746 4254 1092 4324 patiturtet
1151 4251 1358 4308 violenti
1415 4251 1665 4320 diripiunt
1718 4249 1851 4304 illud

277 4346 499 4418 (Matth.
533 4343 632 4415 χι).
658 4344 868 4413 Quanta
894 4358 1037 4398 enim
1067 4360 1116 4396 γι
1141 4358 1273 4412 opus
1293 4350 1375 4397 est
1404 4351 1463 4396 ut
1485 4343 1644 4402 homo
1667 4342 1852 4412 diligat

277 4435 548 4497 inimicos,
579 4441 633 4487 et
674 4433 851 4488 oderit
886 4443 1112 4503 patrem,
1146 4439 1202 4486 et
1254 4439 1497 4494 matrem,
1521 4439 1577 4485 et
1612 4429 1767 4495 ﬁlios,
1797 4437 1852 4484 et
1893 4421 1897 4428 ’

277 4523 498 4583 fratres.
531 4522 828 4591 Utrumque
851 4521 996 4590 enim
1021 4521 1171 4592 jubet
1196 4521 1284 4592 qui
1316 4520 1381 4573 ad
1431 4535 1651 4590 regnum
1688 4518 1854 4575 catla—

1957 2009 2023 2062 de
2048 2008 2414 2062 misericordia
2441 1989 2758 2073 exhibenda,
2778 2019 2834 2063 ut
2861 2012 3031 2067 bonus
3058 2014 3248 2084 etpius
3272 1989 3523 2086 magister

1960 2109 2228 2172 prtecepta
2249 2101 2413 2156 dedit.
2442 2100 2593 2156 Nunc
2619 2117 2747 2158 vero
2779 2103 2846 2159 de
2869 2101 3046 2161 cerdis
3072 2107 3326 2162 munditia
3357 2149 3372 2175 ,
3420 2111 3520 2166 hoc

1956 2198 2037 2244 est
2061 2189 2200 2244 oculi
2230 2189 2370 2245 illius
2403 2205 2510 2260 quo
2539 2191 2747 2248 videtur
2784 2193 2952 2266 Deus,
2993 2196 3103 2266 ipsa
3135 2198 3342 2253 Veritas
3374 2198 3523 2254 audi—

1957 2292 2101 2338 tores
2135 2296 2262 2338 suos
2290 2282 2526 2337 instruit.
2571 2281 2702 2350 Quia
2733 2283 2804 2337 ita
2851 2284 3180 2342 solummodo
3218 2289 3518 2346 miscricur-
3566 2328 3569 2332 -

1955 2373 2056 2428 dite
2075 2387 2242 2441 opera
2264 2373 2402 2443 apud
2430 2373 2711 2427 Dominum
2738 2375 3062 2444 probantur,
3113 2377 3158 2430 si
3199 2378 3422 2447 simplici
3470 2387 3518 2432 cl

1954 2462 2152 2518 munda
2199 2463 2493 2518 intentione
2543 2463 2881 2518 exhibentur.
2925 2465 3202 2533 Altendite,
3239 2468 3430 2538 inquit,
3459 2487 3521 2523 ne

1943 2552 2211 2621 justitiam
2232 2559 2455 2605 vestram
2489 2551 2701 2619 faciatis
2725 2569 2900 2607 coram
2923 2555 3234 2621 hantinibus,
3266 2567 3319 2610 ut
3347 2558 3517 2614 videa-

1952 2639 2081 2697 mini
2115 2639 2178 2692 ab
2217 2640 2311 2693 eis.
2338 2639 2395 2694 ld
2432 2647 2533 2703 est,
2559 2648 2743 2694 cavete
2769 2643 2870 2696 hoc
2900 2643 3078 2697 animo
3099 2637 3285 2699 'tcnci-e
3314 2653 3367 2700 ut
3394 2661 3512 2700 cum

1944 2727 2090 2797 juste
2125 2728 2337 2794 vivatis,
2369 2727 2482 2783 sive
2518 2728 2717 2799 aliquid
2769 2729 2890 2785 boni
2935 2733 3112 2801 operis
3157 2734 3400 2798 faciatis,
3442 2737 3512 2789 ilu

1949 2820 2146 2876 bonum
2164 2827 2402 2875 vestrum
2424 2820 2785 2884 constituatis,
2819 2828 2876 2874 ut
2900 2836 2992 2876 vos
3014 2822 3227 2876 videant
3251 2811 3512 2885 homines,

1950 2907 2162 2978 illisque
2185 2908 2464 2978 placeatis,
2493 2907 2808 2977 laudemque
2830 2909 2898 2964 ab
2925 2910 3004 2962 eis
3040 2910 3282 2981 accipere
3310 2928 3481 2982 quum
3501 2945 3514 2952 -

1950 2995 2039 3062 tls,
2065 3003 2121 3051 et
2136 2996 2204 3051 ob
2242 2996 2357 3050 hazc
2378 3010 2522 3050 verte
2550 2996 2811 3052 mercedis
2836 2993 3010 3051 fructu
3047 2998 3346 3068 privemini.
3374 3000 3518 3058 Uade

1951 3096 2006 3144 et
2037 3087 2288 3144 subditur
2313 3105 2326 3140 :
3322 3137 3329 3149 .

2022 3175 2230 3249 Alioqui
2263 3178 2548 3232 mercedem
2591 3193 2691 3232 non
2718 3177 2967 3235 habebitis
3014 3180 3151 3252 apud
3190 3176 3401 3236 Patrem
3429 3197 3515 3237 ee-

1950 3271 2253 3341 strum,qui
2280 3270 2335 3324 in
2374 3268 2514 3325 caelis
2564 3278 2656 3324 est.
2710 3270 2810 3339 Qui
2852 3272 2993 3327 enim
3035 3273 3248 3328 inanem
3284 3273 3515 3328 favorem

1950 3353 2380 3428 vulgisequitur,
2412 3367 2505 3413 aut
2554 3358 2738 3416 laudes
2758 3357 2826 3416 ab
2853 3360 3389 3430 hominibusquzerit,
3420 3361 3520 3414 bac

1952 3447 2125 3518 ipsum
2172 3449 2627 3517 deputabitur-Villi
2684 3463 2783 3517 pro
2835 3451 3108 3515 mercede,
3149 3449 3300 3518 cujus
3338 3465 3517 3506 amore
3595 3515 3600 3523 δ

1949 3537 2087 3591 bona
2112 3549 2276 3605 Opera
2310 3533 2501 3592 fecisse
2527 3536 2766 3601 videtur;
2795 3537 2888 3591 sed
2927 3538 3064 3607 apud
3097 3538 3376 3593 Dominum
3400 3539 3518 3595 sine

1949 3625 2197 3680 mercede
2235 3633 2338 3691 est,
2369 3624 2496 3694 quia
2537 3637 2653 3680 non
2695 3621 2792 3695 pr'o
2839 3625 2979 3681 illius
3011 3642 3221 3694 amore,
3272 3644 3371 3683 nec
3418 3645 3513 3700 pro

1947 3709 2164 3768 aeterna:
2191 3715 2314 3768 vitae
2335 3713 2600 3768 desiderio
2625 3713 2824 3783 aliquid
2844 3712 3035 3770 fecisse
3060 3716 3343 3771 invenitur.
3363 3717 3516 3774 Unde

1949 3810 2004 3855 ct
2025 3802 2076 3856 in
2099 3801 2206 3856 alio
2231 3802 2348 3856 loco
2376 3800 2538 3858 fatum
2563 3803 2800 3872 virgines
2829 3803 3100 3874 lampades
3143 3822 3383 3872 ornasse,
3416 3808 3509 3864 sed

1951 3885 2128 3945 oleum
2157 3890 2211 3944 in
2231 3891 2312 3946 eis
2336 3905 2440 3945 non
2468 3891 2666 3946 habere
2695 3893 3067 3948 describuntur
3110 3893 3320 3965 (Matth.
3359 3895 3510 3967 xxv).

1951 3982 2086 4049 Quia
2128 3983 2359 4037 nitorem
2399 3981 2599 4053 gloria,
2627 3998 2787 4052 quem
2831 3983 3126 4039 forinsecus
3155 3987 3511 4054 quaesierunt,

1953 4073 2094 4136 intra
2109 4072 2290 4142 cordis
2302 4072 2682 4128 conscientiam
2709 4089 2814 4128 non
2829 4073 3104 4130 continere
3126 4082 3508 4131 monstrantur.

1952 4161 2019 4214 Et
2046 4162 2115 4216 ob
2153 4161 2256 4216 hoc
2299 4159 2493 4218 merito
2513 4161 2582 4217 ab
2603 4162 2788 4217 teterni
2814 4164 2972 4234 Regis
3005 4165 3202 4235 nuptiis
3239 4165 3514 4234 pulsantes

1945 4250 2166 4320 januam
2230 4249 2591 4318 repelluntur,
2648 4251 2774 4319 quia
2823 4251 2969 4304 illum
3014 4255 3178 4321 quem
3236 4255 3508 4310 absentem

1952 4353 2134 4403 amare
2180 4338 2546 4405 neglexerunt,
2572 4347 2890 4408 praesentem
2913 4355 3136 4396 cernere
3164 4360 3267 4398 non
3293 4360 3507 4400 meren-

1951 4433 2057 4480 tur.
2076 4427 2205 4480 Nam
2231 4426 2355 4481 illud
2370 4429 2511 4508 quod
2524 4428 2809 4498 Apostolus
2823 4431 2950 4484 dicit
2973 4447 2987 4484 :
3013 4430 3070 4486 Si
3093 4434 3383 4489 hominibus
3405 4436 3516 4506 pla-

1952 4532 2138 4579 cerem,
2161 4511 2355 4570 Christi
2374 4525 2550 4570 servus
2575 4532 2677 4569 non
2705 4533 2866 4571 essem
2889 4518 3028 4589 (Gal.
3061 4520 3132 4590 l);
3173 4530 3221 4575 et
3249 4523 3347 4576 hoc
3369 4525 3510 4592 quod

277 4630 403 4690 ωσι
430 4589 756 4670 νοεςιιςεριι-
783 4589 1058 4695 proposita
1091 4589 1315 4683 (ιιιωξςιίο
1346 4617 1427 4670 iia‘
1453 4589 1690 4677 solvitur.
1742 4589 1926 4668 εἶθ-Ἰ)
1953 4605 2005 4659 in
2035 4604 2141 4659 alio
2164 4602 2278 4659 locu
2306 4607 2416 4658 ait:
2450 4603 2598 4659 Sicut
2620 4614 2667 4657 et
2700 4622 2792 4674 ego
2813 4623 2904 4673 per
2929 4589 3102 4660 omnia
3131 4611 3366 4663 omnibus
3386 4589 3509 4679 pla-

247 4755 250 4758 ί
280 4721 449 4774 gnum
469 4705 610 4758 enim
633 4713 912 4770 :etcrnum,
937 4720 1042 4775 quo
1063 4705 1350 4776 discipulos
1367 4722 1512 4766 suos.
1532 4721 1665 4776 quos
1687 4707 1848 4761 etiam
1907 4770 1920 4787 .

283 4793 480 4847 fratres
508 4793 757 4872 appellat,
788 4809 981 4848 vocare
1027 4792 1274 4865 dignatus
1314 4803 1411 4857 est,
1438 4811 1543 4850 non
1569 4797 1731 4850 habet
1752 4797 1852 4872 hu-

272 4883 512 4954 jusmodi
564 4870 910 4940 necessitates
956 4884 1292 4954 temporales.
1347 4883 1467 4940 Non
1517 4894 1610 4950 est,
1660 4870 1848 4955 inquit,

275 4971 527 5037 Juda’us,
550 4989 710 5043 neque
736 4969 967 5035 Crtecus,
990 4989 1150 5043 neque
1185 4972 1468 5045 masculus,
1499 4990 1659 5042 neque
1700 4974 1852 5040 femi-

279 5079 376 5124 na,
402 5066 560 5131 neque
581 5053 777 5128 servus,
807 5057 980 5133 neque
1016 5062 1164 5126 liber,
1197 5062 1285 5116 sed
1316 5063 1490 5116 omnia
1518 5072 1566 5117 et
1589 5066 1644 5117 in
1682 5065 1850 5124 omni-

279 5153 381 5215 bus
411 5149 647 5206 Christus
678 5151 818 5223 (Gal.
862 5151 964 5222 ut).
1009 5152 1075 5206 Et
1127 5152 1238 5222 ipse
1285 5152 1541 5207 Dominus
1582 5154 1748 5208 dicit:
1783 5152 1850 5207 In

237 5234 239 5236 ’
285 5241 660 5295 resurrectione
700 5241 837 5294 enim
876 5257 1035 5311 neque
1072 5241 1279 5303 nubent,
1313 5256 1474 5310 neque
1513 5257 1702 5295 uxores
1747 5240 1850 5295 du-

282 5338 433 5392 cent,
500 5330 590 5383 sed
640 5339 790 5400 erunt
837 5331 970 5385 sicut
1022 5316 1192 5403 angeli
1245 5330 1300 5382 in
1347 5329 1484 5401 caelis
1545 5329 1693 5402 (Luc.
1742 5343 1882 5395 xx;-

285 5416 480 5470 Hatth.
511 5418 665 5489 xxn).
698 5417 920 5488 Oportet
956 5435 1084 5490 ergo
1127 5428 1186 5474 ut
1233 5419 1475 5490 quisquis
1525 5419 1665 5476 illius
1703 5423 1850 5491 regni

283 5509 452 5560 vitam
469 5507 579 5578 jam
606 5507 695 5561 hic
721 5509 965 5564 meditari
986 5509 1229 5574 voluerit,
1258 5509 1432 5564 oderit
1451 5525 1556 5564 non
1583 5510 1728 5581 ipsos
1750 5510 1848 5564 ho-

284 5595 460 5648 mines
479 5635 493 5658 ,
541 5595 637 5649 sed
675 5597 804 5650 istas
833 5598 1254 5653 necessitudines
1283 5598 1627 5667 temporales,
1657 5600 1851 5669 quibus

289 5686 400 5751 ista
420 5700 539 5758 quae
558 5687 846 5740 transitura
872 5695 954 5741 est
991 5688 1094 5741 vita
1145 5688 1360 5744 fulcitur
1381 5730 1395 5754 ,
1440 5705 1558 5760 quae
1585 5691 1852 5745 nascendo

284 5787 450 5844 atque
481 5777 756 5835 moriendo
785 5777 1090 5844 peragitur:
1123 5779 1269 5832 uudti
1303 5781 1541 5833 homines
1555 5781 1724 5846 etiam
1759 5797 1849 5836 eos

1953 4711 2041 4749 eeo
2095 4694 2144 4766 (I
2184 4694 2306 4748 Cor.
2357 4693 2411 4767 x)
2441 4736 2456 4760 ,
2503 4694 2591 4764 qui
2643 4710 2749 4749 non
2798 4695 3129 4766 intelligunt,
3179 4703 3508 4756 contrarium

1950 4794 2326 4855 putant;-cum
2357 4785 2444 4840 ille
2487 4800 2546 4840 se
2581 4785 2777 4840 dixerit
2805 4800 2908 4840 non
2937 4787 3147 4856 placere
3185 4789 3512 4856 hominibus,

1952 4876 2074 4944 quia
2103 4893 2206 4931 non
2250 4877 2369 4930 ideo
2397 4884 2542 4932 recte
2570 4875 2817 4942 faciebat,
2847 4885 2905 4930 ut
2931 4878 3163 4946 placeret
3187 4880 3510 4944 hominibus,
3538 4919 3540 4921 ›

1952 4968 2044 5023 sed
2065 4979 2124 5020 ut
2152 4967 2276 5030 Deo,
2306 4968 2375 5022 ad
2415 4967 2566 5035 cujus
2612 4981 2847 5024 amorem
2875 4968 3035 5043 corda
3065 4968 3338 5025 hom’num
3366 4972 3512 5027 vole-

1951 5055 2043 5110 bat
2059 5064 2482 5120 convertere,eo
2509 5056 2626 5126 ipso
2651 5070 2756 5124 quo
2781 5046 3021 5124 placebat
3046 5056 3367 5112 hominibus.
3395 5058 3508 5115 Sic-

1951 5137 2014 5199 ut»
2053 5160 2182 5219 ergo
2208 5160 2314 5200 non
2339 5146 2568 5200 absurde
2596 5144 2900 5218 loqueretur
2936 5144 3024 5212 qui
3055 5144 3257 5200 diceret
3277 5164 3290 5187 ε
3328 5142 3512 5206 iubae

1951 5251 2113 5306 opera
2139 5250 2243 5305 qua
2266 5250 2453 5289 navem
2481 5227 2819 5304 quaero,inon
2846 5249 3034 5288 navem
3072 5251 3273 5305 quaero.
3306 5240 3398 5294 sed
3421 5255 3514 5310 pa-

1952 5327 2131 5392 triam,
2161 5327 2240 5382 sic
2260 5335 2314 5380 et
2336 5325 2619 5394 Apostolus
2646 5325 3028 5380 convenienter
3053 5326 3254 5380 diceret
3281 5346 3293 5381 :
3326 5327 3382 5382 In
3411 5330 3513 5385 hac

1954 5431 2114 5486 Opera
2167 5430 2272 5484 qua
2322 5414 2624 5470 hominibus
2674 5413 2878 5484 placeo,
2911 5429 3016 5468 non
3067 5413 3392 5480 hominibus,
3420 5419 3511 5471 sed

1957 5507 2065 5562 Deo
2089 5507 2288 5575 placeo.
2323 5505 2458 5573 Quia
2493 5521 2601 5580 non
2630 5507 2734 5562 hoc
2759 5515 2970 5577 appeto,
3002 5508 3094 5561 sed
3130 5508 3195 5561 ad
3223 5508 3276 5561 id
3314 5507 3510 5573 refero,

1955 5605 2013 5651 ut
2044 5613 2130 5651 me
2181 5597 2459 5652 imitentur
2498 5602 2634 5667 quas
2680 5597 2854 5652 salvos
2895 5596 3010 5650 fieri
3051 5586 3190 5664 volo,
3224 5597 3339 5651 laus
3367 5599 3508 5653 enim

1956 5687 2185 5741 humana
2211 5704 2317 5743 non
2346 5689 2522 5760 appeti
2555 5705 2582 5742 a
2611 5697 2753 5744 recte
2778 5688 3019 5752 faciente,
3049 5689 3142 5742 sed
3167 5690 3317 5757 sequi
3351 5689 3508 5747 debet

1956 5781 2099 5831 recte
2129 5777 2430 5842 facientem,
2455 5785 2514 5831 ut
2554 5778 2627 5830 illi
2668 5776 2966 5848 proﬁciant,
2992 5777 3080 5846 qui
3109 5777 3268 5830 etiam
3314 5778 3508 5832 imitari
