3938 6336
298 220 405 276 8ιῖ

1232 208 1588 268 COMIENT.
1627 208 1698 266 IN
1731 202 2169 263 ΠΔΤΪΗΔΕΗΙ.
2209 234 2280 243 -
2315 201 2446 259 LIB.
2484 202 2550 258 ll.

3453 165 3564 264 sis

297 333 616 388 exercenda:
667 329 864 400 lingua:
899 328 1080 399 potius
1127 341 1290 397 quam
1345 325 1653 381 mandando
1703 322 1887 378 animo
1912 329 1964 390 Α
1986 327 2104 374 stus
2146 317 2518 373 etcontrario.
2539 313 2642 369 dici
2693 324 2889 387 potest.
2936 315 3103 374 Justis
3144 319 3289 375 enim
3335 319 3562 374 dicitur:

301 425 435 477 dant
460 435 715 490 operam,
767 429 824 474 et
855 420 959 474 hoc
1005 419 1271 489 nugatorii
1307 418 1469 472 studii
1505 429 1678 488 genus
1722 413 1886 470 etiam

299 511 373 566 ad
404 509 690 563 Dominum
718 521 878 580 prece
908 506 1233 562 ﬂectendum
1271 505 1564 562 transferre
1600 512 1884 570 conantur,

298 594 630 653 arbitrantes
676 598 816 653 sicut
860 597 1133 652 hominem
1173 581 1432 666 indicem,
1484 596 1559 650 ita
1593 587 1903 650 Dominum.

292 684 487 742 ‘verhis
526 687 719 742 adduci
765 687 818 742 in
869 687 1216 750 sententiam,
1281 684 1458 739 Nolite
1505 671 1687 756 itaque
1733 686 1889 744 simi-

263 836 266 838 ν
301 779 384 834 les
425 793 544 834 esse
593 779 717 848 illis,
749 780 880 836 dicit
923 771 1064 834 unus
1101 787 1159 833 et
1198 792 1360 832 verus
1404 777 1680 848 magister.

375 866 488 923 Scit
501 870 639 923 enim
673 867 834 924 Pater
858 855 1024 924 uester
1039 868 1166 940 quid
1190 885 1320 935 opus
1330 877 1407 924 est
1427 867 1586 932 vobis,
1611 877 1890 939 antequam

301 958 492 1028 petatis
526 977 665 1014 eum.
711 960 1005 1033 Consurgit
1023 958 1214 1015 in'hoc
1234 953 1354 1014 loco
1375 957 1890 1029 quadamliaaresis,

303 1050 854 1122 philosophorumque
878 1053 1068 1123 dogma
1099 1066 1436 1122 pert'etsmn,
1462 1049 1788 1116 dicentium:
1832 1050 1893 1106 Si

304 1142 459 1198 novit
499 1141 648 1198 Deus
694 1144 822 1214 quid
873 1158 1120 1218 oremus,
1166 1149 1223 1196 et
1279 1149 1570 1212 antequam
1623 1147 1891 1211 petamus,

305 1238 414 1294 scit
457 1239 653 1308 quibus
700 1239 1056 1309 indigeamus,
1105 1233 1305 1292 frustra
1351 1235 1542 1291 scienti
1600 1234 1890 1310 loquimur.

307 1328 517 1397 Quibus
564 1329 802 1385 breviter
847 1329 1276 1398 respondendum
1327 1335 1410 1393 est
1457 1343 1558 1383 nos
1590 1342 1718 1382 non
1766 1343 1894 1382 nar-

213 1423 218 1427 ”
307 1428 524 1476 ratores
565 1434 712 1485 esse,
731 1419 827 1474 sed
857 1427 1154 1490 rogatores.
1212 1417 1373 1473 Aliud
1401 1427 1726 1474 estnamre
1751 1419 1901 1490 igno-

308 1513 475 1574 ranti,
528 1511 673 1566 aliud
718 1511 978 1567 scientem
1006 1525 1226 1582 rogare.
1278 1507 1337 1566 ln
1383 1511 1476 1566 illo
1511 1511 1768 1568 indicium
1792 1519 1900 1576 est,

286 1601 401 1687 hic
446 1601 785 1671 obsequium.
830 1599 906 1655 lbi
956 1601 1188 1657 ﬁdeliter
1230 1601 1563 1687 indicamus,
1607 1603 1699 1657 hic
1735 1602 1900 1658 uiise.

1989 407 2258 478 Templum
2282 407 2421 461 enim
2443 405 2542 459 Dei
2565 414 2802 459 ωηαιιιιι
2825 413 2924 470 est,
2946 407 3084 474 quod
3107 409 3228 461 es:is
3252 424 3339 462 eos
3367 405 3421 474 (l
3438 405 3562 460 Cor.

1987 498 2092 571 ιιι).
2133 498 2472 568 Quapropter
2507 496 2552 550 si
2589 495 2643 550 in
2681 495 2880 564 templo
2923 511 3022 549 suo
3052 496 3258 550 habitat
3301 493 3468 562 Deus,
3513 504 3573 551 ct

1987 589 2164 644 sancti
2194 588 2452 658 templum
2493 585 2610 655 ejus
2633 593 2778 651 sunt,
2828 593 2975 654 recte
3021 584 3218 638 dicitur
3261 587 3350 654 qui
3385 586 3440 639 in
3464 601 3568 640 cc-

1986 680 2053 736 lis
2085 698 2160 748 es,
2192 679 2287 751 qui
2326 695 2387 734 es
2422 679 2475 734 in
2525 678 2749 733 sanctis.
2780 677 2848 732 Et
2872 673 3424 730 accommodatissima
3466 675 3570 730 ista

1903 767 1910 775 ’
1987 770 2284 828 similitudo
2323 778 2427 834 est,
2477 777 2537 822 ut
2577 767 2890 841 spiritaliter
2935 772 3140 818 tantum
3186 763 3449 816 interesse
3489 763 3571 816 vi-

1987 863 2182 918 deatur
2219 861 2368 914 inter
2403 859 2582 929 justus
2609 867 2665 912 et
2689 865 3024 926 peccatores,
3076 850 3336 922 quantum
3383 869 3574 923 corpo-

1989 953 2181 1008 raliter
2208 952 2352 1006 inter
2370 950 2569 1005 celum
2614 958 2669 1002 et
2695 956 2916 1003 terram.
2963 944 3127 1014 Cujus
3160 943 3237 997 rei
3263 944 3574 1015 significan-

1988 1046 2070 1102 dat
2097 1044 2271 1118 gratia
2312 1061 2437 1100 cum
2474 1043 2542 1096 ad
2571 1042 2872 1096 orationem
2908 1049 3137 1104 stamus,
3191 1039 3258 1096 ad
3302 1022 3576 1093 Orientem

1988 1137 2274 1213 vertimur,
2310 1151 2418 1190 non
2467 1143 2721 1205 tanquam
2752 1133 2825 1187 ibi
2855 1132 2927 1186 sit
2983 1131 3147 1196 Deus,
3187 1138 3244 1201 et
3284 1129 3442 1199 quasi
3471 1136 3605 1184 ca:—‘

1979 1208 2150 1282 teras
2179 1228 2364 1283 mundi
2411 1235 2594 1296 partes
2635 1223 2934 1283 deseruerit
2959 1223 3072 1294 (qui
3103 1222 3303 1293 ubique
3339 1237 3583 1297 presens

1993 1327 2096 1382 est,
2142 1335 2248 1373 non
2291 1307 2531 1374 locorum
2571 1305 2797 1387 'spatiis,
2842 1317 2939 1372 sed
2967 1314 3249 1384 majestate
3277 1313 3579 1386 potentiae),

1995 1413 2091 1467 sed
2112 1413 2464 1467 admoneatur
2494 1412 2708 1466 animus
2751 1411 2819 1464 ad
2850 1416 3098 1464 naturam
3143 1401 3584 1467 excellentioreni

1998 1522 2059 1562 se
2103 1515 2419 1562 convertere
2443 1548 2460 1572 ,
2523 1507 2578 1562 id
2618 1515 2704 1562 est
2751 1507 2819 1561 ad
2859 1501 3170 1570 Dominum,
3239 1519 3364 1558 cum
3404 1503 3582 1572 ipsum

1998 1613 2197 1667 corpus
2229 1597 2369 1673 ejus,
2420 1598 2566 1666 quod
2617 1605 2890 1652 terrenum
2931 1604 3032 1660 est,
3065 1595 3130 1648 ad
3160 1607 3358 1663 corpus
3403 1591 3577 1647 excel-

309 1693 559 1747 rabilitcr
602 1694 967 1748 obsecramus.
1018 1691 1136 1747 Non
1188 1693 1334 1747 enim
1379 1685 1563 1746 verbis
1597 1706 1758 1761 agere
1801 1681 1978 1757 de-IB
2003 1688 2220 1754 lentius,
2271 1689 2325 1742 id
2353 1699 2438 1744 est
2481 1703 2680 1757 corpus
2707 1686 2950 1751 emleste,
2987 1686 3322 1741 convertitur
3431 1713 3433 1715 ι

309 1783 504 1839 bemus
537 1784 680 1854 apud
705 1784 990 1839 Dominum
1010 1824 1025 1846 ,
1057 1794 1118 1838 ut
1164 1785 1517 1854 impetremus
1560 1785 1705 1857 quod
1748 1783 1899 1840 voln-

310 1889 456 1937 nius,
495 1874 588 1929 sed
626 1874 791 1929 rebus
830 1889 952 1944 qua:
994 1875 1176 1936 animo
1206 1875 1463 1946 gerimus,
1502 1883 1561 1931 et
1599 1875 1901 1932 intentione

273 1969 281 1975 '
311 1962 653 2034 cogitationis
692 1980 817 2020 eum
859 1955 1146 2032 dilectione
1175 1979 1308 2036 pura
1342 1973 1400 2022 et
1425 1965 1654 2037 simplici
1681 1964 1897 2023 aleetu.

312 2055 426 2111 Sed
472 2071 562 2111 res
585 2053 731 2125 ipsas
775 2056 960 2112 verbis
1001 2071 1104 2113 nos
1145 2056 1394 2114 docuisse
1428 2058 1715 2114 Dominum
1744 2070 1907 2137 oper:

229 2141 232 2144 ’
314 2149 485 2214 tebat,
533 2148 730 2219 quibus
775 2150 1050 2206 memorias
1099 2151 1391 2218 mandatis,
1447 2166 1542 2208 eas
1582 2153 1653 2208 ad
1694 2159 1904 2222 tempus

313 2241 508 2296 orandi
553 2241 984 2298 recordamur.
1010 2229 1013 2233 ’

390 2331 484 2388 Sic
505 2349 628 2404 ergo
658 2349 747 2388 vos
787 2333 1004 2388 orabitis
1035 2349 1058 2390 :
1077 2331 1244 2389 Pater
1269 2344 1447 2390 uoster
1468 2337 1560 2406 qui
1582 2352 1638 2391 es
1655 2336 1712 2390 in
1737 2335 1899 2391 aclis.

315 2420 593 2501 Nusquam
623 2422 897 2478 invenitur
933 2432 1264 2495 praeceptum
1302 2423 1499 2495 populo
1526 2424 1690 2480 Israel
1719 2432 1795 2501 ut
1825 2426 1907 2480 di-

317 2523 472 2570 ceret
508 2511 671 2568 Pater
724 2523 920 2581 noster,
967 2524 1064 2570 aut
1105 2524 1291 2571 oraret
1331 2516 1549 2572 Patrem
1614 2516 1906 2573 Dominum

317 2604 416 2660 sed
451 2604 710 2659 Dominus
756 2605 838 2660 eis
864 2600 1168 2661 insinuatus
1191 2616 1305 2672 est,
1355 2617 1616 2678 tanquam
1661 2608 1904 2664 servien-

319 2695 490 2759 tibus,
534 2695 589 2750 id
626 2703 728 2759 est,
773 2696 1070 2751 secundum
1099 2711 1322 2753 carnem
1366 2697 1542 2753 adhuc
1580 2698 1905 2756 viventibus.

321 2784 608 2856 Prophetas
634 2792 813 2842 tamen
835 2801 979 2858 smpe
1006 2782 1568 2844 cateridunt‘wmdem
1598 2790 1908 2856 Dominum,

241 2867 243 2870 ⁴
321 2876 493 2931 Deum
535 2878 700 2932 etiam
736 2892 802 2933 eo
837 2877 1054 2934 Patrem
1101 2880 1414 2936 eorumdem
1469 2895 1592 2936 esse
1648 2881 1922 2952 potuisse,

323 2969 372 3023 si
406 2969 476 3023 ab
518 2967 634 3037 ejus
672 2969 940 3026 mandatis
975 2959 1095 3039 .non
1149 2973 1485 3030 aberrat-ent.
1546 2973 1700 3030 Sicut
1734 2983 1819 3030 est
1846 2974 1912 3029 il—

325 3058 447 3113 lud:
503 3057 669 3113 Filios
707 3060 862 3131 genui
897 3070 946 3114 et
985 3058 1233 3129 excitavi,
1260 3062 1362 3134 ipsi
1397 3072 1571 3119 autem
1606 3072 1907 3135 spreverunt

325 3150 454 3220 me(
481 3148 696 3220 lum).
754 3148 829 3204 De
867 3147 1046 3205 futuro
1095 3160 1278 3208 autem
1324 3153 1522 3226 populo
1575 3154 1908 3223 Christiano,

326 3241 454 3310 quia
495 3241 777 3296 Dominum
803 3240 1021 3298 Patrem
1045 3249 1192 3301 esset
1215 3245 1518 3313 habiturus,
1561 3254 1617 3302 et
1633 3249 1912 3319 prophetae

327 3336 710 3406 praedixerant,
738 3343 793 3392 et
820 3335 1167 3408 Evangelium
1195 3346 1445 3405 testatur,
1483 3339 1670 3398 dicens
1695 3361 1710 3395 :
1755 3340 1912 3397 Dedit

327 3425 406 3475 eis
433 3431 733 3491 potestatem
775 3423 915 3494 filios
946 3424 1047 3480 Dei
1079 3427 1198 3496 ﬁeri
1225 3427 1408 3499 (Iona.
1430 3427 1505 3500 l);
1566 3438 1622 3484 et
1643 3431 1914 3501 apostolus

331 3512 533 3568 Paulus
557 3555 569 3566 .
619 3513 892 3582 Quandiu,
943 3513 1146 3584 inquit,
1173 3517 1341 3572 ham
1371 3517 1621 3588 parvulas
1649 3526 1750 3585 est,
1783 3519 1915 3592 nihil

330 3601 510 3672 diJert
535 3621 568 3656 α
594 3620 740 3658 servo
772 3602 912 3675 (Gal.
937 3603 1036 3676 iv).
1091 3606 1160 3661 Et
1185 3605 1446 3678 Spiritum
1488 3608 1794 3679 adoptionis
1817 3626 1917 3666 nos

331 3696 608 3766 accepisse
670 3707 1094 3766 commemorat,
1137 3700 1194 3754 in
1225 3717 1328 3772 quo
1377 3699 1668 3757 clamamus
1698 3717 1718 3756 :
1773 3701 1921 3757 Abba

336 3786 502 3841 Pater
529 3785 702 3858 (Rom.
747 3780 888 3860 vin).
914 3788 1162 3860 Magnum
1184 3805 1316 3862 ergo
1335 3791 1534 3847 donum
1566 3807 1668 3864 per
1689 3792 1922 3864 gratiam

335 3877 433 3932 Dei
496 3878 802 3948 accepimus
828 3920 843 3946 ,
900 3879 1044 3949 quod
1093 3880 1338 3936 sinamur
1374 3882 1484 3938 Deo
1521 3883 1703 3940 dicere
1739 3903 1753 3938 :
1807 3882 1923 3938 Pa-

335 3978 417 4022 ter
444 3978 635 4024 noster.
687 3968 827 4038 Quid
863 3969 1006 4026 enim
1041 3968 1154 4039 jam
1200 3987 1311 4027 non
1350 3971 1441 4028 det
1502 3973 1628 4028 ﬁliis
1687 3975 1922 4046 petenti-

334 4060 460 4125 bus,
506 4075 631 4116 eum
663 4063 768 4118 hoc
797 4062 972 4132 ipsum
1011 4070 1135 4120 ante
1175 4062 1417 4129 dederit,
1467 4072 1526 4119 ut
1582 4065 1690 4122 filii
1716 4073 1922 4121 essent.

336 4149 622 4207 Postremo
669 4160 869 4223 quanta
914 4169 1055 4211 cura
1087 4155 1330 4211 animum
1379 4157 1572 4228 tangit,
1605 4164 1668 4212 ut
1707 4157 1800 4228 qui
1847 4158 1929 4212 di-

337 4246 417 4300 cit
447 4242 612 4300 Pater
639 4255 834 4325 noster,
857 4255 1005 4303 tanto
1039 4255 1196 4318 patre
1224 4263 1332 4303 non
1355 4248 1429 4304 sit
1461 4248 1708 4318 indignus
1734 4266 1748 4301 :
1784 4249 1927 4325 Deus

337 4346 522 4392 autem
560 4337 620 4392 in
667 4323 914 4394 sordidos
955 4353 1134 4394 mores
1161 4354 1436 4410 nunquam
1484 4340 1666 4407 cadit,
1706 4347 1763 4394 et
1800 4323 1919 4412 gra-

339 4428 445 4483 tias
499 4428 883 4484 misericordia:
912 4430 1110 4500 ipsius,
1173 4431 1266 4501 qui
1303 4431 1406 4486 hoc
1446 4446 1477 4485 a
1531 4432 1689 4488 nobis
1736 4433 1925 4502 exigit,

337 4525 402 4572 ut
455 4516 528 4572 sit
554 4515 959 4591 Paternoster,
1009 4518 1154 4586 quod
1199 4518 1346 4574 nullo
1392 4531 1629 4591 sumptu,
1671 4522 1766 4577 sed
1814 4521 1928 4577 sola

339 4608 482 4666 bona
503 4609 780 4664 voluntate
815 4610 1117 4680 comparari
1154 4618 1348 4680 potest.
1371 4610 1745 4667 Admonentur
1764 4613 1931 4668 etiam

339 4701 432 4756 hic
480 4701 672 4756 divites
697 4741 712 4766 ,
783 4699 868 4756 vel
913 4715 1110 4772 genere
1164 4703 1376 4757 nobiles
1429 4704 1725 4759 secundum
1769 4719 1936 4760 saecu-

337 4791 474 4856 lum,
533 4806 656 4847 cum
705 4790 998 4847 Christiani
1047 4789 1174 4847 facti
1213 4791 1433 4858 fuerint,
1493 4808 1602 4847 non
1649 4793 1935 4862 superbire

339 4883 604 4938 adversus
637 4898 902 4954 pauperes
931 4891 988 4938 et
1038 4884 1318 4954 ignobiles,
1356 4885 1610 4955 quoniam
1661 4884 1822 4939 simul
1852 4884 1933 4938 di-

341 4983 474 5030 cunt
516 4974 626 5029 Deo
661 4971 826 5029 Pater
867 4961 1061 5030 noster.
1113 4975 1266 5043 Quod
1313 4991 1418 5031 non
1453 4985 1680 5046 possunt
1712 4990 1840 5029 vere
1866 4991 1932 5030 ac

342 5069 432 5139 pie
478 5068 678 5131 dicere,
735 5069 833 5121 nisi
864 5083 924 5122 se
952 5067 1151 5122 fratres
1188 5083 1307 5122 esse
1347 5075 1694 5140 cognoscant.
1738 5065 1932 5121 Utatur

342 5175 476 5229 ergo
499 5175 632 5214 voce
661 5159 792 5214 Novi
823 5159 1152 5214 Testamenti
1191 5161 1417 5230 populus
1450 5176 1641 5225 novus,
1683 5159 1750 5213 ad
1769 5169 1930 5214 aiter-

346 5269 472 5309 naln
510 5253 877 5307 burreditatem
914 5263 1156 5320 vocatus,
1206 5264 1262 5309 et
1302 5255 1485 5309 dicat:
1518 5253 1680 5307 Pater
1727 5263 1925 5317 noster,

345 5345 440 5414 qui
468 5359 521 5395 es
549 5344 602 5395 in
634 5341 791 5405 emlis,
826 5343 877 5396 id
906 5351 1011 5407 est,
1041 5345 1092 5397 in
1124 5345 1328 5398 sanctis
1360 5353 1414 5398 et
1437 5344 1614 5413 justis.
1641 5342 1758 5396 Non
1783 5343 1926 5397 enim

349 5434 522 5503 spatio
543 5432 780 5488 locorum
802 5434 1104 5488 continetur
1137 5435 1276 5490 Deus
1299 5475 1314 5500 ,
1358 5437 1452 5490 sed
1479 5435 1928 5504 quemadmodum

353 5529 406 5580 in
441 5538 580 5579 terra
605 5525 901 5594 appellatus
936 5535 1019 5579 est
1049 5535 1316 5595 peccator,
1350 5543 1470 5581 cum
1503 5528 1553 5580 ei
1583 5527 1786 5581 dictum
1808 5535 1925 5579 cst:

356 5619 517 5672 Terra
549 5638 618 5684 es,
659 5627 704 5672 cl
733 5621 784 5672 iu
815 5631 1004 5672 terram
1033 5619 1128 5672 ibis
1168 5618 1319 5673 (Ceu.
1349 5619 1452 5683 tu);
1502 5619 1577 5675 sic
1625 5617 1818 5673 cwlum
1846 5616 1930 5686 ju-

1935 3027 1982 3090 C

2069 1780 2438 1850 Sanctiﬁcetur
2449 1797 2634 1836 nomen
2647 1789 2814 1833 tuum.
2837 1778 2990 1846 Quod
3002 1793 3110 1832 non
3125 1777 3204 1832 sic
3215 1776 3438 1847 petitur,
3451 1789 3587 1844 qua-

1999 1875 2175 1929 sinon
2220 1872 2292 1928 sit
2334 1881 2582 1929 sanctum
2623 1872 2721 1928 Dei
2752 1887 2970 1938 nomen,
2999 1871 3093 1926 sed
3117 1877 3176 1924 ut
3203 1877 3453 1925 sanetum
3492 1867 3588 1924 lia-

1998 1966 2193 2022 beatur
2219 1954 2292 2020 ab
2315 1964 2647 2031 hominibus,
2677 1964 2728 2018 id
2766 1971 2870 2030 est,
2911 1962 3046 2033 illis-
3067 1963 3372 2017 innotescat
3414 1959 3580 2024 Deus,

2000 2068 2062 2117 ut
2130 2076 2237 2116 non
2308 2058 2618 2118 existiment
2685 2056 2889 2127 aliquid
2932 2053 3184 2110 sanctius
3251 2052 3397 2122 quod
3462 2066 3584 2106 ma-

2001 2155 2086 2225 gis
2127 2153 2401 2209 offendere
2431 2152 2674 2206 timeant.
2712 2149 2919 2222 (Cypr.)
2969 2147 3142 2202 Aliter
3179 2147 3328 2202 enim
3372 2144 3428 2200 id
3449 2144 3588 2215 peti-

2004 2262 2145 2313 mus,
2198 2254 2255 2302 et
2291 2259 2560 2316 rogamus,
2606 2242 2750 2312 quod
2781 2255 2977 2296 nomen
3011 2238 3106 2301 Dei
3136 2237 3504 2293 sanctiiicetur
3529 2235 3586 2290 in
3700 2270 3702 2273 -

2006 2340 2184 2406 nobis,
2254 2346 2314 2393 ut
2357 2339 2451 2408 qui
2493 2338 2547 2392 in
2591 2335 2861 2407 baptismo
2903 2331 3224 2388 sanetiiicati
3273 2344 3482 2395 sumus,
3529 2327 3588 2382 in

2003 2444 2071 2486 eo
2096 2430 2239 2501 quod
2267 2442 2390 2484 esse
2432 2427 2698 2497 coepimus
2724 2438 3153 2495 perseveremus.
3199 2421 3266 2475 Et
3306 2420 3411 2474 hoc
3450 2433 3588 2488 quo-

2007 2521 2137 2576 tidie
2192 2533 2498 2590 precamur.
2544 2514 2698 2588 Opus
2746 2523 2832 2572 est
2868 2514 3014 2570 enim
3057 2512 3214 2568 nobis
3275 2509 3591 2582 quotidiana

2007 2611 2457 2675 sanctificatione,
2494 2617 2556 2663 ut
2579 2608 2674 2678 qui
2705 2604 2947 2675 quotidie
2981 2602 3343 2672 delinquimus
3394 2599 3591 2657 delicta

2011 2711 2197 2760 nostra
2224 2700 2658 2758 sanctificatione
2685 2699 2900 2754 assidua
2951 2709 3318 2766 repurgemus.

2083 2791 2334 2846 Adteniat
2365 2806 2582 2861 regnum
2607 2801 2777 2843 ιαιιιη.
2807 2786 3053 2857 Regnum
3080 2783 3245 2840 etiam
3275 2784 3370 2838 Dei
3403 2797 3594 2854 reprac-

2012 2885 2219 2943 sentari
2246 2883 2402 2956 nobis
2448 2883 2704 2955 petimus,
2763 2881 2906 2936 sicut
2953 2887 3010 2958 et
3045 2892 3243 2934 nomen
3280 2875 3395 2945 ejus
3430 2882 3490 2931 ut
3536 2875 3594 2930 in

2013 2976 2170 3032 nobis
2218 2972 2586 3030 sanetilicetur
2621 2971 2974 3043 postulamus.
3025 2968 3207 3043 (Δια.)
3269 2967 3407 3023 Nam
3451 2967 3598 3023 Deus

2012 3069 2230 3140 quando
2287 3083 2394 3124 non
2443 3058 2671 3137 regnat,
2731 3074 2825 3120 aut
2887 3063 3029 3136 apud
3088 3078 3212 3119 eum
3262 3060 3477 3132 quando
3514 3059 3596 3115 in-

2011 3158 2139 3230 cipit
2170 3156 2313 3229 quod
2355 3172 2571 3227 semper
2595 3155 2698 3210 fuit
2740 3163 2796 3211 et
2835 3143 2955 3211 ease
3000 3169 3108 3210 non
3155 3151 3391 3209 desinit?
3430 3151 3598 3206 Adve-

2012 3249 2122 3304 iu'at
2175 3264 2306 3320 ergo
2340 3247 2714 3316 accipiendum
2755 3255 2860 3312 est,
2931 3240 3306 3300 manifestetur
3357 3243 3596 3298 homini-

2010 3341 2144 3400 bus.
2185 3338 2646 3408 Quemadmodum
2693 3338 2837 3394 enim
2877 3351 3115 3408 praesens
3160 3336 3252 3390 lux
3289 3336 3485 3391 absens
3512 3330 3598 3392 est

2014 3433 2198 3500 caecis,
2231 3439 2290 3488 et
2330 3415 2414 3488 eis
2445 3431 2537 3503 qui
2560 3430 2746 3487 oculos
2769 3428 3046 3494 claudunt,
3097 3429 3172 3483 ita
3208 3428 3302 3484 Dei
3347 3443 3596 3498 regnum,

2015 3525 2259 3596 quamvis
2308 3527 2583 3594 nunquam
2646 3523 2889 3579 discedat
2937 3521 3005 3577 de
3029 3521 3210 3588 terris,
3274 3529 3454 3575 tamen
3499 3519 3599 3574 ab-

2017 3631 2144 3673 sens
2181 3623 2265 3672 est
2292 3614 2684 3685 ignorantibus.
2729 3613 2874 3669 Nulli
2902 3620 3084 3668 autem
3128 3612 3312 3668 licebit
3350 3611 3602 3683 ignorare

2020 3709 2118 3764 Dei
2167 3723 2414 3778 regnum,
2457 3722 2582 3763 cum
2630 3706 2748 3777 eius
2790 3706 3105 3776 .unigenitus
3142 3719 3249 3759 non
3291 3703 3464 3759 solum
3520 3704 3601 3757 in-

2022 3799 2391 3870 telligibiliter,
2435 3799 2530 3853 sed
2569 3797 2735 3852 etiam
2775 3796 3057 3852 visibiliter
3123 3795 3178 3850 in
3218 3795 3438 3851 homine
3493 3794 3604 3850 Do-

2022 3890 2220 3946 minico
2262 3890 2342 3945 de.
2369 3888 2513 3958 cmlo
2564 3888 2775 3943 venerit
2813 3886 3153 3965 judicaturus
3193 3887 3345 3942 vivos
3371 3900 3435 3942 ac
3460 3900 3605 3940 MI-

2024 3983 2174 4039 tuos.
2194 3980 2399 4054 (Cypr.)
2428 3980 2683 4035 Nostrum
2722 3981 2939 4051 quidem
2963 3996 3187 4052 regnum
3231 3979 3464 4050 petimus
3507 3977 3606 4032 ad-

2023 4074 2228 4140 venire,
2265 4089 2297 4127 a
2325 4073 2436 4127 Deo
2479 4072 2635 4128 nobis
2687 4072 3102 4142 repromissum,
3153 4069 3356 4126 Christi
3391 4069 3607 4140 sangui~

2025 4181 2095 4220 ne
2136 4171 2192 4219 et
2236 4162 2486 4234 passione
2527 4162 2834 4230 quaesitum,
2892 4171 2954 4214 ut
3008 4160 3100 4231 qui
3139 4160 3193 4214 in
3234 4157 3432 4215 sazeulo
3483 4167 3611 4214 ante

2027 4253 2367 4318 scrvivimus,
2421 4251 2762 4323 postmodum
2809 4251 3028 4306 Christo
3070 4251 3381 4305 dominante
3413 4265 3605 4320 regne-

2033 4359 2170 4410 mus,
2198 4344 2342 4399 sicut
2368 4342 2482 4413 ipse
2508 4339 2806 4411 pollicetur,
2849 4350 2905 4396 et
2937 4341 3066 4396 dicit
3103 4359 3116 4393 :
3162 4338 3363 4403 Venite,
3401 4339 3609 4394 benedi-

2032 4436 2103 4491 cti
2134 4431 2315 4488 Patris
2343 4431 2463 4506 mei,
2501 4431 2745 4502 percipite
2787 4445 3000 4500 regnum
3029 4428 3168 4500 quod
3195 4428 3336 4482 vobis
3364 4437 3610 4498 paratum

2035 4535 2108 4582 est
2135 4525 2201 4580 ab
2238 4524 2436 4595 origine
2470 4521 2652 4576 mundi
2688 4519 2901 4593 (lauit.
2928 4520 3092 4591 xxv).

2043 4625 2046 4628 ’
2108 4615 2233 4670 Fiat
2268 4614 2507 4669 votuMas
2540 4621 2633 4668 tua
2659 4612 2794 4666 sicut
2825 4612 2882 4664 in
2910 4610 3035 4664 caelo
3072 4619 3122 4665 et
3148 4611 3206 4665 in
3233 4618 3394 4664 terra.
3425 4612 3612 4685 (Δία.)

2039 4709 2095 4764 Id
2140 4717 2244 4774 est,
2300 4708 2441 4762 sicut
2477 4707 2532 4769 in
2576 4705 2780 4778 angelis
2809 4703 2902 4774 qui
2949 4713 3074 4758 sunt
3112 4704 3166 4756 in
3216 4703 3373 4758 caelis
3413 4705 3613 4762 volun-

2043 4809 2127 4855 tas
2162 4809 2255 4854 tua
2298 4806 2384 4853 est
2411 4805 2473 4852 ut
2519 4797 2738 4852 omnino
2785 4796 2882 4850 tibi
2916 4795 3242 4860 adhzereant,
3298 4801 3460 4866 teque
3484 4811 3615 4867 per-

1989 4902 1996 4908 ‘
2033 4892 2284 4946 fruantur
2326 4888 2471 4944 nullo
2516 4901 2705 4943 errore
2751 4885 3099 4941 obnubilante
3148 4887 3468 4957 sapientiam
3521 4903 3616 4946 eo-

2033 5000 2174 5049 rum,
2207 4982 2351 5038 nulla
2381 4982 2597 5036 miseria
2632 4979 2957 5050 impediente
2982 4980 3368 5054 beatitudinem
3396 4995 3607 5048 eorum,

2033 5077 2108 5130 ita
2152 5075 2247 5129 fiat
2295 5075 2348 5128 in
2395 5073 2598 5128 sanctis
2645 5072 2774 5136 tuis,
2837 5072 2931 5142 qui
2984 5072 3037 5127 in
3068 5080 3214 5127 terra
3248 5081 3394 5140 sunt,
3444 5082 3502 5129 et
3545 5075 3614 5130 de

2030 5178 2197 5234 terra,
2238 5167 2382 5237 quod
2412 5167 2478 5220 ad
2512 5180 2710 5234 corpus
2738 5165 2953 5229 attinet,
2989 5163 3117 5219 facti
3155 5172 3300 5229 sunt,
3338 5173 3395 5220 et
3425 5180 3616 5234 quam-

2027 5265 2109 5318 vis
2136 5263 2202 5315 ad
2231 5259 2501 5314 caelestem
2539 5257 2920 5311 habitationem
2959 5265 3121 5326 atque
3160 5256 3609 5321 immutationem,

2031 5365 2207 5409 tamen
2242 5352 2308 5405 de
2337 5360 2480 5403 terra
2517 5347 2825 5403 assumendi
2871 5356 3015 5402 sunt.
3084 5345 3212 5399 Item
3250 5343 3346 5413 ﬁat
3376 5343 3615 5401 voluntas

2029 5452 2119 5494 tua
2160 5445 2304 5492 recte
2334 5437 2651 5506 intelligitur
2671 5478 2685 5501 ,
2717 5435 2999 5489 obediatur
3030 5432 3311 5502 praeceptis
3342 5433 3469 5495 tuis.
3505 5436 3616 5486 sic-

2031 5543 2085 5584 ut
2118 5531 2173 5583 in
2219 5529 2344 5582 cmlo
2379 5537 2427 5581 et
2456 5529 2512 5581 in
2541 5539 2703 5592 terra,
2752 5527 2806 5580 id
2839 5533 2940 5589 est,
2977 5525 3117 5579 sicut
3147 5525 3215 5578 ah
3260 5524 3484 5593 angelis,
3540 5526 3610 5580 ita

2033 5621 2099 5674 ab
2132 5619 2456 5675 hominibus.
2501 5619 2755 5682 Voluntas
2789 5626 2967 5672 autem
3009 5615 3104 5670 Dei
3134 5627 3211 5670 cst
3257 5630 3418 5686 quam
3452 5615 3608 5670 Chri-
