3938 6328
358 155 469 212 εις)
533 194 541 198 -
1036 148 1097 205 Β.
1140 148 1391 205 ιὶΛΒιὶΝΙ
1429 147 1650 206 MAUM
1686 142 2008 204 ARCUIEP.

2051 143 2359 202 uocum.
2396 121 2680 205 OPERUhl
2720 149 2898 204 rans
2940 150 2979 204 ι.
3526 156 3649 213 39.0

356 249 489 322 μηδ’
512 268 567 317 et
605 260 731 316 fecit
773 267 828 314 ct
861 258 1045 314 docuit
1084 279 1096 314 :
1151 261 1428 316 humilitas
1466 262 1520 317 in
1567 257 1936 315 conversatio-
1964 254 2193 324 Accnt,
2245 271 2368 312 cum
2420 255 2521 312 iSte
2567 257 2720 326 panis
2767 240 3110 328 quotidianus
3160 264 3334 320 dictus
3375 250 3477 321 est.
3527 264 3643 322 Re—

355 367 444 417 nc,
495 349 758 406 stabilitas
798 349 852 403 in
883 347 1006 416 ﬁde,
1060 350 1379 406 verecundia
1417 351 1470 404 in
1521 348 1720 413 verbis,
1769 347 1825 400 in
1854 346 1937 401 fa—

359 445 463 499 ctis
501 441 732 511 justitia,
793 442 846 496 in
874 442 1131 511 operibus
1179 438 1570 505 misericordia,
1611 440 1664 494 in
1699 437 1942 494 moribus

363 533 682 604 disciplina,
730 531 980 601 lnjuriam
1032 531 1210 586 facere
1251 545 1358 585 non
1402 545 1584 595 nosse,
1642 539 1697 584 et
1743 528 1942 582 factam

356 639 520 695 posse
560 623 814 689 tolerare,
845 638 966 677 cum
994 621 1253 674 fratribus
1284 635 1470 697 pacem
1503 627 1708 684 tenere,
1754 618 1938 674 Domi-

355 730 486 769 nutn
518 722 630 770 toto
664 714 823 768 corde
852 713 1093 783 diligere,
1153 713 1206 766 in
1239 710 1327 767 illo
1349 711 1505 784 (quod
1552 723 1706 780 pater
1733 719 1836 775 est,
1868 708 1939 763 ti-

355 821 525 873 mere,
559 807 701 876 quod
733 807 871 861 Deus
899 814 999 861 est.
1049 804 1263 860 Christo
1293 805 1428 859 nihil
1467 806 1688 860 omnino
1726 797 1938 874 praepo-

357 911 488 954 nere
516 898 793 963 debemus,
843 897 969 968 quia
1000 912 1099 952 nec
1145 896 1300 950 nobis
1333 896 1422 951 ille
1463 896 1756 966 quidquam
1797 910 1939 965 prae-

353 988 554 1060 posuit.
589 987 854 1044 Charitati
889 985 1006 1055 ejus
1033 986 1461 1056 inseparabiliter
1494 987 1787 1052 adluerere,
1815 1000 1940 1041 cru-

355 1079 406 1132 ci
437 1077 556 1149 ejus
604 1077 816 1131 fortiter
857 1091 922 1131 ac
978 1075 1207 1129 ﬁdenter
1247 1075 1552 1138 assistere,
1597 1074 1825 1142 Quando
1872 1075 1942 1132 de

355 1165 475 1234 ejus
523 1168 738 1234 nomine
783 1173 837 1221 et
885 1165 1088 1220 honore
1139 1171 1412 1218 certamen
1447 1171 1551 1228 est,
1595 1163 1854 1218 exhibere
1885 1165 1940 1219 in

356 1241 606 1316 sermone
650 1256 1030 1321 constantiam,
1066 1272 1172 1326 qua
1218 1255 1562 1319 conﬁtemur,
1597 1255 1652 1310 in
1687 1256 1941 1325 qumstio-

361 1364 431 1406 ne
472 1349 719 1404 liduciam
748 1389 763 1412 ,
809 1363 912 1417 qua
961 1346 1365 1416 congredimur,
1418 1348 1472 1401 in
1518 1354 1691 1412 morte
1731 1347 1942 1415 putica--

358 1442 631 1509 tiam,qua
649 1453 988 1504 coronamur,
1006 1436 1108 1492 hoc
1136 1445 1222 1491 est
1249 1436 1581 1492 cohreredcm
1609 1435 1809 1510 Christi
1836 1436 1940 1490 vel-

356 1531 406 1587 le
434 1541 580 1596 esse,
613 1531 716 1584 hoc
742 1536 827 1584 cst
854 1535 1179 1600 prmceptum
1210 1527 1303 1582 Dei
1349 1526 1549 1593 facere,
1593 1527 1695 1582 hoc
1724 1536 1808 1583 est
1845 1546 1938 1584 voc

1998 389 2001 393 .
2044 352 2152 401 stat
2204 353 2262 399 ut
2309 346 2678 414 quotidianum
2730 363 2921 416 panem
2950 350 3280 420 accipiamus
3311 355 3636 425 spiritalem.

2043 432 2317 503 Prtecepta
2355 435 2560 490 scilicet
2607 437 2807 503 divina,
2861 453 2980 508 qua:
3025 441 3262 509 quotidie
3283 454 3501 514 oportet
3523 461 3640 502 ute-

2042 525 2202 581 ditari
2255 534 2310 580 et
2354 529 2588 598 operari.
2655 528 2788 584 Nam
2847 527 2914 586 de
2958 530 3088 599 ipsis
3158 533 3416 592 Dominus
3469 534 3602 592 dicit

2042 613 2354 686 Operamini
2401 633 2589 674 escam
2621 635 2742 690 qua:
2778 635 2886 676 non
2925 624 3319 693 corrumpitur;
3368 628 3640 697 quotidia-

2041 723 2147 762 nus
2189 717 2370 763 autem
2417 711 2519 766 iste
2565 711 2716 768 cibus
2761 726 2904 767 nunc
2947 712 3164 780 dicitur,
3231 719 3471 786 quandiu
3529 720 3637 774 ista

1994 825 1996 828 ν
2041 799 2151 853 vita
2210 801 2523 870 temporalis
2571 816 2669 874 per
2719 802 2836 859 dies
2888 802 3210 882 decedentes
3259 808 3639 866 succedentes—-

2040 904 2146 960 que
2197 892 2492 962 peragitur.
2567 893 2635 947 Et
2692 908 2881 950 revera
2925 895 3162 965 quandiu
3221 898 3276 951 in
3333 901 3644 968 superiora,

2019 989 2185 1066 .nunc
2228 983 2284 1037 in
2330 981 2609 1052 inferiora,
2661 983 2716 1039 id
2761 992 2866 1050 est,
2919 985 3145 1052 nuncin
3175 979 3633 1064 spiritalia,‘n_unc

2041 1073 2096 1127 in
2148 1073 2405 1139 carnalia,
2461 1074 2624 1129 animi
2675 1073 2901 1132 affectus
2945 1074 3198 1141 alternat,
3275 1075 3536 1148 tanquam
3584 1081 3641 1135 ei

2041 1167 2132 1236 qui
2169 1167 2455 1237 aliquando
2498 1169 2740 1238 pascitur
2781 1169 2923 1236 cibo,
2977 1169 3267 1240 aliquando
3316 1169 3516 1226 famem
3543 1188 3638 1242 pa~

2044 1258 2192 1322 titur,
2249 1256 2488 1326 quotidie
2542 1258 2698 1327 panis
2756 1260 3095 1316 necessarius
3137 1269 3221 1316 est
3265 1275 3373 1331 quo
3420 1259 3634 1317 reﬁcia-

2043 1356 2130 1401 tur
2181 1345 2447 1412 esuriens,
2497 1355 2552 1400 et
2602 1347 2852 1403 relabens
2895 1349 3156 1420 erigatur.
3234 1349 3390 1418 Quod
3442 1339 3628 1406 autem

2040 1451 2224 1507 panem
2269 1435 2830 1510 supersubstamialem.
2863 1438 2918 1493 in
2961 1439 3518 1510 aliisexemplaribus
3566 1441 3640 1497 le-

2041 1526 2235 1596 gimus,
2300 1525 2383 1578 vel
2412 1517 2776 1600 peculiarem,
2828 1526 2913 1582 vel
2961 1528 3291 1598 przecipuum
3337 1528 3488 1584 illum
3537 1545 3629 1602 pa-

356 1623 615 1677 luntatcm
646 1620 821 1674 Patris
867 1619 1108 1690 implere.
1163 1619 1350 1674 Potest
1376 1626 1432 1674 et
1475 1619 1632 1675 aliter
1665 1621 1780 1674 haec
1811 1635 1936 1674 sen-
1969 1612 2017 1670 Β
2043 1637 2165 1676 nem
2221 1620 2469 1676 similiter
2519 1619 2807 1692 signiﬁcat,
2845 1620 2938 1690 qui
2982 1611 3159 1677 dicit:
3217 1621 3332 1693 Ego
3376 1639 3495 1677 sum
3539 1640 3630 1694 pa-

357 1717 525 1771 tentia
557 1715 802 1781 intelligi,
835 1723 892 1766 ut
929 1713 1001 1767 ita
1037 1713 1108 1766 sit
1144 1713 1364 1778 dictum,
1398 1711 1522 1765 Fiat
1557 1711 1795 1766 voluntas
1823 1722 1936 1776 tua,

355 1810 488 1863 sicut
526 1809 582 1861 in
612 1804 736 1860 caelo
765 1815 811 1859 et
846 1806 900 1858 in
941 1813 1101 1869 terra,
1136 1788 1405 1874 tanquam.
1419 1805 1464 1857 si
1495 1805 1801 1857 diceretur:
1834 1803 1939 1858 Fa-

359 1899 505 1953 ciant
534 1897 866 1952 voluntatem
908 1903 1052 1950 tuam
1084 1896 1224 1949 sicut
1247 1895 1378 1965 justi
1416 1895 1486 1948 ita
1518 1895 1681 1950 etiam
1729 1903 1783 1950 et
1811 1910 1937 1964 pec-
1987 1948 1990 1951 Α

355 1998 587 2055 catores,
624 1998 685 2042 ut
718 1989 786 2043 ad
817 1996 868 2043 te
908 1994 1311 2051 convertantur,
1362 1987 1473 2041 sive
1521 1987 1594 2040 ita
1621 1987 1718 2055 fiat
1760 1986 1942 2042 volun—

355 2090 439 2136 tas
468 2089 560 2136 tua
591 2082 646 2133 in
690 2079 815 2133 caelo
863 2089 910 2133 et
938 2079 993 2132 in
1022 2087 1183 2143 terra,
1240 2089 1299 2132 ut
1341 2093 1438 2132 sua
1465 2079 1661 2148 cuique
1693 2079 1939 2134 tribuan-

357 2179 465 2225 tur.
519 2166 670 2236 Quod
717 2169 777 2222 ﬁt
802 2169 1043 2224 extremo
1070 2167 1296 2236 judicio,
1329 2176 1387 2222 ut
1429 2160 1605 2237 justis
1636 2170 1943 2239 praemium,

352 2259 732 2329 peccatoribus
778 2255 1051 2314 damnatio
1091 2259 1382 2324 tribuatur,
1428 2275 1551 2315 cum
1582 2261 1706 2331 agni
1736 2263 1804 2316 ab
1833 2262 1943 2315 haen

352 2348 439 2406 dis
481 2349 892 2419 Separabuntur.
945 2347 1038 2402 Ille
1077 2349 1240 2403 etiam
1285 2363 1389 2403 non
1418 2349 1709 2416 absurdus,
1755 2352 1867 2407 imo
1886 2351 1943 2407 et

357 2440 504 2506 ﬁdei,
544 2449 600 2494 ct
623 2441 735 2510 spei
776 2448 979 2495 nostrae
1018 2439 1557 2497 convenientissimus
1603 2449 1686 2496 est
1730 2443 1944 2499 intelle-

353 2541 500 2598 ctus,
543 2541 604 2588 ut
631 2533 825 2607 coelum
866 2540 922 2586 et
970 2541 1165 2586 terram
1216 2531 1544 2602 accipiamus
1593 2533 1842 2606 spiritum
1887 2543 1944 2590 et

355 2639 595 2679 carnem.
652 2623 720 2677 Et
760 2621 1028 2693 quomodo
1058 2622 1186 2702 dicit
1214 2621 1541 2693 Apostolus:
1587 2624 1756 2679 Mente
1777 2626 1942 2681 servio

355 2716 456 2785 legi
493 2714 798 2780 Dei,,carne
825 2723 998 2768 autem
1037 2714 1139 2784 legi
1164 2717 1362 2785 peccati
1401 2713 1590 2787 (Rom.
1622 2717 1742 2784 vn),
1795 2718 1944 2773 vide-

356 2821 478 2863 mus
523 2805 721 2862 factam
770 2804 1096 2862 voluntatem
1132 2805 1226 2862 Dei
1274 2807 1331 2862 in
1373 2815 1570 2863 mente.
1603 2809 1670 2864 Et
1704 2808 1756 2864 id
1783 2822 1942 2865 oran-

357 2897 487 2953 dum
534 2903 636 2960 est,
695 2904 754 2951 ut
811 2896 950 2951 sicut
974 2896 1029 2950 in
1056 2896 1213 2963 caelo,
1259 2895 1335 2950 ita
1369 2905 1425 2952 et
1450 2897 1506 2952 in
1549 2907 1694 2954 terra
1725 2898 1822 2954 ﬁat
1848 2915 1940 2960 vo.
1977 2928 2008 2963 ,_~

353 2987 536 3043 lentas
585 2953 707 3053 Dei,
755 2987 809 3042 id
854 2994 956 3053 est,
1008 2994 1067 3041 ut
1107 2953 1773 3057 quemadmodumcorde
1801 2953 2014 3046 delle—C

357 3086 570 3133 ctautur
628 3078 732 3150 legi
791 3079 1082 3134 secundum
1125 3079 1438 3136 interiorem
1487 3081 1798 3151 hominem,
1864 3085 1940 3140 ita

355 3166 521 3224 etiam
565 3167 806 3238 corporis
845 3167 1216 3224 immutatione
1247 3168 1409 3236 facta,
1447 3170 1574 3226 huic
1603 3183 1802 3229 nostra:
1842 3174 1939 3230 de~

357 3257 626 3315 lectationi
675 3257 822 3312 nulla
871 3273 1000 3328 pars
1025 3267 1210 3315 nostra
1258 3261 1490 3326 terrenis
1526 3262 1804 3321 doloribus
1843 3281 1940 3322 seu

354 3348 716 3418 voluptatibus
759 3348 1090 3404 adversetur.
1150 3349 1259 3406 Nec
1300 3351 1429 3406 illud
1478 3368 1508 3407 a
1557 3355 1783 3410 veritate
1839 3357 1937 3412 ab-

356 3439 562 3506 horret,
609 3449 670 3495 ut
725 3441 1056 3511 accipiamus
1125 3439 1253 3495 ‘Fiat
1282 3442 1521 3498 voluntas
1560 3454 1677 3510 tua,
1713 3447 1846 3500 sicut
1885 3449 1940 3502 in

360 3533 486 3590 :on
514 3543 561 3588 et
591 3533 646 3588 in
674 3542 834 3598 terra,
903 3535 1042 3589 sicut
1069 3535 1122 3588 in
1178 3535 1296 3604 ipso
1340 3535 1570 3590 Domino
1617 3545 1807 3594 nostro
1852 3539 1943 3594 Je—

360 3639 424 3680 su
468 3623 704 3689 Christo,
756 3626 829 3678 ita
857 3631 910 3678 et
935 3624 989 3677 in
1019 3624 1279 3690 Ecclesia,
1321 3635 1575 3696 tanquam
1605 3629 1664 3682 in
1699 3629 1818 3684 viro
1848 3622 1972 3700 qui

355 3716 527 3787 patris
583 3715 916 3769 voluntatem
962 3715 1220 3786 implevit,
1271 3717 1342 3771 ita
1372 3727 1428 3772 et
1473 3718 1526 3772 in
1573 3712 1941 3793 femina,qu:n

358 3806 436 3862 illi
470 3808 793 3876 desponsala
843 3815 947 3864 est.
1031 3807 1238 3864 leum
1272 3810 1415 3865 enim
1459 3818 1696 3879 etlterra
1745 3829 1940 3870 conve-

358 3901 570 3955 nienter
597 3900 910 3971 intelligitur
931 3900 1082 3970 quasi
1105 3901 1189 3956 vir
1215 3910 1270 3956 et
1294 3900 1512 3969 femina,
1548 3905 1805 3974 quoniam
1833 3914 1940 3962 ter-

361 4006 418 4046 ra
451 3991 592 4046 cudo
613 3991 931 4058 fecundante
948 3990 1222 4047 fructifera
1244 4001 1344 4047 est.
1375 3992 1578 4060 Quarta
1605 3997 1796 4065 petitio
1814 4007 1935 4052 est:

436 4083 633 4138 Panem
668 4092 901 4139 nostrum
928 4084 1290 4154 quotidianum
1334 4085 1405 4138 da
1451 4087 1599 4140 nobis
1628 4088 1800 4142 hodie.
1837 4087 1939 4144 Pa-

2043 1713 2144 1778 nis,
2184 1713 2273 1783 qui
2323 1713 2394 1768 de
2434 1710 2559 1788 cailo
2608 1711 2870 1778 descendi,
2920 1711 3013 1783 qui
3060 1697 3309 1768 videlicet
3338 1723 3423 1768 est
3473 1727 3632 1782 super

2042 1817 2229 1860 omnes
2273 1803 2633 1868 substantias,
2679 1809 2736 1856 et
2774 1801 3054 1857 universas
3080 1809 3302 1872 superat
3328 1810 3627 1860 creauiras.

2118 1892 2186 1946 Et
2213 1893 2414 1946 dimitte
2443 1892 2589 1947 nobis
2613 1891 2788 1946 debita
2818 1901 3022 1957 nostra,
3051 1893 3188 1946 sicut
3217 1902 3266 1946 et
3295 1909 3389 1947 nos
3409 1893 3626 1946 dimitti-

2043 2003 2156 2042 mus
2191 1985 2506 2041 debitoribus
2534 1986 2725 2039 nostris
2755 1979 2962 2057 (Cypr.)
3001 1980 3131 2040 Post
3174 1983 3474 2039 subsidium
3522 1983 3622 2040 cibi

2041 2078 2242 2150 petitur
2287 2085 2342 2133 et
2386 2077 2546 2133 venia
2569 2070 2777 2142 delicti,
2817 2077 2993 2146 utqui
3029 2090 3073 2129 la
3120 2074 3230 2132 Deo
3274 2075 3536 2146 pascitur,
3574 2075 3625 2128 in
3666 2092 3672 2095 -

2043 2168 2154 2230 Deo
2197 2170 2362 2234 vivat,
2409 2184 2511 2224 nec
2557 2177 2764 2224 tantum
2808 2168 3062 2239 praesenti
3099 2176 3156 2248 et
3195 2168 3481 2238 temporali
3511 2168 3636 2237 vita;

2043 2261 2373 2326 consulatur,
2427 2260 2522 2315 sed
2569 2268 2805 2324 aeternae,
2843 2260 2940 2316 .ad
2989 2275 3156 2330 quam
3204 2259 3392 2314 veniri.
3435 2266 3633 2328 potest.

2042 2350 2089 2405 si
2134 2348 2356 2419 peccata
2397 2351 2680 2403 donentur.
2737 2347 2866 2414 Quae
2918 2347 3098 2402 debita
3146 2347 3407 2402 Dominus
3454 2345 3634 2417 appel~

2043 2437 2118 2492 lat
2165 2439 2306 2516 sicut
2360 2437 2412 2492 in
2458 2436 2750 2509 Evangelio
2785 2453 2882 2494 suo
2928 2438 3103 2493 dicit:
3137 2436 3326 2492 Dimisi
3365 2437 3459 2515 tibi
3487 2454 3632 2492 omne

2043 2530 2294 2594 debitum,
2338 2531 2464 2600 quia
2505 2544 2585 2582 me
2627 2530 2822 2599 rogasti
2853 2528 3069 2600 (Matth.
3100 2531 3279 2598 XVI").
3343 2527 3520 2595 Quam
3547 2543 3631 2584 ne-

2044 2621 2276 2677 cessarie
2325 2629 2528 2685 autem,
2603 2633 2765 2690 quam
2827 2620 3173 2690 providenter
3231 2628 3284 2674 et
3348 2619 3629 2688 salubriter

2045 2713 2397 2768 admonemur
2443 2713 2585 2782 quod
2612 2696 2927 2781 peccatores
2975 2707 3180 2778 sumus,
3231 2712 3324 2781 qui
3365 2692 3468 2781 pro
3513 2726 3637 2781 per»

2044 2806 2181 2862 catis
2225 2819 2418 2876 rogare
2467 2804 2872 2876 compellimur!
2910 2801 3012 2881 Qui
3057 2815 3220 2869 orate
3259 2821 3368 2860 nos
3414 2819 3514 2874 pro
3537 2805 3649 2859 de"

2043 2897 2171 2952 bitis
2217 2904 2271 2952 et
2318 2896 2555 2966 peccatis
2608 2895 2811 2960 docuit,
2868 2903 3148 2965 paternam
3207 2895 3632 2951 miscricordiam

2043 2987 2314 3058 promisit,
2368 2994 2424 3041 et
2464 2986 2676 3041 veniam
2703 2979 3027 3040 secuturam'
3069 2983 3333 3054 adiunxit,
3386 2985 3544 3056 plane
3576 2995 3628 3040 et

2042 3076 2246 3132 addidit
2295 3064 2493 3146 legem,
2537 3081 2685 3130 certa
2739 3089 2839 3130 nos
2875 3074 3185 3130 conditione
3242 3084 3298 3128 et
3342 3073 3628 3144 sponsione

2041 3167 2439 3240 constringens,
2494 3174 2554 3222 ut
2601 3166 2681 3222 sic
2732 3165 2890 3222 nobis
2935 3163 3137 3227 dimitti,
3174 3166 3352 3222 debita
3393 3167 3625 3237 postule-

2041 3274 2161 3314 mus
2193 3258 2484 3313 secundum
2525 3258 2668 3327 quod
2718 3265 2775 3312 et
2813 3257 2918 3328 ipsi
2942 3255 3275 3312 debitoribus
3317 3257 3519 3312 nostris
3547 3255 3628 3327 di;

2043 3351 2324 3406 mittimus.
2392 3351 2637 3406 Scientcs
2682 3349 2958 3418 impetrari
3001 3364 3105 3404 non
3155 3365 3320 3420 posse
3345 3348 3486 3418 quod
3535 3365 3631 3419 pro

2041 3441 2281 3511 peccatis
2328 3441 2561 3511 petimus
2615 3440 2715 3494 nisi
2753 3447 2808 3495 et
2849 3439 2951 3510 ipsi
3002 3439 3148 3494 circa
3197 3448 3511 3510 peccatores
3540 3445 3641 3494 no-'

2043 3544 2184 3588 stros
2255 3534 2404 3604 paria
2478 3532 2784 3610 fecerimus.
2879 3533 3084 3589 Idcirco
3133 3544 3189 3589 et
3248 3535 3354 3590 alio
3411 3535 3463 3589 in
3514 3535 3634 3591 loco

2041 3629 2213 3685 dicit:
2253 3628 2371 3694 Qua
2413 3645 2658 3682 mensura
2700 3627 2865 3681 mensi
2892 3627 3139 3698 fueritis._
3164 3627 3345 3682 eadem
3387 3637 3436 3681 et
3476 3643 3634 3681 reme-

2041 3722 2355 3792 tietur'vobis
2393 3719 2597 3792 (Marc.
2623 3735 2706 3786 tv;
2748 3717 2877 3774 Luc.
2897 3719 2996 3791 γι).
3021 3712 3176 3774 Nulla
3199 3720 3347 3776 enim
3369 3719 3474 3775 alia
3512 3735 3632 3776 seo-

2042 3812 2208 3866 tentia
2257 3811 2626 3893 sic’oramus,
2673 3818 2754 3892 ut.
2779 3810 2935 3881 quasi
2970 3811 3318 3886 paciscamur
3366 3824 3488 3866 cum
3531 3809 3633 3866 Do-

2041 3904 2206 3958 mino.
2274 3903 2332 3959 ln
2381 3919 2485 3973 qua
2531 3902 2780 3973 pactione
2837 3902 2882 3958 si
2931 3901 3240 3967 mentimur.
3305 3902 3471 3958 totius
3511 3918 3632 3957 ora-

2041 3995 2204 4050 tionis
2253 3993 2431 4049 nullus
2475 4001 2557 4049 est
2601 3991 2826 4048 fructus.

2111 4085 2177 4139 Et
2211 4102 2273 4139 ne
2296 4100 2387 4139 nos
2421 4084 2640 4138 inducas
2667 4084 3096 4139 intentationem.
3124 4084 3310 4159 (λιες.)
3341 4085 3457 4141 Non
3484 4088 3628 4142 enim

357 4176 441 4231 nis
475 4173 816 4245 quotidianus
845 4184 937 4229 aut
961 4190 1059 4244 pro
1098 4175 1182 4230 his
1220 4177 1468 4234 omnibus
1497 4177 1675 4234 dictus
1707 4189 1792 4235 est
1817 4197 1938 4252 qua:
2038 4165 2149 4247 per-
2174 4176 2412 4248 seipsum
2454 4174 2659 4233 inducit
2683 4173 2866 4240 'Deus,
2913 4174 3007 4230 sed
3041 4175 3222 4230 induci
3260 4177 3464 4258 patitur
3503 4190 3628 4230 enm

359 4265 515 4336 hujus
540 4267 659 4322 vita:
681 4267 1057 4322 necessitatem
1081 4276 1404 4334 sustentant,
1437 4267 1504 4324 de
1531 4283 1640 4338 quo
1657 4285 1779 4325 cum
1802 4286 1939 4341 prm—
1969 4305 2018 4363 υ
2042 4280 2202 4337 quem
2229 4281 2329 4321 suo
2364 4264 2564 4318 auxilio
2592 4264 2928 4330 deseruerit,
2959 4265 3150 4320 ordine
3175 4264 3541 4321 occultissimo
3569 4281 3629 4321 se

357 4359 505 4428 cipit,
537 4359 613 4413 ait
640 4377 654 4412 :
693 4357 869 4412 Nolite
899 4359 1124 4428 cogitare
1146 4358 1210 4412 de
1239 4358 1483 4415 crastino.
1513 4359 1579 4414 Et
1606 4361 1725 4418 ideo
1753 4363 1824 4416 sit
1845 4362 1938 4416 ad-

358 4452 524 4508 ditum
556 4468 570 4504 :
611 4448 694 4504 Da
725 4450 869 4503 nobis
897 4449 1068 4512 hodie,
1093 4458 1185 4504 aut
1207 4465 1308 4520 pro
1328 4460 1668 4507 sacramento
1695 4453 1943 4522 corporis

356 4542 576 4606 Christi,
607 4542 748 4611 quod
777 4541 1011 4611 quotidie
1034 4541 1347 4609 accipimus,
1377 4550 1470 4595 aut
1495 4557 1591 4611 pro
1619 4543 1846 4612 spiritali
1867 4545 1943 4598 ci-

360 4634 445 4696 lto,
470 4632 534 4687 de
562 4647 668 4701 quo
694 4632 832 4686 idem
858 4631 1111 4684 Dominus
1126 4630 1605 4701 dicitzllperamini
1631 4651 1802 4687 escam
1823 4653 1940 4705 qua:

361 4738 462 4777 non
503 4722 868 4791 corrumpitur.
903 4721 966 4774 Et
996 4720 1122 4774 illud
1150 4739 1162 4773 :
1197 4720 1309 4790 Ego
1349 4739 1464 4776 sum
1503 4725 1655 4795 panis
1681 4724 1817 4790 vitae,
1849 4728 1939 4796 qui

359 4815 422 4870 de
448 4812 573 4878 ctylo
594 4813 830 4867 descendi
854 4812 908 4883 (1
914 4831 1032 4868 οαη.
1061 4812 1156 4885 vi).
1183 4811 1289 4869 Sed
1317 4815 1508 4871 horum
1531 4817 1690 4871 trium
1718 4819 1844 4886 quid
1869 4819 1940 4875 sit

361 4902 793 4975 probatissimum
839 4904 1168 4959 considerari
1211 4914 1405 4976 potest.
1457 4905 1588 4961 Nam
1623 4905 1758 4963 forte
1792 4910 1939 4979 quis-

361 4996 503 5064 piam
532 5002 809 5050 moveatur
835 5008 933 5048 cur
958 5008 1173 5050 oremus
1200 5011 1296 5064 pro
1326 4997 1408 5051 his
1435 4997 1797 5068 adipiscendis
1819 5015 1940 5067 quae

361 5087 485 5140 huic
527 5085 647 5139 vita:
691 5091 819 5138 sunt
863 5085 1190 5149 necessaria,
1237 5087 1398 5142 veluti
1449 5097 1536 5144 est
1575 5091 1751 5146 victus
1780 5100 1834 5146 et
1863 5100 1939 5145 tc-

361 5183 693 5246 gumentum,
752 5190 863 5229 .um
917 5175 1031 5244 ipse
1077 5173 1333 5232 Dominus
1380 5179 1549 5234 dicit:
1584 5180 1761 5235 Nolite
1797 5181 1942 5236 solli-

364 5275 444 5322 citi
473 5284 584 5324 esse
612 5269 737 5339 quid
769 5268 958 5332 edatis,
991 5277 1082 5321 aut
1104 5268 1234 5338 quid
1268 5268 1557 5332 induamini
1603 5270 1814 5348 (Matth.
1837 5275 1938 5344 Vl);

363 5359 424 5413 de
474 5367 812 5413 sacramento
833 5367 1013 5414 autem
1043 5358 1287 5426 corporis
1327 5359 1559 5425 Domini,
1612 5370 1671 5414 ut
1717 5362 1791 5416 illi
1835 5377 1942 5429 non

365 5459 606 5504 moveant
654 5449 1020 5519 quiestioaem,
1078 5449 1168 5519 qui
1211 5448 1424 5518 plurimi
1481 5449 1532 5502 in
1581 5451 1943 5507 Orientalibus

366 5539 620 5605 (cutibus,
671 5553 777 5596 non
815 5540 1051 5610 quotidie
1094 5556 1260 5596 curua:
1314 5539 1601 5595 Dominica:
1641 5543 1940 5597 «tutnmuni-

2044 4361 2270 4418 meritis.
2318 4359 2507 4416 Causis
2551 4359 2714 4415 etiam
2765 4374 2907 4431 smpc
2942 4359 3244 4416 manifestis
3283 4360 3503 4440 dignum
3531 4361 3623 4428 ju-

2043 4453 2188 4508 dicat
2237 4451 2383 4506 illum
2444 4465 2606 4520 quem
2671 4450 2883 4506 deserat
2934 4458 2991 4506 et
3029 4451 3084 4505 in
3143 4452 3494 4507 tentationem
3552 4452 3629 4506 in-

2044 4544 2164 4600 duci
2218 4543 2379 4599 sinat.
2427 4541 2585 4596 Aliud
2631 4548 2713 4597 est
2740 4550 2921 4598 autem
2967 4541 3156 4597 induci
3179 4543 3233 4596 in
3255 4542 3626 4602 tentationem,

2045 4635 2189 4689 aliud
2233 4633 2451 4689 tentari.
2529 4630 2666 4688 Nam
2716 4633 2834 4689 sine
2875 4633 3199 4689 tentatione-
3226 4633 3483 4704 probatus
3511 4649 3633 4688 esse
3684 4663 3696 4665 —

2046 4727 2223 4782 nullus
2268 4733 2464 4795 potest.
2511 4710 2814 4798 Non‘e'rgo.
2847 4722 2937 4779 hic
2965 4733 3157 4781 oratur
3194 4731 3255 4780 ut
3303 4738 3410 4779 non
3469 4733 3632 4779 tente-

2046 4832 2188 4880 mur,
2239 4816 2333 4871 sed
2380 4822 2438 4869 ut
2488 4830 2594 4870 non
2643 4813 2941 4870 inferamur
2988 4814 3043 4868 in
3087 4814 3462 4876 tentationem,
3512 4824 3630 4872 tan-

2045 4919 2204 4976 quarn
2257 4906 2304 4961 si
2344 4905 2610 4975 quispiam
2655 4907 2744 4982 cui
2790 4897 3012 4977 necesse
3052 4889 3279 4978 estigne
3306 4907 3627 4973 examinari,

2046 5011 2152 5049 non
2174 5005 2286 5050 oret
2304 5006 2362 5052 ut
2383 4997 2505 5067 igne
2519 5012 2622 5050 non
2647 4997 3019 5068 contingatur,
3034 4998 3129 5053 sed
3158 5006 3217 5052 ut
3230 5013 3334 5053 non
3347 5009 3625 5056 exuratur.

2057 5087 2196 5141 Vasa
2224 5088 2360 5142 enim
2384 5086 2532 5157 ﬁguli
2552 5088 2737 5156 probat
2760 5088 2972 5157 fornax,
2991 5098 3038 5142 et
3065 5089 3295 5164 homines
3309 5090 3485 5160 justas
3513 5103 3622 5144 ten-

2005 5250 2008 5253 1
2048 5180 2178 5233 latio
2204 5179 2553 5233 tribulationis
2581 5179 2770 5250 (Eccli.
2810 5179 2983 5248 xui).
3022 5179 3169 5234 Militi
3201 5187 3381 5237 autem
3430 5183 3482 5238 in
3510 5199 3623 5253 pm-

2047 5274 2218 5327 cando
2253 5272 2322 5326 ita
2352 5271 2573 5327 dicunt:
2603 5271 2681 5328 Ne
2703 5288 2800 5327 nos
2822 5273 3043 5344 patiaris
3082 5273 3259 5328 induci
3292 5273 3343 5327 in
3375 5277 3618 5329 tentatio-

2044 5377 2187 5426 nem,
2235 5371 2560 5431 exponentes
2607 5362 2850 5418 videlicet
2879 5363 3147 5432 quomodo
3194 5363 3392 5419 dictum
3440 5365 3511 5417 sit
3547 5365 3622 5415 iu-

2043 5454 2223 5508 ducas.
2288 5455 2402 5522 Qua
2452 5455 2502 5510 in
2548 5464 2699 5524 parte
2751 5456 3051 5512 ostenditur
3105 5455 3238 5512 nihil
3287 5464 3473 5511 contra
3528 5472 3623 5511 nos

2043 5546 2406 5601 adversarium
2459 5561 2636 5619 posse,
2681 5546 2783 5602 nisi
2839 5547 2979 5604 Deus
3027 5556 3156 5604 ante
3201 5547 3530 5618 permiserit.
3566 5559 3623 5603 ut

3863 271 3873 332 ς

3867 341 3873 446 Ξ
