3938 6354
209 345 311 401 ω

1135 397 1138 400 ,
1189 325 1541 398 causam.
1576 320 1642 379 1N
1676 312 2125 386 nummum.
2163 341 2233 352 —
2270 312 2395 390 Lm.
2435 311 2498 366 tt.

3309 305 3450 382 ,εει

205 455 384 514 uuis
437 454 595 506 timor
635 455 814 504 noster
860 419 1160 502 etdevotio
1177 452 1336 511 atque
1385 435 1685 494 observatio
1705 433 1772 487 ad
1809 437 1858 494 Α
1886 441 2005 482 rum
2051 422 2436 495 signiﬁcantes,
2485 422 2582 476 sed
2614 420 2848 490 puritate
2894 420 3089 474 mentis
3127 421 3453 474 haurientes.

211 544 499 603 Dominum
550 547 909 601 convertatur,
943 534 1154 604 quando
1180 532 1240 588 in
1265 525 1646 584 tentationibus
1681 537 1784 577 no-

207 637 338 694 stris
364 632 498 688 nihil
520 631 660 685 malo
689 629 862 694 liceat,
893 627 994 682 nisi
1041 631 1275 696 potestas
1316 619 1439 673 inde
1488 617 1779 673 tribuatur.
1822 643 1831 652 -

281 724 382 780 Sed
413 721 573 774 libera
599 736 689 772 nos
718 736 749 771 a
768 718 930 780 malo,
969 731 1137 769 amen.
1190 709 1411 777 Quando
1439 715 1615 761 autem
1644 703 1782 760 dici-

209 830 349 878 mus,
403 813 564 866 libera
587 825 678 863 nos
702 826 734 863 a
767 806 924 872 malo,
973 803 1103 858 nihil
1150 807 1394 854 remanet
1441 796 1584 864 quod
1621 793 1770 858 ultra

209 906 388 960 adhuc
432 904 623 958 debeat
679 898 953 970 postulari,
1003 892 1214 964 quando
1263 887 1425 944 semel
1485 886 1780 956 protectioq

207 1008 335 1050 nem
400 991 495 1047 Dei
560 989 814 1044 adversus
865 985 1061 1040 malum
1099 981 1348 1052 petimus.
1405 974 1773 1049 (Msua.)'Qua

209 1084 516 1154 impetrata,
567 1087 753 1136 contra
788 1076 967 1133 omnia
1011 1086 1128 1143 qua:
1167 1066 1408 1123 diabolus
1451 1073 1506 1118 et
1527 1058 1775 1145 ‘mnndus

207 1180 504 1244 operantur
543 1169 719 1226 securi
748 1158 953 1223 sta'mus
995 1172 1050 1217 ct
1097 1160 1214 1214 tuti.
1266 1157 1375 1212 Sed
1419 1156 1519 1212 hoc
1562 1154 1782 1244 inprim-

207 1243 348 1318 senti
393 1262 471 1326 fit,
499 1267 756 1330 quantum
791 1255 1026 1310 divinum
1057 1263 1282 1304 examen
1323 1245 1475 1299 nobis
1503 1243 1630 1298 utile
1657 1257 1772 1297 esse

205 1351 560 1421 pro5pexerit.
608 1346 760 1401 Unde
786 1343 917 1398 dicit
943 1337 1260 1409 Apostolus:
1292 1334 1483 1415 Fidelis
1511 1341 1583 1386 est
1613 1330 1777 1395 Deus,

203 1444 298 1513 qui
341 1458 444 1496 non
487 1439 682 1510 patitur
720 1451 807 1488 vos
847 1431 1037 1487 tentari
1082 1444 1239 1499 supra
1281 1426 1334 1479 id
1379 1423 1516 1495 quod
1544 1423 1778 1492 potestis,

203 1509 299 1584 sed
325 1528 450 1597 facit
478 1541 597 1580 cum
624 1521 902 1576 tentatione
929 1525 1249 1589 proventum,
1299 1522 1352 1566 ut
1382 1511 1585 1582 possitis
1619 1509 1747 1567 susti
1767 1539 1782 1548 -

206 1635 331 1673 nere
379 1615 569 1688 (ICor.
611 1616 689 1683 χ).
721 1611 992 1668 Orandum
1040 1614 1122 1660 est
1168 1605 1310 1659 enim
1356 1610 1412 1656 ut
1459 1615 1564 1657 non
1602 1598 1775 1654 solum

202 1712 317 1760 non
345 1705 658 1759 lnducamur
684 1700 737 1753 in
769 1697 964 1754 malum
1004 1709 1110 1764 quo
1151 1694 1393 1747 caremus
1439 1689 1601 1760 (quod
1621 1695 1771 1744 sexto

1886 515 2018 571 Nam
2058 511 2289 567 fortasse
2327 519 2384 566 et
2427 518 2712 580 propterea
2759 509 2910 578 panis
2965 508 3136 562 dictus
3194 516 3297 572 est,
3353 523 3456 560 non

1885 614 2060 675 potus,
2107 602 2230 672 quia
2258 601 2412 670 panis
2443 598 2737 670 frangendo
2761 606 2923 665 atque
2953 597 3248 651 mandendo
3277 596 3328 650 in
3364 597 3447 652 ali-

1885 709 2123 757 mentum
2171 697 2521 764 convertitur,
2570 696 2711 756 sicut
2747 694 3038 764 Scriptura:
3081 696 3366 765 aperiendo
3403 705 3458 749 et

1862 784 2197 847 disserendo
2239 788 2472 843 animam
2516 794 2759 858 pascunt.
2806 785 2971 840 Potus
2998 793 3174 839 autem
3220 797 3450 854 paratus,

1884 883 2042 952 sicuti
2077 889 2179 946 est,
2229 879 2422 934 transit
2450 880 2503 933 in
2535 893 2761 946 corpus,
2797 886 2855 931 ut
2901 877 3003 931 isto
3031 884 3270 945 tempore
3309 878 3455 946 panis-

1885 972 1952 1027 sit
1993 971 2233 1035 veritas,
2280 984 2402 1024 cum
2468 967 2812 1038 quotidianus
2861 967 3014 1035 panis
3055 965 3283 1032 dicitur;
3334 977 3457 1020 tunc

1885 1073 2063 1118 autem
2089 1069 2269 1132 potus,
2288 1043 2607 1115 cumlabore
2638 1056 2781 1111 nullo
2799 1056 3099 1126 disputandi
3129 1056 3455 1122 ctsermoci-

1884 1148 2064 1216 nandi,
2096 1151 2245 1224 quasi
2281 1149 2556 1221 frangendi
2603 1156 2762 1217 atque
2792 1149 3093 1213 mantlendi,
3143 1134 3288 1218 opus
3329 1147 3451 1210 crit,

1883 1245 1976 1298 sed
2011 1243 2122 1298 solo
2159 1244 2352 1297 haustu
2401 1242 2624 1295 sincera:
2653 1255 2715 1294 ac
2751 1239 3044 1309 perspicuae
3081 1239 3340 1293 veritatis.
3390 1238 3458 1292 Et

1883 1339 2096 1401 peccata
2145 1345 2288 1385 nunc
2345 1329 2497 1384 nobis
2526 1328 2884 1393 dimittuntur,
2949 1335 3002 1382 et
3048 1342 3191 1382 nunc
3236 1327 3453 1382 dimitti-

1883 1436 2019 1483 mus,
2062 1436 2180 1492 qua:
2222 1421 2410 1476 barum
2461 1428 2692 1490 quatuor
2733 1419 3060 1488 reliquarum
3103 1419 3336 1473 secunda
3364 1433 3455 1489 pe-

1885 1511 2002 1566 titio
2032 1519 2145 1576 est;
2195 1518 2322 1567 tunc
2368 1519 2546 1565 autem
2590 1509 2732 1564 nulla
2764 1509 2867 1564 erit
2900 1509 3055 1563 venia
3085 1519 3450 1578 peccatorum,

1883 1601 2006 1672 quia
2038 1601 2180 1655 nulla
2209 1608 2447 1672 peccata.
2497 1600 2562 1654 Et
2581 1599 2898 1654 tentationes
2927 1598 3270 1669 temporalem
3294 1599 3451 1673 istam

1884 1692 2046 1745 vitam
2093 1691 2363 1756 infestant,
2417 1706 2521 1745 non
2571 1699 2749 1744 autem
2797 1700 2953 1746 erunt
2988 1707 3112 1746 cum
3158 1690 3450 1760 perfectum

205 1798 326 1851 loco
366 1791 640 1864 petimus),
671 1791 763 1845 sed
819 1788 1008 1850 abillo
1058 1786 1220 1840 etiam
1287 1782 1596 1846 liberemur,
1671 1794 1776 1850 quo
1810 1765 1857 1826 Β
1885 1781 2045 1837 fuerit
2073 1782 2215 1851 quod
2245 1781 2442 1834 dictum
2471 1788 2552 1834 est
2584 1798 2597 1832 :
2630 1780 2919 1834 Abscondes
2945 1796 3031 1834 eos
3064 1781 3118 1834 in
3145 1781 3318 1834 abdito
3343 1781 3455 1835 vul-

197 1890 315 1959 jam
357 1885 556 1941 inducti
604 1898 808 1938 sumus.
869 1880 1018 1947 Quod
1063 1893 1184 1932 cum
1232 1875 1428 1950 factum
1473 1873 1652 1938 fuerit,
1697 1875 1784 1928 ni-

204 1970 282 2032 hil
328 1974 623 2031 remanebit
656 1970 1076 2030 formidolosum,
1121 1980 1221 2021 nec
1247 1965 1464 2020 omnino
1495 1962 1775 2018 metuenda

203 2068 313 2123 erit
361 2066 468 2122 ulla
513 2063 756 2118 tentatio.
823 2059 974 2126 Quod
1040 2065 1218 2111 tamen
1276 2056 1331 2109 in
1387 2055 1488 2108 hac
1539 2055 1665 2108 vita.
1721 2061 1776 2106 et

203 2157 443 2226 quandiu
513 2156 670 2209 istam
735 2150 1116 2206 mortalitatem
1179 2143 1616 2224 circumferimus,
1685 2143 1770 2198 ubi

190 2247 510 2315 serpentina
554 2243 898 2314 persuasione
939 2237 1139 2293 inducti
1162 2250 1364 2299 sumus,
1421 2249 1524 2288 non
1554 2247 1778 2301 speran-

203 2336 335 2391 dum
379 2349 535 2405 posse
565 2333 712 2397 ﬁeri,
743 2333 834 2387 sed
865 2339 1039 2384 tamen
1067 2326 1351 2397 aliquando
1386 2325 1624 2379 futurum
1652 2340 1775 2396 spe-

204 2424 432 2479 randum
476 2429 578 2478 est.
627 2421 936 2492 Opportuno
966 2427 1142 2474 autem
1187 2424 1424 2485 tempore
1470 2413 1779 2483 perﬁcietur

203 2513 502 2578 beatitudo,
534 2527 651 2581 qua:
678 2511 732 2564 in
762 2511 862 2564 hac
906 2508 1016 2561 vita
1057 2506 1307 2560 inchoata
1346 2513 1447 2568 est,
1494 2510 1546 2557 et
1572 2501 1656 2558 cui
1685 2517 1777 2556 ca-

203 2604 483 2672 pessenda:
525 2610 684 2671 atque
744 2598 1044 2655 obtinenda:
1083 2595 1368 2665 aliquando
1421 2609 1562 2650 nunc
1600 2587 1774 2648 omnis

201 2705 429 2749 conatus
456 2694 793 2763 impenditur.
846 2690 949 2745 Sed
973 2692 1160 2743 harum
1190 2696 1417 2755 quatuor
1461 2687 1775 2756 petitionum

201 2782 592 2840 consideranda
636 2790 702 2842 et,
727 2779 1142 2845 commendanda
1190 2777 1460 2834 distinctio
1493 2785 1591 2830 est.
1639 2775 1774 2829 Nam

201 2890 330 2929 cum
391 2874 499 2927 vita
543 2882 728 2926 nostra
786 2869 1146 2939 tcmporaliter
1193 2881 1334 2921 nunc
1373 2867 1562 2937 agitur
1616 2874 1774 2935 atque

201 2972 446 3035 δραι-πω
505 2971 720 3025 mterna,
759 2969 960 3016 etcum
1004 2967 1202 3013 mterna
1229 2958 1405 3027 priora
1455 2964 1579 3035 sunt
1605 2946 1774 3029 digni-

204 3032 340 3118 tate,
371 3051 616 3122 quamvis
644 3049 1020 3119 temporalibus
1049 3048 1198 3116 prius
1225 3046 1360 3101 actis
1380 3032 1561 3100 ad'illa
1593 3054 1770 3100 trans-

201 3113 404 3205 catur;
445 3141 604 3193 trium
651 3113 943 3208 primarum
983 3113 1297 3205 petitionum
1347 3133 1766 3202 impetrationes,
1799 3113 1842 3174 (ἶ

199 3219 513 3305 quanquam
559 3232 612 3285 in
662 3232 762 3285 hac
809 3231 941 3295 vita,
1013 3244 1131 3298 quae
1177 3229 1278 3283 isto
1331 3227 1525 3283 saeculo
1574 3227 1770 3296 agitur,

202 3323 485 3378 exordium
521 3323 734 3391 capiant
761 3320 914 3392 (nam
937 3329 990 3375 et
1023 3317 1374 3377 sanctiﬁcatio
1401 3317 1633 3374 nominis
1654 3318 1769 3384 Dei,

202 3415 274 3468 ab
305 3414 420 3482 ipso
450 3411 656 3465 Domini
699 3411 992 3476 nativitatis
1021 3410 1250 3464 adventu
1278 3407 1364 3479 agi
1388 3408 1571 3478 erepit,
1602 3419 1658 3482 et
1680 3399 1786 3482 ad?

201 3481 400 3558 ventus
429 3501 575 3571 regni
610 3499 723 3568 ejus
751 3516 856 3569 quo
898 3501 950 3552 in
996 3498 1239 3555 claritate
1261 3505 1517 3552 venturus
1546 3505 1628 3550 est
1665 3481 1770 3550 non
1799 3529 1803 3534 ι

195 3591 315 3660 jam
361 3592 511 3646 linito
552 3591 765 3655 saeculo,
810 3591 901 3643 sed
934 3590 988 3643 in
1015 3588 1118 3642 ﬁne
1159 3589 1352 3650 saeui,
1407 3585 1774 3653 manifestabi-

203 3695 317 3750 tur,
362 3692 418 3738 et
445 3681 702 3752 perfectio
744 3681 1036 3745 voluntatis
1060 3677 1186 3747 ejus'
1213 3678 1351 3733 sicut
1390 3678 1442 3732 in
1471 3676 1610 3738 etrb
1634 3666 1688 3732 et
1720 3678 1774 3732 in

205 3784 372 3836 terra,
413 3775 526 3828 sive
558 3773 732 3843 justos
775 3780 828 3826 et
877 3777 1188 3840 peccatores
1238 3768 1433 3824 coelum
1476 3775 1531 3822 et
1577 3775 1775 3822 terram

203 3865 492 3934 intelligas,
543 3863 654 3917 sive
683 3863 926 3931 spiritum
969 3870 1022 3914 et
1051 3875 1288 3925 carnem,
1341 3857 1452 3914 sive
1495 3858 1775 3913 Dominum

201 3965 263 4013 et
287 3955 601 4019 Ecelesiam,
627 3954 740 4008 sive
774 3952 950 4008 omnia
981 3951 1158 4017 simul,
1199 3951 1311 4020 ipsa
1334 3947 1660 4018 perfectione
1682 3964 1779 4005 no-

201 4057 336 4105 stra:
368 4046 735 4111 beatitudinis,
772 4052 827 4115 et
860 4045 976 4098 ideo
1007 4043 1183 4122 saeculi
1232 4042 1604 4097 terminatione
1626 4057 1774 4097 com-

200 4139 495 4212 plebitur),
545 4148 723 4194 tamen
775 4137 954 4192 omnia
1008 4136 1108 4189 tria
1156 4136 1210 4189 in
1273 4143 1532 4193 aeternum
1595 4149 1778 4190 mane-

203 4233 362 4286 bunt.
409 4228 543 4283 Nam
586 4237 640 4282 et
669 4225 1018 4282 sanctiﬁcatio
1062 4225 1296 4280 nominis
1333 4223 1426 4277 Dei
1455 4224 1779 4292 sempiterna

201 4317 336 4384 erit,
382 4325 440 4372 et
485 4316 636 4386 regni
665 4315 778 4384 ejus
818 4330 922 4369 non
960 4314 1064 4370 erit
1095 4313 1233 4378 ﬁnis,
1284 4322 1338 4367 et
1385 4310 1632 4382 perfecta:
1660 4326 1778 4379 ,ηο-

199 4416 336 4464 stt-te
381 4405 694 4462 beatitudini
732 4413 931 4460 aeterna
960 4404 1067 4457 vita
1108 4399 1452 4473 promittitur.
1496 4402 1780 4456 Permane-

201 4499 343 4554 bunt
375 4511 507 4568 ergo
534 4497 637 4552 ista
674 4496 778 4550 tria
829 4502 1197 4549 consummata
1231 4501 1390 4563 atque
1417 4491 1676 4546 cumulata
1727 4490 1778 4543 in

201 4587 300 4643 illa
334 4585 447 4642 vita
491 4601 611 4656 qua:
655 4585 810 4639 nobis
839 4583 1188 4653 promittitur.
1235 4582 1457 4651 Reliqua
1488 4597 1614 4636 vero
1650 4596 1784 4650 qua-

202 4685 350 4742 tuor,
381 4690 499 4744 quae
523 4674 774 4745 petimus,
805 4673 872 4727 ad
898 4673 1242 4743 temporalem
1269 4674 1425 4727 istam
1460 4673 1622 4726 vitam
1664 4673 1784 4741 per-

199 4765 383 4822 tinere
412 4765 544 4820 mihi
571 4765 836 4819 videntur.
883 4762 1119 4831 Quorum
1153 4763 1384 4832 primum
1422 4771 1504 4817 est
1542 4781 1553 4814 ;
1584 4760 1783 4816 Panem

198 4866 443 4912 nostrum
468 4854 824 4926 quotidianum
853 4854 921 4907 da
950 4853 1093 4908 nobis
1119 4854 1289 4907 hodie.
1330 4853 1442 4908 Hoc
1487 4853 1601 4923 ipso
1640 4853 1780 4907 enim

197 4945 354 5019 quod
390 4947 565 5001 dictus
599 4953 683 4999 est
711 4944 1069 5014 quotidianus,
1109 4945 1263 5014 panis
1291 4945 1544 5013 spiritalis
1573 4945 1777 5014 signiti-

198 5047 387 5102 cstur,
415 5037 530 5092 sive
561 5038 615 5091 in
645 5043 1002 5102 sacramento,
1035 5043 1127 5090 aut
1152 5036 1203 5090 in
1232 5036 1374 5090 victu
1403 5037 1504 5091 isto
1532 5036 1775 5101 visibilis,

197 5126 276 5182 ad
309 5129 411 5182 hoe
448 5135 654 5196 tempus
682 5129 930 5197 pertinet,
961 5130 1100 5198 quod
1136 5127 1418 5197 appellavit
1447 5127 1596 5182 hodie
1621 5143 1639 5180 :
1672 5143 1776 5181 non

197 5219 333 5290 quia
365 5221 622 5289 Spiritalis
660 5221 811 5274 cibus
839 5237 943 5275 non
969 5231 1051 5275 est
1096 5220 1473 5289 sempiternus,
1519 5218 1611 5272 sed
1653 5217 1778 5286 quia

199 5317 334 5377 istc,
383 5315 473 5382 qui
519 5315 860 5382 quotidianus
912 5315 1085 5368 dictus
1112 5323 1193 5366 est
1228 5313 1279 5366 in
1312 5310 1622 5379 Scripturis,
1666 5310 1779 5362 sive

197 5409 263 5463 in
310 5406 536 5474 strepitu
580 5407 865 5468 sermonis,
909 5407 1021 5459 sive
1068 5405 1364 5474 quibusque
1404 5401 1784 5472 temporalibus

194 5499 377 5572 signis
429 5499 716 5553 exhibetur
760 5497 968 5552 animm.
1027 5498 1154 5563 Qua:
1205 5496 1382 5551 omnia
1428 5501 1554 5549 tunc
1603 5495 1784 5563 utique

198 5606 314 5646 non
369 5594 547 5650 erunt,
593 5601 712 5639 cum
749 5601 933 5641 omnes
961 5594 1119 5639 erunt
1147 5584 1400 5640 docibiles
1443 5582 1559 5646 Dei,
1608 5590 1662 5637 et
1707 5583 1783 5650 ip-

198 5699 324 5738 sa.n
377 5676 703 5737 ineffabilem
749 5677 919 5733 lucem
968 5676 1211 5731 veritatis
1242 5691 1347 5730 non
1395 5681 1538 5729 motu
1592 5688 1780 5743 corpo-

1810 4454 1858 4514 Ι)

1881 1884 1964 1927 tus
1991 1882 2063 1927 tu:
2105 1869 2274 1944 (Psal.
2314 1869 2464 1941 xxx).
2540 1870 2606 1924 Et
2634 1871 2828 1924 malum
2859 1885 2890 1926 a
2919 1886 3027 1942 quo
3051 1871 3267 1927 liberari
3307 1881 3455 1943 opta-

1881 1982 2022 2031 mus,
2069 1973 2122 2020 et
2151 1965 2263 2034 ipsa
2294 1964 2542 2021 liberatio
2570 1980 2600 2018 a
2630 1964 2770 2020 malo
2796 1964 2862 2020 ad
2894 1965 3034 2021 bane
3067 1965 3252 2036 utique
3290 1967 3455 2021 vitam

1878 2055 2130 2126 pertinet,
2175 2070 2336 2125 quam
2369 2063 2422 2111 et
2440 2053 2649 2133 justitia
2693 2054 2787 2109 Dei
2829 2056 3108 2110 mortalem
3139 2057 3452 2122 meruimus,

1877 2157 1932 2201 et
1977 2147 2116 2202 unde
2168 2146 2336 2218 ipsius
2373 2145 2743 2202 misericordia
2794 2146 3159 2203 liberabimur.
3228 2145 3451 2202 Videtur

1877 2241 2040 2294 etiam
2097 2239 2228 2294 mihi
2274 2239 2608 2308 septenarius
2643 2239 2746 2293 iste
2785 2252 3040 2293 numerus
3086 2237 3274 2293 barum
3317 2238 3450 2308 peti-

1877 2335 2084 2389 tionum
2112 2346 2410 2403 congruere
2435 2332 2508 2386 illi
2537 2331 2840 2403 septenario
2865 2345 3109 2398 numero,
3132 2343 3198 2385 ex
3243 2345 3350 2401 quo
3380 2339 3455 2386 to-

1879 2437 1967 2483 tus
2007 2426 2108 2482 iste
2152 2419 2332 2480 sermo
2382 2424 2643 2478 manavit.
2711 2421 2770 2478 Si
2815 2423 2958 2478 enim
3006 2425 3167 2480 timor
3208 2422 3303 2479 Dei
3350 2432 3451 2487 est,

1874 2533 1981 2586 quo
2025 2515 2160 2570 beati
2201 2524 2322 2570 sunt
2369 2531 2620 2585 pauperes
2673 2514 2883 2592 spiritu,
2939 2517 3186 2587 quoniam
3221 2516 3450 2585 ipsorum

1872 2614 1944 2661 est
1974 2621 2186 2675 regnum
2209 2601 2450 2658 calorum
2479 2602 2693 2675 (Matth.
2727 2602 2807 2674 v),
2829 2610 3072 2673 petamus
3114 2611 3174 2659 ut
3217 2603 3452 2671 sanctsﬁ-

1873 2704 2033 2749 retur
2065 2693 2120 2748 in
2161 2692 2469 2749 hominibus
2516 2709 2701 2746 nomen
2746 2691 2864 2758 Dei,
2908 2692 3100 2749 timore
3147 2699 3296 2746 casto
3334 2705 3457 2760 per-

1873 2800 2125 2844 manente
2173 2789 2229 2842 in
2275 2786 2473 2863 stecula
2515 2786 2855 2841 saeculorum.
2907 2785 2967 2840 Si
3007 2786 3181 2856 pietas
3228 2794 3313 2840 est
3352 2800 3456 2856 qua

1875 2879 2011 2932 beati
2053 2885 2180 2932 sunt
2225 2877 2395 2942 mites,
2429 2877 2674 2947 quoniam
2700 2875 2810 2952 ipsi
2856 2875 3185 2945 possidebunt
3241 2886 3451 2939 terram,

1875 2978 2119 3041 petamus
2158 2978 2218 3024 ut
2258 2969 2426 3023 veniat
2482 2985 2694 3038 regnum
2721 2966 2858 3036 ejus,
2907 2967 3021 3023 sive
3064 2967 3117 3021 in
3150 2983 3248 3024 nos
3291 2969 3457 3038 ipsos,

1875 3068 1934 3114 ut
1963 3061 2329 3126 mitescamus,
2376 3075 2476 3117 nec
2519 3060 2568 3116 ei
2599 3062 2933 3126 resistamus,
2986 3063 3099 3118 sive
3130 3063 3196 3120 de
3237 3063 3374 3130 casio
3400 3063 3451 3117 in

1876 3159 2048 3204 terras
2074 3149 2129 3203 in
2155 3149 2403 3207 claritate
2441 3151 2702 3207 adventus
2750 3153 2980 3219 Domini,
3030 3167 3137 3222 quo
3183 3168 3280 3209 nos
3318 3145 3452 3224 gau-

1872 3237 2118 3294 debt'mus
2158 3246 2213 3298 et
2242 3238 2563 3305 lmtabimur,
2586 3240 2799 3295 dicente
2829 3239 2954 3295 illo:
3008 3238 3202 3307 Venite,
3245 3241 3448 3296 benedi-

1868 3330 1938 3382 cti
1973 3327 2148 3383 Patris
2185 3330 2308 3395 mei,
2352 3337 2407 3385 et
2435 3330 2640 3400 reliqua
2669 3330 2880 3402 (Matth.
2912 3329 3061 3400 xxv).
3107 3329 3175 3385 In
3224 3330 3449 3385 Domino

1869 3420 2035 3484 enim,
2083 3419 2258 3489 inquit
2295 3419 2582 3497 Propheta,
2633 3420 2937 3490 laudabitur
2974 3421 3152 3475 anima
3190 3438 3325 3487 mea;
3353 3439 3451 3474 au-

1871 3510 2018 3564 diant
2073 3510 2329 3564 mansueti
2387 3511 2840 3581 et‘jucundentur
2899 3506 3070 3583 (Psal.
3119 3510 3334 3582 nam).
3396 3511 3452 3566 Si

1871 3598 2091 3654 scientia
2137 3608 2219 3654 est
2261 3615 2364 3668 qua
2407 3600 2540 3654 beati
2581 3609 2705 3655 sunt
2748 3601 2834 3671 qui
2859 3599 3055 3671 lugent,
3082 3600 3327 3671 quoniam
3352 3602 3452 3671 ipsi

1873 3687 2308 3755 consolabuntur,‘
2337 3705 2555 3745 oremus
2596 3699 2657 3744 ut
2693 3690 2788 3758 ﬁat
2828 3689 3064 3745 voluntas
3090 3692 3204 3761 ejus
3226 3692 3357 3745 sicut
3396 3692 3450 3746 in

1875 3774 2000 3829 caelo
2040 3784 2087 3829 et
2129 3776 2183 3829 in
2216 3784 2374 3840 terra,
2413 3777 2541 3845 quia
2588 3792 2710 3831 eum
2749 3792 2963 3847 corpus,
3012 3785 3267 3847 tanquam
3309 3788 3456 3834 terra

1874 3866 2107 3938 spiritui,
2164 3876 2417 3938 tanquam
2463 3867 2620 3933 coelo,
2667 3883 2875 3922 summa
2901 3877 2955 3923 et
3001 3875 3110 3925 tota
3161 3884 3293 3939 pace
3329 3886 3454 3925 con-

1877 3955 2126 4021 senserit,
2158 3971 2264 4012 non
2314 3957 2636 4027 lugebimus.

1950 4046 2082 4101 Nam
2101 4034 2293 4104 nullus
2321 4048 2456 4106 alius
2479 4049 2642 4123 hujus
2685 4040 2964 4123 temporis.
2988 4049 3162 4106 luctus
3189 4060 3272 4107 est
3299 4093 3312 4118 ,
3347 4053 3447 4108 nisi

1882 4151 2004 4190 cum
2045 4138 2301 4191 adversus
2342 4152 2400 4192 se
2447 4135 2548 4190 ista
2581 4135 2893 4208 conﬂigunt,
2915 4145 2971 4193 et
3007 4146 3208 4211 cogunt
3251 4155 3349 4198 nos
3377 4141 3475 4196 (ιι-η

1881 4241 2006 4308 cere
2041 4246 2053 4280 :
2101 4226 2256 4281 Video
2285 4226 2444 4282 aliam
2479 4227 2637 4298 legem
2666 4229 2722 4284 in
2746 4230 2987 4285 membris
3009 4233 3138 4285 meis
3163 4249 3454 4304 repugnan-

1880 4326 1978 4369 tem
2007 4315 2107 4389 legi
2133 4319 2317 4372 mentis
2355 4335 2521 4384 mese;
2551 4329 2608 4374 et
2637 4319 2838 4374 luctum
2883 4329 3126 4375 nostrum
3155 4321 3474 4393 lacrymosa-

1882 4421 2014 4462 voce
2045 4408 2270 4462 testari:
2310 4406 2472 4468 Miser
2501 4425 2592 4479 ego
2621 4410 2794 4474 homo,
2837 4411 2952 4480 quis
2991 4427 3070 4464 me
3109 4410 3344 4466 liberabit
3392 4414 3456 4467 de

1884 4515 2096 4568 corpore
2141 4499 2319 4552 mortis
2347 4498 2504 4567 hujus
2538 4498 2708 4577 (Rom.
2741 4497 2874 4570 vn)?
2916 4498 2974 4554 Si
3025 4498 3280 4556 fortitudo
3321 4511 3406 4558 est
3437 4543 3452 4567 ,

1886 4607 1987 4660 qua
2017 4591 2151 4645 beati
2180 4600 2303 4645 sunt
2324 4591 2416 4662 qui
2442 4591 2694 4654 esuriant,
2725 4600 2772 4643 et
2810 4591 2992 4644 sTtiunt
3010 4592 3297 4660 justitiant,
3320 4611 3454 4665 quo-

1885 4681 2033 4734 niam
2051 4681 2149 4749 ipsi
2183 4681 2581 4746 saturabuntur,
2611 4695 2826 4735 oremus
2849 4687 2908 4734 ut
2947 4683 3099 4751 panis
3130 4691 3306 4737 noster
3324 4686 3454 4755 quo-

1885 4771 2116 4825 tidianus
2141 4772 2293 4825 detur
2318 4772 2463 4824 nobis
2497 4770 2650 4825 hodie
2666 4810 2682 4835 ,
2707 4780 2813 4840 quo
2841 4768 2959 4825 fulti
2985 4780 3145 4840 atque
3169 4777 3453 4829 sustentati

1887 4858 1956 4912 ad
2003 4859 2368 4930 plenissimam
2399 4859 2545 4913 illam
2575 4859 2908 4913 saturitatem
2937 4859 3123 4914 venire
3163 4860 3449 4930 possimus.

1887 4947 1947 5003 Si
1974 4948 2252 5003 consilium
2276 4956 2359 5003 est
2379 4961 2486 5018 quo
2506 4947 2639 5001 beati
2660 4954 2785 5021 sunt
2802 4946 3180 5012 misericordes,
3206 4950 3454 5018 quoniam

1884 5037 2114 5106 ipsorum
2149 5035 2502 5102 miserebitur,
2533 5035 2867 5089 dimittamus
2905 5035 3083 5091 debita
3124 5037 3462 5095 debitoribus

1887 5128 2086 5183 nostris
2107 5168 2122 5193 ,
2171 5134 2226 5181 et
2258 5142 2475 5182 oremus
2503 5133 2562 5179 ut
2587 5125 2742 5181 nobis
2772 5133 2955 5181 nostra
3004 5127 3358 5184 dimittantur.
3394 5129 3460 5186 Si

1885 5216 2182 5273 intellectus
2208 5224 2308 5280 est,
2342 5231 2448 5285 quo
2475 5215 2609 5268 beati
2637 5223 2761 5270 sunt
2785 5214 2980 5269 mundo
3004 5216 3176 5278 corde,
3207 5219 3460 5287 quoniam-

1884 5308 1984 5376 ipsi
2022 5307 2299 5359 Dominum
2331 5304 2591 5371 videbunt,
2623 5320 2840 5360 oremus
2866 5319 2971 5358 non
2991 5302 3174 5358 induci
3203 5305 3254 5358 in
3285 5312 3453 5358 tenta-

1884 5397 2092 5450 tionem.
2142 5394 2220 5450 Ne
2247 5395 2541 5450 habeamus
2577 5396 2772 5466 duplex
2822 5411 2953 5460 cor,
3000 5389 3104 5450 non
3138 5379 3462 5465 appetentes

1885 5486 2106 5556 simplex
2138 5486 2335 5539 bonum
2370 5526 2383 5550 ,
2422 5501 2530 5555 quo
2560 5485 2855 5543 referamus
2883 5485 3063 5540 omnia
3090 5500 3209 5554 qua:
3254 5467 3446 5553 opera:

1885 5594 2033 5642 mur,
2082 5578 2174 5644 sed
2220 5577 2380 5633 simul
2430 5578 2739 5649 temporalia
2781 5585 2835 5630 et
2909 5584 3121 5631 terrena
3172 5569 3444 5631 sectando'.

1882 5669 2224 5724 Tentationes
2251 5669 2395 5738 enim
2421 5683 2487 5723 ex
2518 5670 2601 5724 bis
2628 5667 2788 5722 rebus
2825 5681 2943 5738 qua:
2971 5681 3162 5736 graves
3201 5675 3255 5720 et
3300 5651 3446 5748 cale"-
