3938 6314
243 302 347 356 8ἳό

1202 291 1552 352 ΟΟΜΜΕΝΤ.
1596 289 1664 347 ῙΝ
1701 289 2137 348 ΜΔΤἹἮᾸΞΗΜ.
2183 292 2417 347 —'LlB.
2458 293 2525 349 Π.

3395 299 3506 353 8‘26

243 433 366 473 cum
395 415 526 470 dicit
554 432 567 468 :
603 412 732 479 Quare
762 419 932 466 autem
957 412 1124 466 scribo
1148 412 1307 474 vobis,
1335 425 1448 463 ecce
1474 423 1651 462 coram
1681 404 1812 471 Deo,
1842 413 1892 474 Α
1917 405 2146 471 ratione,
2195 421 2317 475 qua:
2346 407 2448 461 etsi
2481 422 2587 460 non
2618 406 2781 473 bona,
2834 415 3010 462 tamen
3041 411 3345 466 necessaria
3395 425 3506 470 est.

241 506 366 576 quia
402 520 505 556 non
543 501 765 555 mentior
798 499 941 572 (Gal.
975 500 1034 570 ι).
1070 499 1134 552 Ει
1158 499 1354 551 iterum
1387 514 1399 548 :
1433 494 1574 548 Deus
1604 503 1652 546 et
1674 502 1826 563 pater

241 591 458 648 Domini
482 591 644 646 nostri
662 589 789 643 Iesu
817 588 1028 653 Christi,
1053 589 1142 657 qui
1170 596 1246 640 est
1272 583 1565 638 benedictus
1581 581 1633 636 in
1659 597 1826 634 sa:ch-

243 682 319 746 la,
349 681 445 734 scit
470 679 592 749 quia
613 695 714 732 non
735 679 954 732 mentior
976 675 1060 747 (II
1091 674 1211 728 Cor.
1245 671 1345 740 ιι).
1374 669 1504 725 Tale
1533 679 1712 723 autem
1742 675 1824 721 est

244 774 377 829 illud
407 791 421 826 :
451 771 614 826 Testis
639 774 772 826 enim
801 773 926 824 mihi
953 781 1026 824 est
1061 768 1220 831 Deus,
1253 765 1338 818 cui
1363 764 1528 818 servio
1555 763 1610 815 in
1636 761 1823 830 spiritu

244 881 362 919 meo
393 865 445 918 in
473 863 754 933 Evangelia
802 861 932 915 Filii
962 848 1094 931 ejus,
1126 856 1384 929 quomodo
1419 854 1529 907 sine
1557 851 1821 904 intermis-

243 957 396 1010 sione
448 949 754 1008 memoriam
793 954 944 1007 vestri
994 951 1132 1020 facio
1161 962 1362 1015 semper
1399 945 1454 998 in
1500 941 1821 996 orationibus

246 1048 378 1101 meis
407 1047 576 1118 (Rom.
616 1037 674 1118 ἔ).
729 1046 804 1099 ita
833 1060 960 1115 ergo
997 1042 1311 1110 intelligitur
1345 1038 1666 1107 prtecepisse
1719 1037 1823 1090 Do-

247 1137 454 1209 minum
481 1153 545 1190 ne
561 1135 793 1204 juretur,
825 1151 891 1188 ne
911 1134 1192 1202 quisquam
1219 1130 1360 1183 sicut
1384 1130 1580 1181 bonum
1607 1134 1823 1194 appetat

239 1228 636 1299 jusjurandum,
670 1237 723 1283 et
744 1226 1057 1282 assiduitate
1080 1221 1298 1291 jurandi
1325 1220 1376 1273 in
1403 1217 1700 1288 perjurinm
1723 1231 1822 1286 per

245 1321 692 1377 consuetudinem
735 1318 1034 1373 delabatur.
1066 1315 1404 1383 Quapropter
1453 1310 1543 1380 qui
1573 1309 1824 1378 intelligit

247 1427 358 1465 non
384 1412 436 1465 in
465 1410 640 1474 bonis,
689 1409 785 1463 sed
806 1409 861 1461 in
881 1406 1213 1460 necessariis
1237 1402 1565 1474 jurationem
1610 1399 1815 1452 haben»

246 1502 399 1566 dam,
424 1501 657 1556 refrenet
689 1515 747 1556 se
777 1506 1034 1568 quantum
1070 1504 1267 1565 potest,
1313 1502 1372 1546 ut
1397 1507 1501 1546 non
1525 1506 1588 1544 ea
1614 1497 1819 1554 utatur,

248 1590 356 1643 nisi
386 1605 506 1643 cum
532 1589 872 1650 necessitate,
901 1601 1022 1640 cum
1049 1584 1194 1638 videt
1225 1583 1408 1651 pigros
1426 1593 1545 1634 esse
1575 1577 1823 1633 homines

251 1683 320 1734 ai
340 1681 664 1736 credendum
679 1680 817 1749 quod
831 1680 909 1733 eis
933 1678 1058 1732 utile
1080 1689 1160 1730 est
1174 1677 1416 1749 credere,
1437 1671 1538 1725 nisi
1553 1669 1822 1738 iuratione

1928 506 1988 551 ut
2015 497 2170 552 alteri
2197 498 2528 566 persuadeas
2561 497 2705 571 quod
2737 496 2944 552 utiliter
2981 501 3293 568 persuades.
3329 499 3436 556 Sed
3463 519 3496 556 a

1924 585 2064 640 malo
2084 595 2179 650 est,
2205 587 2273 641 ab
2299 587 2444 643 illius
2467 587 2718 641 videlicet
2749 585 3082 652 infirmitate,
3113 604 3143 641 a
3175 603 3281 658 quo
3309 589 3496 658 jurare

1925 676 2154 745 c0geris.
2212 675 2319 730 Sed
2370 692 2551 742 nemo,
2597 677 2701 731 nisi
2761 678 2852 747 qui
2898 688 3154 746 expertus
3195 688 3297 745 est,
3352 681 3505 735 novit

1922 779 2092 833 quam
2131 765 2202 819 sit
2232 763 2446 820 difﬁcile
2482 775 2538 820 et
2565 767 3006 821 consuetudinem
3044 767 3261 837 jurandi
3301 772 3501 825 exstin-

1924 869 2106 924 gnere,
2133 862 2188 909 et
2209 862 2481 924 nunquam
2511 865 2712 912 temere
2737 856 2936 924 facere,
2965 859 3108 927 quod
3122 874 3500 929 nonnunquam

1923 934 2218 1000 necessitas
2270 947 2431 1018 cogit.

1993 1036 2227 1091 Audistis
2291 1038 2416 1107 quia
2468 1038 2668 1091 dictum
2707 1049 2804 1104 est,
2854 1039 3061 1093 oculum
3109 1058 3202 1111 pro
3241 1044 3410 1104 oculo,
3452 1051 3502 1096 et

1921 1128 2123 1181 dentem
2159 1146 2254 1198 pro
2279 1129 2452 1182 dente.
2491 1129 2604 1198 Ego
2627 1139 2799 1184 autem
2823 1131 2938 1183 dico
2961 1131 3099 1185 vobis
3146 1149 3249 1185 non
3271 1133 3511 1186 resistere-

1921 1216 2079 1270 malo.
2103 1216 2372 1288 (Ilieron.)
2396 1219 2498 1285 Qui
2525 1220 2656 1274 dicit
2684 1220 2891 1273 oculum
2919 1238 3014 1290 pro
3039 1221 3211 1286 oculo,
3236 1237 3341 1276 non
3364 1222 3498 1276 alte—

1921 1324 2041 1362 rum
2064 1308 2175 1362 vult
2197 1308 2430 1373 auferre,
2459 1311 2551 1365 sed
2578 1321 2864 1380 utrumque
2880 1327 3118 1366 servare.
3144 1312 3398 1366 Dominus
3415 1330 3508 1368 no.

1921 1409 2033 1454 ster
2051 1401 2473 1457 vicissitudinem
2493 1403 2703 1462 tollens.
2734 1412 2948 1458 truncat
2963 1405 3112 1458 initia
3138 1416 3512 1474 peccatorum,

1921 1490 2047 1558 quia
2087 1491 2140 1544 in
2169 1491 2282 1561 lege
2315 1492 2599 1551 retributio
2625 1503 2731 1558 est,
2772 1496 2824 1548 in
2851 1495 3139 1566 Evangelio
3161 1512 3288 1551 vero
3311 1498 3509 1567 gratia-

1924 1581 2106 1653 (Aug.)
2128 1582 2200 1636 lbi
2232 1585 2386 1654 culpa
2411 1586 2749 1651 emendatur,
2772 1587 2857 1640 hic
2891 1595 3230 1656 peccatorum
3255 1586 3506 1642 auferun-

1928 1681 2018 1726 tur
2064 1675 2306 1729 exordia.
2341 1675 2641 1730 Notandum
2679 1686 2857 1731 autem
2886 1681 3026 1747 quod
3050 1689 3280 1748 quatuor
3309 1680 3515 1750 gradus

255 1773 522 1824 firmetur.
571 1743 752 1839 itaque
773 1769 1029 1824 Dominus
1063 1768 1222 1821 docet
1249 1743 1382 1818 nihii
1414 1776 1534 1817 esse
1579 1769 1686 1814 tam
1716 1759 1824 1813 vile
1858 1780 1902 1837 Β
1930 1761 2202 1828 vindicas,
2254 1779 2349 1818 seu
2379 1765 2774 1829 retributionis,
2814 1743 3134 1835 quibusdam
3162 1782 3281 1823 esse
3310 1743 3510 1822 vviden—

251 1863 311 1916 in
347 1862 610 1916 creaturis
636 1861 755 1925 Dei,
778 1869 837 1913 ut
864 1875 960 1929 per
986 1860 1088 1913 hoc
1117 1857 1344 1928 quisque
1371 1854 1715 1925 pejerandum
1742 1866 1829 1903 ar-

254 1952 512 2016 bitretur,
552 1951 766 2020 quando
787 1965 815 2001 a
849 1949 1075 2003 summis
1123 1961 1294 2015 usque
1329 1945 1396 1999 ad
1431 1942 1614 1998 infima
1644 1941 1829 2004 divina

255 2040 596 2108 providentia
648 2045 827 2094 creata
888 2045 1224 2108 regerentur.
1256 2034 1523 2103 Incipiens
1570 2048 1600 2086 a
1632 2033 1830 2086 throno

258 2129 358 2184 Dei
409 2144 577 2198 usque
603 2129 670 2183 ad
709 2128 959 2197 capillum
986 2127 1165 2181 album
1205 2132 1296 2180 aut
1320 2124 1552 2196 nigrum,
1586 2122 1706 2177 ideo
1737 2119 1829 2188 ju-

258 2229 560 2275 ramentum
586 2228 753 2285 vetat,
779 2229 917 2274 ne‘te
947 2219 1226 2274 arbitreris
1255 2232 1360 2271 non
1386 2217 1583 2271 debere
1603 2213 1832 2267 Domino

246 2309 625 2379 jusjurandum
647 2319 813 2377 tuum,
840 2326 962 2365 cum
990 2326 1088 2380 per
1124 2326 1246 2365 eum
1263 2309 1449 2379 jurare
1471 2305 1828 2368 convinceris,

257 2401 410 2470 cujus
436 2403 628 2458 caelum
662 2404 888 2456 thronus
915 2413 1019 2466 est,
1074 2411 1129 2455 et
1159 2401 1312 2468 cujus
1341 2410 1484 2455 terra
1538 2398 1832 2454 scabellum

259 2501 363 2555 est,
417 2491 571 2560 cujus
615 2501 668 2546 et
699 2494 873 2547 omnis
929 2500 1176 2546 creatura
1222 2491 1430 2544 factura
1478 2498 1581 2545 est.
1633 2489 1832 2544 Verum

261 2597 367 2635 non
397 2571 608 2651 oportet
648 2584 855 2651 opinari
910 2583 961 2636 in
1000 2599 1063 2636 eo
1086 2583 1224 2652 quod
1262 2583 1462 2637 dictum
1484 2589 1587 2645 est,
1639 2580 1778 2635 cmlu
1801 2597 1832 2632 u

265 2673 492 2726 thronus
519 2672 611 2726 Dei
652 2681 705 2725 et
747 2681 890 2726 terra
927 2672 1218 2726 scabellum
1268 2660 1461 2742 pedum
1507 2669 1642 2739 ejus,
1693 2670 1836 2738 quod

260 2761 342 2815 sic
363 2761 558 2816 habeat
581 2761 720 2815 Deus
741 2761 997 2815 collocata
1022 2762 1258 2815 membra
1288 2760 1341 2814 in
1365 2761 1500 2816 caelo
1527 2761 1650 2814 etin
1674 2767 1834 2825 terra,

260 2857 323 2901 ut
349 2863 466 2913 nos,
515 2864 656 2903 cum.
685 2850 952 2915 sedemus,
1001 2850 1093 2904 sed
1125 2849 1211 2903 illa
1239 2852 1394 2905 sedes
1441 2851 1534 2905 Dei
1573 2847 1836 2918 judicium

260 2940 548 3010 significat.
609 2939 674 2993 Et
699 2941 951 3009 quoniam
990 2940 1041 2993 in
1079 2941 1181 2995 hoc
1218 2941 1470 2994 universo
1501 2939 1678 2994 mundi
1721 2953 1840 2992 eor-

260 3043 417 3098 pore,
473 3029 758 3082 maximam
815 3029 1048 3098 specicm
1087 3029 1282 3083 coelum
1331 3029 1546 3094 habeat,
1597 3037 1654 3082 et
1689 3036 1839 3094 terra

1930 1859 2036 1906 tur.
2075 1853 2313 1920 Quorum
2352 1855 2560 1924 primus
2588 1865 2689 1918 est,
2742 1866 2799 1910 ut
2828 1873 2948 1911 cum
2978 1858 3174 1927 aliquis
3202 1859 3359 1914 lassus
3386 1857 3506 1913 fue-

1931 1947 2024 2011 rit,
2064 1948 2283 2017 gravius
2307 1949 2498 2002 ulcisci
2525 1949 2831 2015 desideret;
2879 1966 2982 2004 non
3009 1951 3152 2004 enim
3177 1950 3332 2005 facile
3364 1952 3514 2005 inve-

1932 2037 2077 2091 nitur
2102 2039 2214 2106 qui,
2259 2055 2437 2109 pugno
2458 2049 2698 2110 accepto,
2751 2056 2987 2111 pugnum
3017 2040 3240 2096 reddere
3262 2041 3411 2104 velit,
3459 2048 3518 2095 et

1933 2144 2041 2183 uno
2076 2144 2106 2182 a
2136 2131 2471 2186 conviciante
2500 2133 2669 2187 verbo
2692 2133 2894 2198 audito,
2947 2136 3276 2189 tantumdem
3303 2133 3518 2190 referre

1935 2228 2217 2275 contentus
2257 2220 2347 2285 sit,
2383 2221 2476 2276 sed
2505 2222 2618 2277 sive
2635 2224 2713 2276 ira
2739 2225 3082 2292 perturbatus
3106 2225 3515 2282 immoderatius

1937 2310 2198 2376 vindicat,
2249 2311 2362 2366 sive
2407 2313 2533 2382 quia
2577 2312 2784 2382 justum
2827 2323 2980 2385 putat
3029 2333 3151 2372 eum
3189 2317 3278 2388 qui
3317 2317 3515 2372 laeserit

1935 2402 2103 2468 prior,
2154 2403 2369 2471 gravius
2397 2403 2512 2459 lzedi
2542 2421 2704 2476 quam
2737 2405 2894 2487 lmsus
2916 2415 2999 2461 est
3023 2397 3114 2475 qui
3147 2423 3248 2460 non
3276 2406 3505 2460 laaserat.

1937 2488 2121 2543 Talem
2163 2491 2359 2560 quippe
2395 2492 2634 2547 animum
2677 2509 2871 2563 magna
2897 2507 2962 2547 ex
2986 2505 3141 2562 parte
3200 2493 3515 2558 refrenavit,

1937 2588 1993 2634 et
2016 2581 2300 2648 quemdam
2329 2582 2552 2651 gradum
2581 2584 2762 2654 posuit
2781 2584 2886 2650 lex,
2913 2584 2968 2638 in
2984 2570 3089 2653 qua
3118 2585 3374 2652 scriptum
3401 2590 3516 2638 est:

1941 2667 2164 2724 Oculum
2183 2687 2276 2743 pro
2305 2671 2479 2736 oculo,
2498 2682 2545 2726 et
2577 2673 2782 2727 dentem
2807 2690 2902 2744 pro
2923 2674 3094 2727 dente.
3126 2673 3331 2739 Quibus
3349 2673 3518 2728 nomi-

1941 2759 2097 2813 nibus
2137 2760 2472 2830 significatur
2513 2763 2727 2828 modus,
2789 2771 2849 2817 ut
2875 2762 3125 2832 iniuriam
3152 2763 3383 2818 vindicta
3410 2778 3520 2816 non

1944 2855 2199 2906 transeat.
2233 2851 2297 2905 Et
2325 2852 2441 2907 haec
2464 2860 2547 2907 est
2571 2852 2720 2922 pacis
2746 2852 3035 2910 inchoatio.
3063 2852 3304 2908 Perfecta
3340 2861 3523 2908 autem

1945 2955 2052 3009 pax
2076 2949 2180 3008 est,
2237 2941 2396 2996 talem
2439 2943 2653 3012 penitus
2678 2942 2820 2998 nolle
2866 2943 3186 2998 vindictam.
3225 2943 3308 2997 Ad
3356 2957 3517 3011 quam

1949 3029 2360 3098 perveniendam
2387 3029 2492 3085 duo
2516 3031 2715 3100 gradus
2754 3031 2930 3090 adhuc
2955 3039 3180 3096 restant,
3238 3031 3289 3084 id
3318 3040 3421 3097 est,
3462 3039 3521 3084 ut

263 3122 562 3184 minimam,
625 3129 878 3191 tanquam
930 3121 1244 3191 praesentior
1293 3121 1362 3175 sit
1395 3120 1675 3175 excellenti
1720 3119 1837 3188 pul-
1865 3120 1910 3183 C
1943 3134 2048 3172 non
2086 3120 2271 3173 reddat
2299 3127 2528 3184 tantum,
2558 3121 2651 3176 sed
2682 3121 2878 3185 minus,
2925 3121 3074 3176 verbi
3107 3121 3299 3192 gratia,
3342 3131 3399 3176 ut
3423 3137 3520 3192 pro

261 3213 554 3269 chritudini
578 3214 660 3268 vis
673 3213 873 3279 divina,
899 3213 1172 3267 minimam
1198 3228 1327 3268 vero
1348 3214 1561 3268 ordinet
1580 3213 1631 3266 in
1657 3219 1840 3268 extre-

263 3306 372 3361 mis
391 3315 554 3375 atque
581 3304 634 3357 in
661 3302 876 3368 infimis,
911 3304 1098 3359 sedere
1121 3303 1173 3358 in
1200 3303 1335 3358 crelo
1366 3303 1582 3368 dicitur,
1613 3312 1840 3356 terram~

265 3409 376 3464 que
405 3393 638 3449 calcare.
690 3393 1018 3463 Spiritaliter
1045 3399 1223 3448 autem
1251 3401 1466 3447 sanctas
1485 3391 1693 3446 animas
1714 3391 1837 3446 εωΙί

265 3487 488 3542 nomine
511 3485 797 3556 significat,
848 3491 901 3538 ct
928 3493 1087 3538 terrae
1109 3483 1456 3554 peccatrices.
1494 3483 1561 3536 Et
1588 3482 1839 3552 quoniam

267 3577 532 3648 spiritalis
568 3575 748 3630 omnia
782 3574 1012 3645 judicat,
1065 3575 1178 3644 ipse
1205 3579 1384 3626 autem
1411 3588 1440 3625 a
1467 3572 1680 3626 neruine
1700 3571 1842 3641 judi-

263 3677 442 3732 catur,
510 3666 891 3721 convenienter
935 3663 1132 3719 dicitur
1197 3663 1351 3718 sedes
1404 3663 1533 3728 Dei;
1593 3670 1844 3731 peccator

265 3773 398 3813 vero
445 3757 531 3812 cui
586 3755 785 3810 dictum
824 3761 946 3810 est:
977 3753 1138 3808 Terra
1185 3769 1280 3818 es,
1313 3761 1358 3805 et
1410 3753 1464 3806 in
1491 3762 1680 3806 terram
1724 3752 1843 3818 ibis,

265 3848 395 3918 quia
425 3860 522 3916 per
541 3844 806 3914 justitiam
859 3843 1066 3898 meritis
1096 3843 1254 3913 digna
1290 3841 1632 3906 tribuentem,
1681 3842 1732 3895 in
1764 3840 1846 3896 in—

266 3937 414 3992 limis
446 3936 748 3999 ordinatur,
813 3941 868 3988 et
891 3933 983 4004 qui
1015 3933 1068 3986 in
1101 3932 1214 4002 lege
1241 3945 1460 3986 manere
1501 3931 1690 3997 noluit,
1744 3933 1843 3988 sub

266 4029 386 4099 lege
415 4028 652 4098 ponitur,
694 4032 1052 4096 congruenter
1088 4023 1350 4094 accipitur
1397 4023 1691 4078 scabellum
1745 4037 1842 4092 pe-

269 4119 400 4174 dum
457 4117 570 4172 Dei.
641 4115 720 4172 Sit
766 4124 940 4168 autem
970 4131 1137 4169 sermo
1183 4123 1369 4178 vester,
1421 4123 1520 4177 est,
1576 4122 1672 4177 est,
1717 4128 1842 4178 non,

269 4226 397 4274 non,
438 4208 574 4278 quod
617 4216 788 4261 autem
837 4207 917 4260 his
965 4203 1316 4258 abundantius
1359 4213 1453 4270 est,
1495 4221 1528 4257 a
1557 4203 1696 4256 malo
1747 4213 1842 4257 est.

273 4299 478 4370 (hians.
512 4297 530 4369 )
560 4299 658 4365 Qui
684 4298 867 4368 jurare
898 4313 1004 4351 non
1034 4295 1332 4366 prohibuit,
1387 4294 1653 4364 quomodo
1699 4293 1847 4363 loqui

269 4398 489 4460 oportet
524 4389 726 4444 docuit.
779 4386 880 4450 Sit,
933 4386 1127 4455 inquit,
1166 4401 1333 4439 sermo
1364 4393 1546 4450 vester,
1597 4393 1694 4448 est,
1747 4392 1842 4447 est,

1943 3210 2157 3264 duobus
2198 3227 2361 3264 unum
2392 3210 2602 3276 reddat,
2651 3220 2747 3266 aut
2790 3227 2885 3282 pro
2915 3213 3099 3267 avulso
3134 3212 3290 3268 oculo
3333 3229 3519 3267 aurem

1939 3300 2213 3368 przecidat.
2245 3298 2382 3354 Hinc
2407 3302 2703 3356 ascendens
2732 3303 2822 3371 qui
2862 3303 3081 3357 omnino
3118 3304 3250 3357 nihil
3276 3303 3399 3357 mali
3432 3317 3520 3357 re-

1938 3381 2217 3459 penderit,'
2251 3389 2359 3443 imo
2382 3389 2581 3443 bonum
2628 3405 2729 3459 pro
2757 3392 2899 3446 malo
2925 3393 3234 3457 reddiderit,
3295 3395 3518 3463 propin-

1939 3485 2068 3546 quat
2121 3479 2372 3547 prmsenti
2420 3489 2687 3549 pracepto
2718 3481 2947 3544 Domini,
2991 3496 3089 3536 nec
3127 3490 3306 3537 tamen
3343 3484 3518 3537 adhuc

1941 3565 2017 3621 ibi
2050 3578 2151 3622 est.
2195 3567 2426 3622 Parvum
2455 3569 2598 3623 enim
2632 3571 2808 3625 adhuc
2831 3571 3040 3624 videtur
3075 3572 3319 3637 Domino,
3346 3573 3388 3626 si
3425 3587 3523 3641 pro

1944 3656 2086 3710 malo
2118 3658 2261 3726 quod
2302 3659 2602 3727 acceperis,
2650 3659 2783 3727 nihil
2812 3661 3003 3715 reddas
3033 3661 3178 3726 mali,
3222 3663 3322 3716 nisi
3352 3664 3517 3716 etiam

1943 3747 2172 3816 amplius
2211 3749 2286 3803 sis
2310 3757 2529 3820 paratus
2567 3751 2833 3819 accipere.
2883 3751 3220 3821 Quapropter
3264 3769 3368 3808 non
3399 3754 3474 3806 ait
3505 3772 3516 3808 :

1945 3837 2059 3909 Ego
2087 3850 2258 3893 autem
2281 3839 2397 3894 dico
2420 3840 2576 3906 vobis,
2610 3856 2718 3896 non
2747 3841 2972 3896 reddere
3002 3843 3198 3896 malum
3231 3859 3327 3912 pro
3356 3844 3515 3907 malo,
3548 3889 3550 3891 ,

1944 3941 2248 3997 quanquam
2303 3930 2405 3984 hoc
2437 3929 2598 3983 etiam
2655 3945 2906 4000 magnum
2941 3940 3265 4000 praeceptum
3293 3934 3386 3999 sit,
3429 3934 3524 3989 sed

1944 4018 2022 4071 ait
2064 4035 2076 4070 :
2108 4034 2210 4072 non
2249 4020 2486 4073 resistere
2531 4020 2778 4075 adversus
2805 4022 3041 4087 malum;
3093 4031 3153 4076 ut
3193 4039 3299 4077 non
3348 4024 3518 4078 solum

1945 4122 2050 4160 non
2085 4108 2347 4178 rependas
2375 4111 2517 4178 quod
2549 4112 2642 4165 tibi
2670 4109 2830 4166 fuerit
2857 4113 3169 4184 irrogatam,
3215 4115 3307 4169 sed
3359 4117 3523 4170 etiam

1945 4192 2049 4250 non
2080 4198 2319 4263 resistas,
2371 4215 2477 4268 quo
2503 4201 2679 4256 minus
2701 4202 2846 4257 aliud
2889 4203 3174 4273 irrogctur.
3231 4204 3344 4258 Hoc
3380 4206 3524 4260 enim

1945 4295 2029 4342 est
2053 4290 2192 4356 qqu
2221 4290 2384 4343 etiam
2412 4301 2802 4360 consequenter
2827 4295 3062 4364 exponit.

2019 4381 2121 4436 Sed
2159 4384 2204 4436 si
2229 4385 2344 4452 quis
2380 4393 2428 4436 te
2473 4386 2783 4454 percusserit
2839 4387 2892 4440 in
2922 4386 3186 4440 dexteram
3228 4388 3522 4453 maxillam,

271 4456 398 4542 non,
425 4496 570 4543 non;
606 4479 758 4548 quasi
793 4479 1030 4532 diceret:
1064 4476 1208 4544 quod
1235 4486 1340 4541 est,
1380 4473 1613 4530 sufiiciat
1645 4475 1844 4540 dicere,
1879 4456 1928 4515 Ῑ)
1953 4475 2120 4545 ρηεὸε
2157 4475 2233 4527 illi
2253 4485 2300 4529 et
2327 4475 2566 4528 alteram.
2613 4476 2792 4547 (Λεία.)
2839 4476 2951 4531 Non
2981 4480 3123 4531 enim
3171 4479 3266 4542 ait,
3299 4478 3355 4533 Si
3405 4483 3527 4548 quis

269 4577 395 4634 cst;
428 4569 570 4638 quod
619 4583 722 4622 non
769 4576 868 4632 est,
915 4564 1140 4620 sufficiat
1183 4564 1383 4628 dicere,
1428 4580 1540 4618 non
1581 4573 1700 4632 est;
1739 4565 1851 4618 sive

271 4664 399 4718 ideo
428 4663 508 4716 his
535 4662 751 4725 dicitur,
778 4671 875 4725 est,
901 4670 995 4725 est,
1031 4676 1156 4725 non,
1183 4676 1305 4724 non,
1338 4668 1395 4714 ut
1423 4660 1564 4728 quod
1593 4675 1690 4715 ore
1711 4657 1852 4713 aflir-

274 4770 414 4819 mes,
463 4754 714 4824 operibus
737 4754 948 4822 probes,
1013 4762 1068 4807 et
1095 4753 1238 4822 quod
1259 4752 1439 4807 verbis
1461 4769 1641 4824 neges,
1693 4753 1851 4810 factis

275 4861 385 4900 non
412 4846 718 4899 confirmes.
753 4843 864 4899 lloc
892 4845 1033 4899 enim
1059 4845 1255 4897 bonum
1283 4852 1339 4897 et
1365 4841 1722 4912 appetendum
1744 4853 1848 4909 est,

274 4943 340 4988 ut
385 4936 747 4989 testimonium
797 4936 1061 4990 bonorum
1101 4950 1326 5004 operum
1355 4935 1656 4990 orationem
1699 4950 1847 4989 com-

276 5026 498 5079 mendet
544 5026 791 5080 dicentis.
867 5025 1000 5080 Cum
1053 5041 1182 5095 ergo
1230 5024 1494 5080 subinfert
1526 5045 1538 5078 :
1573 5024 1724 5090 Quod
1771 5025 1852 5079 his

259 5114 635 5168 'abundnntius
665 5126 760 5180 est,
794 5134 825 5170 a
848 5116 984 5169 malo
1008 5124 1102 5180 est,
1149 5117 1222 5169 ita
1268 5115 1489 5185 intelligi
1515 5123 1748 5185 oportet,
1796 5124 1856 5168 ut

280 5203 448 5265 scias,
499 5205 541 5256 si
561 5203 748 5270 jurare
777 5206 1008 5276 cogaris,
1066 5205 1196 5258 illud
1223 5206 1287 5259 de
1321 5205 1640 5258 necessitate
1670 5204 1853 5258 venire

279 5292 612 5346 infirmitatis
660 5308 846 5348 eorum
897 5295 1092 5362 quibus
1132 5295 1330 5365 aliquid
1381 5295 1696 5364 persuades,
1736 5311 1854 5364 qua:

281 5385 468 5453 utique
493 5384 767 5440 infirmitas
814 5387 1010 5440 malum
1037 5395 1136 5440 est.
1206 5387 1354 5442 Unde
1377 5403 1474 5442 nos
1507 5388 1746 5458 quotidie
1796 5388 1854 5442 li-

283 5474 466 5529 berart
519 5474 891 5542 deprecamur,
965 5490 1086 5528 cum
1140 5476 1413 5530 dicimus:
1446 5476 1632 5530 Libera
1682 5494 1772 5532 nos
1827 5502 1858 5536 a

281 5564 444 5619 malo.
480 5565 660 5633 Itaque
703 5580 808 5618 non
832 5564 966 5618 dixit
1002 5584 1014 5618 :
1045 5563 1198 5630 Quod
1236 5565 1464 5634 amplius
1500 5573 1604 5628 est,
1656 5567 1854 5620 malum

279 5664 384 5710 est.
423 5655 499 5710 'l‘u
521 5664 696 5710 autem
731 5671 835 5710 non
865 5657 1063 5710 malum
1101 5653 1256 5725 facis,
1308 5657 1397 5729 qui
1422 5657 1555 5713 bene
1583 5657 1747 5712 uteris
1772 5659 1856 5727 ju-

1957 4575 2010 4619 tc
2036 4566 2380 4633 percusserit,
2413 4564 2520 4618 noli
2543 4572 2596 4618 tu
2619 4576 2920 4634 percutere,
2947 4567 3038 4620 sed
3070 4581 3083 4619 :
3109 4565 3244 4620 Para
3279 4578 3329 4622 te
3349 4571 3525 4622 adhuc

1954 4656 2180 4726 percuti.
2239 4655 2390 4722 Quod
2427 4655 2492 4709 ad
2518 4655 2944 4710 misericordiam
2989 4657 3264 4725 pertinere
3312 4660 3363 4712 hi
3413 4675 3527 4712 ma-

1956 4746 2100 4800 xime
2131 4747 2392 4810 sentiunt,
2429 4746 2520 4815 qui
2549 4745 2629 4801 eis
2658 4762 2793 4814 quos
2833 4747 3054 4800 multum
3099 4748 3344 4816 diligunt,
3407 4758 3524 4802 tan-

1955 4852 2116 4906 quam
2139 4836 2283 4902 filiis,
2329 4836 2410 4892 vel
2437 4837 2762 4906 quibuslibet
2797 4838 3156 4893 dilectissimis
3190 4842 3303 4895 suis
3356 4857 3525 4909 a3ng-

1957 4929 2214 4994 tantibus,
2255 4929 2510 4994 serviunt,
2553 4929 2635 4983 vel
2673 4930 2927 4997 parvulis,
2979 4931 3062 4984 vel
3090 4932 3440 5001 phreneticis,
3491 4948 3520 4986 a

1955 5020 2148 5088 quibus
2194 5019 2359 5073 multa
2387 5033 2526 5087 smpe
2565 5018 2858 5088 patiuntur,
2902 5021 3026 5074 etsi
3063 5036 3249 5074 corum
3292 5022 3436 5075 salus
3471 5023 3522 5076 id

1953 5109 2156 5179 exigat,
2203 5109 2441 5178 przehent
2469 5123 2527 5162 se
2554 5109 2718 5162 etiam
2747 5118 2807 5163 ut
2839 5109 2991 5179 plura
3024 5113 3316 5180 patiantur,
3355 5113 3525 5167 donec

1957 5199 2038 5252 vel
2064 5189 2256 5264 mus,
2286 5196 2369 5250 vel
2403 5197 2574 5251 morbi
2599 5197 2886 5253 infirmitas
2911 5208 3164 5253 transeat.
3218 5202 3362 5266 Quos
3398 5216 3525 5268 ergo

1959 5288 2216 5344 Dominus
2251 5286 2491 5341 medicus
2518 5288 2822 5342 animarum
2852 5289 3104 5343 curandis
3139 5290 3399 5356 proximis
3441 5289 3524 5353 in—

1960 5379 2223 5442 struebat,
2276 5379 2403 5448 quid
2430 5394 2524 5433 eos
2544 5379 2688 5434 aliud
2717 5381 2911 5435 docere
2953 5381 3153 5444 debuit,
3203 5381 3304 5433 nisi
3350 5390 3407 5432 ut
3441 5396 3528 5435 co—

1960 5485 2098 5536 rum,
2127 5485 2353 5538 quorum
2379 5469 2536 5524 saluti
2575 5471 2852 5525 consulere
2878 5471 3092 5534 vellent,
3132 5471 3525 5527 imbecillitates

1959 5577 2111 5632 a‘quo
2145 5561 2326 5615 animo
2357 5561 2688 5616 tolerarent?
2729 5563 2915 5618 Omnis
2957 5579 3184 5632 namque
3214 5564 3526 5634 improbitas

1959 5667 2020 5706 ex
2059 5651 2425 5707 imbecillitate
2455 5652 2618 5705 animi
2653 5653 2811 5708 venit.
2867 5653 2998 5720 Quia
3029 5654 3159 5708 nihil
3187 5654 3524 5709 innocentius
