3938 6300
405 257 514 317 m
564 254 566 257 ,

1047 254 1107 307 u.
1150 252 1402 306 uanam
1443 249 1660 306 MAUltl
1693 229 2010 304 meumr.
2054 244 2362 306 uocum.
2405 246 2687 302 opunuu
2729 248 2908 303 rans
2945 250 2986 304 ι.

3600 259 3719 314 8⁷28

407 361 574 428 esteo
603 370 696 441 qui
726 370 781 424 in
811 368 1008 422 virtute
1031 365 1300 436 perfectus
1335 353 1436 417 est.
1487 361 1600 414 Hac
1631 375 1759 427 ergo
1806 359 1984 412 Evan-
2017 363 2064 423 Α
2090 366 2328 428 peratur.
2382 357 2708 427 Spiritaliter
2751 365 2928 412 autem
2970 361 3147 414 omnis
3192 364 3384 418 doctor
3444 364 3720 420 Iuniam

408 462 825 538 gelii-sententia
857 458 1256 515 ecclesiasticus
1279 456 1359 509 vir
1396 452 1719 506 describitur
1752 449 1989 502 imitator

406 537 642 620 ejusqui
663 545 797 606 dicit
829 569 841 603 :
872 548 1065 602 Discite
1102 564 1133 598 a
1175 561 1275 608 rne,
1304 543 1426 612 quia
1452 540 1590 594 mitis
1639 554 1755 592 sum
1797 546 1845 591 et
1896 537 1994 589 Ιηιι

409 641 548 695 milia
598 636 758 695 corde
811 638 1024 711 (Matth.
1075 633 1172 706 XI).
1226 633 1291 685 Et
1334 629 1774 701 pollicitationem
1834 640 1987 681 suam

408 745 700 800 percussus
727 729 879 798 alapa
902 726 1235 796 comprobat,
1268 722 1453 776 dicens
1482 738 1495 774 :
1528 717 1588 774 Si
1615 718 1751 772 male
1783 717 1988 770 locutus

352 834 361 849 ‘
410 835 547 884 sum,
581 835 773 889 argue;
801 819 882 872 sin
924 825 1096 869 autem
1131 814 1277 878 bene,
1314 828 1408 865 cur
1447 827 1527 864 me
1579 808 1775 864 caedis?
1804 806 1986 877 (Joan.

412 906 593 979 xvm.)
628 906 757 961 Tale
789 905 916 975 quid
939 913 993 959 et
1023 903 1187 957 David
1217 901 1539 970 loquebatur
1565 899 1618 952 in
1648 897 1854 968 psalmo
1879 909 1894 949 :
1927 893 1988 949 Si

413 999 617 1053 reddidi
641 996 1040 1052 retribuentibus
1063 993 1190 1047 mihi
1230 991 1371 1046 mala
1433 988 1747 1061 (PsalAm).
1799 987 1867 1041 Et
1901 984 1991 1040 Je—

412 1088 610 1142 remias
649 1089 704 1142 in
753 1077 1220 1140 lamentationibus
1255 1096 1268 1134 :
1305 1080 1511 1134 Bonum
1552 1090 1624 1133 est
1659 1079 1893 1142 homini,
1944 1075 1989 1130 si

414 1177 698 1231 consederit
741 1177 804 1229 ab
843 1173 1188 1228 adolescentia
1233 1187 1352 1245 sua,
1404 1170 1546 1223 dabit
1586 1158 1892 1239 percutienti
1935 1184 1991 1221 se

413 1265 707 1330 maxillam,
743 1262 1065 1318 saturabitur
1115 1259 1403 1332 opprobriis
1451 1259 1666 1330 (Tltren.
1715 1258 1817 1328 Ill).
1878 1257 1992 1312 Hoc

413 1358 695 1412 adversum
747 1369 842 1409 eos
875 1353 967 1424 qui
993 1350 1433 1422 putantalterum
1465 1348 1674 1404 Domini
1707 1348 1858 1417 legis,
1906 1347 1987 1401 al-

412 1456 590 1502 terum
635 1443 929 1515 Evangelii,
1001 1442 1143 1512 quod
1186 1448 1241 1495 et
1275 1441 1343 1494 ibi
1390 1448 1444 1494 et
1491 1440 1580 1494 hic
1631 1439 1990 1494 mansuetudo

412 1538 686 1592 doceatur.
747 1535 1056 1591 Secundum
1095 1535 1353 1604 mysticos
1382 1533 1686 1588 intellectus
1732 1547 1988 1602 percussa

411 1627 628 1682 dextera
685 1634 890 1692 nostra,
940 1621 1057 1679 non
1101 1623 1353 1694 jubemur
1401 1623 1675 1678 sinistram
1723 1623 1989 1692 praebere,

2094 447 2270 502 aufert
2313 446 2557 518 alicujus,
2608 452 2729 501 cum
2762 447 2916 502 abeo
2942 449 3222 516 interiora,
3253 461 3308 507 et
3345 468 3481 524 qua
3517 447 3722 511 animo

2092 537 2280 604 latent,
2313 538 2620 594 conﬁtenda
2643 539 2884 608 deposcit
2910 548 3152 608 peccata,
3201 551 3260 596 ut
3291 553 3380 599 est
3399 545 3714 614 superbia,

2094 626 2310 693 invidie,
2346 629 2548 695 odium,
2595 629 3052 699 concupiscentia,
3091 639 3147 684 et
3170 631 3255 687 his
3282 634 3536 690 similia.
3567 635 3716 705 ipse

2091 725 2272 772 autem
2318 718 2478 773 simul
2523 719 2742 773 dimittit
2781 725 2835 773 et
2871 717 3112 788 pallium,
3160 721 3254 789 qui
3305 724 3610 779 exteriora
3653 735 3710 779 et

2091 824 2211 879 qua
2227 824 2327 879 per
2349 825 2546 880 corpus
2574 811 2760 880 gessit,
2793 825 2901 863 non
2926 811 3200 865 erubescit
3239 813 3396 866 simul
3428 815 3709 869 confiteri

2094 899 2360 968 facinora,
2409 903 2549 958 sicut
2585 912 2667 956 cst
2707 902 2981 957 ebrietatis
3011 902 3225 968 vitium,
3271 902 3704 972 fornicationis,

2092 989 2316 1061 rapinzc,
2339 991 2716 1056 contentionis,
2743 990 2895 1060 furti,
2927 1000 2982 1046 et
3015 992 3316 1059 homicidii,
3362 1004 3421 1049 et
3462 1000 3704 1050 omnem

2093 1080 2460 1149 impuritatem
2508 1091 2563 1137 et
2601 1081 2900 1138 fmditatem
2928 1085 3360 1140 conversationis
3387 1101 3509 1140 suae
3561 1103 3697 1155 pro-

2090 1167 2324 1224 fundens
2369 1172 2423 1225 in
2459 1180 2747 1242 conSpectu
2773 1164 3038 1237 Domini,
3080 1173 3208 1227 dicit
3257 1173 3331 1226 illi
3368 1188 3498 1229 cum
3554 1172 3698 1228 Pro-

2091 1260 2254 1328 pheta
2284 1278 2296 1313 :
2328 1260 2587 1315 Delicium
2626 1279 2797 1329 meum
2822 1265 3083 1334 cognitum
3122 1264 3214 1318 tibi
3233 1265 3353 1334 feci,
3395 1275 3445 1319 et
3469 1251 3716 1336 iniusti?"

2093 1351 2194 1404 tias
2221 1367 2359 1404 meas
2381 1367 2482 1404 non
2503 1354 2721 1421 operui;
2745 1355 2879 1420 dixi,
2905 1356 3251 1423 pronuntiabo
3297 1356 3584 1410 adversum
3613 1374 3696 1410 me

2092 1441 2402 1511 injustitias'
2428 1457 2567 1494 meas
2612 1441 2858 1508 Domino,
2907 1454 2954 1496 et
2979 1453 3034 1496 tu
3079 1444 3690 1516 remisistiimpietatem

2094 1531 2265 1584 cordis
2307 1531 2410 1584 mei
2436 1529 2606 1601 (Psal.
2649 1533 2827 1602 xm).

2163 1618 2233 1671 Et
2256 1619 2547 1689 quicunque
2570 1629 2616 1673 te
2637 1621 2987 1690 angariaverit
3012 1621 3153 1676 mille
3175 1634 3382 1691 passus,
3406 1624 3539 1677 uade
3564 1640 3687 1677 cum

411 1721 505 1776 sed
533 1720 775 1786 alteram,
807 1720 858 1773 id
883 1727 966 1774 est
1009 1718 1234 1773 alteram
1263 1717 1560 1771 dexteram.
1612 1713 1795 1770 Justus
1838 1713 1987 1769 ’enim
2018 1710 2063 1768 B
2091 1710 2180 1764 illo
2205 1711 2310 1764 alia
2333 1726 2458 1764 auo.
2489 1710 2672 1783 (Aug'.)
2708 1710 2860 1778 Quod
2889 1728 3018 1782 ergo
3049 1715 3149 1768 hoc
3182 1715 3494 1769 testimonio
3544 1729 3687 1784 prae.

410 1810 684 1867 sinistram
730 1825 836 1864 non
865 1811 1043 1863 habet.
1097 1807 1155 1861 Si
1190 1821 1289 1862 nos
1337 1806 1623 1862 haereticus
1667 1805 1721 1859 in
1749 1805 1989 1873 disputa-

413 1899 558 1953 tione
597 1899 943 1969 percusserit,
997 1906 1051 1952 et
1084 1897 1367 1951 dexterum
1394 1897 1585 1964 dogma
1611 1894 1842 1949 voluerit
1868 1893 1987 1947 vul-

410 2002 623 2052 nerare,
672 1995 974 2056 Opponatur
1021 1986 1071 2039 ei
1120 1985 1264 2038 aliud
1299 1983 1365 2038 de
1400 1983 1718 2057 Scripturis
1745 1982 1988 2037 testimo—

409 2075 580 2140 nium,
629 2085 683 2129 et
713 2085 818 2130 tam
844 2075 933 2129 diu
963 2073 1272 2130 verberanti
1297 2073 1645 2128 succedentes
1675 2072 1774 2126 sibi
1800 2062 1990 2127 dexte-

413 2180 502 2221 ras
543 2166 899 2235 praebeamus,
933 2174 1107 2219 amice
1131 2164 1335 2220 inimici
1380 2165 1462 2218 ira
1487 2163 1764 2218 lassescat.
1807 2163 1992 2219 Potest

411 2264 588 2310 tamen
614 2271 721 2309 non
749 2255 1184 2310 inconvenienter
1213 2254 1343 2308 etin
1374 2253 1580 2307 duabus
1601 2252 1832 2307 maxillis
1858 2254 1991 2308 duas

408 2344 718 2400 nobilitates
757 2345 1086 2415 signiﬁcatas
1143 2344 1366 2414 intelligi
1398 2343 1562 2412 :quia
1609 2350 1694 2397 est
1741 2343 1993 2396 nobilitas

410 2434 706 2494 secundum
748 2436 939 2499 Deum,
977 2442 1033 2489 et
1061 2434 1358 2488 secundum
1405 2434 1510 2487 hoc
1548 2432 1822 2487 saeculum.
1874 2432 1994 2486 Dis-

410 2526 715 2581 tribuantur
760 2541 890 2581 vero
939 2526 1036 2591 ita,
1099 2533 1160 2580 ut
1196 2526 1415 2580 dextera
1468 2525 1665 2579 divina:
1701 2523 1989 2589 nobilitati,

409 2626 464 2674 et
489 2618 709 2674 sinistra
744 2619 994 2688 humanae
1021 2618 1324 2688 deputetur.
1374 2617 1636 2672 Convenit
1672 2630 1804 2687 ergo
1838 2624 1895 2669 ut
1934 2616 1993 2670 in

411 2725 736 2781 quocunque
755 2709 1017 2778 discipulo
1050 2709 1250 2764 Christi
1271 2716 1636 2778 contemptum
1663 2708 1826 2762 fuerit
1847 2706 1994 2777 quod

411 2804 752 2860 Christianus
771 2813 874 2869 est,
904 2804 1074 2859 multo
1095 2805 1266 2879 magis
1304 2805 1358 2858 in
1381 2819 1439 2860 se
1458 2805 1742 2868 contemni
1772 2811 1994 2875 paratus

413 2897 506 2962 sit,
559 2897 604 2950 si
633 2911 770 2965 quos
794 2895 952 2965 hujus
979 2895 1158 2951 saaculi
1186 2897 1418 2950 honores
1450 2895 1631 2958 habet.
1680 2893 1990 2965 Sicut-apo-

411 2991 582 3046 stolus
618 2990 837 3070 Paulus,
881 3006 1005 3044 cum
1044 2992 1098 3044 in
1128 3005 1194 3045 eo
1233 2996 1686 3059 persequerentur
1739 2988 1989 3044 homines

2090 1803 2234 1870 cipit,
2268 1810 2481 1871 oportet
2512 1811 2570 1855 ut
2597 1819 2702 1857 non
2731 1813 2836 1858 tam
2872 1805 3095 1874 pedibus
3114 1821 3259 1876 agas,
3293 1821 3454 1875 quam
3485 1816 3544 1860 ut
3564 1806 3685 1858 ani-

2093 1909 2180 1948 mo
2206 1907 2420 1962 semper
2445 1893 2520 1946 sis
2548 1894 2614 1947 ad
2646 1893 2949 1949 faciendum
2974 1905 3213 1965 paratus,
3283 1897 3472 1967 utique
3525 1911 3678 1951 com-

2092 1985 2362 2055 passionis
2391 1984 2643 2040 affectum
2684 1994 2739 2040 et
2763 1987 2999 2059 studium
3036 1988 3211 2042 solatii
3258 1988 3580 2059 impendere
3605 1988 3678 2051 ei,

2093 2054 2185 2146 qui
2213 2090 2242 2128 a
2270 2083 2322 2129 te
2351 2076 2573 2144 expetit.
2628 2054 2842 2128 Nam‘m
2869 2075 2984 2145 ipsa
3004 2076 3310 2132 Christiana
3334 2054 3595 2140 historia,
3625 2077 3679 2128 in

2092 2182 2199 2236 qua
2236 2175 2321 2221 est
2361 2167 2680 2231 auctoritas,
2722 2167 2854 2220 nihil
2901 2167 3005 2242 tale
3055 2167 3296 2222 invenies
3322 2166 3682 2222 historialiter
3745 2209 3752 2221 ..

2092 2254 2295 2311 factum
2319 2273 2348 2309 a
2370 2259 2592 2323 sanctis,
2608 2257 2689 2311 vel
2718 2258 2784 2311 ab
2809 2258 2926 2327 ipso
2949 2258 3191 2321 Domino,
3221 2272 3339 2312 cum
3366 2257 3421 2310 in
3440 2257 3672 2319 homine,

2094 2362 2257 2417 quem
2279 2349 2558 2417 suscipere
2583 2349 2836 2417 dignatus
2858 2359 2960 2412 est,
2999 2348 3210 2402 vivendi
3234 2348 3386 2401 nobis
3413 2347 3679 2417 praeberet

2091 2433 2421 2505 exemplum,
2471 2452 2593 2491 cum
2626 2445 2805 2491 tamen
2841 2437 3091 2492 omnibus
3118 2435 3232 2491 fere
3265 2436 3400 2490 locis
3433 2435 3677 2490 invenies

2091 2537 2310 2599 paratos
2349 2527 2535 2594 fuisse,
2598 2545 2753 2600 aequo
2785 2531 2968 2584 animo
3018 2529 3250 2585 tolerare
3287 2528 3552 2599 quidquid
3598 2530 3677 2584 eis

2093 2617 2340 2689 improbe
2377 2618 2568 2674 fuisset
2605 2629 2834 2689 gestum.
2877 2621 3159 2692 Triaergo
3185 2621 3432 2691 exempla
3474 2620 3671 2689 posuit,

2061 2759 2064 2763 .
2095 2709 2220 2779 quia
2242 2711 2345 2766 hoc
2370 2725 2595 2766 numero
2621 2712 2956 2780 signiﬁcatur
2977 2714 3256 2784 perfectio,
3285 2721 3346 2767 ut
3366 2713 3672 2766 meminerit

2094 2800 2344 2871 quisque,
2375 2817 2499 2857 cum
2530 2803 2637 2858 hoo
2658 2803 2810 2870 facit,
2844 2803 3140 2873 perfectam
3161 2801 3667 2873 implerejustitiam

2094 2891 2523 2947 misericorditer
2551 2892 2892 2966 infirmitates
2924 2908 3112 2948 eorum
3138 2891 3482 2962 perferendo,
3527 2905 3665 2960 quos

2095 2981 2209 3034 vult
2231 2981 2350 3036 ﬁeri
2377 2997 2560 3037 sanos.
2595 2981 2777 3051 Neque
2803 2983 2891 3037 hic
2915 2983 3150 3038 vindicta
3181 2983 3522 3052 prohibetur,
3549 2996 3671 3050 quae

411 3096 608 3137 nomen
657 3048 1042 3145 Christianum,
1098 3081 1142 3135 si
1181 3048 1382 3136 taceret
1408 3048 1493 3164 .de
1528 3079 1789 3150 dignitate
1827 3095 1988 3149 quam
2019 3048 2065 3110 ο
2099 3072 2163 3126 ad
2195 3075 2590 3128 correctionem
2619 3048 2783 3140 valet,
2824 3065 2991 3130 etiam
3017 3075 3133 3144 ipsa
3160 3048 3307 3130 enim
3341 3048 3585 3144 pertinet
3605 3072 3669 3127 ad

415 3171 648 3227 habebat
684 3172 738 3226 in
763 3171 976 3238 saeculo,
1029 3186 1132 3228 non
1165 3172 1429 3241 praeberet
1464 3170 1687 3224 alteram
1715 3169 1990 3224 maxillam

411 3265 734 3321 caedentibus
763 3264 1059 3319 dexteram.
1105 3250 1236 3318 Non
1259 3263 1406 3318 enim
1438 3263 1684 3329 dicendo,
1715 3261 1852 3317 Civis
1877 3261 1988 3316 Ro-

411 3343 594 3413 manus
633 3373 770 3422 sum,
811 3373 919 3411 non
943 3365 1060 3412 erat
1088 3364 1312 3427 paratus
1358 3357 1463 3411 hoc
1509 3357 1562 3410 in
1598 3371 1657 3411 se
1687 3355 1986 3421 contemni,

413 3449 554 3515 quod
599 3464 696 3518 pro
724 3447 945 3502 minimo
982 3447 1214 3503 habebat
1245 3446 1314 3502 ab
1343 3447 1424 3501 eis
1467 3446 1559 3515 qui
1589 3463 1645 3501 in
1666 3446 1989 3500 illonomen

415 3537 840 3618 tampretiosum
869 3546 923 3590 et
950 3536 1184 3591 salutare
1201 3543 1659 3605 contempserant.

485 3627 553 3682 Et
577 3627 624 3682 ei
659 3630 747 3697 qui
770 3627 877 3681 uult
902 3637 1072 3681 tecum
1085 3627 1289 3695 judicio
1320 3626 1652 3690 contendere,
1688 3637 1735 3680 et
1757 3628 1987 3680 tunicam

414 3724 559 3772 tuam
601 3716 800 3782 tollere,
839 3717 1038 3770 remitte
1062 3717 1108 3769 ei
1141 3725 1186 3769 et
1207 3714 1446 3786 pallium.
1493 3715 1668 3770 Lucas
1707 3716 1811 3770 hoc
1843 3717 1990 3786 capi-

416 3805 583 3860 tulum
607 3820 764 3860 versa
797 3805 910 3859 vice
936 3805 1132 3874 posuit.
1162 3803 1252 3858 Ait
1281 3805 1457 3859 enim:
1492 3805 1570 3858 Ab
1591 3822 1650 3859 eo
1673 3807 1762 3877 qui
1787 3805 1988 3876 auferet

414 3895 509 3949 tibi
530 3896 901 3958 vestimentum,
931 3896 1088 3948 etiam
1117 3896 1346 3949 tunicam
1385 3894 1491 3950 noli
1517 3895 1786 3966 prohibere
1831 3895 1982 3968 (Luc.

420 3986 518 4055 vi).
554 3985 704 4052 Quod
730 3987 794 4039 de
819 3985 1136 4041 vestimento
1153 3993 1209 4041 et
1227 3987 1292 4041 de
1321 3987 1501 4056 tunica
1523 3988 1723 4042 dictum
1750 3995 1852 4051 est,
1879 4003 1983 4041 non

415 4077 468 4132 in
483 4077 561 4132 eis
590 4076 738 4142 solis,
768 4077 860 4132 sed
891 4077 943 4130 in
957 4077 1202 4133 omnibus
1226 4077 1528 4133 faciendum
1552 4086 1653 4143 est,
1669 4094 1787 4148 qua;
1804 4077 1985 4148 aliquo

404 4167 529 4239 jure
567 4168 930 4238 temporaliter
958 4160 1296 4226 nostra'esse
1315 4169 1580 4237 dicimus;
1619 4171 1796 4225 tunica
1846 4171 1983 4226 inte-

412 4259 525 4315 rior
552 4261 734 4325 vestis,
781 4261 998 4329 pallium
1020 4263 1255 4317 exterior
1277 4271 1380 4317 est.
1433 4261 1489 4317 Si
1515 4264 1659 4317 enim
1696 4264 1762 4317 ‘de
1793 4277 1982 4317 neces-

411 4350 568 4405 sariis
597 4351 699 4406 hoc
730 4352 1050 4422 imperatum
1085 4361 1188 4418 est,
1249 4361 1452 4424 quanto
1495 4354 1666 4424 magis
1712 4352 1980 4424 superflua
2010 4386 2060 4444 Β

413 4447 753 4516 contemnere
785 4443 1052 4506 convenit,
1103 4450 1158 4497 et
1199 4442 1380 4498 omnia
1431 4458 1550 4512 quae
1578 4458 1606 4496 a
1632 4451 1817 4496 nostro
1859 4440 1983 4510 jure

409 4532 468 4588 in
502 4531 719 4587 alterius
764 4544 990 4602 possunt
1023 4525 1255 4589 transire
1287 4542 1628 4604 potestatem.
1690 4534 1861 4589 Sicuti
1901 4543 1986 4589 est

411 4619 599 4683 vestis,
662 4620 872 4686 domus,
918 4621 1135 4687 fundus,
1178 4623 1506 4692 jumentum,
1556 4629 1610 4677 et
1660 4622 1983 4693 generaliter

411 4710 586 4764 omnis
618 4711 861 4779 pecunia.
914 4711 1068 4778 Quod
1098 4721 1280 4767 utrum
1307 4714 1472 4768 etiam
1506 4714 1571 4768 de
1611 4714 1784 4769 servis
1833 4715 1981 4769 acci-

409 4795 660 4867 piendum
688 4799 777 4863 sit,
809 4815 1003 4869 magna
1026 4801 1250 4870 qumstio
1270 4808 1372 4856 est.
1409 4801 1525 4857 Non
1553 4803 1696 4856 enim
1720 4801 1981 4858 Christia-

412 4901 543 4942 num
566 4897 776 4956 oportet
803 4891 881 4945 sic
903 4894 1174 4961 possidere
1204 4909 1440 4960 servum,
1475 4894 1744 4965 quomodo
1768 4911 1985 4964 equum,

413 4984 507 5033 aut
533 4987 836 5048 argentum,
866 4989 958 5035 aut
988 4979 1194 5039 aurum.
1239 4983 1344 5042 Sed
1374 4985 1464 5042 ille
1488 4979 1680 5042 servus
1708 4986 1754 5042 si
1787 4985 1986 5041 rectius

411 5072 470 5120 et
490 5065 766 5124 honestius
790 5077 844 5124 ct
873 5071 940 5126 ad
988 5071 1153 5126 Deum
1185 5075 1493 5142 colendum,
1526 5077 1985 5138 accommodatius

411 5159 507 5215 abs
536 5167 588 5215 te
612 5161 827 5218 domino
851 5165 1112 5220 educatur
1131 5175 1186 5220 et
1219 5169 1439 5238 regitur,
1484 5187 1644 5240 quam
1669 5171 1738 5225 ab
1764 5171 1854 5225 illo
1887 5186 1983 5240 po-

409 5256 537 5314 test,
560 5250 650 5319 qui
681 5265 802 5306 eum
834 5256 982 5325 cupit
1012 5256 1242 5323 auferre,
1276 5262 1455 5316 nescio
1489 5273 1668 5316 utrum
1694 5263 1977 5332 quisquam

412 5338 592 5395 dicere
636 5343 852 5410 audeat,
908 5355 966 5400 ut
1014 5348 1392 5405 vestimentum
1445 5368 1567 5407 eum
1605 5353 1802 5408 debere
1850 5369 1979 5418 con-

411 5431 595 5484 temni.
625 5431 904 5491 llominem
952 5439 1147 5510 quippe
1180 5440 1341 5495 homo
1366 5442 1503 5496 sicut
1522 5444 1870 5514 semetipsum
1899 5444 1979 5496 di-

412 5514 577 5587 ligere
606 5523 779 5580 debet.
835 5526 930 5583 Cui
959 5531 1029 5584 ab
1054 5532 1294 5586 omnium
1328 5531 1554 5587 Domino
1581 5533 1742 5602 (sicut
1766 5549 1829 5588 ca
1858 5548 1976 5603 qua:

416 5622 728 5686 wquuntur,
767 5621 1076 5695 ostendunt)
1107 5623 1268 5678 etiam
1301 5633 1357 5677 ut
1387 5623 1633 5679 inimicos
1659 5623 1843 5694 diligat
1874 5625 1975 5678 im-

2093 3163 2544 3220 misericordiam.
2595 3165 2706 3221 Nec
2755 3167 2980 3238 impedit
3014 3166 3142 3222 illud
3181 3167 3518 3237 propositum
3565 3181 3668 3235 quo

2093 3255 2322 3325 quisque
2349 3265 2573 3327 paratus
2591 3266 2676 3312 est
2714 3261 2782 3314 ab
2810 3274 2878 3314 eo
2906 3272 3066 3328 quem
3088 3263 3392 3314 correctum
3414 3271 3536 3313 esse
3561 3255 3668 3311 vult

2091 3347 2246 3416 plura
2283 3348 2546 3418 perferre,
2611 3352 2705 3406 sed
2755 3352 2880 3406 huic
2937 3352 3185 3407 vindictae
3231 3349 3527 3406 referendae
3560 3367 3662 3406 non

2091 3451 2176 3497 est
2205 3442 2448 3506 idoneus,
2481 3441 2583 3496 nisi
2611 3443 2702 3511 qui
2745 3443 2951 3506 odium,
2980 3457 3086 3510 quo
3112 3441 3288 3497 solent
3323 3440 3555 3512 ﬂagrare
3574 3442 3662 3510 qui

2091 3549 2152 3589 se
2171 3533 2447 3587 vindicare
2483 3533 2812 3596 desiderant,
2857 3532 3160 3587 dilectionis
3189 3531 3556 3601 magnitudine
3581 3546 3666 3585 su-

2090 3625 2381 3696 peraverit.
2410 3623 2526 3677 Non
2553 3623 2695 3677 enim
2733 3623 3079 3677 metuendum
3118 3631 3200 3677 est
3228 3636 3295 3676 ne
3335 3622 3518 3676 odisse
3545 3637 3662 3690 par-

2090 3717 2276 3772 vulum
2313 3715 2481 3770 filium
2507 3726 2762 3786 parentes
2788 3715 3094 3780 videantur,
3140 3730 3261 3769 cum
3297 3713 3364 3768 ab
3393 3713 3473 3768 eis
3509 3729 3661 3782 vapu-

2090 3808 2167 3862 lat
2218 3823 2474 3878 peccans,
2524 3822 2590 3861 ne
2641 3817 2826 3876 peccet
2878 3806 3124 3863 ulterius.
3177 3807 3284 3861 Sed
3319 3821 3420 3860 nec
3471 3806 3658 3859 alicubi

2089 3899 2504 3962 contradicitur,
2535 3898 2638 3952 nisi
2681 3906 2738 3952 ut
2764 3893 2854 3952 ille
2881 3897 3138 3964 vindicet,
3161 3897 3250 3953 cui
3276 3912 3458 3952 rerum
3479 3897 3655 3952 ordine

2086 3998 2324 4060 potestas
2354 3988 2480 4042 data
2506 3996 2620 4053 est;
2653 3995 2706 4043 et
2750 4003 2814 4043 ea
2842 3987 3116 4042 voluntate
3158 3987 3397 4042 vindicet
3424 4003 3528 4057 qua
3564 4002 3653 4056 pa-

2086 4089 2171 4135 ter
2215 4079 2269 4134 in
2312 4079 2595 4149 parvulum
2648 4078 2839 4146 ﬁlium,
2881 4092 3041 4150 quem
3089 4093 3186 4151 per
3228 4087 3441 4132 :etatem
3489 4078 3654 4132 odisse

2086 4170 2324 4226 nondum
2345 4178 2541 4240 potest.
2571 4168 2686 4225 Non
2709 4170 2854 4225 enim
2875 4170 3134 4224 Dominus
3161 4169 3376 4244 abdicat
3393 4184 3490 4239 per
3505 4166 3649 4236 justi-

2089 4261 2218 4315 tiam
2271 4261 2681 4325 correctionem,
2733 4275 2908 4331 neque
2935 4269 3083 4316 vetat
3119 4260 3518 4330 corrcptionem
3572 4256 3651 4312 ubi

2087 4352 2395 4407 necessaria
2439 4361 2543 4419 est,
2577 4352 2670 4408 sed
2718 4354 2876 4408 docet
2922 4368 3022 4426 per
3058 4352 3519 4408 mansuetudinem
3566 4351 3649 4421 pa=

2084 4440 2332 4495 tientiam
2378 4448 2432 4494 et
2487 4441 2929 4512 tranquillitatem
2967 4444 3166 4498 habere
3227 4442 3281 4497 in
3330 4443 3644 4497 innocentia.

2086 4533 2195 4589 Sed
2223 4533 2492 4604 quomodo
2538 4548 2759 4602 parvum
2803 4544 2889 4590 est
2939 4551 3046 4591 non
3090 4535 3466 4602 nocere,,nisi
3495 4535 3647 4589 etiam

2082 4631 2307 4695 praestes
2361 4623 2680 4681 beneﬁcium
2729 4621 2987 4694 quantum
3046 4634 3221 4696 potes,
3249 4633 3649 4694 consequenter

2085 4714 2328 4785 adjungit
2368 4724 2425 4768 et
2457 4714 2587 4768 dicit
2615 4729 2628 4767 :
2659 4714 2762 4780 Qui
2805 4717 2927 4786 petit
2960 4734 2992 4770 a
3036 4725 3108 4781 te,
3139 4717 3210 4769 da
3245 4717 3313 4781 ei,
3340 4726 3415 4787 _et
3471 4714 3647 4769 volenti

2087 4806 2318 4859 mutuari
2339 4823 2371 4858 a
2397 4813 2466 4868 te,
2490 4821 2550 4858 ne
2570 4805 2839 4882 averteris.
2857 4804 3124 4877 (Hieron.)
3148 4805 3204 4860 Si
3227 4807 3292 4860 de
3315 4805 3644 4874 elcemosyna

2091 4901 2298 4948 tantum
2349 4893 2696 4963 intelligimus
2733 4896 2959 4960 dictum,
3001 4896 3055 4949 in
3101 4896 3369 4965 plerisque
3402 4897 3644 4966 pauperi-

2088 4983 2187 5039 bus
2224 4985 2327 5040 hoc
2355 4994 2501 5041 stare
2528 5000 2633 5040 non
2675 4994 2873 5054 potest.
2923 4985 3030 5042 Sed
3057 4995 3110 5040 et
3133 4987 3345 5053 divites,
3369 4988 3412 5042 si
3442 5003 3644 5058 semper

2086 5077 2349 5144 dederint,
2399 5092 2610 5147 semper
2653 5078 2784 5133 dare
2837 5092 2943 5134 non
2994 5090 3236 5150 possunt.
3291 5080 3419 5135 Post
3456 5082 3642 5136 bonum

2084 5181 2212 5237 ergo
2248 5167 2622 5238 eleemosyntc,
2656 5167 2932 5236 apostolis,
2970 5168 3024 5222 id
3049 5177 3132 5224 est
3157 5170 3483 5239 doctoribus,
3515 5186 3641 5241 pm-

2084 5268 2236 5328 cepta
2282 5260 2614 5322 tribuuntur,
2645 5268 2704 5312 ut
2751 5260 2841 5326 qui
2882 5261 3049 5329 gratis
3093 5271 3436 5330 acceperunt,
3487 5262 3640 5330 gratis

2086 5349 2341 5417 tribuant.
2385 5349 2687 5403 Istiusmodi
2724 5350 2950 5419 pecunia
2992 5365 3262 5418 nunquam
3294 5349 3508 5414 deﬁcit;
3556 5349 3639 5402 sed

2084 5450 2286 5509 quanto
2308 5441 2427 5511 plus
2450 5445 2571 5496 data
2603 5441 2784 5508 fuerit,
2813 5451 2961 5497 tanto
2987 5443 3216 5513 amplius
3250 5443 3635 5512 duplicabitur;

2084 5541 2138 5586 et
2187 5548 2308 5586 cum
2359 5533 2599 5602 subjecta
2644 5535 2746 5588 sibi
2778 5549 2905 5588 arva
2956 5533 3112 5605 riget,
3165 5547 3437 5601 nunquam
3491 5529 3641 5585 fontis

2086 5623 2225 5678 unda
2251 5624 2502 5679 siccatur.
2533 5625 2714 5696 (Λκθ.)
2762 5625 2931 5680 Aliter
2961 5624 3227 5680 autemid
3258 5621 3498 5694 profecto
3521 5622 3639 5677 dau-
