3938 6328
127 127 250 236 ‘839

1067 183 1450 242 .COMMENT.
1490 183 1559 238 lN
1594 183 2136 265 matrimoni;
2176 195 2302 248 un.
2343 196 2402 251 η.

3285 210 3388 268 830

318 298 403 397 est
430 292 570 397 quod
743 295 836 396 tibi
877 310 976 350 nec
1025 295 1421 397 alteriﬁnoeeat,
1454 307 1711 364 quantum
1817 318 1924 372 quo
1946 303 2021 357 ait
2051 319 2064 357 :
2110 304 2425 375 Benedicite,
2456 321 2504 364 et
2533 292 2699 368 nolite
2728 315 3033 372 maledicere
3057 319 3228 390 (Rom.
3265 326 3390 397 xu),

147 372 276 435 sciri
304 388 395 434 aut
427 382 571 436 credi
601 383 666 437 ab
690 385 906 440 homine
950 393 1140 455 potest.
1173 386 1240 438 Et
1262 385 1346 440 cui
1379 385 1526 455 juste
1552 401 1713 458 nega-

87 528 90 529 .
144 475 290 529 veris
318 477 460 545 quod
503 479 653 547 petit,
685 479 966 534 indicanda
1011 480 1086 533 illi
1126 488 1209 535 est
1254 481 1364 550 ipsa
1391 468 1626 551 justitia,
1655 492 1715 538 ut

146 579 254 620 nou
283 580 408 621 eum
447 568 658 624 inanem
681 571 938 628 dimittas.
970 572 1047 626 Ita
1073 572 1218 626 enim
1252 574 1396 627 omni
1422 577 1623 643 petenti
1657 584 1712 633 te

145 657 320 724 dabis,
352 659 595 728 quamvis
641 677 746 716 non
793 677 1007 732 semper
1054 662 1103 716 id
1143 663 1286 731 quod
1335 663 1486 732 petit,
1516 665 1707 732 dabis;

146 746 239 803 sed
270 747 553 821 aliquando
598 752 788 807 melius
825 752 1026 822 aliquid
1077 743 1250 817 dabis,
1280 768 1401 807 cum
1440 740 1708 823 petentem

145 837 344 907 injuste
392 843 710 898 correxeris.
765 841 914 908 Quod
957 850 1136 920 autem
1169 844 1263 908 ait,
1315 842 1421 908 Qui
1451 837 1573 898 "vult
1600 855 1710 900 ate

138 939 397 997 mutuari,
423 946 488 988 ne
507 942 773 988 auersatus
796 933 980 1007 fueris,
1007 932 1336 1014 advanimam
1368 933 1708 991 referendum

136 1028 247 1085 est.
286 1022 340 1078 id
383 1031 484 1090 est,
511 1041 580 1081 ne
621 1027 950 1082 voluntatem
977 1026 1177 1092 alienos
1212 1028 1281 1082 ab
1316 1041 1419 1083 eo:
1470 1028 1708 1086 Hilarem

138 1116 279 1169 enim
320 1115 554 1172 datorem
596 1119 767 1188 diligit
813 1118 974 1172 Deus.
1022 1117 1425 1187 intelligendum
1469 1126 1554 1173 est
1580 1133 1729 1191 ergo

137 1203 426 1268 Dominum
470 1208 560 1263 hic
599 1209 711 1278 ipsa
737 1208 842 1262 duo
876 1223 1072 1278 genera
1113 1208 1400 1278 praestandi
1423 1223 1543 1263 esse
1565 1223 1707 1264 com-

134 1294 376 1366 plexum.
425 1295 666 1368 Namque
699 1306 789 1354 aut
815 1298 1080 1372 donamus
1125 1298 1268 1369 quod
1313 1282 1502 1354 damus
1549 1299 1712 1353 bene-

133 1388 281 1453 vole,
329 1395 422 1444 aut
475 1388 752 1444 reddituro
793 1373 1255 1446 commendamus.
1290 1387 1357 1443 Et
1393 1388 1710 1458 plerumque

133 1477 388 1537 homines
437 1479 550 1550 qui,
572 1476 870 1549 proposito
898 1479 1079 1537 divino
1117 1479 1359 1551 praemio,
1392 1481 1592 1543 donare
1615 1493 1710 1548 pa-

133 1570 243 1628 rati
284 1581 428 1639 sunt,
469 1575 535 1628 ad
581 1575 812 1629 dandum
843 1575 984 1644 quod
1037 1565 1279 1630 mutuum
1320 1574 1523 1646 petitur
1569 1572 1706 1643 pigri

1814 411 1935 449 cum
1964 406 2019 451 et
2043 397 2109 452 de
2134 399 2359 455 Domino
2387 402 2649 472 scriptum
2679 405 2748 458 sit
2771 409 2912 474 quod
2955 410 3291 468 maledixerit
3314 416 3391 469 cie

1812 484 2070 541 vitatibus
2113 502 2232 556 qua:
2265 491 2489 545 verbum
2527 492 2644 560 ejus
2674 509 2781 548 non
2819 509 3142 566 acceperunt
3169 502 3386 572 (Matth.

1813 574 1912 644 ru),
1958 584 2013 628 et
2061 588 2391 647 memoratur
2434 582 2722 651 Apostolus
2749 586 2892 654 quod
2931 587 2995 640 de
3038 591 3268 656 quodam
3311 594 3386 648 ita

1810 665 2008 721 dixerit
2039 684 2053 720 :
2081 665 2279 722 Reddet
2328 669 2407 724 illi
2453 671 2710 729 Dominus
2733 677 3019 730 secundum
3065 695 3219 748 opera
3246 683 3386 736 illius

1810 756 1896 828 (II
1930 757 2064 812 Tim.
2095 759 2191 831 tv).
2218 759 2326 816 Sed
2355 762 2472 817 haec
2498 763 2658 820 facile
2697 754 2998 822 solvuntur.
3025 768 3159 834 Quia
3180 779 3232 825 et
3254 771 3386 826 Pro—

1806 853 1968 924 pheta
2001 871 2096 925 per
2127 855 2572 926 imprecationem
2620 860 2750 929 quid
2797 869 2944 916 esset
2997 861 3261 927 futurum,
3292 879 3383 917 ce—

1807 941 1970 1007 cinit,»
2010 958 2120 999 non
2170 947 2408 1014 optantis
2457 954 2604 1014 voto,
2631 949 2728 1004 sed
2765 949 2956 1018 spiritu
3004 951 3384 1020 praevidentis;

1765 1049 1787 1096 ,‘
1806 1033 1880 1088 ita
1929 1042 1984 1089 et
2025 1036 2304 1099 Dominus,
2335 1036 2408 1092 ita
2439 1046 2494 1092 et
2519 1037 2807 1109 Apostolus
2833 1059 2845 1094 :
2872 1055 3181 1111 quanquam
3212 1042 3264 1095 in
3295 1044 3389 1109 ho;

1805 1126 2135 1184 rum'verbis
2168 1142 2276 1183 non
2319 1128 2420 1183 hoc
2457 1128 2729 1185 invenitur
2760 1131 2902 1200 quod
2931 1131 3254 1199 optaverint,
3291 1133 3384 1184 sed

1805 1215 1948 1283 quod
1974 1216 2339 1285 praedixerint.
2380 1216 2497 1273 Non
2520 1218 2666 1273 enim
2697 1234 2820 1274 cum
2865 1219 2940 1272 ait
2977 1219 3255 1282 Dominus,
3296 1218 3391 1288 Va,-
3447 1277 3454 1292 ‘

1806 1307 1919 1372 tibi,
1942 1304 2335 1389 Caphar‘nauni,
2357 1310 2498 1366 aliud
2519 1321 2676 1368 sonat
2703 1313 2805 1368 nisi
2836 1313 3036 1382 aliquid
3062 1313 3187 1367 mali
3222 1328 3387 1367 even—

1807 1405 1987 1454 turum
2025 1400 2100 1454 illi
2125 1399 2265 1456 fore
2303 1401 2497 1456 merito
2539 1402 2891 1468 inﬁdelitatis,
2938 1400 3080 1474 quod
3143 1404 3383 1459 futurum

1807 1487 2067 1548 Dominus
2111 1507 2227 1560 non,
2266 1493 2639 1548 malevolentia
2689 1494 2926 1561 optabat,
2971 1495 3062 1548 sed
3097 1495 3380 1550 divinitate

1808 1577 2082 1634 cernebat.
2105 1580 2172 1635 Et
2195 1581 2482 1649 Apostolus
2516 1595 2621 1635 non
2651 1581 2746 1643 ait,
2775 1580 3003 1646 Reddat,
3043 1583 3156 1646 sed,
3190 1581 3384 1635 Reddet

131 1663 292 1729 fiunt,
341 1667 493 1734 quasi
546 1665 679 1720 nihil
723 1665 990 1734 recepturi
1041 1680 1072 1719 a
1117 1666 1246 1730 Deo,
1278 1680 1400 1719 cum
1431 1679 1544 1718 rem
1585 1678 1707 1733 quze
1734 1652 1780 1711 Β
1807 1667 1886 1722 illi
1913 1667 2184 1735 Dominus,
2207 1669 2365 1740 juxta
2403 1686 2560 1742 opera
2605 1669 2722 1738 ejus
2759 1684 2778 1722 :
2810 1668 2955 1738 quod
2983 1669 3205 1723 verbum
3249 1685 3384 1738 pra:~

129 1757 315 1820 datur,
337 1755 426 1811 ille
451 1757 540 1825 qui
564 1757 789 1826 accepit,
813 1755 1072 1839 exsolvat.
1102 1756 1266 1810 Recte
1296 1755 1478 1825 itaque
1503 1756 1571 1810 ad
1601 1754 1704 1809 hoc
1753 1824 1756 1828 ί

129 1841 382 1902 beneﬁcii
412 1839 678 1904 tribuendi
714 1860 883 1918 genus
912 1846 1214 1904 nosdivina
1239 1847 1486 1903 hortatur
1514 1851 1702 1900 aucto-
1739 1922 1741 1924 η

127 1936 269 1992 ritas
291 1935 473 1991 dicens
511 1951 524 1989 :
555 1935 624 1990 Et
652 1935 741 2007 qui
766 1935 982 1990 coluerit
1010 1951 1041 1989 a
1074 1943 1125 1990 te
1173 1937 1427 2008 mutuari,
1460 1952 1523 1989 ne
1552 1949 1702 1988 aver—

124 2035 280 2082 satus
310 2026 502 2096 fueris;
526 2025 578 2080 id
611 2033 714 2091 est,
738 2030 804 2080 ne
832 2018 1113 2095 propterea
1143 2024 1474 2079 voluntatem
1503 2023 1705 2080 alienes

126 2117 199 2171 ab
233 2131 302 2171 eo
322 2117 412 2186 qui
457 2117 611 2188 petit,
665 2117 789 2186 quia
841 2124 898 2170 et
939 2108 1167 2185 pecunia
1200 2124 1290 2171 tua
1323 2130 1491 2170 vacua
1518 2113 1600 2180 tit,
1649 2121 1705 2169 et

124 2209 276 2264 Deus
303 2208 397 2263 tibi
427 2223 532 2262 non
574 2207 881 2276 redditurus
899 2215 1006 2268 est,
1043 2221 1164 2261 eum
1189 2206 1351 2262 homo
1370 2205 1662 2261 reddiderit
1687 2220 1701 2269 ;

123 2297 224 2356 sed
263 2312 390 2354 cum
441 2297 492 2352 id
534 2313 602 2356 ex
653 2281 918 2368 praecepto
959 2296 1052 2375 Dei
1085 2295 1238 2362 facis,
1262 2295 1399 2366 apud
1427 2295 1573 2350 illum
1610 2294 1701 2363 qui

123 2388 246 2443 haec
289 2387 458 2456 jubet,
502 2385 893 2455 infructuosum
938 2391 1057 2441 esse
1099 2400 1204 2440 non
1236 2390 1430 2453 potest.
1485 2382 1618 2449 Quia
1649 2377 1701 2437 in

124 2478 422 2549 Evangelio
445 2492 630 2533 servus
658 2477 748 2532 ille
774 2493 802 2530 a
827 2477 1045 2534 domino
1062 2476 1310 2533 laudatur
1333 2476 1448 2545 qui,
1479 2482 1699 2544 accepta
1740 2535 1750 2546 ι

127 2569 336 2625 talenta
362 2568 681 2638 negotiando
716 2567 1023 2638 duplicavit,
1048 2575 1101 2621 et
1126 2568 1194 2622 ob
1219 2561 1321 2621 hoc
1358 2567 1411 2620 in
1447 2565 1702 2636 gaudium

126 2639 334 2713 domini
364 2657 469 2721 sui
520 2657 722 2711 intrare
746 2639 967 2726 jub'etur
1014 2655 1229 2723 (Matth.
1281 2654 1430 2728 xxv).
1479 2653 1703 2724 Oportet

78 2812 82 2815 ,
124 2763 258 2821 ergo
294 2749 603 2819 spiritalem
631 2749 901 2805 doctorem
932 2749 1079 2803 verbi
1108 2748 1274 2804 divini
1305 2748 1462 2803 fenus
1489 2744 1702 2802 audito.-

125 2842 280 2897 ribus
306 2841 417 2896 suis
431 2841 850 2907 accommodare,
879 2849 938 2895 ut
955 2842 1079 2896 boni
1102 2841 1279 2912 operis
1295 2840 1702 2898 retributionem

124 2933 202 3002 ab
233 2933 339 2988 illis
359 2935 530 3002 possit
564 2933 826 3003 accipere.
859 2932 924 2987 Et
949 2949 1046 3003 pro
1067 2934 1169 2988 hoc
1195 2934 1376 3004 itaque
1409 2950 1439 2988 a
1471 2935 1578 2990 Deo
1607 2934 1701 2989 de-

121 3023 265 3080 bent
292 3033 548 3078 aeternam
587 3024 1072 3087 remunerationem
1098 3025 1311 3094 utrique
1335 3039 1575 3094 sperare,
1599 3040 1700 3082 nec
1725 2993 1772 3056 δ

124 3111 245 3185 ullo,
269 3112 428 3170 modo
471 3114 525 3167 in
556 3107 697 3167 bono
726 3113 900 3168 studio
927 3113 1232 3187 defetigari;
1262 3111 1519 3187 Sequitur
1549 3129 1566 3170 :
1659 3139 1662 3142 ~

201 3184 437 3258 Audistis
469 3202 592 3274 quia
636 3203 826 3257 dictum
853 3212 924 3257 est
948 3218 966 3262 .'_
988 3183 1184 3274 Diliqes
1208 3183 1500 3274 proximum
1526 3208 1695 3268 tuum,

124 3305 176 3350 ct
205 3294 349 3348 adies
380 3294 645 3348 inimicum
671 3303 835 3348 tuum.
866 3294 976 3364 Ego
1001 3304 1174 3348 autem
1213 3295 1327 3349 dico
1349 3297 1511 3361 vobis,
1567 3295 1700 3350 Dili-

123 3387 232 3456 gite
278 3385 515 3439 inimicos
556 3394 768 3449 vestros,
799 3385 1077 3458 benefacite
1106 3387 1185 3440 his
1215 3388 1302 3457 qui
1340 3388 1559 3442 oderunt
1588 3405 1696 3454 vos,

123 3491 172 3535 et
224 3488 370 3536 orate
414 3495 508 3550 pro
535 3479 950 3550 persequentibus
1001 3488 1073 3555 et
1105 3480 1542 3534 calumniantibus
1575 3479 1698 3536 'vos.

125 3569 403 3641 (llieron.)
432 3569 581 3624 Multi
617 3578 882 3641 prmeepta
913 3571 1007 3626 Dei
1050 3564 1409 3627 imbecillitate
1435 3575 1553 3638 sua,
1594 3562 1699 3628 non

125 3668 447 3716 sanctorum
477 3659 683 3714 viribus
717 3659 1067 3724 aestimantes,
1099 3669 1288 3729 putant
1314 3677 1442 3716 esse
1463 3662 1704 3732 impossi-

124 3751 261 3808 bilia
298 3765 417 3819 quae
441 3757 704 3830 praecepta
751 3757 896 3814 sunt,
928 3758 980 3803 et
1006 3749 1191 3804 dicant
1218 3749 1461 3806 sullieere
1492 3751 1703 3805 virtuti-

125 3846 251 3910 bus,
301 3859 407 3898 non
454 3843 632 3902 odisse
688 3841 932 3897 inimicos
982 3830 1005 3896 ε’
1047 3842 1298 3898 οωιθνυὶη
1328 3834 1547 3914 diligere
1582 3843 1701 3913 plus

122 3933 370 4005 prmeipi,
416 3949 576 4003 quam
621 3935 855 3989 humana
882 3941 1072 3988 natura
1099 3927 1353 4004 patiatur.
1411 3933 1698 3990 Scienddm

126 4036 216 4082 est
246 4039 377 4097 ergo
423 4012 694 4079 Christum
729 4039 835 4079 non
884 4024 1229 4093 impossibilia
1257 4024 1568 4095 prmeipere,
1607 4024 1699 4079 sed

124 4114 391 4186 perfecta.
415 4114 543 4182 Quae
565 4114 691 4170 fecit
723 4113 886 4169 David
913 4116 966 4169 in
999 4113 1127 4170 Saul
1151 4123 1208 4171 et
1225 4106 1455 4170 Absalon
1487 4114 1540 4191 (l
1570 4114 1699 4186 Reg.

125 4221 281 4272 xm;
332 4205 391 4260 11
423 4205 548 4276 Reg.
581 4205 759 4279 xvru).
806 4205 1109 4277 Stephanus
1130 4221 1342 4276 quoque
1370 4214 1577 4278 martyr
1602 4221 1701 4277 pro
1751 4230 1754 4236 ι

123 4297 368 4354 inimicis
413 4312 483 4370 se
510 4297 864 4367 lapidantihus
897 4298 1215 4367 deprecatus
1252 4285 1356 4353 est.
1389 4296 1528 4368 (Act.
1580 4296 1697 4366 vn).

1806 1757 2107 1813 nuntiantis
2134 1765 2233 1822 est,
2265 1773 2370 1814 non
2405 1756 2771 1828 imprecantis.
2807 1756 2940 1813 Item
2968 1757 3072 1811 alio
3097 1758 3214 1812 loco
3245 1757 3384 1812 idem

1804 1846 2109 1918 Apostolus,
2163 1846 2866 1918 enumerans-capitalibus
2921 1846 3241 1901 criminibus
3286 1847 3384 1910 ob-

1806 1939 2013 2001 noxios,
2059 1939 2214 2009 jubet
2261 1955 2380 1992 cum
2427 1937 2788 2008 hujuscemodi
2839 1953 2930 1991 nec
2977 1937 3146 1991 cibum
3184 1953 3386 1990 sumere

1809 2029 1859 2099 (1
1895 2027 2022 2083 Cor.
2047 2014 2132 2102 iv).
2159 2029 2312 2096 Quod
2345 2044 2445 2084 nec
2469 2027 2802 2084 contrarium
2826 2035 2909 2082 est
2933 2027 3042 2102 ullo
3079 2026 3385 2081 modohuic

1807 2119 2016 2173 Domini
2073 2118 2421 2194 mandatude
2469 2118 2755 2182 dilectione
2783 2126 2838 2171 et
2866 2110 3221 2185 beneﬁcentia
3276 2116 3381 2169 ini-

1805 2211 2069 2279 micorum
2131 2229 2143 2265 :
2193 2211 2318 2281 quia
2371 2211 2591 2281 diligere
2644 2211 2901 2284 debemus
2953 2209 3218 2274 inimicos,
3278 2223 3384 2263 non

1805 2307 2066 2368 quantum
2105 2298 2310 2354 inimici
2359 2307 2502 2363 sunt,
2537 2299 2632 2354 sed
2664 2305 2922 2368 quantum
2945 2298 3201 2352 homines
3224 2306 3381 2362 sunt;

1804 2387 2033 2458 diligere
2049 2397 2323 2452 naturam,
2352 2377 2529 2442 odisse
2554 2372 2730 2442 vitia:
2758 2395 2814 2441 et
2835 2388 3014 2441 omnia
3039 2403 3158 2455 quae
3189 2389 3241 2440 in
3280 2385 3384 2441 illis

1806 2479 2032 2550 agimus,
2063 2479 2175 2533 sive
2210 2477 2470 2534 beneﬁcia
2518 2475 2825 2546 tribuendo,
2865 2481 2982 2534 sive
3011 2478 3388 2549 corripiendo,

1804 2564 1920 2623 sive
1943 2555 2300 2632 admonendo,
2350 2569 2464 2624 sive
2510 2569 2674 2623 etiam
2724 2568 3260 2632 excommunicando,
3315 2569 3382 2622 ad

1801 2659 1909 2717 hoc
1930 2653 2188 2713 debemus
2209 2657 2410 2723 facere,
2440 2673 2548 2727 non
2566 2666 2629 2712 ut
2655 2657 2857 2714 inimici
2883 2666 3259 2729 permaneant,
3287 2659 3383 2713 sed

1805 2755 1868 2804 ut
1892 2747 2090 2804 fratres
2127 2747 2279 2819 ﬂant.
2307 2747 2444 2816 Quid
2471 2749 2618 2804 enim
2645 2750 2910 2805 orandum
2941 2757 3025 2805 est
3069 2764 3167 2820 pro
3193 2763 3382 2819 perse—

1804 2839 2096 2911 quentibus
2141 2853 2262 2903 nos,
2306 2838 2407 2894 nisi
2456 2839 2602 2909 quod
2649 2838 2936 2909 Apostolus
2982 2839 3075 2902 ait,
3099 2849 3167 2892 .ut
3199 2839 3381 2909 resipi-

1804 2936 1952 2981 scant
1980 2944 2014 2980 a
2037 2926 2234 2981 diaboli
2259 2926 2482 2998 laqueis,
2508 2929 2694 2999 quibus
2718 2931 2855 3000 capti
2877 2939 3114 2984 tenentur
3133 2929 3201 2983 ad
3231 2945 3381 3004 suam
3421 2973 3435 2986 κ

1803 3019 2037 3089 ipsorum
2088 3007 2430 3088 perditibnem
2476 3019 2562 3088 (11
2595 3005 2845 3087 Tim.‘u),
2872 3026 2932 3072 ut
2961 3018 3133 3073 sanati
3165 3017 3232 3071 ab
3279 3019 3382 3073 hac

1802 3106 2012 3163 insania
2038 3107 2310 3162 declinent
2348 3123 2379 3160 a
2402 3107 2543 3161 malo
2564 3100 2618 3162 et
2643 3106 2843 3182 faciant
2868 3108 3096 3171 bonum;
3131 3107 3202 3160 ita
3231 3094 3380 3162 recte

1801 3214 1899 3269 pro
1919 3199 2000 3254 eis
2019 3211 2262 3264 oramus,
2280 3199 2404 3253 dum
2431 3198 2535 3252 hoc
2570 3200 2651 3252 eis
2677 3197 2792 3253 ﬁeri
2821 3197 2964 3266 quod
2989 3195 3142 3252 nobis
3174 3197 3380 3252 deside:
3428 3262 3432 3266 ι

1801 3301 2016 3353 ramus;
2044 3295 2107 3343 ut
2143 3304 2280 3359 quos
2308 3290 2361 3342 in
2387 3289 2638 3358 praesenti
2674 3297 2913 3358 tempore
2941 3287 3176 3358 patimur
3199 3287 3379 3342 inimi-

1800 3397 1915 3445 cos,
1965 3380 2492 3450 peccorrectionem
2535 3380 2660 3436 vita:
2710 3387 2990 3434 consortes
3032 3379 3372 3450 postmodum

1802 3469 2095 3523 habeamus
2126 3469 2178 3523 in
2206 3483 2389 3539 regno.
2421 3468 2606 3540 (Δις.)
2638 3466 2844 3522 Rursus
2871 3468 2959 3523 hic
2994 3467 3235 3522 oboritur
3272 3467 3377 3522 alia
3410 3457 3415 3470 ⁷

1802 3561 2071 3629 quzestio:
2101 3560 2160 3615 Si
2193 3575 2292 3629 pro
2321 3559 2554 3615 inimicis
2590 3575 2691 3614 nos
2727 3559 2988 3615 Dominus
3019 3575 3179 3614 orare
3199 3557 3373 3627 jubet,

1801 3667 1902 3708 cur
1930 3651 2204 3721 apostolus
2237 3650 2474 3718 Joannes
2519 3652 2664 3707 dicat
2713 3669 2726 3704 :
2777 3650 2839 3705 Si
2881 3652 2996 3721 quis
3033 3651 3128 3706 scit
3163 3668 3378 3723 peccare

1803 3743 2020 3814 fratrem
2059 3760 2214 3798 suum
2253 3753 2652 3814 peccatumnon
2694 3743 2763 3797 ad
2798 3751 3033 3806 mortem,
3075 3742 3376 3812 postulabit,

1801 3842 1850 3888 et
1883 3833 2028 3886 dabit
2073 3832 2122 3887 ei
2168 3833 2425 3887 Dominus
2470 3833 2626 3887 vitam
2654 3833 2744 3904 qui
2787 3842 2964 3902 peccat
2994 3849 3096 3889 non
3145 3833 3214 3886 ad
3241 3849 3381 3887 mor-

1802 3932 1902 3976 tem
1933 3937 1952 3974 :
1983 3933 2058 3976 est
2103 3931 2278 3977 autem
2328 3932 2595 3992 peccatum
2649 3922 2718 3976 ad
2747 3932 2984 3994 mortem,
3017 3939 3116 3976 non
3160 3939 3254 3992 pro
3287 3922 3403 3977 illo,

1802 4012 1918 4066 dico
1960 4021 2017 4064 ut
2065 4021 2206 4082 roget
2237 4011 2418 4080 (Joan.
2450 4013 2524 4083 v).
2560 4010 2762 4082 Aperte
2804 4013 2946 4067 enim
2977 4014 3211 4069 ostendit
3259 4028 3380 4070 esse

1800 4104 2061 4174 quosdam
2099 4102 2295 4157 fratres
2320 4117 2417 4172 pro
2445 4103 2643 4171 quibus
2669 4119 2828 4158 orare
2855 4119 2960 4157 non
3001 4102 3155 4157 nobis
3181 4103 3378 4172 praeci-

1802 4193 1968 4262 pitur,
1999 4205 2119 4255 cum
2162 4192 2304 4245 Deus
2349 4191 2512 4244 etiam
2559 4207 2657 4262 pro
2694 4192 3128 4262 persecutoribus
3178 4190 3376 4247 nostris

1805 4289 1963 4337 orare
1991 4297 2090 4335 nos
2111 4281 2317 4351 jubeat.
2356 4280 2464 4336 Nec
2491 4281 2593 4335 ista
2636 4282 2861 4351 quaestio
2889 4281 3021 4336 solvi
3047 4290 3240 4351 potest,
3273 4283 3375 4337 nisi

123 4387 196 4443 Et
241 4378 438 4442 Paulus
465 4365 748 4441 anathema
787 4386 933 4455 cupit
968 4365 1086 4441 esse
1133 4403 1230 4457 pro
1269 4365 1700 4456 persecutoribus

1806 4373 2074 4429 fateamur
2100 4387 2219 4427 esse
2259 4371 2436 4440 aliqua
2483 4381 2702 4442 peccata
2756 4372 3095 4428 in.fratribus
3126 4386 3247 4441 quae
3277 4373 3390 4426 ini-‘

121 4475 244 4531 suis
271 4473 448 4546 (Rom.
491 4475 589 4542 rx).
624 4474 746 4531 llzec
768 4483 944 4530 autem
973 4473 1128 4530 Iesus
1155 4483 1213 4531 et
1249 4476 1427 4532 docuit
1474 4485 1529 4532 et
1553 4476 1698 4540 fecit,

121 4567 320 4624 dicens
360 4582 374 4617 :
410 4563 589 4631 Pater,
643 4566 847 4635 ignosce
888 4565 982 4631 eis,
1017 4565 1143 4634 quid
1182 4565 1317 4618 enim
1363 4563 1583 4634 faciunt,
1615 4582 1702 4620 ne-

119 4658 302 4713 sciunt
330 4655 481 4728 (Luc.
514 4655 692 4727 nm).
735 4653 913 4726 (Δία.)
965 4652 1147 4710 Oritur
1175 4669 1303 4709 sane
1329 4654 1417 4708 hic
1453 4653 1700 4723 quaestio,

120 4764 253 4818 quae
299 4748 475 4803 minus
523 4745 942 4816 intelligentibus
995 4744 1208 4800 videtur
1249 4758 1370 4799 esse
1421 4743 1697 4798 ditlieilis:

120 4831 258 4908 quia
285 4846 340 4892 et
375 4837 426 4892 in
445 4837 718 4907 prophetis
761 4835 1104 4893 inveniuntur
1136 4834 1328 4905 multa:
1351 4836 1698 4905 imprecatio-

118 4942 232 4984 nes
265 4927 520 4982 adversus
552 4926 819 4990 inimicos,
851 4940 968 4994 quae
995 4925 1392 4981 maledictiones
1419 4934 1696 4994 putantur,

114 5015 288 5072 sicuti
319 5023 396 5067 est
438 5015 593 5072 illud:
617 5013 738 5067 Fiat
761 5030 936 5067 mensa
959 5030 1136 5067 eorum
1167 5015 1222 5067 in
1251 5014 1492 5084 laqueum
1522 5007 1695 5082 (Psal.

117 5101 379 5170 ωηατ),
406 5115 456 5156 et
487 5111 674 5158 caetera
721 5119 840 5174 qua:
869 5101 940 5157 ibi
970 5103 1238 5156 dicuntur.
1267 5103 1333 5156 Et
1360 5101 1508 5167 illud,
1542 5101 1696 5171 Fiant

119 5192 231 5262 ﬁlii
271 5191 386 5261 ejus
431 5192 636 5261 pupilli,
664 5203 712 5246 et
755 5209 888 5246 uxor
912 5193 1025 5262 ejus
1056 5194 1209 5247 vidua
1240 5191 1410 5260 (Psal.
1443 5190 1617 5260 cvm),
1647 5200 1700 5246 et

119 5299 254 5357 qum
309 5283 411 5338 alia
448 5284 529 5338 vel
560 5300 720 5355 supra
770 5285 852 5340 vel
902 5283 1039 5339 infra
1092 5285 1144 5339 in
1175 5286 1360 5340 eodem
1409 5284 1615 5353 psalmo
1645 5285 1696 5338 in

120 5378 420 5450 persbnam
441 5375 589 5432 Iuda:
617 5392 712 5446 per
739 5377 1058 5448 Prophetam
1094 5379 1360 5433 dicuntur.
1391 5377 1557 5431 Multa
1597 5377 1700 5432 alia

122 5471 180 5525 in
234 5467 530 5538 Scripturis
557 5470 912 5537 reperiuntur,
953 5485 1076 5539 qum
1099 5471 1380 5538 videantur
1417 5482 1536 5524 esse
1574 5484 1701 5524 con-

122 5561 301 5619 traria
350 5568 401 5617 et
436 5559 560 5614 huic
595 5569 860 5631 percepto
889 5558 1117 5618 Domini,
1157 5570 1210 5614 et
1264 5559 1340 5616 illi
1385 5561 1698 5632 apostolico,

1804 4466 2067 4523 micorum
2112 4463 2483 4534 persecutione
2532 4465 2783 4535 graviora
2841 4465 2968 4519 sint.
3020 4463 3238 4518 Fratres
3278 4464 3376 4519 hos

1804 4539 2144 4612 Christianos
2170 4555 2492 4626 signiﬁcare,
2522 4557 2710 4612 multis
2740 4557 3044 4614 divinarum
3069 4555 3374 4627 Scriptura-

1804 4665 1922 4704 rum
1952 4650 2282 4722 argumentis
2309 4651 2524 4718 probari
2555 4659 2750 4720 potest.
2785 4649 3060 4704 Peccatum
3103 4665 3232 4716 ergo
3261 4649 3374 4704 fra-
3425 4709 3427 4711 ,

1804 4741 1905 4796 tris
1935 4740 2005 4794 ad
2042 4749 2258 4794 mortem
2279 4748 2408 4810 puto
2427 4756 2566 4804 esse,
2593 4741 2732 4809 quod
2773 4747 2893 4807 post
2924 4739 3249 4808 agnitionem
3280 4740 3375 4793 Dei

1805 4850 1903 4904 per
1928 4835 2153 4904 gratiam
2178 4833 2387 4888 Domini
2425 4833 2594 4887 nostri
2624 4831 2748 4887 Jesu
2775 4830 2999 4895 Christi,
3031 4832 3259 4901 quisque
3283 4846 3373 4902 0p-

1802 4937 2002 4998 pugnat
2050 4924 2464 4986 fraternitatem,
2491 4930 2546 4976 et
2592 4921 2851 4976 adversus
2902 4921 3070 4990 ipsam
3124 4921 3369 4991 gratiam,

1751 5027 1754 5031 ‘
1801 5032 1904 5086 qua
1951 5013 2324 5069 reconciliatus
2370 5019 2454 5066 est
2499 5011 2630 5075 Deo,
2677 5011 2983 5066 invidentia:
3032 5009 3238 5069 facibus
3268 5011 3379 5080 agi-

1803 5117 1963 5165 tatur.
1996 5105 2275 5161 Peccatum
2302 5105 2405 5160 hoc
2435 5121 2537 5158 non
2563 5089 2632 5157 ad
2657 5113 2874 5157 mortem
2907 5111 2981 5156 est
3019 5102 3062 5154 si
3087 5102 3373 5169 quisquam

1803 5217 1906 5256 non
1937 5214 2171 5253 amorem
2194 5214 2222 5250 a
2252 5196 2417 5254 fratre
2444 5197 2787 5259 aiienaverit,
2816 5195 2907 5250 sed
2933 5193 3102 5248 ollicia
3125 5193 3372 5246 fraterni-

1804 5291 1897 5345 tati
1926 5289 2098 5341 debita
2125 5304 2218 5357 per
2240 5287 2475 5356 aliquam
2504 5286 2872 5341 inﬁrmitatem
2901 5284 3064 5338 animi
3092 5298 3194 5336 non
3222 5283 3369 5336 exhi-

1802 5377 1996 5433 buerit.
2027 5375 2365 5445 Quapropter
2394 5383 2448 5430 et
2475 5375 2732 5430 Dominus
2762 5373 2812 5426 in
2846 5386 3005 5426 cruce
3031 5372 3105 5425 ait
3135 5381 3150 5419 :
3187 5365 3368 5433 Pater,

1801 5469 2005 5538 ignosce
2057 5467 2182 5532 illis,
2236 5467 2358 5536 quia
2411 5466 2644 5519 nesciunt
2688 5464 2812 5533 quid
2862 5462 3080 5531 faciant.
3123 5459 3369 5520 Nondum

1802 5561 1944 5618 enim
1977 5561 2160 5632 gratia:
2191 5559 2422 5631 Spiritus
2448 5557 2618 5614 sancti
2660 5556 2948 5629 participes
2973 5551 3120 5614 facti.
3143 5552 3369 5620 societas
