3938 6338
473 199 603 297 Δ851

1172 199 1236 252 B.
1276 196 1525 260 RABANI
1567 196 1786 252 MAURI
1821 195 2135 250 ARClllEP.
2177 179 2482 274 HOGUNT.
2522 195 2812 253 OPERUM
2845 198 3023 254 PARS
3058 202 3097 256 l.

3639 207 3756 263 σε

507 318 610 367 tem
648 320 851 368 sancta:
886 310 1254 365 fraternitatis
1299 309 1550 361 inierant.
1614 308 1721 362 ista
1773 304 2067 360 differentia
2099 311 2146 367 Α
2177 306 2339 360 istum
2368 307 2549 363 solem
2597 309 2764 364 mavis
2792 311 3053 378 accipere,
3085 329 3190 368 non
3221 317 3392 371 solum
3443 321 3748 385 hominum,

507 416 846 476 peccatorum
877 402 1066 458 Judam
1108 403 1429 465 tradentem,
1478 417 1508 454 a
1536 401 1703 453 Petro
1747 398 2026 468 distinguit
2055 413 2098 449 :-

509 515 612 550 non
649 496 774 565 quia
795 494 996 563 petenti
1045 508 1148 546 non
1174 492 1245 545 sit
1284 492 1687 561 ignoscendum,
1711 503 1778 542 ne
1803 495 1988 541 contra
2012 485 2076 540 il-

509 586 614 636 lam
632 583 954 654 sententiam
970 581 1176 636 Domini
1195 579 1470 633 veniamus
1490 593 1593 647 qua
1608 577 1766 646 praaci
1775 577 1852 646 pit
1865 591 2077 644 semper

2175 397 2270 450 sed
2315 398 2476 451 etiam
2524 413 2774 466 pecorum
2827 402 3100 468 corporeis
3146 405 3318 459 oculis
3371 408 3744 476 propalatum;

2176 492 2229 537 et
2273 485 2428 539 istam
2483 486 2714 555 pluviam
2745 504 2848 557 qua
2881 487 3084 544 fructus
3111 491 3402 560 gignuntur
3426 499 3518 566 qui
3564 501 3633 553 ad
3665 517 3748 555 ηδ

2176 572 2462 630 fectionem
2509 579 2752 648 corporis
2803 579 2914 633 dati
2964 588 3107 634 sunt.
3141 582 3415 647 Quantum
3456 591 3602 644 enim
3648 594 3748 645 hu-

510 674 896 745 ignoscendum
937 687 1056 726 esse
1089 671 1240 724 fratri
1278 670 1480 740 petenti
1508 679 1568 722 ut
1594 667 1902 733 sihifrater
1928 667 2076 737 igno-
2170 667 2260 736 jus
2284 669 2407 722 vita:
2435 669 2681 724 solatium
2712 671 2899 726 afferat
2927 673 3013 726 lux
3044 674 3146 727 ista
3192 676 3444 743 visibilis,
3475 691 3533 735 et
3566 684 3745 752 pluvia

512 776 660 830 scat;
691 765 783 818 sed
815 765 939 837 quia
968 763 1108 816 illius
1142 761 1349 830 peccati
1382 766 1528 814 tanta
1579 759 1728 812 labes
1753 764 1856 821 est,
1889 765 1948 810 ut
1980 757 2077 810 de-

512 856 765 924 precandi
790 854 1146 909 humilitatem
1171 852 1353 906 suhire
1383 867 1484 904 non
1507 849 1696 919 possit,
1722 848 1933 903 etiamsi
1956 863 2080 918 pec-

514 954 691 998 Caium
713 960 867 998 suum
885 944 1022 997 mala
1049 942 1375 1005 conscientia
1401 955 1692 1010 agnoscere
1721 947 1777 992 et
1800 937 2080 992 enuntiare

515 1038 758 1104 cogatur.
788 1035 923 1089 Cum
944 1036 1085 1088 enim
1109 1033 1242 1088 dixit
1269 1032 1457 1095 ludas,
1489 1031 1733 1094 Peccavi,
1760 1031 1898 1100 quod
1920 1029 2083 1080 tradi-

515 1125 678 1177 derim
705 1125 1010 1194 sanguinem
1047 1123 1250 1191 justum
1282 1120 1497 1190 (Matth.
1544 1118 1733 1188 xxv“),
1765 1117 1974 1171 facilius
2004 1125 2082 1170 ta-

469 1279 472 1286 .
516 1227 637 1263 men
663 1213 1032 1281 desperatione
1055 1210 1296 1263 cucurrit
1322 1208 1388 1262 ad
1419 1210 1686 1277 laqueum,
1720 1223 1880 1278 quam
1901 1207 2080 1262 Immi-

473 1291 476 1294 ’
514 1300 664 1355 litate
714 1301 919 1354 veniam
956 1300 1293 1369 ‘deprecatus
1341 1308 1443 1354 est.
1487 1300 1826 1368 Quapropter
1853 1296 2082 1352 multum

515 1393 740 1444 interest.
763 1391 905 1460 quali
935 1391 1264 1460 poenitentia:
1285 1391 1530 1460 ignoscat
1555 1389 1718 1442 Deus.
1745 1387 1900 1441 Multi
1939 1388 2081 1444 enim

515 1481 680 1553 inalto
705 1481 866 1535 citius
891 1469 950 1535 se
987 1480 1227 1535 fatentur
1255 1496 1528 1550 peccasse,
1561 1489 1722 1549 atque
1742 1481 1811 1534 ita
1835 1479 1936 1534 sibi
1956 1495 2093 1534 suc-

513 1579 736 1626 censent
762 1581 822 1626 ut
847 1574 1191 1628 vehementer
1221 1589 1280 1628 se
1307 1590 1556 1644 peccasse
1594 1574 1824 1641 nollent;
1873 1575 1967 1630 sed
2007 1584 2084 1628 ta-

2177 759 2490 826 corporalis,
2533 762 2653 830 quis
2701 770 2809 815 tam
2862 762 3102 831 ingratus
3132 771 3216 817 est
3262 772 3321 818 ut
3362 782 3467 820 non
3525 772 3742 825 sentiat.

2177 845 2327 912 Quod
2358 848 2607 903 solatium
2637 851 2875 904 videmus
2893 852 3123 921 etjustis
3143 852 3196 905 in
3227 852 3332 906 hac
3373 854 3506 920 vita,
3544 867 3599 911 et
3622 875 3746 927 ραις

2179 939 2450 995 catoribus
2471 935 2828 997 communiter
2853 943 3116 998 exhiberi.
3137 943 3254 998 Non
3279 953 3462 1000 autem
3481 948 3563 1001 ait
3593 967 3606 1001 :
3641 951 3745 1014 Qui

2177 1025 2305 1094 facit
2353 1028 2514 1084 solem
2550 1031 2677 1085 oriri
2703 1048 2857 1101 super
2896 1032 3054 1086 bonos
3080 1042 3129 1087 et
3174 1032 3371 1098 mlas,
3395 1037 3494 1089 sed
3519 1030 3744 1103 addidit,

2179 1132 2354 1183 suum,
2383 1117 2438 1174 id
2483 1127 2584 1186 est,
2607 1135 2765 1190 quem
2806 1123 2919 1192 ipse
2950 1121 3076 1177 fecit
3118 1131 3282 1193 atque
3301 1124 3608 1188 constituit,
3635 1136 3692 1181 et
3716 1145 3744 1181 a

2181 1205 2328 1260 nullo
2354 1206 2553 1276 aliquid
2576 1210 2805 1278 sumpsit
2823 1217 2881 1264 ut
2905 1209 3139 1278 faceret;
3179 1212 3338 1267 sicuti
3385 1213 3442 1266 in
3463 1213 3658 1268 Genesi
3683 1216 3748 1269 de

2183 1295 2433 1350 omnibus
2480 1295 2834 1353 luminaribus
2877 1300 3164 1366 scribitur;
3194 1302 3284 1370 qui
3312 1302 3534 1371 proprie
3579 1311 3748 1371 potest

2185 1384 2364 1440 dicere
2390 1401 2488 1440 sua
2509 1401 2628 1441 esse
2643 1388 2822 1441 omnia
2848 1404 2966 1457 qua:
2987 1390 3053 1445 de
3074 1390 3241 1446 nihilo
3259 1392 3464 1446 creavit
3495 1410 3509 1444 :
3543 1400 3606 1446 ut
3629 1393 3746 1448 hinc

2186 1472 2595 1528 admoneremur
2618 1460 2819 1544 Quanta
2851 1476 3171 1554 liberalitate
3200 1479 3436 1535 inimicis
3461 1482 3660 1536 nostris
3686 1498 3746 1536 ex

2184 1571 2453 1634 praecepto
2482 1565 2598 1635 ejus
2638 1574 2895 1634 przeslare
2922 1568 3234 1634 debeamus,
3257 1584 3377 1647 qua:
3402 1586 3509 1624 non
3541 1572 3744 1624 creavi-

518 1676 637 1713 mcn
688 1662 924 1716 animum
975 1664 1041 1717 ad
1079 1664 1464 1721 humiliandnm
1511 1673 1565 1718 et
1607 1666 2082 1736 obtemperandum
2117 1665 2160 1723 Β
2188 1668 2331 1718 πηοεν
2362 1655 2455 1709 εθά
2483 1658 2794 1712 muneribus
2821 1658 3143 1728 “capimus-

522 1747 920 1823 [obtcrendum]
950 1769 1064 1819 cor,
1097 1754 1596 1824 implorandamque
1622 1756 1831 1809 veniam
1854 1771 1958 1810 non
1990 1757 2085 1810 de-

517 1850 737 1907 ponunt.
777 1842 949 1908 Quam
991 1845 1186 1900 mentis
1225 1844 1560 1899 affectionem
1617 1853 1837 1915 prapter
1881 1846 2086 1914 peccati

516 1933 959 2000 magnitudinem,
978 1936 1092 2005 jam
1116 1936 1180 1992 de
1206 1937 1554 1991 damnatione
1593 1937 1716 1992 illos
1744 1937 1943 1992 habere
1971 1952 2088 1992 cre-

517 2023 747 2077 dendum
770 2033 872 2080 est.
903 2026 968 2079 Et
1002 2028 1102 2082 hoc
1125 2038 1206 2081 est
1235 2027 1463 2082 fortasse
1491 2042 1717 2095 peccare
1743 2027 1797 2081 in
1826 2027 2087 2096 Spiritum

516 2121 786 2180 sanctum,
813 2114 866 2168 id
888 2124 970 2168 est
992 2130 1090 2184 per
1127 2115 1386 2170 malitiam
1413 2123 1466 2172 et
1492 2115 1770 2180 invidiam,
1795 2113 2088 2169 fraternam

516 2217 826 2273 oppugnare
852 2206 1168 2260 charitatem
1197 2215 1316 2276 post
1347 2213 1621 2275 acceptam
1662 2205 1890 2275 gratiam
1920 2203 2089 2274 Spiri-

518 2301 603 2345 tus
635 2295 827 2366 sancti.
853 2296 1002 2361 Quod
1045 2305 1337 2364 peccatum
1370 2296 1628 2350 Dominus
1652 2309 1824 2364 neque
1860 2295 1966 2360 hic,
1995 2309 2087 2348 ne-

517 2399 621 2451 que
662 2384 713 2437 in
745 2382 926 2441 futuro
951 2387 1146 2440 saeculo
1175 2386 1370 2440 dimitti
1433 2386 1584 2440 dicit.
1630 2383 1761 2439 Sine
1808 2384 1914 2437 ulla
1954 2376 2087 2453 ergo

516 2473 848 2530 dubitatione
894 2477 1177 2546 diligamus
1215 2478 1460 2532 inimicos
1503 2487 1741 2542 nostros,
1789 2476 2091 2532 benefacia-

521 2579 640 2618 nms
669 2566 754 2620 his
791 2566 884 2636 qui
912 2566 1140 2621 oderunt
1169 2583 1286 2630 nos,
1311 2575 1368 2621 et
1393 2578 1611 2621 oremus
1629 2582 1729 2635 pro
1751 2566 1830 2621 eis
1855 2566 1949 2638 qui
1971 2581 2088 2634 per-

519 2665 816 2724 sequuntur
828 2673 946 2722 nos,
964 2667 1025 2712 ut
1054 2658 1146 2712 ﬁat
1167 2661 1307 2728 quod
1330 2665 1718 2726 consequenter
1732 2657 1962 2727 positum
1975 2663 2086 2712 est:

593 2747 661 2800 Ut
708 2749 822 2802 sitis
877 2749 976 2818 ﬁlii
1030 2749 1206 2803 Putris
1236 2751 1412 2816 uestri,
1459 2751 1548 2820 qui
1577 2751 1631 2803 in
1673 2749 1813 2804 caelis
1860 2758 1956 2814 est,
2000 2734 2091 2821 qui

519 2839 679 2892 salem
738 2856 892 2894 suum
939 2842 1068 2895 oriri
1115 2842 1239 2912 facit
1284 2860 1440 2914 super
1497 2843 1655 2898 borios
1709 2851 1758 2898 et
1813 2841 2000 2907 malos,
2041 2853 2088 2897 et

520 2929 649 3000 pluit
694 2948 852 3002 super
867 2934 1041 3002 justas
1070 2946 1114 2988 et
1141 2936 1383 3005 injustas.
1415 2935 1596 2990 Prima
1631 2951 1759 3005 pars
1785 2931 1943 3004 hujus
1966 2949 2089 2990 sen-

2262 1744 2322 1800 Si
2359 1747 2496 1800 enim
2527 1747 2740 1816 diligitis
2771 1765 2855 1802 eos
2887 1750 2978 1820 qui
3005 1767 3092 1804 vos
3121 1750 3367 1821 diligunt,
3413 1768 3575 1821 quam
3623 1769 3751 1804 mer.

2188 1835 2362 1888 cedem
2401 1835 2672 1901 habebitis,
2725 1854 2896 1891 nonne
2919 1849 2966 1891 et
2986 1839 3260 1909 publicani
3292 1841 3390 1894 Irae
3421 1840 3670 1909 faciunt!
3689 1839 3747 1893 Et

2187 1927 2232 1980 si
2255 1927 2599 2003 salutaveritis
2627 1930 2814 1999 fratres
2851 1941 3043 1986 vestros
3093 1942 3316 1999 tantum,
3355 1918 3487 2005 quid
3534 1936 3750 2005 mplius

2189 2017 2389 2087 facitis,
2429 2035 2597 2074 nonne
2619 2031 2667 2074 et
2688 2021 2876 2076 ethnici
2917 2022 3014 2075 hac
3051 2023 3293 2092 faciunt?
3316 2022 3544 2095 (ωσι.)
3582 2025 3754 2080 Publi~

2188 2124 2352 2167 canos
2373 2112 2588 2182 quidem
2614 2111 2804 2176 Judaei,
2851 2123 3129 2170 exactores
3159 2116 3430 2171 Romanos
3469 2119 3750 2181 vocabant,

2189 2200 2278 2267 qui
2309 2200 2373 2254 de
2417 2203 2689 2270 republica
2732 2218 2915 2259 curam
2940 2205 3228 2260 habebant.
3258 2206 3525 2260 Dicuntur
3553 2208 3647 2262 hic
3665 2223 3751 2276 pu-

2187 2292 2407 2359 blicani,
2434 2295 2524 2362 qui
2553 2296 2764 2364 publica
2804 2297 3082 2368 vectigalia
3109 2295 3348 2368 exigunt,
3377 2300 3470 2366 qui
3501 2298 3634 2370 [vel]
3665 2317 3754 2369 pu—

2187 2381 2330 2436 blica
2367 2383 2581 2453 negotia
2625 2383 2804 2438 saeculi
2853 2384 3001 2440 lucra
3042 2393 3337 2441 sectantur.
3365 2387 3585 2443 Ethnici
3615 2391 3750 2444 enim

2187 2469 2393 2537 Graece,
2442 2471 2634 2527 Latine
2683 2484 2870 2545 gentes
2911 2475 3178 2531 dicuntur.
3227 2476 3361 2532 Nam
3400 2477 3543 2541 rem
3571 2480 3754 2535 Graec

2187 2575 2319 2629 gens
2341 2561 2556 2616 dicitur.
2581 2563 2758 2632 Atque
2783 2565 2903 2620 ideo
2920 2566 3147 2639 gentiles
3169 2569 3458 2636 nuncupati
3490 2578 3641 2632 sunt,
3663 2573 3750 2639 qui

2192 2652 2326 2707 tales
2352 2639 2479 2710 sunt
2504 2661 2562 2709 ut
2598 2655 2812 2712 fuerunt
2830 2658 3019 2730 geniti,
3045 2660 3146 2715 sub
3163 2662 3616 2730 peccato-scilicet
3644 2663 3750 2716 ido-

2188 2741 2255 2796 lis
2288 2743 2601 2800 servientes.
2626 2747 2772 2804 Talis
2788 2741 2931 2804 enim
2952 2749 3007 2804 in
3041 2750 3144 2806 hac
3176 2751 3445 2822 Evangelii
3489 2753 3750 2806 sententia

2190 2847 2396 2889 sensus,
2423 2843 2506 2890 est
2533 2853 2546 2889 :
2573 2835 2631 2891 Si
2673 2839 2835 2894 etiam
2879 2841 3146 2910 publicani
3180 2849 3235 2897 et
3263 2842 3464 2898 ethnici
3511 2857 3645 2913 erga
3673 2845 3748 2896 di-

2192 2923 2421 2984 lectores
2445 2943 2572 2985 suos
2592 2938 2782 2985 natura
2805 2933 2940 2988 duce
2959 2942 3154 2988 norunt
3175 2949 3295 2989 esse
3315 2934 3568 2998 benefici,
3592 2951 3754 3005 quan-

523 3021 706 3074 tentia:
735 3036 800 3074 ex
837 3021 924 3073 illa
952 3023 1130 3092 regula
1163 3024 1504 3094 intelligenda
1533 3031 1616 3078 est
1639 3040 1748 3093 qua
1773 3033 1829 3077 et
1851 3023 2086 3079 Joannes
2113 3009 2156 3070 (ἶ
2191 3027 2302 3070 mm
2337 3034 2454 3086 V08.
2475 3016 2685 3092 inquit,
2724 3024 2916 3094 quibus
2939 3029 2998 3087 ut
3029 3026 3226 3098 gradus
3247 3021 3605 3097 professionis
3645 3026 3755 3081 exi-

462 3115 468 3123 ’
521 3110 649 3162 dicit
681 3130 691 3163 :
723 3109 876 3163 Dedit
905 3110 1006 3164 illis
1037 3121 1336 3179 potestatem
1361 3113 1500 3180 ﬁlias
1531 3112 1625 3166 Dei
1657 3114 1773 3180 fieri
1801 3112 1983 3182 (loan.
2019 3116 2081 3185 ι).

526 3200 674 3254 Unus
720 3202 864 3254 enim
901 3202 1224 3257 naturaliter
1270 3203 1438 3257 Filius
1484 3203 1578 3257 Dei
1625 3212 1729 3269 est,
1773 3204 1862 3273 qui
1917 3206 2088 3260 nescit

519 3293 738 3346 omnino
781 3307 1007 3362 peccare
1056 3312 1068 3347 :
1125 3308 1220 3348 nos
1249 3303 1425 3348 autem
1450 3302 1716 3364 potestate
1737 3303 1958 3366 accepta
1976 3295 2088 3351 elli-

520 3382 692 3436 cimur
711 3380 827 3447 filii,
865 3383 918 3436 in
947 3392 1203 3452 quantum
1228 3397 1291 3438 ea
1313 3400 1433 3455 qua:
1459 3385 1528 3440 ab
1556 3385 1647 3439 illo
1675 3384 2084 3455 praecipiuntur,

520 3477 821 3556 implemus.
852 3479 1002 3536 Unde
1039 3489 1094 3534 et
1119 3479 1406 3551 apostolica
1442 3479 1720 3550 disciplina
1743 3480 2086 3550 adoptionem

521 3568 770 3638 appellat,
799 3586 906 3640 qua
949 3571 1005 3624 in
1053 3578 1309 3626 aeternam
1337 3571 1702 3626 haereditatem
1727 3586 2002 3635 vocamur,
2028 3578 2090 3626 ut

520 3660 827 3714 colizeredes
868 3661 1068 3716 Christi
1115 3677 1236 3715 esse
1275 3663 1559 3732 possimus.
1600 3661 1721 3716 Filii
1747 3677 1877 3732 ergo
1927 3661 2090 3718 cilici-

521 3767 641 3807 mur
676 3753 1082 3822 regeneratione
1105 3753 1352 3823 spiritali,
1378 3761 1434 3809 et
1453 3754 1835 3822 adoptamurin
1867 3768 2089 3824 regnum

521 3841 642 3904 Dei,
672 3858 778 3897 non
815 3850 1067 3913 tanquam
1097 3843 1275 3910 alieni,
1305 3845 1399 3899 sed
1449 3852 1702 3914 tanquam
1728 3844 1797 3899 ab
1844 3843 1934 3898 illo
1960 3843 2095 3898 facti

522 3945 577 3989 et
603 3936 797 4002 creati,
826 3935 880 3991 id
901 3944 985 3991 est
1030 3937 1228 3991 conditi
1255 3949 1302 4002 ε,
1342 3945 1399 3990 ut
1436 3952 1600 3991 unum
1629 3934 1950 3991 beneficium
1993 3934 2078 3998 sit,

488 4064 490 4067 -
523 4041 630 4096 quo
679 4043 777 4082 nos
825 4025 954 4082 fecit
981 4043 1100 4083 esse
1148 4043 1245 4098 per
1290 4029 1733 4097 omnipotentiam
1763 4043 1936 4093 suam,
1966 4042 2088 4081 cum

519 4128 646 4173 ante
687 4120 817 4173 nihil
841 4135 1114 4185 essemus;
1152 4120 1399 4185 alterum,
1429 4137 1536 4190 quo
1558 4121 1849 4188 adoptavit,
1879 4129 1937 4173 ut
1963 4136 2088 4174 cum

521 4224 584 4262 eo
617 4218 866 4278 tanquam
926 4210 1019 4264 filii
1070 4211 1176 4264 vita
1222 4218 1420 4264 teterna
1462 4225 1559 4279 pro
1587 4219 1766 4264 nostra
1798 4209 2086 4279 participa—

522 4300 663 4353 tione
691 4298 1010 4353 frucremur.
1044 4299 1227 4368 Itaque
1280 4314 1387 4352 non
1421 4299 1496 4352 ait
1531 4316 1542 4350 :
1576 4297 1761 4353 Facite
1789 4298 1913 4361 ista,
1959 4297 2086 4366 quia

2190 3108 2344 3172 mior,
2403 3109 2478 3164 ita
2507 3124 2636 3166 cura
2673 3129 2895 3172 necesse
2935 3126 3020 3173 est
3046 3118 3121 3174 sit
3166 3119 3382 3174 virtutis
3407 3111 3652 3185 uberior,
3680 3119 3754 3173 la-

2189 3196 2346 3254 tioris
2390 3198 2511 3254 sinu
2555 3202 2858 3262 dilectionis
2903 3207 3153 3278 amplecti
3203 3209 3412 3265 debetis
3452 3211 3620 3264 etiam
3652 3226 3752 3265 non

2189 3294 2452 3343 amantes.
2500 3289 2652 3347 Unde
2704 3296 2932 3365 quaesito
2967 3298 3182 3370 dignum
3221 3301 3436 3356 videtur
3487 3303 3760 3371 quomodo

2189 3391 2311 3432 cum
2357 3380 2620 3438 Dominus
2643 3398 2738 3439 eos
2763 3387 2855 3455 qui
2881 3387 3165 3459 diligentes
3197 3405 3256 3446 se
3303 3390 3476 3446 solum
3507 3392 3754 3460 diligunt,

2188 3467 2649 3528 benefacientibus
2693 3475 2796 3530 sibi
2853 3477 3193 3535 benefaciunt
3244 3481 3455 3545 amicis,
3513 3481 3754 3536 ferantur

2191 3573 2297 3613 non
2330 3561 2488 3615 modo
2510 3562 2800 3632 perfectam
2823 3583 2930 3628 non
2958 3569 3157 3624 habere
3193 3571 3540 3637 charitatem,
3572 3590 3750 3628 verum

2189 3652 2560 3718 peccatoribus
2609 3656 2926 3727 :equiparari
2967 3667 3192 3716 testatur
3239 3662 3326 3716 ille
3362 3667 3602 3732 pectoris
3661 3667 3754 3720 Da-

2191 3739 2373 3795 minlci
2430 3743 2718 3812 recubitor,
2766 3747 3057 3818 Epistolam
3083 3750 3151 3806 de
3177 3752 3270 3806 Dei
3310 3762 3366 3806 et
3417 3755 3648 3823 proximi
3679 3758 3754 3810 cti-

2189 3828 2418 3886 lectione
2440 3847 2845 3903 consummans,
2885 3854 2953 3893 ne
2976 3840 3182 3910 uspiam
3211 3841 3458 3898 inimicos
3483 3847 3756 3900 monrrcrit

2187 3932 2308 3974 esse
2335 3920 2651 3993 diligendus,
2690 3927 2782 3982 sed
2814 3926 3055 3984 absolute
3081 3930 3281 3987 dixerit
3307 3952 3322 3987 :
3353 3932 3504 4001 Quod
3540 3937 3586 3990 si
3633 3937 3753 3989 dili-

2188 4027 2371 4080 gamus
2414 4014 2652 4082 inaicem,
2674 4017 2814 4073 Deus
2841 4021 2896 4075 in
2923 4020 3068 4075 nobis
3093 4034 3286 4088 manet,
3308 4035 3356 4078 et
3383 4025 3615 4082 charitas
3638 4029 3758 4097 ejus

2186 4104 2243 4168 in
2263 4105 2407 4159 nobis
2429 4108 2656 4176 perfecta
2681 4121 2757 4165 est
2773 4111 2823 4182 (I
2835 4111 2990 4168 Joan.
3010 4111 3106 4184 tv).
3130 4112 3279 4181 Quod
3303 4116 3348 4170 si
3370 4131 3530 4186 quem
3549 4128 3754 4181 movet,
3843 4166 3846 4168 .

2189 4195 2324 4248 sciat
2361 4211 2481 4251 eum
2517 4214 2622 4253 non
2653 4201 2718 4255 de
2763 4202 3098 4258 inimicorum
3132 4219 3315 4260 amore
3357 4207 3624 4272 docuisse,
3659 4209 3749 4262 sed

2189 4293 2244 4338 et
2274 4286 2390 4341 illos
2412 4285 2637 4342 fratrum
2665 4292 2878 4346 nomine
2898 4295 3386 4363 comprehendisse,
3417 4296 3751 4368 fraternique

519 4392 646 4444 estis
676 4391 797 4456 mn;
830 4393 920 4445 sed
951 4390 1110 4444 facite
1140 4366 1240 4445 ista
1276 4400 1330 4443 ut
1353 4391 1465 4445 silis
1494 4390 1609 4458 ﬁlii.
1641 4389 1773 4444 Cum
1811 4396 1989 4444 autem
2013 4388 2084 4442 ad
2110 4366 2161 4425 D
2189 4377 2389 4430 amoris
2443 4377 2659 4449 ίηιιιίιιι.
2685 4381 2847 4451 diligi.
2875 4391 2928 4436 ει
2977 4399 3073 4452 pro
3099 4385 3178 4439 eis
3221 4387 3543 4456 incepisse
3571 4403 3750 4452 omo.

521 4483 621 4535 hoc
648 4498 745 4536 nos
773 4491 930 4537 vocat
966 4498 1060 4552 per
1092 4484 1259 4550 ipsum
1293 4482 1651 4554 Unigenitum,
1680 4482 1745 4537 ad
1773 4479 2083 4536 similitudi-

520 4586 639 4623 nem
676 4586 828 4624 suam
875 4586 973 4624 nos
1008 4579 1180 4626 vocat.
1207 4571 1295 4625 llle
1325 4573 1486 4635 enim,
1519 4571 1658 4625 sicut
1693 4571 2085 4639 consequenter

520 4659 668 4723 dicit,
699 4658 858 4712 salem
884 4675 1036 4712 suum
1064 4661 1192 4712 oriri
1223 4659 1348 4727 facit
1370 4676 1524 4728 super
1545 4659 1702 4712 bonas
1729 4669 1776 4713 et
1804 4659 1990 4725 malos,
2034 4668 2083 4714 et

519 4750 649 4819 pluit
674 4767 826 4820 super
846 4750 1018 4819 justas
1060 4760 1106 4803 et
1143 4749 1384 4818 injustas.
1418 4749 1543 4804 Sive
1567 4749 1728 4803 solem
1764 4766 1939 4814 suum,
1975 4763 2094 4805 non.

521 4837 682 4891 istum
705 4840 915 4893 carneis
937 4839 1104 4892 oculis
1123 4837 1388 4892 visibilem
1407 4839 1661 4906 accipias,
1689 4838 1782 4892 sed
1811 4838 1955 4890 illam
1987 4852 2078 4891 sa-

519 4928 799 4998 pientiam,
848 4929 913 4982 de
965 4945 1067 4997 qua
1107 4931 1300 4983 dicitur
1355 4947 1368 4982 :
1428 4928 1638 4983 Candor
1663 4938 1738 4982 est
1778 4929 1914 4982 enim
1948 4927 2079 4980 lucis

521 5027 728 5073 αἰέν-ηαξ
785 5014 936 5086 (Sap.
1003 5016 1130 5086 vn);
1182 5018 1247 5071 de
1295 5035 1398 5088 qua
1462 5020 1590 5072 item
1637 5019 1870 5072 dicitur:
1920 5016 2079 5072 Ortus

520 5119 596 5162 est
662 5107 789 5159 mihi
835 5107 1056 5174 justitia:
1105 5106 1202 5158 sol.
1261 5108 1329 5160 Et
1393 5109 1584 5162 iterum
1642 5127 1654 5160 :
1714 5106 1867 5160 Vobis
1904 5117 2078 5160 autem

517 5200 608 5269 qui
647 5198 835 5251 timetis
884 5213 1068 5275 nomen
1104 5196 1330 5259 Domini,
1364 5199 1557 5249 orietur
1574 5197 1650 5250 sol
1668 5198 1891 5266 justitia:
1930 5193 2074 5265 (Ma-

520 5292 657 5344 lacti.
695 5291 788 5360 rv).
839 5289 911 5345 Ut
938 5289 1100 5342 etiam
1127 5285 1378 5357 pluviam
1429 5289 1657 5356 accipias
1714 5287 2080 5357 irrigationem

521 5383 773 5437 doctrina:
803 5381 1061 5445 veritatis,
1094 5380 1218 5448 quia
1268 5385 1321 5431 et
1355 5378 1508 5432 bonis
1533 5386 1588 5431 et
1614 5378 1767 5431 malis
1808 5377 2074 5445 apparuit,

522 5481 576 5527 ct
631 5474 781 5527 bonis
819 5482 871 5527 et
901 5473 1052 5527 malis
1094 5470 1492 5540 evangelizatus
1545 5478 1628 5523 est
1663 5470 1919 5524 Christus.
1952 5468 2076 5522 Sive

592 5597 613 5622 ο
649 5583 714 5636 Id
743 5596 813 5638 est
837 5585 1051 5651 conditi,
1083 5584 1252 5649 glosszv
1281 5591 1426 5636 certe

2189 4463 2394 4519 scilicet
2426 4474 2483 4519 ut
2509 4483 2612 4523 non
2643 4484 2853 4540 semper
2888 4473 3087 4528 inimici
3117 4487 3450 4543 remaneant,
3500 4479 3594 4533 sed
3622 4482 3749 4534 resi-

2187 4556 2396 4624 piscant
2423 4573 2453 4610 a
2481 4559 2672 4614 diaboli
2702 4561 2925 4632 laqueis,
2957 4564 3218 4635 nobisque
3243 4565 3499 4636 germano
3546 4570 3745 4626 findere

2187 4648 2477 4703 sociantur.
2513 4649 2622 4706 Nec
2663 4653 2854 4707 durum
2893 4655 3138 4710 videatur
3167 4660 3305 4726 quod
3355 4661 3592 4714 nondum
3622 4677 3742 4716 cre-

2188 4739 2394 4800 dentes,
2434 4749 2650 4809 propter
2680 4757 2828 4812 spem
2853 4729 3033 4799 tamen
3062 4747 3310 4802 credendi
3344 4748 3540 4804 fratres
3568 4752 3743 4818 appel-

2187 4827 2282 4882 lari
2331 4845 2488 4898 posse
2542 4832 2786 4888 dicimus.
2843 4833 2991 4889 Nam
3021 4836 3160 4891 idem
3195 4837 3427 4895 Joannes
3451 4857 3545 4896 eos
3583 4845 3740 4898 etiam

2184 4918 2319 4986 filios
2367 4920 2463 4974 Dei
2500 4937 2691 4977 vocare
2718 4923 2912 4994 legitur
2939 4943 2953 4978 :
2984 4925 3135 4991 Quod
3178 4927 3352 4996 Iesus,
3399 4932 3593 5002 inquit,
3627 4952 3738 4989 lto—

2184 5011 2381 5064 riturus
2408 5021 2518 5075 erat
2549 5029 2641 5080 pro
2669 5026 2832 5081 geme,
2859 5023 2906 5067 et
2934 5032 3038 5069 non
3079 5019 3281 5071 tantum
3325 5038 3419 5088 pro
3464 5034 3630 5092 gente,
3652 5028 3739 5078 sed

2184 5101 2398 5167 utfilios
2427 5101 2546 5167 Dei,
2572 5104 2659 5172 qui
2685 5113 2830 5156 erant
2857 5105 3096 5174 dispersi,
3142 5122 3471 5181 congregaret
3499 5115 3552 5166 in
3581 5133 3737 5169 unum

2185 5191 2362 5261 (Joaa.
2389 5193 2484 5265 χι).
2510 5195 2754 5260 Quandiu
2774 5198 2919 5250 enim
2945 5199 3190 5268 dispersi,
3217 5205 3450 5258 nondum
3478 5207 3572 5262 filii
3598 5219 3735 5273 sunt;

2182 5285 2275 5337 sed
2300 5286 2663 5341 conveniendo
2691 5288 2743 5341 in
2775 5305 2936 5343 unum
2969 5288 3081 5358 jam
3117 5291 3417 5349 efliciuntur
3447 5295 3565 5350 filii.

2253 5375 2429 5429 Estote
2458 5393 2577 5446 ergo
2627 5394 2710 5432 vos
2735 5379 2963 5450 perfecti,
2994 5382 3126 5434 sicut
3153 5391 3202 5434 et
3238 5381 3402 5437 Pater
3437 5397 3605 5441 uester
3640 5401 3736 5440 ca:-

2179 5464 2318 5520 lcstis
2346 5467 2600 5536 perfectus
2643 5479 2737 5523 cst.
2780 5469 2907 5526 Sine
2929 5472 3032 5526 ista
3071 5472 3376 5540 dilectione,
3427 5492 3535 5547 qua
3554 5486 3610 5533 et
3636 5475 3736 5531 ini-
