3938 6308
186 259 296 318 833

1143 258 1494 319 causam.
1536 228 1601 313 is
1642 257 2070 315 inmunem.
2100 287 2167 299 —
2206 258 2332 313 LIB.
2374 257 2436 313 ιι.

3320 262 3424 322 833

187 369 358 423 mices
388 376 445 424 et
471 377 844 439 persecutores
886 378 1100 425 nostros
1130 372 1348 440 diligere
1368 371 1639 440 jubemur,
1680 385 1743 424 ea
1774 378 1818 437 Α
1848 378 1966 423 tuus
1980 370 2091 424 oleo
2106 372 2465 425 exsul.'ationis
2478 372 3231 445 prmparticiptbustuis(Psal.
3251 378 3418 449 κων).

183 475 306 527 qua:
329 459 578 529 superius
619 461 761 515 dicta
785 472 929 526 sunt,
961 463 1185 533 implere
1210 464 1330 532 quis
1358 461 1574 532 potest?
1616 461 1747 515 Per-

180 551 363 605 fcctio'
397 558 577 604 autem
632 536 1173 623 misericorditcpqua
1220 556 1508 623 plurimum
1559 554 1750 606 animae

182 642 450 696 laboranti
478 627 791 709 consulitur,
822 646 962 700 ultra
1005 646 1342 700 dilectionem
1366 646 1573 700 inimici
1621 660 1746 715 por-

181 729 284 800 rigi
335 745 441 785 non
475 740 671 799 potest.
699 734 765 787 Et
802 735 922 789 ideo
949 736 1026 789 sic
1053 735 1320 813 clauditur
1350 753 1362 787 :
1404 735 1579 790 Estote
1628 752 1749 807 ergo

180 838 271 874 eos
312 821 549 889 perfecti,
586 824 718 877 sicut
768 822 930 878 Pater
957 835 1120 879 vester
1140 827 1229 894 qui
1258 826 1311 878 in
1357 826 1494 880 ralis
1527 838 1621 892 est,
1656 829 1746 897 qui

179 914 452 984 perfectus
497 924 600 971 est.
653 916 729 971 lta
775 926 954 971 tamen
990 926 1051 971 ut
1092 918 1236 971 Deus
1279 917 1600 988 intelligatur
1628 937 1747 991 per-

179 1002 355 1058 fectus
398 1013 459 1059 ut
484 1004 641 1070 Deus,
668 1013 725 1061 et
755 1007 933 1060 anima
975 1006 1211 1075 perfecta
1259 1015 1510 1076 tanquam
1545 1010 1742 1064 anima.

176 1094 418 1150 Crudum
454 1106 634 1153 tamen
661 1113 782 1158 esse
814 1099 1045 1167 aliquem
1087 1098 1475 1155 Pharisaeorum
1502 1099 1745 1169 justitim,

173 1202 300 1256 qua:
334 1190 402 1242 ad
440 1198 675 1245 veterem
719 1189 889 1261 legem
934 1191 1185 1260 perlinat,
1238 1192 1363 1248 hinc
1409 1193 1742 1263 intelligitur,

173 1279 320 1347 quod
347 1279 693 1334 manifestum
719 1296 785 1335 ex
814 1280 902 1333 his
923 1280 1209 1349 praeceptis
1247 1296 1460 1337 onmem
1499 1294 1743 1338 nostram

176 1369 531 1423 intentionem
563 1370 618 1423 in
650 1370 907 1423 interiora
929 1369 1121 1450 gaudia
1143 1371 1319 1442 dirigi,
1351 1387 1418 1425 ne
1445 1371 1575 1427 foris
1600 1388 1747 1442 qum—

1854 460 1918 513 Et
1948 461 1997 514 id
2044 462 2279 532 praecipi,
2319 469 2377 515 ut
2400 468 2719 516 exercentes
2749 462 2998 527 virtutes,
3026 464 3255 535 spiritali
3298 466 3422 521 oleo

1848 550 2155 619 principale
2190 553 2369 607 cordis
2412 552 2580 605 nostri
2637 566 2845 621 ungere
2897 552 3184 608 debeamus
3234 554 3420 626 (Auq.)

1850 639 1960 691 ltoc
1981 641 2121 693 enim
2146 644 2604 711 rectcaccipinnts
2626 650 2786 710 caput
2826 643 2969 710 quod
3005 644 3055 696 in
3081 646 3259 699 anima
3278 662 3420 717 pra:-

1846 729 2064 794 eminet,
2120 743 2173 785 et
2219 748 2327 801 quo
2369 743 2557 787 caztera
2602 733 2836 787 hominis
2884 732 2997 801 regi
3026 742 3085 786 et
3131 736 3418 803 gubernari

1848 818 2191 872 manifestum
2232 828 2336 874 est.
2374 822 2442 874 Et
2480 823 2582 875 hoc
2614 821 2763 885 facit,
2795 821 2886 889 qui
2934 835 3039 875 non
3069 820 3201 876 foris
3229 828 3421 892 quaerit
3498 858 3501 859 ν

1848 906 2112 973 Iustitiam,
2162 917 2219 962 ut
2270 909 2338 964 de
2389 910 2634 964 laudibus
2677 910 2952 964 hominum
2987 912 3278 967 carnaliter
3298 931 3421 986 gau-

1847 996 1990 1049 deat.
2019 996 2157 1051 Caro
2194 1008 2395 1063 autem,
2441 1016 2558 1068 qum
2604 1000 2846 1069 subjecta
2887 1015 3009 1054 esse
3044 1003 3232 1067 debet,
3276 1004 3420 1060 nullo

1846 1089 2005 1142 modo
2036 1099 2119 1143 est
2154 1092 2317 1146 totius
2365 1080 2571 1146 naturai
2614 1094 2861 1146 humana:
2881 1102 3063 1161 caput.
3100 1095 3267 1148 Nemo
3298 1098 3421 1165 qui-

1847 1179 1967 1234 dem
1998 1197 2229 1250 unquam
2254 1198 2461 1235 carnem
2488 1199 2637 1236 suam
2660 1183 2779 1235 odio
2802 1182 3006 1248 habuit,
3038 1184 3179 1238 sicut
3200 1185 3419 1255 Aposto-

1845 1265 1930 1320 lus
1962 1268 2093 1323 dicit
2121 1268 2337 1341 (Ephes.
2386 1268 2462 1340 v),
2493 1285 2615 1325 cum
2644 1271 2711 1325 de
2739 1270 3010 1342 diligenda
3036 1287 3206 1327 uxore
3232 1276 3421 1344 pracci-

1844 1355 1924 1423 pit
1978 1374 1992 1405 :
2048 1357 2201 1412 Sicut
2240 1368 2395 1429 caput
2444 1359 2679 1413 mulieris
2724 1350 2835 1423 vir,”
2889 1363 2976 1415 cui
3008 1363 3116 1416 viro
3160 1374 3316 1433 caput
3345 1376 3420 1419 est

171 1467 356 1513 "mles
406 1459 706 1513 mercedem
757 1459 886 1514 huic
950 1441 1144 1514 δωέυιο
1211 1441 1633 1526 conﬁrmem”;
1691 1470 1747 1515 ει
1848 1441 2106 1499 Christus.
2158 1449 2387 1505 Interius
2430 1466 2558 1520 ergo
2611 1453 2841 1522 gaudeat
2888 1453 2940 1506 in
2961 1453 3170 1525 jejunio
3211 1472 3327 1522 suo,
3357 1474 3421 1514 eo

169 1549 485 1604 amittamus
526 1551 939 1620 promissionem
973 1558 1118 1605 tanto
1147 1549 1417 1607 solidioris
1462 1560 1622 1621 atque
1657 1551 1746 1606 tir-

1849 1532 1963 1601 ipso
1989 1550 2096 1603 quo
2121 1538 2200 1591 sic
2228 1537 2519 1607 jejunando
2554 1556 2613 1595 se
2634 1544 2833 1595 avertit
2861 1558 2890 1597 a
2912 1543 3189 1601 voluntate
3209 1550 3414 1616 saeculi,

173 1630 388 1703 inioris,
414 1648 616 1708 quanto
639 1640 909 1695 interioris
927 1640 1298 1704 beatitudinis,
1326 1657 1432 1712 qua
1458 1657 1559 1696 nos
1584 1642 1745 1712 elegit

1848 1631 1906 1677 ut
1930 1625 2001 1679 sit
2020 1627 2266 1683 subditus
2283 1629 2519 1695 Christo,
2541 1632 2632 1700 qui
2659 1633 2951 1687 secundum
2969 1636 3072 1691 hoc
3091 1652 3416 1712 przeceptum

170 1727 316 1781 Deus
338 1730 631 1798 confertius
667 1730 786 1799 ﬁeri
820 1731 1065 1800 imaginis
1104 1729 1229 1783 Filii
1254 1732 1337 1784 sui
1375 1730 1552 1802 (Rom.
1600 1733 1739 1805 vni).

1848 1726 2013 1786 caput
2036 1728 2254 1773 unctum
2285 1720 2486 1776 habere
2516 1722 2803 1776 desiderat.
2853 1723 2931 1777 lta
2960 1725 3102 1779 enim
3134 1737 3189 1781 et
3229 1731 3417 1799 facient

171 1816 407 1871 Verbum
427 1820 794 1881 meminent,
835 1820 977 1888 quod
1004 1820 1057 1872 in
1086 1820 1464 1873 ecclesiasticis
1508 1819 1747 1890 Scriptu-

166 1907 252 1962 ris
269 1908 404 1961 vitio
428 1909 782 1977 interpretum
804 1908 991 1961 tritum
1013 1916 1114 1972 est,
1148 1909 1290 1961 aliud
1316 1907 1487 1963 multo
1532 1908 1745 1978 signiﬁ-

164 2006 261 2057 cat
290 2012 454 2065 quam
496 1997 655 2066 vulgo
680 1998 1011 2068 intelligitur.
1038 2020 1041 2023 λ
1066 1999 1510 2054 Esterminantur
1550 2000 1746 2070 quippe

165 2088 409 2152 exsules,
433 2088 524 2158 qui
545 2088 833 2141 mittuntur
845 2097 999 2142 extra
1038 2088 1316 2143 terminos.
1341 2088 1448 2144 Pro
1472 2091 1576 2145 hoc
1615 2104 1747 2161 ergo

165 2191 440 2243 sermone,
486 2176 846 2231 demetiuntur
901 2192 1120 2248 semper
1163 2180 1410 2249 accipere
1463 2180 1740 2235 debemus.

166 2266 469 2323 Detnolitur
489 2276 667 2321 autem
695 2268 977 2338 hypocrita
998 2266 1195 2323 faciem
1218 2283 1372 2323 suam
1401 2275 1458 2322 ut
1480 2266 1744 2336 justitiam

163 2349 413 2421 simulet,
458 2366 515 2410 et
565 2357 749 2411 animo
775 2356 917 2412 forte
961 2357 1198 2423 laetante,
1244 2358 1445 2414 luctum
1480 2367 1651 2429 gestet
1688 2360 1742 2415 in

166 2447 341 2502 vultu.
380 2446 565 2520 (Δίῃ.)
593 2449 650 2502 ln
680 2448 783 2504 hoc
811 2444 989 2504 autem
1025 2450 1257 2519 capitulo
1292 2452 1527 2507 maxime
1565 2452 1739 2506 anim-

162 2538 551 2593 advertendum
600 2549 682 2594 est
739 2532 807 2594 ne
853 2541 910 2595 in
962 2540 1077 2596 solo
1126 2554 1307 2595 rerum
1360 2557 1738 2612 eorporearum

162 2629 344 2682 uitae
388 2636 552 2696 atque
598 2644 812 2698 pompa,
851 2630 945 2684 sed
995 2630 1156 2684 etiam
1214 2630 1269 2682 in
1319 2631 1449 2699 ipsis
1488 2631 1740 2687 sordibus

162 2716 425 2772 luctuosis
465 2730 589 2772 esse
636 2731 796 2786 posse
819 2716 1155 2785 iactantiam,
1186 2727 1257 2772 et.
1284 2732 1350 2773 eo
1392 2719 1741 2789 periculosio-

164 2820 308 2870 rem,
356 2818 466 2874 quo
493 2804 594 2859 stili
641 2806 859 2859 nomine
901 2806 1174 2861 servitutis
1229 2805 1323 2861 Dei
1376 2807 1593 2879 decipit.
1638 2808 1739 2876 Qui

161 2910 296 2964 ergo
337 2894 690 2949 immoderato
712 2894 857 2948 cultu
899 2895 1145 2965 corporis
1172 2904 1335 2966 atque
1370 2898 1615 2965 vestitus,
1656 2900 1740 2954 vel

162 2994 487 3041 cauerarum
535 3000 717 3040 rerum
761 2987 939 3041 nitore
978 2986 1164 3056 fulget,
1211 2987 1369 3044 facile
1405 2990 1742 3049 convincitur

1846 1808 2063 1875 Iuvabit,
2089 1810 2143 1865 i'd
2174 1819 2278 1877 est,
2310 1827 2405 1866 cor
2431 1813 2730 1878 mundabit,
2768 1829 2875 1883 quo
2894 1817 3109 1871 visurus
3136 1808 3219 1874 est
3244 1820 3422 1877 Domi-

1846 1914 1971 1951 num
2014 1915 2120 1954 non
2152 1902 2465 1970 interposito
2489 1903 2758 1958 velamine
2794 1916 3016 1975 prepter
3048 1908 3415 1967 inﬁrmitatem

1846 1995 2179 2042 contractam
2205 1991 2270 2044 de
2292 1991 2562 2057 sordibus,
2598 1993 2691 2047 sed
2721 1993 2908 2049 ﬁrmus
2938 2004 2991 2050 et
3028 1998 3257 2066 stabilis,
3279 2000 3419 2071 'quo-
3518 2008 3528 2020 ‘

1845 2080 1987 2132 niam
2035 2082 2267 2136 mundus
2296 2090 2350 2136 et
2377 2082 2625 2150 simplex.
2653 2081 2946 2149 Lavamini,
2996 2087 3190 2155 inquit,
3235 2092 3420 2147 mundi

1844 2179 2022 2234 estote,
2072 2170 2273 2240 auferte
2323 2174 2579 2241 nequitias
2617 2172 2682 2224 ab
2730 2173 2917 2227 animis
2963 2178 3167 2243 vestris,
3214 2188 3420 2249 atquea

1843 2268 2117 2331 conspectu
2147 2260 2416 2315 oculorum
2466 2279 2699 2317 meorum
2746 2261 2881 2336 (lsa.
2912 2264 2974 2338 ι).
3010 2267 3212 2323 Ab.his
3256 2271 3421 2342 igitur

1843 2350 2287 2427 sordibus’facies
2315 2359 2499 2407 nostra
2534 2352 2760 2413 lavanda
2793 2364 2896 2421 est,
2921 2357 3121 2427 quibus
3147 2358 3241 2415 Dei
3268 2377 3421 2431 aspe-

1842 2449 1962 2495 ctus
1986 2441 2294 2497 offenditur.
2882 2446 2888 2452 ’

1913 2530 2049 2603 [Ν]
2076 2531 2254 2586 Nolite
2288 2533 2646 2587 thesaurizare
2671 2535 2812 2590 vobis
2837 2536 3106 2594 thesauros
3150 2542 3207 2595 in
3252 2551 3414 2608 terra,

1840 2623 1928 2677 ubi
1949 2640 2126 2695 mago
2138 2634 2187 2678 et
2204 2626 2343 2679 tinea
2358 2625 2655 2691 demolitur,
2670 2637 2715 2680 et
2734 2628 2820 2680 ubi
2837 2629 2891 2697 fu
2900 2646 2977 2683 res
3000 2631 3255 2698 eﬂ‘odiunt
3274 2644 3321 2686 et
3336 2635 3433 2703 [ιι-ν

1841 2724 2044 2768 rantur.
2072 2714 2443 2771 Thesaurizate
2464 2727 2635 2771 autem
2650 2719 2792 2772 vobis
2812 2720 3082 2775 thesauros
3098 2723 3151 2776 in
3172 2724 3313 2781 creto.
3331 2728 3419 2781 ubi

1842 2821 2005 2874 neque
2033 2821 2231 2875 refugo,
2265 2822 2427 2877 neque
2458 2809 2599 2861 tinea
2626 2808 2924 2873 demolitur,
2956 2820 3005 2864 et
3028 2811 3117 2865 ubi
3146 2815 3288 2883 fures
3317 2820 3418 2871 non

1840 2890 2094 2959 effodiunt
2150 2909 2242 2945 nec
2292 2893 2557 2962 furantur.
2622 2894 2846 2967 (MAUR.)
2899 2896 3003 2953 Per
3054 2908 3162 2955 tres
3214 2906 3420 2972 species

1842 2980 2203 3045 adversitatis,
2222 2983 2326 3037 hoc
2347 2990 2430 3037 est
2451 2983 2721 3054 aeruginis,
2752 2986 2911 3040 tinea:
2929 2996 2984 3042 et
3010 2988 3063 3044 fu
3074 3007 3190 3045 rum
3225 2995 3421 3063 quibus
3448 3058 3449 3061 η

162 3079 332 3133 rebus
376 3078 510 3147 ipsis
555 3092 870 3147 pomparum
920 3079 1099 3133 saeculi
1157 3094 1279 3135 esse
1330 3088 1587 3144 εθοιειοτ,
1641 3096 1742 3137 nec
1768 3059 1812 3119 C
1843 3075 1991 3121 vetat
2018 3069 2233 3124 divitias
2276 3071 2526 3142 colligere
2571 3073 2819 3140 interra,
2865 3059 3420 3141 historialiter'omne

163 3183 494 3239 quemquam
516 3168 851 3245 fallitdolosa
881 3168 1115 3239 imagine
1139 3169 1460 3225 sanctitatis.
1506 3170 1610 3238 Qui
1637 3186 1739 3225 au-

166 3268 274 3313 tem
302 3260 359 3313 in
379 3258 715 3329 professione
740 3259 1165 3316 Christianitatis
1204 3262 1463 3335 inusitato
1489 3262 1739 3332 squalore

162 3365 231 3405 re
273 3349 525 3407 sordibus
569 3350 801 3423 intentos
826 3351 882 3405 in
920 3361 988 3406 'se
1040 3352 1317 3406 hominum
1358 3351 1543 3407 oculos
1590 3350 1736 3417 facit,

92 3476 95 3481 ι
167 3457 291 3495 cum
343 3440 394 3507 id
428 3442 702 3497 voluntate
744 3440 928 3507 faciat,
978 3430 1084 3497 non
1122 3443 1446 3499 necessitate
1479 3445 1738 3514 patiatur,

123 3587 127 3590 ,
166 3531 382 3585 «ueteris
409 3528 527 3598 ejus
545 3531 799 3599 operibus
840 3539 1018 3600 potest
1056 3530 1252 3600 conjici
1280 3540 1460 3587 utrum
1499 3535 1602 3588 hoc
1620 3540 1759 3589 con-'

166 3622 375 3698 teutptu
416 3618 669 3690 superﬂui
695 3620 893 3685 cultus,
932 3636 1001 3675 an
1030 3620 1320 3675 ambitione
1347 3621 1523 3691 aliqua
1556 3621 1739 3677 faciat.

167 3710 305 3776 Quia
341 3717 400 3765 et
445 3712 549 3765 sub
584 3711 744 3765 ovina
786 3710 924 3780 pelle
968 3711 1235 3766 cavendas
1281 3711 1436 3781 lupos
1486 3713 1744 3767 Dominus

168 3801 463 3869 praeepit;
512 3802 608 3857 sed
643 3819 710 3856 ea:
749 3802 1025 3870 fructibus,
1076 3805 1268 3873 inquit,
1315 3806 1745 3874 cognoscetis‘eos

170 3889 391 3961 (κιαι.
411 3889 532 3962 vn).
556 3890 692 3949 Cum
724 3892 870 3945 enim
898 3893 1160 3962 eruperint
1198 3894 1465 3965 aliquibus
1494 3896 1745 3951 tentatio-

170 3983 335 4037 nibus
354 3997 421 4037 ea
447 3982 563 4052 ipsa
591 3982 701 4036 illis
725 3983 969 4037 subtrahi
996 3984 1081 4039 vel
1110 3984 1293 4054 negari
1320 3999 1439 4053 quae
1471 3985 1577 4040 isto
1598 3985 1747 4039 vela—

168 4075 320 4130 mine
345 4075 430 4129 vel
459 4073 734 4131 consecuti
778 4082 924 4139 sunt,
949 4076 1034 4129 vel
1064 4075 1317 4144 consequi
1344 4076 1586 4145 cupiunt,
1619 4084 1747 4130 tunc

170 4182 399 4222 necesse
432 4176 516 4222 est
540 4174 794 4239 appareat
818 4174 1002 4221 utrum
1027 4166 1181 4236 lupus
1216 4166 1272 4219 in
1308 4167 1466 4221 ovina
1489 4167 1626 4236 pelle
1651 4169 1744 4231 sit,

143 4269 244 4313 'an
277 4259 394 4313 ovis
421 4260 478 4312 in
502 4274 621 4313 sua.
645 4258 761 4314 Non
786 4258 927 4313 enim
950 4268 1233 4328 propterea
1265 4266 1457 4313 ornatu
1478 4257 1748 4328 superﬂuo

171 4348 337 4403 debet
379 4346 604 4403 adactus
648 4349 923 4402 hominum
955 4348 1191 4403 mulcere
1232 4347 1593 4413 Christianus,
1621 4349 1746 4417 quia

171 4440 328 4493 illum
362 4456 590 4510 parcum
616 4441 856 4495 habitum
905 4456 970 4495 ac
995 4442 1355 4497 necessarium
1391 4441 1556 4496 etiam
1577 4442 1747 4495 simu-

172 4528 379 4583 latores
443 4520 639 4598 saepius
680 4538 963 4600 usurpant
1029 4539 1089 4585 ut
1141 4532 1387 4586 incautos
1462 4531 1750 4601 decipiant,

172 4616 306 4685 quia
331 4624 387 4671 et
415 4616 517 4671 illm
542 4632 670 4689 oves
687 4632 794 4673 non
816 4619 1012 4673 debent
1041 4618 1209 4689 pelles
1233 4634 1367 4689 suas
1389 4618 1678 4688 deponere,
1706 4621 1753 4675 si

170 4705 467 4775 aliquando
486 4707 566 4760 eis
585 4707 693 4777 lupi
724 4721 785 4761 se
806 4715 1114 4777 contegant.

252 4795 335 4849 Tu
361 4807 537 4849 autem
573 4813 692 4849 cum
728 4797 965 4866 jejunus,
1017 4812 1150 4866 unge
1197 4807 1351 4868 caput
1379 4806 1544 4861 tuum,
1585 4807 1635 4851 et
1669 4799 1753 4868 fa-

174 4888 312 4939 cient
334 4896 478 4940 tuam
503 4887 642 4948 lava,
674 4903 737 4939 ne
765 4886 989 4941 videaris
1032 4886 1324 4941 hominibus
1355 4887 1631 4956 jejunans,
1660 4889 1749 4941 sed

180 4975 338 5029 Patri
383 4985 474 5028 tuo
521 4977 611 5046 qui
657 4985 732 5028 est
774 4976 830 5027 in
866 4975 1116 5029 absconso
1141 4991 1159 5029 :
1185 4985 1232 5029 et
1264 4972 1425 5028 Pater
1469 4984 1611 5041 tuus,
1662 4977 1750 5046 qui

149 5066 319 5135 _oidet
338 5066 395 5118 in
432 5067 702 5131 absconso,
734 5048 911 5119 reddet
937 5066 1050 5119 tibi.
1074 5062 1342 5137 (Ηὶεγοη.)
1386 5065 1509 5120 Ritu
1530 5067 1750 5135 provin-

178 5154 284 5209 ciae
305 5154 601 5208 Palestina:
638 5156 894 5227 loquitur,
924 5157 1015 5229 ubi
1053 5157 1239 5211 diebus
1260 5155 1416 5211 festis
1438 5156 1630 5211 solent
1652 5174 1751 5212 un-

178 5256 316 5312 gere
350 5244 546 5311 capita.
582 5242 833 5313 Praecipit
878 5244 1043 5312 igitur
1082 5253 1144 5298 ut
1187 5244 1400 5314 quando
1420 5244 1748 5314 jejunamus,

183 5333 339 5387 lautos
356 5346 455 5387 nos
473 5342 531 5386 et
552 5332 773 5387 festivos
792 5346 915 5387 esse
936 5342 1317 5389 monstremus.
1340 5333 1491 5388 Multi
1513 5335 1752 5406 legentes

184 5421 319 5476 illud
366 5420 669 5480 Psalmista:
700 5461 715 5474 .
747 5419 933 5474 Oleum
979 5424 1263 5490 peccatoris
1312 5440 1414 5477 non
1468 5426 1753 5494 impinguet

184 5520 345 5580 caput
375 5525 547 5564 meum
578 5508 751 5580 (Psal.
780 5508 926 5579 cu),
967 5524 1000 5563 e
1030 5512 1297 5565 contrario
1323 5512 1509 5568 volunt
1554 5515 1751 5569 bonum

185 5614 312 5654 csse
333 5599 531 5662 oleum,
554 5601 621 5653 de
640 5614 748 5669 quo
777 5598 901 5652 alibi
925 5598 1122 5653 dicitur
1150 5618 1163 5653 :
1198 5598 1356 5655 Unxit
1378 5610 1427 5657 te
1452 5602 1593 5659 Deus
1614 5602 1753 5658 Deus

1840 3171 2010 3226 genus
2039 3160 2385 3229 reprehendit
2415 3162 2677 3245 avaritiae.
2708 3163 2843 3230 Quia
2875 3165 2992 3221 alias
3020 3183 3105 3223 res
3137 3180 3264 3226 sunt
3287 3189 3423 3243 quas

1842 3264 1948 3304 non
1971 3266 2207 3316 vermes,
2237 3254 2330 3306 sed
2361 3255 2571 3325 rubigo,
2600 3255 2682 3309 vel
2721 3256 2990 3323 obfuscat,
3021 3261 3101 3315 vel
3126 3266 3415 3329 consumit.

1841 3348 1900 3393 ut
1936 3350 2021 3395 est
2065 3356 2275 3407 aurum,
2327 3353 2609 3413 argentum
2648 3354 2703 3399 et
2750 3355 2943 3401 caetera
2995 3351 3247 3420 metalla;
3302 3356 3420 3425 alia;

1839 3447 1968 3485 vero
2011 3442 2129 3501 quae
2157 3450 2187 3487 a
2230 3435 2503 3489 vermibus
2550 3434 2634 3513 vel
2678 3438 2963 3504 putredine
3014 3441 3313 3511 solvuntur,
3361 3434 3421 3502 ut

1844 3531 1969 3577 sunt
2012 3535 2191 3579 vestes
2223 3533 2275 3577 et
2320 3540 2449 3579 vasa
2483 3525 2678 3596 lignea,
2713 3543 2833 3596 qua:
2883 3530 3028 3585 carie
3073 3533 3418 3603 dispereunt;

1846 3614 1965 3669 alia:
1993 3630 2226 3684 quoque,
2259 3616 2383 3670 licet
2412 3632 2441 3670 a
2480 3617 2758 3673 vermibus
2794 3630 2847 3673 et
2874 3622 3110 3692 arrugine
3154 3624 3420 3684 immunes

1847 3703 1999 3769 ﬁant,
2035 3720 2175 3774 saepe
2225 3715 2401 3760 tamen
2456 3722 2554 3776 per
2598 3704 2744 3762 fures
2793 3709 3128 3778 auferuntur,
3175 3726 3235 3770 ut
3292 3728 3419 3772 sunt

1849 3808 2096 3863 gemmte,
2121 3795 2427 3863 margaritae
2453 3803 2507 3848 et
2534 3794 2737 3864 lapides
2762 3799 2999 3865 pretiosi.
3023 3801 3134 3857 Nec
3157 3806 3297 3860 enim
3331 3824 3416 3863 res

1808 3938 1821 3964 ὲ
1846 3894 1929 3939 est
1948 3885 2122 3955 aliqua
2152 3888 2205 3940 in
2226 3888 2445 3953 mundo,
2472 3902 2589 3955 qua:
2616 3899 2960 3961 congregata,
2990 3892 3114 3949 licet
3138 3895 3422 3968 diligenter

1775 4396 1826 4454 D

1848 3984 2114 4040 servetur,
2143 3984 2324 4030 tamen
2373 3991 2584 4046 semper
2613 3978 2776 4033 illaisa
2814 3975 3011 4037 durare
3043 3987 3231 4053 possit.
3275 3988 3425 4046 Unde

1848 4072 1901 4116 et
1928 4079 2026 4132 per
2052 4067 2335 4132 quemdam
2361 4076 2657 4135 sapientem
2694 4068 2890 4123 dicitur
2921 4088 2933 4123 :
2958 4072 3124 4127 Omne
3144 4091 3273 4145 opus
3310 4094 3425 4142 σοι·-
3456 4065 3462 4069 ⁴

1848 4154 2090 4223 ruptibile
2117 4156 2180 4208 in
2201 4152 2307 4223 ﬁne
2351 4155 2573 4223 deﬁciet,
2599 4165 2649 4210 et
2680 4160 2770 4228 qui
2807 4158 2942 4214 illud
2970 4172 3215 4232 aperatur
3231 4169 3423 4236 peribit

1849 4258 1966 4296 cum
1987 4244 2118 4313 ipso.
2152 4244 2220 4297 Et
2249 4261 2398 4298 omne
2423 4251 2551 4315 opus
2580 4245 2797 4301 electum
2824 4250 3227 4321 justiﬁcabitur,
3266 4266 3312 4310 et
3337 4260 3427 4327 qui

1852 4342 2097 4403 operatur
2118 4333 2252 4386 illud
2267 4334 2610 4415 honorabitur
2632 4336 2687 4389 in
2709 4336 2801 4390 illo
2826 4337 3015 4408 (Eccli.
3044 4340 3179 4413 xw).
3206 4343 3423 4415 Allege-

1852 4426 1965 4480 rice
1989 4435 2371 4496 autem'zerugo
2399 4433 2570 4495 potest
2604 4427 2908 4496 signiﬁcare
2936 4430 3239 4499 superbiam
3262 4442 3425 4505 atque

1851 4517 2179 4586 iactantiam,
2200 4521 2352 4585 quae,
2382 4518 2689 4587 ubicunque
2720 4518 2902 4585 fuerit,
2932 4534 3147 4576 omnem
3173 4525 3422 4585 decorem

1826 4617 1908 4663 ret
1951 4607 2416 4663 robur'virtutum
2443 4608 2707 4674 obfuscat,
2754 4624 2816 4664 ac
2846 4612 3156 4671 thesaurum
3208 4616 3427 4685 spirita-

1853 4697 1982 4752 lium
2009 4690 2289 4752 donorum
2341 4698 2583 4765 dissipat.
2645 4697 2798 4753 Unde
2841 4706 2899 4752 et
2930 4697 3198 4768 Propheta
3244 4705 3420 4761 dicit:

1855 4785 1995 4841 Deus
2021 4787 2236 4856 dissipat
2255 4804 2373 4840 ossa
2398 4788 2663 4840 hominum
2690 4787 2787 4841 sibi
2804 4787 3140 4857 plaeentium.
3167 4792 3235 4847 Et
3260 4799 3426 4852 omnis

1830 4877 2161 4945 arrogantia
2220 4876 2537 4929 abominatio
2580 4885 2654 4930 est
2700 4878 2839 4946 apud
2872 4877 3039 4932 Deum
3090 4878 3262 4952 (Psal.
3304 4888 3423 4956 LII).
3496 4940 3499 4941 ,

1858 4963 2022 5018 Tinea
2049 4974 2197 5029 vero,
2232 4979 2351 5032 qua:
2392 4974 2570 5017 vestes
2622 4964 2849 5018 latenter
2891 4968 3151 5033 corrodit,
3183 4971 3428 5040 designat

1857 5056 2129 5121 invidiam,
2154 5070 2273 5124 quae
2306 5054 2538 5108 studium
2569 5055 2769 5110 bonum
2800 5055 3003 5111 lacerat
3026 5067 3080 5112 et
3096 5065 3425 5129 companio-

1858 5160 1980 5200 nem
2028 5145 2247 5199 unitatis
2294 5142 2537 5197 demoliri
2603 5159 2707 5198 non
2740 5153 2937 5199 cessat.
2991 5146 3157 5201 Fures
3195 5164 3427 5219 namque

1860 5238 2129 5291 daimones
2156 5243 2315 5303 atque
2340 5232 2743 5299 haereticisunt,
2772 5235 2839 5290 de
2867 5234 3061 5305 quibus
3084 5234 3294 5293 Veritas
3315 5243 3423 5294 ait:

1862 5325 2053 5380 Omnes
2078 5333 2329 5396 quotquot
2359 5333 2606 5377 venerunt
2638 5334 2759 5377 ante
2808 5340 2909 5387 me,
2940 5323 3082 5391 fures
3110 5336 3229 5379 sunt
3256 5337 3316 5412 et,
3342 5328 3424 5381 la-

1861 5428 2031 5471 trones
2082 5404 2265 5483 (Joan.
2320 5415 2399 5487 ι).
2430 5415 2513 5470 Ad
2545 5417 2647 5471 hoc
2686 5416 2828 5470 enim
2867 5416 2942 5470 illi
2991 5430 3205 5484 semper
3230 5404 3424 5472 intenti

1861 5520 1984 5565 sunt
2025 5519 2085 5563 ut
2114 5510 2403 5565 thesauros
2435 5509 2703 5577 spiritales
2742 5509 2998 5562 habentes
3028 5498 3425 5577 depredentur,

1861 5612 1914 5654 et
1938 5610 2162 5656 onustos
2204 5601 2534 5655 ornamentis
2558 5599 2813 5653 virtutum
2839 5598 3086 5667 spoliant.
3140 5598 3278 5669 Ergo
3303 5598 3346 5652 si
3367 5599 3418 5655 in
