3938 6376
487 356 588 411 333
928 326 935 331 ’
991 315 993 317 ’
1081 304 1182 404 ἰ).
1224 347 1478 403 uanam
1513 346 1729 403 MAURI
1766 343 2082 400 ARCHIEP.
2123 339 2971 398 MOGUNT.0PERU31PARS
3009 342 3048 394 i.
3612 347 3712 408 εδδ

483 477 625 517 terra
668 463 774 516 erit
817 475 929 525 cor,
962 459 1014 516 id
1044 467 1146 524 est,
1174 457 1219 513 si
1260 474 1326 512 eo
1361 457 1519 513 corde
1546 457 1773 525 quisque
1799 462 2050 523 operetur
2077 460 2123 518 Α
2153 454 2266 508 ﬁeri
2291 469 2519 524 namque
2550 460 2725 522 potest
2758 462 2815 506 ut
2854 455 2932 507 vel
2965 453 3125 510 faciat
3164 473 3230 511 ex
3261 473 3346 522 ea,
3375 459 3463 509 vel
3491 455 3726 526 patiatur

478 552 683 621 aliquid
729 559 788 604 ut
835 557 1105 604 terrenum
1149 545 1492 602 commodum
1538 545 1885 612 adipiscatur,
1917 557 2050 611 quo-

483 644 643 697 modo
673 643 781 696 erit
812 640 1068 695 mundum
1095 655 1192 695 eor
1232 639 1374 709 quod
1411 640 1462 691 in
1493 646 1638 705 terra
1666 635 1970 699 volutatur;
2001 634 2048 688 si

483 741 661 788 autem
682 733 736 787 in
765 733 924 796 caelo,
953 731 1208 799 mundum
1236 731 1357 794 erit,
1380 728 1504 797 quia
1529 726 1728 780 munda
1751 734 1875 780 sunt
1904 740 2048 793 qua:-

479 835 695 890 cunque
721 819 980 876 calestia.
1022 818 1291 874 Sordescit
1338 817 1480 871 enim
1511 815 1710 884 aliquid
1740 829 1862 868 cum
1909 813 2047 868 infc—

485 910 616 966 riori
647 911 900 981 miscetur
931 917 1153 974 naturae,
1182 906 1426 976 quamvis
1460 905 1512 960 in
1562 919 1659 959 suo
1691 918 1891 973 genere
1942 919 2049 959 non

479 999 701 1054 sordida
738 1007 843 1064 est,
875 999 998 1067 quia
1024 999 1185 1052 etiam
1214 998 1279 1051 de
1316 1012 1451 1068 puro
1480 1003 1702 1065 argento
1746 994 2050 1048 sordidatur

481 1104 695 1154 aurum,
745 1089 790 1144 si
835 1088 1121 1142 misceatur
1153 1105 1166 1140 :
1215 1086 1287 1140 ita
1313 1095 1369 1141 et
1414 1086 1624 1139 animus
1656 1089 1839 1138 noster
1876 1089 2049 1136 terre-

483 1193 673 1231 norum
700 1177 1006 1255 cupiditate
1035 1176 1316 1237 sordescit,
1369 1174 1614 1244 quamvis
1661 1174 1779 1251 ipsa»
1817 1180 1958 1226 terra
1991 1171 2047 1225 in

482 1281 583 1320 suo
609 1282 802 1336 genere
839 1274 998 1335 atque
1027 1266 1213 1319 ordine
1247 1265 1441 1318 munda
1497 1265 1585 1318 sit.
1629 1264 1837 1318 Caelum
1867 1273 2046 1326 autem

491 1357 592 1410 huc
617 1356 737 1410 loco
774 1371 877 1409 non
907 1369 1220 1424 corporeum
1247 1353 1568 1422 acceperim,
1597 1352 1720 1420 quia
1745 1365 1903 1405 omne
1927 1363 2048 1406 cor-

490 1462 589 1515 pus
612 1438 710 1516 pro
737 1455 877 1500 terra
907 1445 1206 1499 habendum
1233 1454 1319 1498 est
1349 1459 1363 1496 :
1398 1452 1563 1498 totum
1613 1443 1757 1497 enim
1789 1442 2045 1495 mundum

479 1536 640 1590 debet
672 1545 1034 1599 contemnere,
1075 1535 1162 1603 qui
1210 1533 1310 1610 sibi
1341 1534 1669 1588 thesaurizat
1711 1534 1763 1587 in
1794 1532 1884 1586 illo
1909 1531 2046 1586 caelo

482 1624 547 1677 de
570 1639 678 1692 quo
698 1625 898 1679 dictum
924 1631 1008 1684 est
1037 1643 1049 1678 :
1079 1623 1274 1677 Caelum
1297 1624 1407 1677 caeli
1429 1622 1846 1695 Domino(Psal.
1865 1621 2042 1695 cxm),

478 1713 533 1767 id
560 1721 642 1767 est
682 1715 735 1767 in
763 1713 1103 1766 ﬁrmamento
1129 1712 1388 1781 spiritali;
1420 1727 1524 1766 non
1554 1712 1696 1767 enim
1727 1712 1781 1766 in
1806 1725 1870 1766 eo
1902 1711 2042 1779 quod

476 1803 696 1878 transit,
728 1803 1052 1858 constituere
1079 1809 1132 1856 et
1158 1800 1425 1855 collocare
1447 1802 1700 1856 debemus
1735 1802 2042 1856 thesaurum
2071 1802 2116 1861 Β
2144 1801 2278 1857 nebit
2294 1811 2340 1856 et
2358 1799 2578 1855 alterum
2598 1807 2904 1854 contemnet.
2922 1797 3288 1871 (Msua.)Quaa
3307 1800 3475 1853 verba
3497 1800 3734 1870 (Μίθρην

475 1902 719 1946 nostrum
745 1901 798 1947 et
827 1907 920 1947 cor
941 1899 1203 1956 nostrum,
1236 1892 1329 1953 sed
1353 1892 1406 1945 in
1435 1907 1500 1948 eo
1522 1893 1663 1961 quod
1693 1907 1904 1960 semper
1927 1906 2044 1944 ma-

478 1992 569 2035 net
594 2000 606 2036 :
631 1982 827 2036 Cret-um
859 1992 1030 2034 autem
1067 1991 1117 2033 et
1143 1979 1279 2034 terra
1306 1983 1544 2035 transibit
1575 1981 1722 2053 (Luc.
1754 1979 1886 2050 XXI).

549 2070 646 2129 Ubi
695 2071 952 2126 euimest
999 2071 1271 2124 thesaurus
1319 2081 1472 2136 tuus,
1514 2071 1583 2124 ibi
1623 2080 1695 2124 est
1744 2086 1833 2124 eor
1873 2079 2039 2124 tuum.

472 2159 744 2231 (Ilieron.)
776 2159 887 2214 iloc
923 2175 1026 2214 non
1055 2159 1226 2214 solum
1255 2159 1320 2213 de
1345 2161 1593 2228 pecunia,
1625 2161 1811 2233 sedde
1836 2161 2043 2215 cunctis

472 2250 812 2321 passiouibus
868 2248 986 2321 [ΑΙ.
1038 2245 1500 2319 possessionibus]
1561 2249 1837 2305 sciendum
1894 2247 2073 2320 [sen-‘

483 2339 747 2413 tiendum]
774 2348 876 2395 est.
905 2338 1086 2394 Gulosi
1133 2339 1266 2392 deus
1301 2346 1488 2392 venter
1523 2345 1623 2392 est.
1667 2337 1764 2393 Ubi
1792 2353 1919 2409 ergo
1944 2338 2039 2392 ha-

483 2434 640 2486 lretur
680 2441 800 2496 cor,
828 2430 899 2485 ibi
927 2437 981 2484 et
1008 2430 1293 2484 thesaurus
1327 2437 1451 2482 tuus
1477 2438 1577 2484 est.
1610 2428 1893 2483 Luxuriosi
1927 2430 2043 2484 the~

381 2539 389 2547 “
478 2523 627 2577 sauri
653 2521 819 2592 epulae
844 2529 997 2586 sunt;
1025 2520 1234 2584 lascivi,
1265 2512 1503 2585 ludicra;
1534 2519 1812 2584 amatoris,
1841 2518 2000 2573 libido
2025 2536 2036 2571 :

486 2613 611 2667 huic
637 2613 802 2667 servit
829 2611 1192 2680 unusquisque
1221 2626 1251 2664 a
1281 2611 1667 2680 quovincitur.

545 2702 777 2757 Lucerna
797 2700 1030 2772 corporis
1051 2699 1124 2754 tui
1145 2709 1216 2754 est
1240 2698 1419 2757 oculus
1441 2708 1580 2754 tuus.
1604 2698 1663 2756 Si
1681 2699 1838 2770 fuerit
1861 2703 2041 2756 oculus

477 2803 597 2846 tuus
619 2789 858 2861 simplex,
894 2799 1055 2844 totum
1088 2807 1278 2861 corpus
1304 2800 1449 2845 tuum
1473 2790 1703 2845 lucidum
1723 2791 1841 2859 erit.
1868 2788 1926 2845 Si
1947 2807 2042 2844 au-

474 2894 576 2938 tem
625 2882 806 2937 oculus
841 2891 961 2936 tuus
1006 2896 1225 2953 nequam
1258 2881 1449 2950 fuerit,
1490 2890 1653 2935 totum
1682 2897 1868 2951 corpus
1894 2889 2040 2934 tuum

476 2973 802 3028 tenebrosum
839 2971 955 3026 erit.
1001 2969 1113 3025 Sub
1151 2970 1414 3045 exemplo,
1442 2969 1770 3024 exteriorum
1807 2970 1875 3024 ad
1900 2969 2038 3024 inte-

2151 548 2348 618 aliquid
2382 546 2527 609 mali,
2568 546 2708 615 quod
2745 559 2842 614 ego
2869 559 2990 599 cum
3020 545 3220 610 darem,
3249 563 3358 602 non
3390 549 3614 602 evenine
3634 563 3728 600 vo-

2149 638 2363 701 luerim,
2386 649 2558 704 neque
2586 636 2686 688 hoc
2717 635 2893 700 animo
2921 632 3177 688 dederim.
3207 636 3276 690 Et
3301 638 3424 692 ideo
3452 637 3719 691 illumina-

2151 735 2236 778 tur
2259 723 2456 777 factum
2487 737 2684 786 meum,
2716 720 3138 792 qualemcunque
3182 726 3386 778 exitum
3440 725 3716 778 habuerit.

2149 814 2206 869 Si
2229 821 2410 867 autem
2451 811 2646 884 cordis,
2674 812 2915 875 intentio,
2960 827 3063 881 qua
3108 812 3241 867 facis
3274 815 3539 885 quidquid
3569 815 3719 878 facis,

2149 921 2269 975 qua:
2301 903 2397 958 tibi
2441 912 2569 958 uota
2606 910 2709 968 est,
2751 903 3054 957 sordidatur
3074 903 3310 971 appetitu
3347 911 3532 958 rerum
3557 915 3720 958 terre-

2149 1002 2414 1049 narumet
2440 991 2831 1064 temporalium,
2881 998 3041 1059 atque
3076 1000 3331 1056 czecatur,
3361 1003 3572 1060 quanto
3609 1009 3719 1047 ma-

2144 1085 2230 1156 gis
2259 1084 2433 1154 ipsum
2449 1082 2648 1142 factum
2667 1081 2820 1152 cujus
2840 1081 3080 1136 incertus
3103 1090 3186 1135 est
3212 1081 3411 1146 exitus,
3441 1084 3714 1138 sordidum

2146 1182 2202 1228 et
2244 1167 2585 1227 tenebrosum
2611 1171 2730 1226 est?
2757 1171 2882 1240 quia
2910 1170 3013 1242 etsi
3049 1171 3185 1235 bene
3221 1170 3378 1224 alicui
3411 1175 3712 1239 proveniat,

2146 1262 2288 1332 quod
2317 1273 2372 1316 tu
2398 1275 2502 1315 non
2530 1268 2676 1314 recta
2711 1268 2764 1315 et
2788 1261 2924 1317 bona
2947 1260 3241 1314 intentione
3267 1260 3422 1322 facis,
3453 1261 3588 1314 nihil
3622 1263 3714 1316 tibi

2144 1349 2414 1420 proderit,
2462 1349 2589 1418 quia
2633 1347 2901 1418 quomodo
2948 1356 3010 1403 tu
3058 1347 3277 1410 feceris,
3333 1349 3430 1400 tibi
3482 1358 3710 1416 imputa-

2146 1447 2256 1505 tur,
2303 1452 2409 1492 non
2455 1439 2727 1511 quomodo
2757 1437 2832 1494 illi
2859 1439 3188 1507 provenerit.
3221 1437 3373 1503 Quod
3407 1447 3590 1490 autem
3624 1454 3709 1491 se-

2145 1535 2355 1605 quitur,
2386 1533 2452 1588 ad
2482 1532 2623 1586 hanc
2649 1531 2818 1601 ipsam
2852 1532 3196 1587 intentionem
3226 1529 3566 1584 referendum
3593 1540 3671 1584 es:
3696 1549 3706 1584 :

2216 1621 2384 1677 Nemo
2432 1631 2596 1692 potest
2637 1621 2842 1673 duobus
2892 1620 3117 1677 dominis
3149 1617 3363 1672 ‘scrrire
3395 1636 3408 1670 :
3441 1631 3528 1672 aut
3578 1621 3710 1674 enim

2143 1729 2307 1767 unum
2329 1712 2449 1766 odio
2473 1711 2675 1766 habebit
2705 1719 2754 1764 et
2784 1709 3002 1764 alterum
3028 1711 3224 1782 diliget,
3257 1720 3348 1763 aut
3376 1727 3539 1763 unum
3560 1715 3712 1765 snsri-

2145 1902 2230 1948 ter
2248 1891 2632 1947 consideranda
2661 1897 2802 1944 sunt.
2828 1889 2980 1958 Saepe
3006 1889 3150 1943 enim
3177 1889 3300 1958 quis
3325 1888 3481 1943 alteri
3510 1890 3703 1948 servit,

2142 1995 2301 2051 quem
2329 1995 2436 2034 non
2467 1979 2664 2050 diligit;
2713 1977 2804 2036 sed
2834 1978 2922 2032 ille
2947 1978 3140 2036 merito
3183 1977 3386 2032 dicitur
3422 1994 3548 2042 eum
3585 1978 3703 2030 dili-

2141 2085 2287 2142 gere,
2337 2068 2490 2137 cujus
2536 2075 2782 2137 prompto
2828 2067 3009 2121 animo
3051 2067 3390 2137 obtemperat
3426 2067 3703 2120 voluntati.

2143 2162 2278 2216 Nam
2325 2161 2417 2231 qui
2462 2150 2571 2215 siut
2609 2158 2712 2214 duo
2757 2158 2991 2225 domini,
3029 2159 3279 2228 deinceps
3317 2159 3553 2212 ostendit
3588 2172 3706 2211 cum

2148 2254 2278 2309 dicit
2302 2269 2315 2306 :

2217 2342 2338 2396 Non
2381 2341 2592 2411 potestis
2641 2339 2746 2393 Deo
2799 2341 2987 2393 servire
3034 2348 3081 2392 et
3133 2355 3460 2392 mammona.
3507 2337 3701 2409 (Hier)

2143 2433 2444 2486 Mammona
2499 2444 2746 2488 sermone
2793 2429 3012 2499 Syriaco
3056 2429 3253 2482 divitia:
3309 2437 3702 2497 nuncupantur.

2146 2522 2268 2576 Non
2293 2521 2528 2590 potestis,
2569 2519 2760 2585 inquit,
2813 2517 2914 2571 Deo
2955 2519 3150 2570 servire
3165 2527 3210 2569 et
3237 2532 3570 2569 mammona.
3605 2515 3703 2584 Au-

2142 2613 2253 2667 diat
2277 2612 2378 2666 hoc
2407 2624 2624 2674 avarus,
2654 2608 2834 2662 audiat
2854 2608 2947 2678 qui
2981 2615 3232 2661 censetur
3261 2605 3522 2679 vocabulo
3551 2606 3701 2661 Chri-

2144 2702 2342 2766 stiano,
2383 2715 2487 2754 non
2531 2713 2688 2768 posse
2719 2697 2874 2751 simul
2910 2685 3460 2766 divitiisChriStoque
3481 2695 3701 2750 servire.

2141 2793 2208 2848 Et
2234 2802 2410 2846 tamen
2443 2807 2549 2844 non
2575 2790 2727 2868 digit,
2755 2790 2854 2857 Qui
2880 2791 3043 2844 habet
3069 2789 3299 2852 divitias,
3335 2787 3456 2853 sed,
3480 2788 3581 2854 Qui
3605 2804 3706 2851 ser-

2141 2884 2218 2937 vit
2242 2883 2442 2938 divitiis
2468 2901 2478 2935 :
2511 2881 2611 2948 Qui
2639 2881 2781 2934 enim
2809 2881 3118 2937 divitiarum
3147 2895 3334 2935 servus
3359 2889 3465 2945 est,
3494 2878 3705 2934 divitias

2143 2975 2374 3030 custodit
2421 2981 2478 3026 ut
2520 2986 2741 3036 servus;
2787 2971 2876 3041 qui
2928 2983 3104 3026 autem
3154 2971 3429 3043 servitutis
3472 2971 3707 3025 excussit

416 3098 419 3101 -
478 3064 620 3118 riora
659 3060 1045 3117 consideranda
1083 3074 1192 3115 nos
1218 3060 1486 3115 informat.
1532 3060 1836 3130 Lippientes
1884 3075 2036 3114 nam-
2080 3067 2344 3139 λιπαρίῃ,
2393 3066 2663 3135 distribuit
2693 3081 2786 3120 eas
2829 3074 2888 3120 ut
2922 3056 3186 3120 dominus.
3226 3065 3412 3137 (Aug.)
3454 3066 3588 3118 Nam
3619 3065 3701 3135 qui

472 3170 580 3226 quc
606 3154 780 3209 solent
809 3153 1056 3208 lucernas
1082 3152 1260 3207 videre
1286 3147 1637 3216 numerosas;
1668 3151 1890 3220 simplex
1913 3166 2041 3206 ocu—
2069 3132 2113 3194 (ἶ
2147 3150 2311 3228 servit
2351 3172 2689 3227 mammonae,
2729 3156 2802 3210 illi
2833 3157 3017 3225 utique
3055 3157 3221 3212 servit
3248 3157 3339 3227 qui
3384 3158 3547 3211 rebus
3594 3157 3704 3212 istis

476 3247 561 3301 ius
587 3255 640 3301 et
687 3259 854 3316 purus
896 3245 1155 3313 simplicia
1197 3244 1436 3297 intuetur
1461 3249 1515 3297 et
1541 3259 1694 3312 pura.
1723 3242 1835 3297 Hoc
1869 3250 2037 3297 totum
2145 3247 2373 3304 terrenis
2413 3246 2606 3304 merito
2634 3261 2744 3302 sua:
2769 3245 3141 3316 perversitatis
3181 3246 3501 3316 praepositus
3526 3255 3624 3308 est,
3652 3255 3704 3300 et

480 3333 736 3390 transfert
762 3334 828 3387 ad
858 3348 1090 3387 sensum.
1123 3331 1400 3398 Quomodo
1427 3331 1570 3386 enim
1593 3333 1806 3402 corpus,
1841 3333 1884 3386 si
1910 3348 2038 3387 ocu-

480 3408 562 3485 lus
608 3428 714 3479 nou
753 3422 908 3477 fuerit
957 3421 1199 3492 simplex,
1243 3427 1413 3481 totum
1457 3421 1511 3474 in
1550 3421 1796 3478 tenebris
1819 3429 1926 3486 est;
1965 3421 2037 3474 ita

460 3518 687 3589 anima,
736 3517 782 3571 si
823 3514 1170 3585 principalem
1217 3527 1372 3567 suum
1419 3510 1679 3582 fulgorem
1722 3513 2036 3582 perdiderit,

473 3606 756 3664 universus
801 3618 989 3658 sensus
1025 3603 1080 3656 in
1118 3601 1344 3671 caligine
1383 3603 1826 3658 Commorahitur.
1857 3600 2035 3674 (Aug.)

475 3681 684 3764 Corpus
724 3694 920 3764 quippe
949 3691 1078 3746 dicit
1099 3704 1262 3759 opera
1288 3705 1407 3760 qua:
1435 3689 1610 3760 palam
1638 3691 1844 3746 cunctis
1873 3706 2038 3760 appa-

472 3795 614 3849 rent,
660 3783 850 3840 oculus
895 3797 1025 3838 vero
1064 3783 1233 3852 ipsam
1273 3782 1467 3837 mentis
1513 3781 1881 3845 intentionem,
1923 3797 2040 3851 quae

472 3882 748 3946 operatur,
802 3879 858 3927 et
885 3872 953 3926 de
987 3870 1137 3938 cujus
1173 3871 1366 3925 merito
1387 3871 1574 3924 eadem
1596 3885 1757 3940 opera
1787 3868 1941 3936 lucis,
1971 3886 2039 3925 an

478 3966 822 4033 tenebrarum
845 3963 952 4018 sint
969 3976 1150 4031 opera,
1173 3961 1570 4036 discernuntur.
1589 3960 1667 4027 Si,
1690 3954 1886 4032 inquit,
1901 3977 2038 4031 pura

412 4067 413 4070 ‘
480 4061 732 4121 rectaque
762 4051 1076 4115 intentione,
1115 4066 1233 4120 qua:
1260 4058 1438 4120 potes,
1467 4066 1626 4122 agere
1653 4053 1793 4112 bona
1818 4053 2038 4108 studue-

479 4144 576 4210 ris,
621 4142 754 4213 lucis
799 4141 1040 4212 profecto
1087 4148 1211 4196 sunt
1250 4155 1413 4210 opera
1456 4128 1576 4209 qua:
1616 4140 1784 4207 facis,
1825 4142 2040 4206 etiamsi

483 4247 668 4298 coram
702 4230 1009 4285 hominibus
1049 4224 1466 4298 imperfectionis
1507 4228 1706 4298 aliquid
1735 4230 1934 4286 habere
1958 4230 2040 4297 vi-

429 4314 434 4320 ’
482 4322 729 4375 deantur.
763 4317 1024 4385 Quoniam
1069 4316 1402 4388 diligentibus
1439 4300 1719 4371 Dominum
1763 4318 1936 4372 omnia
1954 4335 2042 4372 co-

2142 3339 2490 3409 magistratus
2534 3327 2692 3408 hujus
2735 3338 2915 3393 saeculi
2959 3354 2990 3392 a
3039 3340 3265 3402 Domino
3316 3339 3516 3395 dicitur
3553 3359 3568 3394 :
3607 3339 3703 3392 Ast

2096 3501 2098 3503 >
2139 3425 2206 3483 εί
2241 3444 2271 3501 o_
2304 3430 2449 3484 hunc
2494 3428 2613 3482 odio
2645 3412 2847 3482 habebit
2879 3425 3068 3503 homo,
3096 3440 3146 3488 et
3176 3429 3398 3484 alterum
3428 3429 3628 3500 diliget,
3655 3429 3702 3484 id

2141 3536 2170 3574 c
2195 3587 2198 3590 .
2239 3573 2243 3576 λ
2277 3519 2594 3585 Dominum;
2624 3527 2712 3577 aut
2741 3517 2962 3572 alterum
2987 3520 3235 3589 patietur,
3265 3527 3310 3572 et
3339 3517 3565 3572 alterum
3589 3534 3703 3572 con-

2142 3618 2349 3662 temnet.
2387 3606 2600 3660 Patitur
2643 3606 2790 3670 enim
2836 3607 3027 3677 durum
3055 3614 3106 3661 et
3131 3606 3494 3678 perniciosum
3533 3607 3700 3662 domi-

2143 3714 2295 3761 num,
2332 3696 2576 3766 quisquis
2612 3695 2779 3750 servit
2816 3710 3166 3767 mammonae;
3200 3712 3294 3751 sua
3315 3699 3466 3751 enim
3493 3699 3695 3768 cupidi-

2144 3795 2253 3840 tate
2280 3784 2611 3855 implicatus,‘
2648 3782 2892 3839 subditur
2925 3781 3172 3849 diabolo:
3199 3793 3256 3839 et
3293 3767 3400 3838 non
3433 3799 3562 3839 eum
3590 3786 3702 3840 dili-

2143 3877 2255 3946 git;
2301 3876 2422 3944 quis
2448 3882 2531 3929 est.
2552 3874 2692 3927 enim
2723 3874 2814 3941 qui
2850 3874 3035 3943 diligat
3076 3873 3378 3930 diabolum?
3408 3876 3501 3929 sed
3529 3884 3699 3930 tamen

2141 3965 2344 4037 patitur
2370 3979 2493 4019 eum
2525 3981 2537 4015 :
2560 3964 2707 4018 verbi
2741 3964 2911 4040 gratia
2940 3981 2953 4015 :
2977 3964 3020 4017 si
3049 3964 3100 4019 in
3127 3964 3329 4033 majore
3350 3965 3527 4033 aliqua
3546 3966 3719 4021 domo'

2141 4054 2262 4123 quis
2291 4051 2498 4107 ancilla:
2525 4052 2714 4106 alienze
2751 4051 3071 4120 coniunctus
3105 4055 3194 4126 sit,
3235 4049 3455 4124 prepter
3498 4055 3699 4126 cupidi-

2145 4154 2307 4200 tatem
2349 4159 2505 4198 suam
2530 4144 2724 4199 duram
2759 4144 2962 4214 patitur
2992 4147 3328 4212 servitutem,
3359 4147 3573 4202 etiamsi
3601 4163 3701 4201 non

2141 4235 2323 4305 diligat
2344 4249 2467 4290 eum
2489 4233 2641 4302 cujus
2660 4234 2909 4290 ancillam
2931 4235 3116 4307 diligit.
3140 4235 3372 4291 Alterum
3393 4247 3567 4292 autem
3584 4254 3698 4291 con-

2141 4333 2351 4389 temnet,
2398 4323 2548 4400 dicit,
2579 4338 2706 4387 non,
2734 4324 2856 4380 odio
2886 4315 3116 4379 nabebit.
3162 4324 3364 4379 Nullius
3391 4327 3536 4379 enim
3566 4325 3700 4381 ferre

481 4420 758 4482 operantur
781 4411 835 4464 in
856 4410 1063 4474 bonum,
1087 4410 1167 4463 his
1194 4409 1281 4478 qui
1303 4408 1585 4463 secundum
1606 4408 1926 4482 propositum
1949 4427 2037 4466 uo-
2063 4472 2108 4482 __
2141 4413 2466 4469 conscientia
2507 4420 2684 4480 potest
2722 4411 3004 4467 Dominum
3034 4415 3210 4470 odisse
3236 4433 3249 4468 :
3281 4415 3698 4471 eontemuit‘au-

479 4472 582 4554 cati
624 4509 741 4553 sunt
781 4499 947 4553 sancti
976 4498 1153 4570 (Rom.
1182 4497 1322 4569 vin).
1365 4496 1425 4576 Si.
1466 4505 1644 4553 autem
1679 4472 1932 4568 perversa
1956 4507 2040 4556 est
2063 4472 2116 4532 D
2142 4513 2269 4569 tem,
2302 4503 2356 4557 id
2383 4511 2488 4567 est,
2510 4472 2636 4556 ’που
2677 4503 2831 4558 timet
2885 4497 3030 4569 eum',
3073 4505 3164 4575 qui
3194 4504 3307 4575 ejus
3333 4521 3438 4561 non
3473 4509 3701 4563 custodit

486 4591 735 4655 intentio,
769 4604 888 4659 quae
909 4588 1180 4658 praecedit,
1206 4603 1428 4658 pravum
1455 4597 1539 4644 est
1559 4602 1719 4644 omne
1745 4590 2043 4662 opus'quod

425 4738 431 4746 ,
479 4681 744 4750 sequitur,
773 4678 1018 4749 quamvis
1039 4686 1244 4732 rectum
1284 4692 1404 4732 esse
1441 4677 1706 4732 videatur.
1732 4677 1792 4734 Si
1811 4694 1933 4749 ergo
1959 4679 2041 4732 lu-

486 4785 603 4823 men
633 4769 771 4840 quod
825 4769 879 4821 in
935 4778 983 4822 te
1033 4777 1130 4833 est,
1181 4767 1399 4822 tenebra:
1441 4776 1603 4832 sunt,
1649 4768 1776 4840 ipsa:
1823 4769 2044 4827 tenebrae

476 4867 688 4927 quantte
706 4865 877 4929 erunt.
896 4854 1162 4928 (Ηὶεγοη.)
1182 4854 1238 4910 Si
1267 4871 1474 4920 sensus,
1497 4847 1587 4931 qui
1608 4857 1785 4911 lumen
1811 4867 1914 4922 est,
1935 4859 2046 4913 ani-

487 4958 607 5009 ωε,
641 4946 770 5002 vitio
803 4945 1085 5017 caligatur,
1114 4946 1224 5016 ipsa
1268 4953 1444 5014 putas,
1475 4947 1644 5016 caligo
1674 4947 1866 5014 quibus
1894 4954 2040 5002 tene-

482 5035 597 5090 bris
641 5035 984 5095 obvolvetur!
1015 5033 1196 5106 (Aug.)
1224 5024 1453 5090 intentio
1480 5035 1705 5109 simplex
1722 5043 1780 5089 et
1809 5034 1910 5089 soli
1935 5035 2045 5098 Deo

483 5124 624 5180 velle
651 5124 866 5194 placere
894 5125 1074 5179 lumen
1113 5132 1212 5180 est.
1249 5123 1418 5187 Omne
1453 5125 1594 5179 enim
1632 5125 1777 5193 quod
1818 5123 2042 5182 manife-

487 5224 662 5272 statur
708 5215 888 5270 lumen
936 5224 1039 5270 est.
1088 5215 1154 5269 Et
1197 5216 1535 5270 manifestum
1589 5215 1743 5271 nobis
1785 5223 1868 5270 est
1905 5216 2046 5270 bono

487 5305 808 5374 ani’mo_nos
849 5302 1026 5358 facere
1064 5304 1205 5372 quod
1249 5304 1491 5359 facimus.
1525 5304 1639 5374 ipsa
1678 5315 1856 5362 autem
1902 5304 2041 5359 facta

487 5409 607 5463 qua:
633 5394 699 5450 ad
728 5393 1003 5447 hominum
1034 5393 1342 5448 societatem
1364 5410 1400 5461 ,a
1428 5397 1582 5451 nobis
1609 5396 1925 5465 procedunt,
1956 5398 2038 5450 in-

486 5491 693 5536 certum
731 5483 925 5538 habent
959 5483 1186 5546 exitum,
1218 5491 1272 5536 et
1299 5484 1416 5538 ideo
1441 5486 1687 5540 tenebras
1717 5501 1778 5541 ea
1807 5487 2035 5541 vocavit.

485 5569 601 5628 Non
627 5573 782 5633 enim
825 5573 971 5639 novi,
1007 5589 1128 5629 cum
1155 5574 1432 5643 pecuniam
1462 5576 1676 5645 porrigo
1702 5576 1958 5646 indigenti
1987 5586 2041 5630 et

443 5728 449 5734 .
490 5660 702 5728 petenti,
740 5662 866 5731 quid
905 5663 1027 5741 inde
1067 5673 1157 5717 aut
1201 5663 1445 5728 facturus
1492 5665 1583 5728 sit,
1623 5674 1714 5720 aut
1761 5667 2032 5735 patiatur:

2141 4591 2393 4647 mandata
2418 4592 2598 4651 asicut
2637 4590 2810 4646 solent
2835 4593 3010 4648 minas
3038 4591 3153 4662 ejus
3181 4603 3503 4666 postponere
3534 4597 3698 4667 cupi-

2143 4681 2400 4736 ditatibus
2444 4681 2578 4748 suis,
2609 4681 2799 4750 quide
2833 4672 3073 4738 bonitate
3101 4682 3214 4757 eius
3242 4686 3311 4740 ad
3340 4687 3695 4756 impuritatem

2144 4773 2247 4827 sibi
2299 4772 2668 4827 blandiuntur.
2709 4772 2912 4839 Quibus
2951 4789 3048 4843 per
3088 4775 3431 4832 Salomonem
3469 4777 3693 4831 dicitur;

2146 4859 2278 4926 Fili,
2302 4878 2365 4916 ne
2392 4862 2613 4931 adjicias
2637 4863 2902 4933 peccatum
2935 4881 3089 4933 super
3121 4849 3407 4935 peccatum,
3452 4876 3498 4920 et
3535 4867 3692 4929 dicas,

2149 4950 2417 5022 Miseratio
2445 4950 2543 5004 Dei
2576 4963 2762 5021 magna
2791 4963 2860 5006 est
2883 4952 3158 5025 (Eccli.v).
3193 4954 3298 5011 Sed
3327 4957 3570 5025 quisquis
3593 4957 3699 5010 vult

2146 5039 2368 5110 diligere
2409 5039 2691 5106 Dominum
2719 5050 2773 5094 et
2797 5057 2987 5097 cavere
3013 5058 3078 5097 ne
3107 5044 3361 5110 offendat,
3396 5061 3501 5099 non
3529 5061 3584 5099 se
3609 5062 3687 5099 ar-

2094 5195 2096 5197 ,
2146 5115 2622 5201 hitreturduohus
2652 5131 2894 5187 dominis
2929 5148 3086 5203 posse
3128 5136 3350 5199 servire,
3375 5145 3430 5191 et
3455 5137 3696 5191 intentio-

2149 5234 2269 5273 nem
2299 5220 2478 5275 cordis
2511 5222 2594 5275 sui
2620 5220 2688 5274 ab
2712 5222 2855 5276 omni
2885 5222 3195 5296 duplicitate
3222 5234 3423 5290 rectam
3454 5225 3690 5295 explicet.

2145 5309 2228 5363 ita
2263 5310 2407 5365 cnim
2448 5312 2646 5366 sentiet
2675 5311 2739 5365 de
2778 5300 3001 5366 Domino
3028 5315 3080 5368 in
3105 5316 3361 5381 bonitate,
3382 5351 3384 5355 ν
3407 5325 3463 5371 et
3493 5317 3545 5371 in
3576 5318 3694 5370 sim-

2145 5397 2380 5466 pli‘citate
2407 5399 2588 5454 cordis
2608 5409 2810 5468 quaaret
2839 5402 3006 5456 illum.
3070 5395 3072 5403 ’
3167 5434 3169 5436 .
3328 5414 3332 5421 -
3531 5409 3536 5413 .

2214 5486 2340 5541 Ideo
2362 5488 2478 5541 dico
2504 5489 2661 5551 vobis,
2693 5506 2755 5542 ne
2777 5480 2987 5545 solliciti
3015 5494 3128 5546 sitis
3157 5495 3342 5546 animm
3367 5508 3551 5548 vcstm-
3579 5495 3693 5562 quid

2141 5577 2478 5641 manducetis,
2495 5569 2584 5631 aut
2599 5583 2798 5651 corpori
2813 5592 2973 5636 vestro
2987 5584 3110 5652 quid
3122 5583 3508 5653 induamini“!
3517 5581 3717 5643 ieram}

2139 5665 2193 5719 ιη
2220 5666 2482 5721 nonnullis
2513 5669 2783 5725 codicibus
2803 5671 3040 5727 additum
3063 5678 3152 5728 est
3170 5688 3331 5743 neque
3351 5675 3477 5746 quid
3497 5673 3687 5725 bibatis.

3863 267 3871 378 1
