3938 6306
172 238 277 298 837

1152 240 1503 299 COMMENT.
1544 239 1612 295 IN
1651 238 2087 317 ΜᾼΤἸἮΕΙᾸΜ.
2128 271 2199 282 -
2235 232 2363 297 [ω.
2402 242 2463 298 ll.

3270 238 3417 317 .w

174 357 329 425 Quod
371 356 467 421 ait,
500 353 629 408 Ideo
651 352 787 418 dico,
818 332 898 409 ad.
921 352 1199 424 superiora
1252 352 1491 423 respicit,
1544 352 1596 405 id
1631 360 1747 415 est,
1778 355 1829 413 Α
1855 366 1969 406 ram
1996 351 2204 405 veniret
2234 364 2430 421 corpus
2468 358 2723 414 vestrum,
2762 366 2826 407 ex
2864 352 2965 411 hoc
2995 355 3217 430 intelligi
3247 326 3420 430 potest

176 448 296 501 ideo
332 443 708 514 temporalium
740 444 1152 499 sollicitudinem
1180 451 1322 507 veto,
1357 458 1423 495 ne
1459 454 1583 495 cum
1609 440 1748 493 divi-

176 540 321 593 tibus
360 535 541 592 smeuli
569 534 720 589 vobis
759 535 1124 589 tltesaurizare
1153 530 1570 588 convincamini.
1611 531 1751 599 Ergo

173 627 317 697 quod
342 625 594 681 omnibus
629 634 818 681 natura
847 625 1055 689 tribuit,
1080 622 1411 691 etjumentis
1436 634 1501 675 ac
1532 621 1744 685 bestiis,

173 716 485 771 hominibus
512 729 723 785 quoque
753 726 1039 770 commune
1076 722 1196 767 est:
1223 709 1382 778 hujus
1428 723 1558 763 cura
1594 710 1750 778 peni-

173 817 261 861 tus
308 806 619 861 liberamur.
678 805 783 861 Sed
842 803 1154 875 prazcipitur
1206 802 1362 855 nobis
1411 816 1476 854 ne
1534 799 1749 854 solliciti

171 895 345 950 simus
382 895 510 965 quid
551 895 916 960 comedamus,
951 893 1075 963 quia
1101 891 1156 945 in
1188 890 1384 945 sudore
1420 890 1599 965 vultus
1621 903 1753 957 pra-

171 998 428 1053 paramus
453 985 608 1042 nobis
641 1000 854 1057 panem.
892 984 1070 1038 Labor
1097 981 1431 1037 exercendus
1462 989 1564 1045 est,
1605 979 1749 1034 solli-

169 1076 358 1132 citudo
386 1076 636 1132 tollenda.
682 1076 795 1132 Hoc
832 1075 976 1146 quod
1009 1073 1207 1127 dicitur
1235 1090 1247 1124 :
1286 1071 1366 1124 Ne
1394 1070 1604 1124 solliciti
1633 1071 1742 1124 sitis

169 1166 364 1220 animle
412 1177 589 1229 ,ωτι-αξ
621 1166 746 1237 quid
777 1165 1079 1225 comedetis,
1128 1178 1292 1233 neque
1316 1163 1522 1231 corpori
1553 1171 1741 1227 vestro,

166 1258 297 1327 quid
342 1257 679 1321 induamini,’
704 1256 771 1310 de
796 1254 999 1323 carnali
1026 1253 1148 1308 cibo
1177 1262 1233 1309 et
1251 1252 1571 1306 vestimento
1601 1252 1747 1307 acci-

166 1347 402 1414 piamus.
445 1344 712 1400 Czeterum
739 1344 805 1398 de
828 1342 1162 1413 spiritalibus
1189 1342 1327 1398 cibis
1363 1349 1417 1396 et
1447 1342 1746 1398 vestimen-

168 1436 240 1490 tis
267 1449 484 1504 semper
517 1434 773 1489 debemus
792 1448 914 1489 esse
942 1432 1177 1488 solliciti.

243 1522 436 1577 Nonne
456 1523 633 1577 anima
668 1521 786 1593 plus
814 1531 888 1577 est
922 1538 1079 1594 quam
1115 1537 1254 1586 esca,
1293 1530 1339 1575 et
1372 1537 1558 1591 corpus
1591 1537 1747 1592 quam

165 1612 527 1668 vestimentum
542 1612 568 1667 7
586 1610 853 1685 (Hieron)
869 1610 1021 1679 Quod
1041 1612 1190 1676 dicit,
1208 1611 1506 1667 istiusmodi
1529 1620 1633 1675 est,
1655 1609 1747 1678 qui

1852 440 1993 510 quod
2036 441 2081 496 si
2126 440 2329 495 curetis
2370 440 2642 495 ctovclitis
2688 437 2921 511 adjicere
2971 462 3136 502 artum
3180 450 3417 507 cubitum

1851 532 1979 586 buic
2022 539 2262 597 statum,
2309 547 2413 586 non
2454 532 2698 602 potestis.
2738 534 2815 587 llli
2848 550 2976 605 ergo
3013 541 3173 595 etiam
3209 546 3417 615 tegendi

1849 625 2091 693 corporis
2114 640 2299 679 curam
2326 625 2635 695 relinquite,
2662 624 2815 694 cujus
2840 627 3049 682 videtur
3070 646 3195 686 cura
3219 632 3437 692 factum:

1850 728 1970 769 esse
1997 724 2055 769 ut
2078 724 2239 772 tantae
2273 725 2494 772 statura:
2531 732 2729 789 corpus
2756 717 3018 773 habeatis.
3052 719 3290 776 Dandum
3317 740 3415 779 au-

1853 814 1958 860 tem
1982 815 2103 861 erat
2125 807 2505 862 documentum
2535 808 2697 865 etiam
2724 818 2945 879 propter
2963 811 3235 874 vestitum,
3262 814 3417 869 sicuti

1850 893 2036 948 datum
2082 902 2167 949 est
2210 905 2429 965 propter
2476 896 2810 951 alimentum.
2852 897 3041 967 Itaque
3082 900 3323 969 sequitur
3366 911 3420 957 ct

1850 983 1979 1038 dicit
1997 1002 2009 1036 :

1922 1072 2261 1127 Considerate
2294 1073 2408 1127 lilia
2440 1076 2575 1145 agri,
2622 1077 2881 1147 quomodo
2907 1088 3173 1139 crescunt;
3200 1097 3300 1133 non
3343 1079 3415 1133 la-

1850 1159 2055 1225 borant,
2102 1178 2263 1233 neque
2300 1173 2421 1217 nent
2491 1162 2595 1217 Sed
2633 1164 2734 1218 ista
2770 1164 3091 1220 documenta
3139 1182 3243 1221 non
3284 1168 3422 1222 sicut

1850 1248 2136 1320 allegorica
2164 1250 2496 1305 discutienda
2526 1261 2674 1316 sunt,
2704 1260 2765 1307 ut
2785 1255 3089 1322 qumramus
3109 1254 3234 1323 quid
3256 1255 3420 1327 signi-

1850 1336 2013 1394 ficent
2050 1355 2178 1395 aves
2222 1341 2365 1407 cmli,
2395 1349 2488 1395 aut
2514 1342 2621 1397 lilia
2650 1343 2764 1415 agri
2794 1361 2806 1397 :
2838 1345 3011 1413 posita
3040 1353 3166 1399 sunt
3196 1347 3339 1401 enim
3364 1356 3425 1402 ut

1848 1429 1916 1484 de
1938 1431 2099 1485 rebus
2131 1431 2427 1487 minoribus
2456 1422 2657 1502 majora
2685 1436 3153 1503 persuaderentur.

1919 1522 2051 1576 Dico
2092 1532 2263 1575 autem
2298 1524 2460 1587 vobis,
2498 1526 2875 1595 quoniamrncc
2915 1526 3165 1581 Salomon
3202 1527 3257 1581 in
3281 1527 3422 1583 omni

1851 1609 2021 1680 gloria
2067 1627 2166 1664 sua
2198 1622 2469 1681 coopertus
2512 1624 2586 1678 est
2622 1615 2755 1667 sicut
2791 1631 2952 1667 unum
2995 1632 3059 1669 ex
3102 1617 3235 1670 istis.
3274 1616 3424 1688 (Ilie-

167 1701 381 1772 majora
421 1702 671 1772 praestitit
706 1742 720 1767 ,
745 1702 931 1772 utique
965 1702 1177 1758 minora
1217 1699 1515 1771 pnestabit.
1564 1698 1748 1769 (Aug.)
1782 1692 1826 1750 Β
1854 1703 1996 1775 ron.)
2020 1704 2085 1757 Et
2115 1718 2322 1766 revera,
2355 1705 2496 1772 quod
2522 1705 2776 1767 sericum,
2806 1718 2925 1772 quze
2953 1718 3136 1773 regum
3164 1720 3424 1773 purpura,

165 1792 437 1848 Admonet
461 1800 517 1846 ut
548 1792 953 1848 meminerimus
975 1792 1140 1845 multo
1161 1790 1391 1860 amplius
1411 1788 1564 1843 nobis
1585 1789 1752 1843 Deum

156 1883 406 1951 dedisse,
428 1882 571 1951 quod
592 1896 690 1936 nos
713 1881 841 1937 fecit
861 1889 915 1936 et
933 1881 1234 1950 composuit
1258 1894 1323 1933 ex
1350 1879 1530 1934 anima
1560 1887 1616 1934 et
1635 1894 1755 1934 cor-

166 1989 327 2046 pore,
351 1991 511 2045 quam
541 1983 626 2030 est
649 1973 963 2030 alimentum
995 1982 1051 2029 et
1080 1983 1467 2045 tegumentum.
1499 1974 1564 2029 Ut
1598 1972 1755 2029 intel-

167 2066 311 2137 ligas
348 2080 471 2122 eum
504 2066 595 2137 qui
637 2065 783 2120 dedit
812 2065 1066 2129 animam,
1112 2064 1279 2119 multo
1321 2063 1532 2118 facilius
1572 2077 1753 2118 escam

165 2170 296 2211 esse
316 2155 589 2211 daturum.
619 2154 879 2210 Similiter
902 2170 1024 2209 eum
1050 2155 1142 2225 qui
1166 2168 1362 2225 corpus
1386 2153 1552 2217 dedit,
1586 2153 1755 2207 multo

164 2244 389 2300 facilius
425 2240 675 2301 daturum
702 2259 824 2300 esse
858 2245 1257 2300 vestimentum.
1289 2243 1407 2312 Quo
1432 2244 1551 2300 loco
1585 2244 1754 2314 quaeri

164 2338 313 2395 solet
361 2346 542 2394 utrum
582 2339 651 2394 ad
691 2338 928 2394 animam
967 2338 1122 2395 cibus
1168 2339 1272 2394 iste
1315 2338 1603 2409 pertineat,
1631 2353 1753 2393 cum

164 2428 353 2483 anima
398 2427 718 2498 incorporea
760 2426 859 2491 sit,
886 2426 1038 2482 cibus
1079 2436 1260 2481 autem
1304 2426 1405 2481 iste
1435 2441 1749 2495 corporeus.

170 2516 285 2574 Sed
325 2517 561 2571 animam
589 2517 693 2572 hoc
730 2516 849 2574 loco
876 2531 977 2587 pro
1008 2516 1113 2571 ista
1144 2516 1250 2570 vita
1275 2516 1510 2589 positam
1539 2514 1754 2572 noveri-

167 2624 319 2675 mus,
349 2610 504 2680 cujus
531 2608 885 2663 retinaculum
922 2616 1005 2663 est
1042 2608 1356 2679 alimentum
1390 2607 1533 2662 istud
1561 2622 1754 2680 corpo-

166 2714 347 2755 reum.
392 2696 701 2753 Secundum
743 2698 880 2752 hanc
926 2696 1375 2765 significationem
1424 2698 1626 2752 dictum
1673 2704 1757 2752 est

164 2788 339 2842 etiam
372 2786 539 2853 illud:
575 2786 678 2853 Qui
713 2794 856 2841 amat
895 2775 1122 2839 animum
1161 2802 1333 2852 suam,
1387 2786 1564 2855 perdet
1607 2784 1754 2839 illam

166 2879 359 2949 (Joan.
401 2876 523 2949 xu).
575 2875 729 2944 Quod
778 2876 885 2931 nisi
939 2876 1005 2930 de
1048 2863 1152 2930 bac
1193 2876 1313 2931 vita
1360 2874 1752 2946 acciperemus,

167 2983 336 3039 quam
366 2968 580 3037 oportet
622 2981 721 3037 pro
761 2972 927 3036 regno
953 2965 1048 3020 Dei
1080 2966 1327 3036 perdere,
1354 2964 1495 3035 quod
1514 2964 1755 3037 potuisse

168 3070 442 3132 martyres
486 3060 698 3126 claruit,
749 3058 1080 3114 contrarium
1127 3060 1231 3113 hoc
1274 3066 1613 3129 praeceptum
1648 3060 1753 3114 erit

166 3150 248 3206 illi
269 3150 551 3206 sententia:
577 3164 683 3221 qua
712 3149 913 3205 dictum
934 3155 1054 3202 est:
1084 3146 1223 3213 Quid
1255 3146 1461 3201 orodest
1482 3147 1681 3201 homini
1710 3147 1756 3203 si

166 3251 339 3297 totum
367 3239 619 3295 mundum
644 3239 895 3304 lucretur,
919 3238 1110 3292 anima:
1133 3248 1309 3301 autem
1337 3253 1447 3293 suis
1472 3236 1754 3317 degimeu—

166 3341 283 3385 tum
308 3330 470 3399 faciat
500 3327 710 3401 (Matth.
737 3330 872 3401 xvr).

244 3418 499 3490 Respicite
526 3418 757 3473 volatilia
782 3418 923 3486 cteli,
943 3420 1190 3490 quoniam
1217 3436 1321 3475 non
1349 3429 1549 3487 serunt,
1590 3436 1753 3492 neque

166 3523 400 3578 metunt,
433 3527 594 3583 neque
622 3521 936 3582 congregant
972 3512 1028 3565 in
1066 3512 1276 3577 horrea,
1317 3522 1367 3566 et
1400 3509 1561 3566 Pater
1592 3523 1755 3566 uester

167 3604 391 3661 cmlestis
411 3603 574 3674 pascit
598 3601 711 3657 illa.
742 3600 941 3674 (Ηίετ.)
970 3600 1106 3656 Sunt
1135 3602 1355 3671 quidam
1379 3601 1475 3672 qui
1503 3603 1629 3657 dum
1658 3618 1753 3658 vo.-

168 3695 292 3748 lunt
328 3692 588 3748 terminos
618 3699 831 3761 patrum
863 3690 1149 3756 excedere,
1180 3698 1235 3745 et
1263 3689 1470 3746 att-alta
1501 3689 1751 3757 volitare,

170 3787 228 3841 in
273 3787 381 3842 ima
420 3791 759 3855 merguntur,
794 3782 1032 3836 volatilia
1076 3781 1318 3839 dicenteS
1360 3782 1485 3839 celi
1534 3782 1753 3855 angelos

165 3895 330 3943 esse,
382 3886 713 3946 caeterasque
766 3876 823 3930 in
870 3874 964 3946 Dei
1017 3875 1318 3931 ministerio
1375 3874 1750 3942 fortitudines,

169 3984 294 4041 quae
333 3970 534 4039 absque
574 3981 703 4021 cura
745 3966 860 4031 sui,
902 3964 996 4019 Dei
1039 3965 1256 4019 aluntur
1291 3966 1651 4036 providentia.
1694 3965 1753 4024 Si

167 4060 279 4116 hoc
306 4059 380 4113 ita
402 4065 487 4112 est
508 4066 566 4111 ut
592 4055 819 4127 intelligi
847 4054 1051 4120 volunt,
1085 4055 1355 4124 quomodo
1395 4055 1643 4125 sequitur
1665 4053 1750 4109 di-

166 4156 323 4207 ctum
346 4148 415 4201 ad
443 4146 688 4202 homines
715 4161 729 4199 :
768 4144 957 4199 Nonne
988 4159 1075 4199 vos
1096 4143 1263 4215 pluris
1292 4144 1419 4198 estis
1439 4136 1586 4198 illis?
1611 4143 1753 4199 Sim-

171 4236 392 4307 pliciter
441 4252 569 4308 ergo
618 4235 990 4307 accipiendum
1038 4242 1143 4290 est.
1195 4234 1349 4302 Quod
1400 4235 1446 4290 si
1492 4234 1747 4300 volatilia,

170 4329 380 4399 absque
429 4342 560 4383 cura
602 4324 990 4394 a3rumnisque,
1021 4324 1118 4379 Dei
1148 4324 1369 4379 aluntur
1391 4325 1747 4395 providentia,

168 4433 295 4488 quae
322 4417 483 4473 hodie
514 4424 659 4482 sunt,
695 4424 750 4471 et
779 4430 902 4470 cras
942 4429 1050 4469 non
1092 4422 1274 4481 erunt,
1310 4430 1539 4484 quorum
1566 4416 1747 4471 anima

169 4508 419 4563 mortalis
445 4515 549 4573 est,
580 4514 782 4562 etcum
823 4521 943 4561 esse
980 4506 1332 4571 cessaverint,
1377 4521 1597 4576 semper
1637 4520 1745 4562 non

165 4608 352 4665 erunt,
381 4608 581 4668 quanto
619 4598 790 4669 magis
833 4597 1099 4665 homines,
1135 4597 1330 4667 quibus
1356 4599 1633 4655 aeternitas
1655 4614 1747 4656 re-

166 4689 533 4763 promittitur?

228 4778 417 4834 Nonne
436 4795 518 4832 vos
533 4776 698 4843 pluris
714 4778 808 4832 esti
816 4796 823 4803 υ
850 4776 955 4831 illis
970 4775 1186 4848 ?(Aug.)
1202 4777 1313 4832 lloc
1326 4785 1407 4832 est
1421 4777 1639 4832 cbarius
1651 4792 1747 4832 vos

167 4872 384 4936 valetis,
408 4871 532 4941 quia
561 4870 741 4940 utique
772 4867 1033 4925 rationale
1056 4868 1255 4923 animal
1276 4869 1435 4924 sicuti
1457 4877 1540 4925 est
1561 4871 1743 4935 homo,

168 4964 456 5019 sublimius
496 4962 801 5018 ordinatum
836 4970 918 5017 est
948 4962 1000 5015 in
1033 4976 1218 5017 rerum
1244 4971 1455 5028 natura,
1486 4976 1652 5031 quam
1676 4960 1752 5018 ir-

171 5054 516 5108 rationabilia
545 5094 560 5119 ,
589 5054 728 5107 sicut
754 5060 881 5107 sunt
904 5067 1049 5107 aves.

245 5143 376 5209 Quis
399 5152 571 5195 autem
606 5153 831 5196 vestrum
853 5144 1086 5212 cogitans
1106 5151 1269 5212 potest
1302 5142 1530 5211 adjicere
1551 5142 1621 5195 ad
1641 5150 1751 5197 sta-

172 5250 349 5293 turam
397 5252 547 5291 suam
589 5237 819 5289 cubitum
868 5253 1051 5298 unum,
1092 5246 1143 5290 et
1185 5237 1249 5289 de
1289 5238 1586 5291 vestimento
1623 5236 1749 5307 Quid

150 5328 385 5396 solliciti
409 5326 571 5380 estis?
598 5326 653 5379 ld
684 5334 788 5390 est,
819 5326 969 5395 cujus
995 5334 1261 5394 potestate
1289 5334 1448 5394 atque
1473 5326 1749 5380 dominatu

174 5425 377 5480 factum
399 5428 480 5475 est
504 5429 563 5473 nt
594 5420 659 5473 ad
695 5420 832 5473 hanc
856 5426 1120 5471 staturam
1150 5432 1347 5486 corpus
1369 5424 1605 5471 vestrum
1634 5432 1752 5487 pob

174 5514 503 5576 duceretur,
560 5509 677 5580 ejus
710 5507 1042 5578 providentia
1084 5506 1247 5561 etiam
1296 5507 1483 5562 vestiri
1526 5514 1747 5577 potest:

177 5620 284 5660 non
315 5612 489 5658 autem
520 5609 693 5655 vestra
728 5613 857 5654 cura
890 5597 1087 5651 factum
1115 5605 1200 5650 est
1230 5606 1283 5649 ut
1319 5597 1382 5650 ad
1409 5597 1548 5650 hanc.
1578 5605 1750 5651 statu-

1773 4382 1826 4441 D

1857 1810 1977 1864 quis
2021 1795 2231 1864 pictura
2278 1796 2565 1851 textricum
2610 1804 2787 1865 potest
2828 1794 3047 1849 ﬂoribus
3085 1795 3428 1864 comparari?

1856 1887 1995 1955 Quid
2022 1888 2109 1943 .ita
2141 1889 2393 1944 rubet-ut
2426 1889 2583 1944 rosa?
2628 1887 2765 1953 Ouid
2803 1886 2877 1941 ita
2928 1888 3120 1942 candet
3145 1896 3201 1941 ut
3227 1886 3429 1942 lilium?

1856 1978 2024 2034 Violae
2058 1994 2188 2034 vero
2219 1994 2514 2050 purpuram
2541 1979 2687 2035 nullo
2718 1982 2959 2051 superari
2990 1981 3211 2043 murice,
3244 1976 3428 2041 oeulo-

1856 2083 1976 2122 rum
2007 2068 2181 2139 magis
2205 2082 2366 2138 quam
2397 2083 2705 2124 sermonum
2728 2061 2989 2137 judicium
3019 2076 3121 2123 est.

1925 2155 1986 2211 Si
2008 2167 2183 2211 autent
2206 2158 2383 2227 fenum
2408 2160 2546 2229 agri,
2573 2158 2713 2229 quod
2736 2158 2889 2211 hodie
2911 2168 3010 2222 est,
3049 2166 3097 2212 ct
3120 2160 3237 2210 cr'as
3258 2156 3311 2210 in
3336 2152 3430 2208 cli-

1857 2247 2050 2302 bonum
2081 2249 2326 2315 mittitur,
2352 2249 2491 2304 Deus
2515 2252 2590 2304 sic
2615 2250 2781 2316 vestit,
2812 2259 3007 2321 quanto
3030 2250 3193 2321 magis
3222 2265 3306 2303 vos
3332 2248 3430 2302 uti-

1858 2338 2013 2393 nimte
2040 2339 2206 2408 ﬁdei?
2246 2336 2379 2395 Cras
2418 2340 2472 2395 in
2516 2340 2808 2412 Scripturis
2836 2341 3073 2395 futurum
3101 2348 3308 2410 tempus
3341 2338 3425 2394 iu-

1858 2427 2137 2497 tclligitur,
2180 2429 2393 2485 dicente
2417 2429 2585 2486 Iacob
2614 2449 2625 2484 :
2659 2430 2729 2485 Et
2760 2432 3002 2485 exaudiet
3032 2448 3111 2486 me
3132 2447 3247 2486 cras
3266 2429 3428 2500 justi-

1852 2518 1926 2572 tia
1949 2534 2065 2572 mea
2095 2516 2250 2590 (Cen.
2282 2519 2433 2593 xxx).
2466 2520 2534 2575 Et
2557 2521 2609 2575 in
2642 2519 2909 2575 Samuelis
2936 2522 3308 2591 phantasmate
3332 2534 3431 2591 py-

1857 2609 2097 2664 tbonissa
2122 2610 2360 2680 loquitur
2382 2612 2446 2666 ad
2471 2611 2687 2666 Saulem
2708 2631 2719 2665 :
2740 2611 2869 2665 Cras
2889 2614 2991 2665 eris
3014 2627 3211 2665 mecum
3234 2610 3285 2681 (1
3300 2609 3425 2681 Reg.

1854 2697 2068 2769 xxvm).
2114 2699 2261 2754 Talis
2311 2709 2492 2755 autem
2534 2711 2618 2755 est
2663 2716 2890 2771 sensus:
2919 2700 3181 2765 Si-enim,
3224 2700 3425 2773 inquit,

1856 2789 2209 2859 germinantia
2242 2796 2419 2855 terras,
2450 2806 2570 2859 qua:
2591 2791 2655 2845 ad
2684 2792 2965 2860 praesentis
2991 2791 3245 2861 temporis
3275 2807 3427 2846 usum

1858 2878 2233 2933 tantummodo
2268 2879 2561 2947 pertinent,
2591 2888 2644 2934 et
2671 2881 2780 2934 cito
2809 2881 3031 2935 deeidua
3062 2881 3183 2950 igne
3208 2894 3427 2934 concre-

1858 2967 2193 3033 mabuntur,
2246 2975 2373 3022 tam.
2407 2978 2633 3023 venusta
2701 2969 2879 3038 specie
2934 2970 3173 3024 omnium
3241 2968 3427 3023 artifev

1781 3034 1825 3095 Ο
1858 3059 2106 3125 adornat,
2138 3068 2344 3129 quanto
2392 3054 2583 3131 magis
2608 3034 2743 3127 vos;
2774 3062 2864 3131 qui
2902 3062 2968 3116 ad
3003 3062 3289 3134 imaginem
3336 3062 3429 3117 Dei

1855 3148 2023 3202 creati
2064 3148 2215 3214 estis,
2272 3157 2326 3204 et
2365 3150 2433 3205 ad
2459 3159 2718 3205 aeternam
2768 3151 3134 3207 hacreditatem
3177 3152 3231 3207 in
3279 3152 3428 3207 cmlis

1853 3237 2163 3306 pcrtinctis,
2216 3239 2453 3293 auctoris
2496 3240 2663 3295 vestri
2712 3242 2946 3310 provisio
2999 3242 3053 3296 in
3105 3241 3429 3297 necessariis

1853 3330 2182 3397 procurabit,
2213 3338 2269 3384 et
2299 3330 2542 3385 nuditate
2570 3331 2793 3387 interire
2819 3348 2923 3387 non
2946 3334 3216 3402 patietur?

1925 3417 2105 3474 Nolite
2128 3419 2340 3474 solliciti
2359 3436 2492 3487 esse,
2516 3420 2782 3477 dicentes:
2806 3422 2947 3489 Quid
2968 3423 3425 3489 manducabimus.

1853 3516 1943 3562 aut
1983 3509 2110 3579 quid
2149 3508 2399 3576 bibemus,
2441 3518 2533 3563 aut
2576 3527 2681 3581 quo
2721 3513 3053 3581 aperientur?
3080 3512 3293 3584 (Beda.)
3314 3511 3425 3573 No-

1854 3601 2077 3656 tandum
2112 3602 2255 3672 quod
2297 3618 2404 3657 non
2433 3603 2508 3656 ait
2533 3618 2548 3656 :
2572 3602 2753 3658 Nolite
2792 3618 3051 3672 quaerere,
3088 3603 3171 3660 vel
3214 3603 3427 3660 solliciti

1853 3704 1975 3747 esse
2002 3690 2067 3745 de
2101 3690 2223 3746 cibo
2259 3730 2274 3755 ,
2306 3697 2401 3753 aut
2426 3678 2589 3761 potu,
2608 3700 2701 3745 aut
2733 3692 3065 3758 indumento,
3093 3694 3187 3747 sed
3207 3708 3429 3762 expres-

1854 3780 1999 3855 sius:
2028 3778 2191 3847 Quid,
2224 3781 2420 3850 inquit,
2449 3781 2789 3847 manducetis,
2827 3793 2917 3836 aut
2940 3784 3065 3853 quid
3100 3783 3301 3847 bibatis,
3331 3792 3424 3840 aut

1855 3870 1983 3941 quid
2010 3871 2319 3926 vestiamini.
2347 3870 2449 3927 Ubi
2477 3871 2610 3925 mihi
2629 3870 2880 3926 videntur
2899 3872 3072 3942 argui,
3100 3872 3427 3943 'qui,pspreto

1852 3961 1997 4017 victu
2042 3960 2127 4016 vel
2161 3960 2358 4017 vestitu
2394 3961 2689 4027 communi,
2729 3960 2957 4017 lautiora
2993 3961 3097 4016 sibi
3126 3961 3208 4015 vel
3244 3970 3426 4018 auste-

1852 4053 1997 4109 riora
2042 4068 2154 4122 pra:
2182 4053 2269 4108 his
2306 4068 2428 4108 cum
2458 4053 2653 4123 quibus
2684 4054 2851 4109 vitam
2878 4054 3101 4121 ducunt,
3140 4050 3419 4121 alimenta,

1850 4140 1935 4197 vel
1968 4142 2305 4209 indumenta,
2336 4143 2641 4211 requirunt.
3430 4194 3433 4195 ν

1922 4231 2051 4287 Haec
2077 4234 2215 4287 enim
2251 4234 2426 4287 omnia
2458 4243 2632 4303 gentes
2674 4234 2965 4306 inquirunt.
2995 4233 3222 4307 (ΜΛυιι.)
3262 4234 3425 4291 Scili-

1850 4330 1938 4377 cet
1962 4322 2157 4392 quibus
2176 4337 2307 4377 cura
2330 4321 2647 4395 futurorum
2660 4339 2766 4379 non
2793 4332 2899 4389 est,
2937 4324 3031 4379 sed
3056 4331 3261 4377 tantum
3286 4338 3425 4395 pra:-

1850 4416 2093 4471 sentibus
2140 4415 2355 4493 intenti,
2403 4423 2465 4469 ut
2510 4414 2669 4469 bruta
2722 4414 3001 4479 animalia,
3048 4414 3163 4469 btec
3205 4421 3423 4469 terrena

1849 4519 2061 4575 semper
2114 4511 2391 4575 appetunt.
2445 4505 2522 4560 De
2566 4505 2762 4575 quibus
2800 4502 3069 4573 Propheta
3121 4501 3421 4557 ait:Com-

1846 4596 2019 4665 parati
2044 4604 2163 4649 sunt
2178 4594 2430 4664 jumentis
2450 4593 2829 4665 insipientibus,
2855 4603 2901 4646 et
2926 4591 3121 4647 similes
3142 4592 3269 4663 facti
3292 4602 3414 4649 sunt

1844 4683 1951 4737 illis
1980 4682 2150 4753 (Psal.
2174 4682 2383 4755 xum).

1896 4773 2032 4829 ‘Soit
2055 4776 2191 4827 enim
2228 4771 2391 4827 Pater
2422 4784 2607 4840 vester,
2639 4775 2762 4845 quia
2785 4774 2866 4828 his
2893 4774 3129 4829 omnibus
3153 4775 3417 4844 indigetis.

1814 4906 1815 4909 η
1851 4865 2081 4931 Quazrite
2110 4882 2231 4936 ergo
2258 4866 2484 4936 primunt
2515 4884 2729 4938 regnum
2751 4867 2849 4921 Dei
2882 4876 2940 4923 et
2970 4868 3250 4937 justitiam,
3277 4866 3419 4937 ejus,

1848 4964 1897 5009 et
1946 4955 2056 5010 haec
2100 4955 2281 5009 omnia
2315 4956 2631 5025 adjicientur
2674 4955 2835 5011 vobis.
2867 4956 3049 5027 (Aug)
3100 4954 3197 5011 llic
3249 4957 3417 5010 mani-

1848 5042 2137 5099 festissime
2185 5044 2418 5099 ostendit
2464 5059 2573 5098 non
2622 5044 2737 5100 [nec
2782 5059 2903 5100 esse
2950 5045 3245 5114 appetenda
3294 5050 3415 5097 tan-

1849 5150 2011 5205 quam
2055 5135 2180 5189 talia
2226 5136 2365 5191 bona
2410 5142 2616 5200 nostra,
2661 5144 2720 5189 ut
2744 5143 3047 5205 propterea
3077 5134 3189 5203 ipsa
3218 5122 3413 5189 debea-

1854 5244 1972 5283 mus
1997 5228 2134 5283 lene
2167 5226 2365 5292 facere,
2413 5227 2460 5281 si
2486 5227 2616 5298 quid
2640 5226 2905 5291 facimus,
2945 5226 3037 5281 sed
3083 5233 3261 5278 tamen
3298 5239 3415 5279 esse

1852 5320 2175 5377 necessaria.
2219 5319 2358 5386 Quid
2395 5320 2543 5375 enim
2586 5320 2803 5376 intersit
2844 5320 2983 5377 inter
3025 5317 3223 5371 bonum
3272 5315 3461 5383 quod"

1851 5412 2205 5483 appetendum
2228 5420 2331 5477 est,
2352 5418 2408 5466 et
2432 5411 2793 5467 necessarium
2813 5409 2954 5479 quod
2977 5406 3293 5469 sumendum
3310 5412 3412 5467 est,

1853 5504 1953 5558 hac
1982 5504 2248 5557 sententia
2278 5501 2593 5567 declaravit,
2624 5514 2745 5555 cum
2784 5499 2897 5552 ait:
2923 5495 3152 5563 Quwrite
3188 5496 3412 5563 primum

1853 5610 2063 5663 regnum
2107 5592 2201 5647 Dei
2227 5602 2273 5645 et
2291 5592 2556 5660 justitiam
2583 5592 2717 5657 ejus.
2752 5601 2796 5643 et
2823 5590 2930 5641 htrc
2963 5588 3135 5639 omnia
3161 5584 3413 5637 adiicien-
