3938 6346
1065 347 1126 401 Β.
1165 336 1416 398 RABAN!
1454 318 1672 387 MAURI
1709 313 2023 376 ARCHIEP.
2070 302 2377 363 MOGUNI‘.
2420 292 2705 354 OPERUM
2741 286 2919 341 PARS
2954 284 2994 335 Ι.
3575 266 3684 322 840

2031 427 2081 486 Α
2109 420 2175 474 lis
2213 426 2297 473 est
2338 411 2530 467 nobis:
2563 403 2793 475 pertinet
2823 396 2968 450 enim
2995 393 3062 446 ad
3089 392 3227 444 hanc
3253 382 3610 457 fragilitatem
3639 387 3690 428 et

2079 507 2492 563 "mortalitatem
2535 509 2696 566 quam
2729 486 2999 560 peccando
3032 481 3345 536 meruimus.
3388 475 3527 531 Huic
3557 484 3692 540 ergo

2109 615 2280 672 poenae
2323 589 2635 661 temporalis
2680 577 3022 637 necessitatis
3071 572 3182 627 noli
3228 571 3426 625 addere
3485 565 3693 634 aliquid

2110 679 2344 760 gravius,
2372 688 2435 735 ut
2465 693 2570 732 non
2599 673 2770 729 solum
2807 665 3031 739 patiaris
3073 664 3263 717 harum
3310 674 3492 715 rerum
3546 654 3694 711 indi—

2111 745 2363 849 gentiam,
2408 768 2503 824 sed
2531 766 2693 821 etiam
2718 764 2940 831 propter
2968 754 3109 807 hanc
3143 748 3461 818 explendam
3490 745 3698 800 milites

2113 868 2246 922 Deo.
2273 863 2385 917 Hoc
2414 868 2595 914 autem
2620 853 2965 907 vehementer
2992 839 3287 897 cavendum
3330 846 3414 892 est
3451 851 3522 890 ne
3557 834 3700 888 forte

2115 973 2236 1013 cum
2321 950 2614 1006 viderimus
2671 941 2910 1009 aliquem
2974 945 3190 987 servum
3250 926 3346 981 Dei
3407 924 3701 995 providere

2116 1063 2187 1103 ne
2231 1047 2332 1100 ista
2380 1035 2683 1096 necessaria
2729 1029 2904 1087 desint
2942 1022 3024 1078 vel
3066 1019 3166 1074 sibi
3215 1016 3297 1070 vel
3344 1016 3423 1070 eis
3461 1026 3700 1085 quorum

2119 1137 2223 1194 sibi
2257 1148 2387 1190 cura
2413 1127 2699 1185 commissa
2734 1114 3161 1185 est,.judicemus
3179 1121 3308 1161 eum
3340 1113 3534 1159 contra
3565 1117 3704 1172 pra:-

2122 1235 2336 1296 ceptum
2385 1213 2480 1274 Dei
2523 1218 2704 1271 facere
2739 1217 2800 1265 et
2830 1208 2895 1263 de
2938 1199 3174 1259 crastino
3223 1210 3342 1250 esse
3382 1193 3699 1248 sollicitum.

2121 1281 2261 1372 Nam
2286 1321 2340 1367 et
2373 1313 2487 1382 ipse
2525 1305 2802 1364 Dominus,
2843 1298 2928 1352 cui
2956 1288 3335 1349 ministrabant
3363 1281 3576 1350 angeli,
3622 1288 3702 1331 ta-

2125 1428 2250 1471 men
2278 1415 2500 1480 propter
2527 1399 2832 1470 exemplum
2878 1407 2945 1448 ne
2993 1390 3113 1460 quis
3152 1394 3337 1456 postea
3387 1374 3704 1434 scandalum

2125 1509 2425 1578 pateretur,
2470 1509 2590 1550 cum
2638 1491 2872 1559 aliquem
2921 1494 3198 1537 servorum
3222 1474 3338 1543 ejus
3366 1467 3708 1525 animadver-

2132 1597 2288 1652 tisset
2339 1593 2444 1647 ista
2498 1581 2807 1642 necessaria
2856 1587 3187 1646 procurare,
3237 1564 3446 1622 loculos
3507 1559 3709 1615 habere

430 369 529 422 δῖ)

430 491 522 530 tur
561 473 716 528 vobis.
753 465 1002 535 Regnum
1030 472 1158 529 ergo
1203 463 1257 509 et
1289 446 1494 518 justitia
1538 440 1630 495 Dei
1667 439 1867 490 bonum
1909 442 2028 483 no—.

438 579 608 624 struin
635 570 738 625 est,
773 518 963 613 etuhoc
999 518 1377 620 appetendum,
1426 544 1481 589 et
1523 531 1593 584 ibi
1637 526 1757 579 linis
1797 518 2000 576 consti-

444 656 672 713 tuendus
710 654 927 719 propter
970 639 1111 711 quod
1143 631 1320 689 omnia
1370 625 1629 680 faciamus
1677 621 2007 684 qumcunque

445 748 690 803 facimus.
710 696 838 794 ι,58ιῖ
862 696 1068 805 quiajin
1096 730 1197 781 hac
1214 723 1324 777 vita
1347 717 1662 774 militamus,
1698 714 1759 761 ut
1789 704 1852 757 ad
1881 696 2010 755 illud

447 850 673 908 regnum
719 827 998 901 pervenire
1035 816 1323 890 possimus,
1368 823 1487 878 qua:
1521 803 1632 858 vita
1659 800 1774 854 sine
1803 795 1888 849 his
1914 805 2009 846 ne-

1229 906 1235 908 ‘
1483 905 1490 908 -
1590 895 1604 908 ι
1658 907 1695 908 η
1734 887 1878 908 --λ-Α-
1929 884 1977 908 ε..

452 884 702 984 εεέεειῐὶἱς
722 884 826 986 ‘agi
861 931 966 970 non
996 884 1188 982 potest.
1215 905 1564 974 Apponentur
1590 895 1706 948 haec
1732 887 1904 949 vobis,
1929 884 2010 937 in-

449 1022 587 1092 quit,
629 1017 721 1071 sed
752 1027 844 1066 vos
872 977 1099 1076 regnum
1139 999 1235 1054 Dei
1273 1004 1326 1051 et
1351 990 1615 1064 justitiam
1643 983 1759 1054 ejus
1783 977 2013 1049 primum

1241 1088 1286 1092 ‘“
1346 1086 1362 1092 ‘
1470 1083 1482 1092 ·
1705 1062 2013 1092 -2.._:n-....:s

455 1066 694 1181 quaerite.
726 1104 858 1159 Cum
888 1098 1033 1154 enim
1071 1092 1203 1148 dicit
1237 1086 1364 1143 illud
1402 1083 1655 1154 primum,
1700 1066 2020 1141 signiﬁcavit

465 1388 720 1444 tanquam
749 1363 1112 1422 necessarium
1145 1363 1422 1410 nostrum;
1456 1337 1812 1397 necessarium
1841 1338 2022 1386 autem

1383 1438 1395 1444 -
1598 1428 1648 1444 εν·
1692 1423 1848 1444 ﬂaua
1903 1418 2022 1444 μω

467 1646 786 1705 manducare
799 1648 864 1694 ut
885 1616 1307 1702 evangelizemus
1323 1637 1338 1675 :
1357 1633 1476 1673 nam
1500 1616 1542 1669 si
1565 1617 1849 1682 propterea
1868 1616 2030 1656 evan-

468 1739 758 1811 gelizamus
791 1739 847 1783 ut
870 1723 1277 1781 manducemus,
1311 1710 1467 1766 vilius
1495 1704 1757 1759 habemus
1777 1695 2028 1762 Evange-

1243 1804 1254 1811 ·
1328 1799 1341 1811 ⁶
1473 1795 1485 1811 ·
1705 1788 1754 1811 ε-
1803 1781 2028 1811 ωηηιι..-

484 1765 758 1793 ὐιιιαιυυδ
793 1765 847 1783 us
877 1765 1277 1781 ιιιυιιυννν---..-,
1328 1765 1331 1766 ,

473 1765 599 1880 ilum
643 1835 802 1891 quam
842 1815 1058 1871 cibum:
1086 1816 1141 1863 et
1179 1804 1285 1860 erit
1325 1799 1435 1870 jam
1471 1795 1669 1849 bonum
1705 1788 1757 1841 in
1803 1781 2032 1838 mandu-
2060 1770 2109 1831 B
2139 1765 2300 1835 seriis
2360 1766 2621 1844 quidquid
2677 1776 2814 1833 opus

1331 1890 1335 1891 ν
1626 1879 1659 1891 ε.
1785 1873 1828 1891 ι-
1895 1870 2031 1891 τῖε--.ι
2139 1869 2437 1891 ι--μι,......νι
2481 1869 2660 1891 angina
2698 1862 2748 1891 ni
2788 1852 2814 1891 ἦ

2139 1829 2438 1926 loculoruin
2480 1869 2664 1916 custos
2698 1829 2754 1910 et
2788 1852 2905 1914 fur,
2960 1848 3100 1902 sicut
3147 1841 3410 1910 scriptum
3461 1843 3579 1897 est,
3613 1829 3710 1885 Ju-

2142 1960 2273 2024 das,
2303 1955 2404 2026 qui
2440 1965 2562 2008 eum
2603 1942 2862 2005 tradidit,
2898 1939 3005 1993 fuit
3055 1933 3248 2006 (loan.
3281 1928 3410 1998 xu).
3452 1925 3594 1980 Iliae
3625 1937 3706 1976 se-

2143 2051 2342 2121 quitur.

475 1870 599 1880 ,μηη
647 1870 858 1891 Ἰ-ψηνν

469 1912 662 1976 cando,
706 1902 1066 1962 necessan'um
1107 1904 1283 1949 autem
1326 1890 1379 1943 in
1423 1873 1857 1952 evangelizando.
1895 1870 2036 1940 Ergo

475 1961 807 2074 qumctinque
838 2009 923 2048 res
951 1995 1172 2061 propter
1199 1981 1343 2038 aliud
1375 1972 1582 2045 aliquid
1607 1967 1886 2039 quaeritur,
1921 1961 2038 2016 sine

477 2047 637 2149 dubio
667 2047 889 2144 inierior
911 2047 1013 2144 est,
1044 2047 1204 2149 quam
1233 2073 1287 2129 id
1321 2075 1540 2142 prepter
1567 2060 1710 2134 quod
1740 2047 2034 2128 quaer-itur:

476 2193 533 2242 et
574 2184 694 2237 ideo
724 2177 851 2232 illud
877 2174 1106 2244 primum
1155 2172 1238 2221 est
1280 2168 1499 2232 propter
1537 2151 1678 2223 quod
1720 2150 1877 2204 istam
1929 2157 2042 2198 retr.

485 2258 822 2343 quaeris,‘non
846 2266 948 2320 ista
971 2275 1059 2316 res
1079 2263 1296 2328 propter
1320 2263 1481 2322 quam
1505 2244 1646 2300 aliud
1660 2238 1874 2312 quieris.
1894 2231 2045 2300 Qua:-

482 2332 582 2418 i:ite
599 2332 822 2432 prirnum
840 2369 1052 2426 regnum
1072 2351 1186 2420 ejus
1202 2357 1249 2400 et
1264 2341 1527 2416 justitiam
1541 2336 1660 2399 Dei,
1683 2332 1735 2388 id
1747 2337 2058 2405 estpraipm

477 2428 733 2507 nentibus
762 2444 972 2501 caeteris
1000 2439 1180 2504 rebus,
1203 2445 1263 2490 ut
1291 2439 1510 2504 propter
1547 2428 1650 2481 hoc
1686 2429 1879 2478 caetera
1907 2431 2050 2486 qua:-

479 2558 687 2606 ramus,
726 2554 830 2593 non
880 2535 1039 2590 debet
1082 2531 1302 2585 subesse
1333 2516 1641 2587 sollicitudo
1672 2529 1739 2568 ne
1762 2510 1850 2565 illa
1877 2506 2052 2588 desint

2133 1686 2386 1756 dignatus
2442 1686 2528 1734 est
2581 1688 2704 1729 cum
2755 1666 3024 1738 pecunia.
3085 1661 3227 1714 unde
3281 1656 3470 1710 usibus
3517 1661 3708 1704 neces—

2875 1757 3066 1812 fuisset
3123 1748 3414 1822 praeberet.
3471 1742 3709 1810 Quorum

2744 2099 2968 2160 CAPUT
3008 2096 3118 2152 VII.

2146 2211 2224 2266 De
2251 2224 2353 2262 non
2366 2199 2661 2277 judicando
2676 2194 3203 2277 pi'oximunjtitentere.
3224 2173 3719 2277 Aggrtatjtiinngrcdi

2215 2244 2894 2350 pLT'LQZZBZE'pB'ném;
2933 2258 3077 2312 docet
3120 2251 3376 2308 cavendas
3419 2244 3584 2316 falsos
3607 2259 3722 2313 pro-

2219 2349 2422 2419 phetas,
2461 2352 2565 2396 etc.

2223 2405 2313 2513 ᾗ]
2365 2405 2542 2489 Nolite
2585 2424 2858 2499 judicare,
2903 2430 2960 2476 at
3015 2433 3119 2472 non
3161 2409 3494 2484 judicemini.
3535 2405 3604 2459 In
3628 2420 3724 2473 quo

2154 2501 2313 2587 enim‘
2332 2525 2538 2599 judicio
2571 2515 2934 2592 iudicaveritis
2968 2553 2983 2577 ,
3017 2503 3420 2580 judicabimini;
3463 2510 3511 2554 et
3546 2501 3601 2552 in
3627 2513 3727 2566 qua

481 2649 608 2706 quin
643 2631 769 2686 huic
796 2628 920 2681 vita}
950 2629 1166 2694 propter
1193 2628 1418 2706 regnum
1447 2609 1544 2706 D_ei
1571 2611 1696 2663 sunt
1723 2595 2048 2706 necesaal'jaf
2156 2588 2402 2680 mensura
2427 2588 2590 2671 mensi
2614 2609 2850 2682 fueritis,
2897 2602 3194 2658 remetietur
3237 2595 3399 2650 vobis.
3452 2591 3569 2646 Hoc
3614 2588 3728 2642 loco

2563 2703 2576 2706 -
2605 2703 2613 2706 .
2817 2698 2829 2706 .
2873 2696 2884 2706 .
3000 2694 3011 2704 ι
3050 2692 3081 2706 ,ο
3156 2704 3167 2706 ,
3263 2684 3362 2706 __:-:
3401 2689 3460 2706 --ι
3494 2695 3551 2706 Α.
3596 2678 3725 2706 [με.

496 2687 642 2780 Dixit
675 2721 817 2774 enim
851 2687 1099 2784 superius
1127 2729 1139 2762 :
1169 2708 1277 2764 Scit
1301 2705 1436 2759 enim
1465 2699 1625 2753 Pater
1643 2703 1803 2749 vester
1821 2688 1944 2761 quia
1959 2687 2058 2740 vso-

2160 2713 2296 2770 nihil
2320 2707 2464 2765 aliud
2492 2678 2649 2760 nobis
2670 2696 2888 2770 praecipi
2923 2692 3208 2751 existimo,
3263 2684 3366 2739 nisi
3401 2689 3464 2736 ut
3490 2695 3556 2736 ea
3595 2678 3728 2732 facta

490 2827 612 2866 rum
651 2807 880 2862 omnium
915 2799 1170 2870 indigetis.
1215 2795 1283 2849 Et
1318 2792 1436 2846 ideo
1457 2803 1588 2843 cum
1614 2783 1835 2840 dixisset
1860 2797 1872 2831 :
1897 2775 2063 2874 {lu-ab
2163 2818 2285 2874 qum
2310 2798 2529 2856 dubium
2551 2799 2638 2847 est
2664 2803 2771 2859 quo
2797 2785 2987 2852 .animo
3016 2781 3164 2841 ﬁam,
3203 2777 3255 2830 in
3285 2772 3565 2828 meliorem
3606 2783 3728 2837 par-

498 2903 595 2956 rite
636 2899 861 2970 primum
910 2906 1124 2962 regnum
1169 2897 1216 2942 et
1259 2882 1524 2955 justitiam
1571 2876 1690 2939 Dei,
1742 2888 1846 2926 non
1881 2866 2062 2927 dixit:

495 2989 699 3048 Deinde
741 2987 842 3040 ista
884 2983 1129 3054 qumrite,
1157 2975 1411 3047 quamvis
1452 2971 1561 3026 sint
1600 2961 1933 3025 necessaria;
1973 2956 2066 3012 sed

498 3083 576 3137 ait
599 3099 612 3134 :
643 3077 771 3132 Haec
791 3075 965 3130 omnia
992 3078 1321 3143 opponentur
1348 3063 1508 3127 vobis,
1536 3060 1591 3114 id
1614 3065 1716 3122 est,
1731 3066 2069 3121 consequen-

502 3122 576 3137 ιιι·
600 3123 612 3134 ·
643 3122 767 3132 υννν
795 3122 964 3130 ν--ν---ν-
994 3122 1111 3143 πττ-
1131 3122 1152 3123 η
1495 3122 1504 3127 .

502 3184 607 3234 tur,
638 3169 684 3225 si
711 3167 800 3222 illa
841 3163 1114 3234 quaeratis,
1156 3159 1272 3213 sine
1310 3153 1416 3208 ullo
1452 3158 1633 3206 vestro
1658 3144 2059 3215 impedimento.
2092 3122 2138 3183 (ἶ

505 3263 658 3321 Unde
688 3268 746 3314 et
790 3272 909 3311 cum
947 3269 1053 3308 non
1098 3251 1192 3314 ait,
1246 3248 1536 3308 dabuntur,
1587 3239 1681 3295 sed
1723 3235 2060 3306 adjiciantur,

503 3352 744 3425 profecto
780 3346 984 3402 iudicat
1005 3341 1147 3397 aliud
1172 3353 1293 3394 esse
1322 3333 1465 3404 quod
1490 3326 1857 3402 principaliter
1883 3324 2063 3386 datur,

504 3414 647 3497 aliud
691 3437 830 3509 quod
872 3429 1271 3503 superadditur.
1330 3422 1464 3491 Quia
1508 3419 1663 3474 nobis
1690 3417 1743 3471 in
1777 3414 2069 3469 intentione

500 3501 801 3593 :eternitas,
845 3526 898 3580 in
933 3501 1032 3578 usu
1067 3535 1196 3575 vero
1239 3511 1600 3585 temporalitas
1627 3520 1749 3561 esse
1789 3503 1964 3558 debet.
2003 3501 2070 3552 Et

2168 2855 2276 2949 iem
2325 2855 2758 2956 interpretemur.
2808 2872 2971 2942 Quod
3008 2870 3149 2925 enim
3193 2865 3451 2933 scriptum
3481 2867 3567 2915 est
3610 2876 3622 2910 :
3657 2855 3732 2909 Es

2171 2981 2425 3056 fructibus
2446 2989 2623 3032 eorum
2647 2965 2964 3041 cogno::cetis
2985 2977 3070 3016 eos
3087 3001 3100 3023 ,
3121 2959 3190 3014 de
3211 2953 3516 3011 manifestis
3539 2951 3734 3007 dictum

2172 3085 2257 3130 est
2283 3087 2401 3141 quae
2429 3082 2535 3122 non
2564 3069 2788 3135 possunt
2829 3058 2972 3111 bono
3001 3052 3182 3107 animo
3213 3047 3331 3102 ﬁeri
3369 3063 3381 3098 :
3408 3043 3570 3099 sicuti
3621 3049 3739 3094 sunt

2170 3129 2374 3234 stupra,
2398 3159 2483 3221 vel
2511 3129 2875 3225 blasphemiae,
2898 3145 2984 3202 vel
3010 3143 3172 3207 furta,
3202 3138 3284 3194 vel
3313 3136 3552 3193 ebrietas
3573 3173 3586 3193 ,
3623 3129 3742 3185 etsi

2170 3222 2276 3325 qua
2299 3222 2427 3308 sunt
2453 3247 2604 3311 talia,
2629 3222 2695 3298 de
2721 3240 2916 3310 quibus
2943 3233 3098 3289 nobis
3118 3230 3361 3300 judicare
3391 3222 3740 3296 permittitur.

2171 3347 2246 3399 De
2294 3351 2490 3411 genere
2532 3335 2776 3390 ciborum
2805 3369 2817 3391 ,
2873 3324 2999 3395 quia
3035 3327 3258 3392 possunt
3310 3318 3453 3371 bono
3490 3313 3670 3366 animo
3695 3317 3746 3362 et

2173 3424 2402 3496 simplici
2433 3421 2611 3481 corde,
2645 3417 2762 3472 sine
2793 3411 2923 3466 vitio
2951 3401 3418 3475 concupiscentia),
3445 3398 3747 3468 quicunque

2173 3483 2397 3572 humani
2446 3509 2551 3563 cibi
2587 3503 2956 3561 indifferenter
2981 3495 3141 3558 sumi,
3171 3490 3422 3564 prohibet
3469 3483 3750 3555 Apostolus

508 3625 634 3680 illud
666 3622 841 3680 dam",
873 3625 927 3671 θι
959 3615 1062 3668 Ῑ¹⁰⁰
1087 3609 1338 3674 nimirum
1378 3620 1443 3660 ει
1479 3596 1770 3656 “humana
1811 3589 2071 3663 superad‘
2170 3602 2405 3676 judicari
2433 3613 2527 3653 eos
2555 3595 2646 3666 qui
2671 3590 2928 3648 carnibus
2954 3585 3307 3640 \eseebantur
3332 3620 3347 3644 ,
3377 3586 3432 3633 et
3459 3576 3647 3630 vinum
3679 3575 3750 3627 bi-

507 3713 671 3768 ditur.

585 3821 761 3876 Nolite
782 3815 990 3873 solliciti
1013 3827 1122 3866 esse
1146 3809 1208 3862 de
1234 3806 1483 3860 crastino.
1507 3799 1780 3854 Crastinus
1809 3794 1946 3847 enim
1968 3790 2078 3844 dies

514 3912 767 3968 sollicitus
793 3907 888 3960 erit
911 3903 1006 3957 sibi
1031 3900 1147 3969 ipsi.
1177 3891 1445 3968 (Hieron)
1475 3890 1551 3943 De
1568 3881 1919 3958 prmsentibus
1949 3891 2079 3948 ergo

516 4001 778 4058 sollicitos
806 4009 925 4049 esse
945 3968 1142 4044 debere
1169 3982 1458 4045 concessit,
1487 3979 1576 4048 qui
1607 3974 1786 4029 futura
1808 3968 2082 4042 prohibuit

520 4091 776 4160 cogitare.
814 4082 965 4139 Unde
1006 4087 1060 4134 et
1090 4071 1414 4146 Apostolus:
1447 4069 1613 4123 Nocte
1654 4072 1700 4118 et
1745 4062 1848 4124 die,
1888 4058 2079 4127 inquit,

516 4179 759 4236 manibus
792 4173 979 4228 nostris
1007 4168 1317 4229 laborantes,
1342 4173 1573 4230 nequem
1596 4162 1819 4209 vestrum
1840 4162 2085 4220 gravare-

517 4289 635 4328 mus
667 4270 719 4342 (Ι
752 4268 929 4322 Thess.
959 4261 1043 4333 ιι).
1076 4258 1206 4313 Cras
1236 4262 1411 4310 autem
1447 4251 1500 4304 in
1527 4243 1822 4315 Scripturis
1849 4241 2085 4294 futurum

524 4330 772 4432 tempus,
830 4365 890 4411 ut
930 4330 1092 4424 paulo
1143 4357 1269 4402 ante
1314 4341 1696 4415 probavimus,
1748 4330 2084 4400 intelligitur.

526 4417 752 4525 (bl/tim.)
791 4447 906 4501 Non
933 4417 1019 4498 est
1041 4453 1169 4510 ergo
1197 4448 1414 4491 necesse
1452 4430 1518 4485 de
1545 4425 1740 4482 futuris
1767 4436 1867 4477 nos
1892 4417 2091 4475 sollici-

528 4512 655 4605 iari,
691 4512 807 4608 qum
839 4535 1015 4589 divina
1043 4533 1296 4601 procurat
1334 4520 1622 4583 ordinatio,
1668 4529 1794 4570 eum
1843 4512 2011 4578 frigus
2035 4515 2090 4562 et

529 4641 713 4695 mstus,
738 4639 897 4698 :eStas
927 4633 981 4677 et
1001 4621 1199 4682 hiems,
1232 4631 1337 4671 non
1364 4612 1720 4681 requiescent,
1746 4617 1953 4659 annuos
1979 4599 2094 4653 fru-

531 4730 651 4778 ctus
679 4729 821 4774 terra
847 4713 1090 4786 profert:
1127 4709 1191 4762 Et
1219 4705 1475 4777 aperiente
1519 4700 1626 4754 Deo
1668 4710 1881 4750 manum
1921 4704 2087 4751 suam,

530 4828 682 4866 omne
714 4778 909 4862 anim-al
946 4799 1242 4870 implebitur
1293 4791 1638 4847 benedictione
1676 4784 1846 4857 (Psal.
1879 4778 2094 4849 cxmv);

533 4906 630 4962 sed
683 4902 933 4957 collatum
983 4905 1222 4964 praesens
1269 4882 1590 4940 beneficium
1639 4886 1788 4948 grate
1833 4871 2098 4940 recipien-

536 5009 644 5058 tes,
677 4994 741 5046 de
791 4963 1238 5052 futuraipenuria
1293 4990 1398 5030 non
1453 4977 1797 5026 metuamus:
1826 4963 1953 5032 quin
2002 4973 2098 5027 po-

541 5087 647 5142 tius
710 5093 926 5135 omnem
981 5067 1393 5128 sollicitudinem
1445 5067 1685 5116 nostram
1729 5064 1994 5123 ponamus
2047 5047 2101 5098 in

540 5175 740 5246 pietate
772 5163 1097 5225 Conditoris,
1136 5159 1386 5229 quoniam
1422 5151 1526 5221 ipsi
1562 5162 1694 5204 cura
1719 5151 1805 5198 est
1833 5140 1901 5196 de
1927 5137 2099 5192 nobis.

614 5227 809 5328 Sufﬁcit
841 5253 944 5306 diei
974 5227 1177 5309 malitia
1223 5263 1340 5299 sua.
1390 5235 1659 5313 (Hieron.)
1701 5232 1801 5286 Hic
1844 5227 2103 5283 malitiam

546 5368 655 5407 non
697 5346 1022 5403 contrariam
1050 5338 1233 5394 virtuti
1264 5335 1461 5406 posuit,
1487 5332 1580 5386 sed
1610 5329 1866 5387 laborem,
1899 5331 1953 5377 et
1984 5317 2112 5373 afﬂi-

543 5441 809 5500 ctionein,
859 5442 913 5488 et
954 5429 1229 5499 angustias
1277 5422 1476 5478 saeculi.
1525 5416 1734 5472 Sullicit
1777 5426 1906 5482 ergo
1955 5406 2109 5462 nobis

545 5525 828 5598 praesentis
879 5519 1136 5590 temporis
1186 5512 1442 5584 cogitatio
1486 5527 1498 5561 :
1549 5506 1848 5560 futurorum
1901 5514 2105 5559 curam,

549 5631 669 5685 qum
701 5614 902 5666 incerta
931 5618 1034 5672 est,
1063 5605 1444 5676 relinquamus.
1495 5592 1673 5664 (Aug.)
1716 5591 1883 5656 Quam
1922 5601 2110 5642 curam
2138 5621 2141 5623 -

558 5690 834 5773 1i°opterca
863 5700 1117 5755 malitiam
1151 5701 1476 5749 nominatam
1498 5684 1749 5743 arbitror,
1776 5682 1898 5750 quia
1929 5692 2113 5750 parna-

2178 3667 2403 3756 hebant,
2426 3690 2492 3744 ab
2517 3688 2597 3741 eis
2621 3685 2713 3754 qui
2739 3697 2796 3737 se
2826 3681 2894 3734 ab
2920 3674 3221 3744 hujusmodi
3259 3667 3534 3752 alimentis
3556 3676 3752 3734 tempe-

2182 3788 2414 3842 rabant:
2446 3781 2547 3846 Qui
2593 3774 2876 3830 manducat
2903 3811 2917 3836 ,
2961 3767 3172 3845 inquit,
3227 3780 3329 3816 non
3356 3741 3751 3814 manducantem

2184 3896 2288 3936 non
2310 3882 2519 3946 spernat
2545 3887 2562 3934 ;
2591 3879 2638 3922 et
2665 3867 2752 3937 qui
2776 3881 2878 3918 non
2899 3840 3201 3920 manducat,
3229 3851 3636 3906 manducantem
3662 3861 3752 3898 non

2177 3936 2378 4039 judice:
2410 3961 2582 4036 (Rom.
2613 3936 2746 4026 xiv).
2774 3954 2855 4008 Ad
2885 3953 2987 4006 hoc
3006 3947 3238 4018 pertinet
3263 3943 3426 3999 etiam
3459 3938 3590 3993 illud
3621 3936 3757 4007 quod

2187 4027 2294 4110 alio
2320 4027 2439 4108 loco
2467 4048 2596 4105 dicit
2629 4064 2642 4099 :
2676 4043 2852 4098 Nolite
2884 4048 3003 4094 ante
3041 4047 3240 4105 tempus
3263 4031 3534 4102 judicare,
3559 4027 3758 4096 quoad-

2188 4164 2349 4222 usque
2390 4144 2559 4200 veniat
2603 4138 2883 4201 Dominus,
2907 4135 3069 4205 quiet
3100 4126 3415 4183 illuminabit
3457 4119 3760 4177 abscondita

2191 4237 2559 4297 tenebrarum,
2635 4238 2683 4283 et
2754 4222 3108 4293 manifestabit
3185 4216 3524 4288 cogitationes
3595 4210 3760 4264 cordis

2189 4326 2245 4398 (1
2270 4325 2391 4381 Cor.
2420 4321 2497 4394 v).
2530 4321 2644 4374 Duo
2693 4322 2819 4371 sunt
2875 4320 3053 4367 autem
3100 4310 3152 4363 in
3191 4307 3385 4377 quibus
3419 4300 3759 4357 temerarium

2191 4415 2450 4488 judicium
2501 4412 2695 4464 cavere
2745 4404 3044 4458 debemus:
3075 4412 3196 4452 cum
3232 4395 3500 4449 incertum
3543 4398 3627 4443 est
3665 4401 3763 4456 quo

2196 4506 2376 4560 animo
2411 4501 2703 4570 quidquam
2751 4493 2952 4549 factum
2999 4490 3092 4554 sit,
3135 4486 3218 4540 vel
3245 4500 3366 4540 cum
3393 4483 3662 4537 incertum
3686 4486 3763 4531 est

2196 4591 2373 4664 qualis
2401 4569 2611 4643 futurus
2638 4585 2707 4639 sit
2735 4583 2825 4653 qui
2852 4595 2998 4635 nunc
3027 4577 3110 4631 vel
3139 4578 3310 4630 bonus
3336 4572 3418 4627 vel
3463 4569 3641 4624 malus
3675 4580 3762 4634 ap-

2199 4691 2372 4754 paret.
2423 4679 2480 4734 Si
2534 4691 2662 4746 ergo
2703 4668 2990 4745 quispiam,
3039 4667 3190 4722 verbi
3220 4665 3415 4737 gratia,
3444 4667 3767 4729 conquestus

2202 4776 2267 4830 de
2303 4769 2582 4850 stomacho
2624 4764 2870 4836 jejunare
2915 4759 3125 4821 noluit,
3170 4755 3323 4823 eique
3361 4752 3763 4807 noncredens,

2200 4845 2478 4917 edacitatis
2501 4856 2552 4910 id
2585 4855 2712 4908 vitio
2741 4849 3015 4908 tribueris,
3057 4855 3257 4900 temere
3291 4839 3566 4911 judicabis
3606 4855 3617 4888 :
3649 4836 3764 4889 item

2202 4947 2614 5007 simanifestam
2672 4942 2996 4999 edacitatem
3045 4934 3523 4997 ebriositatemque
3574 4939 3763 4995 cogno-

2203 5041 2369 5102 veris,
2395 5045 2458 5113 et
2478 5037 2552 5089 ita
2583 5027 2995 5103 reprehenderis
3025 5024 3177 5094 quasi
3228 5032 3504 5088 nunquam
3536 5015 3626 5070 illa
3656 5027 3767 5082 pos-

2205 5127 2275 5181 sit
2304 5110 2499 5193 corrigi
2545 5099 2705 5190 atque
2746 5114 2979 5177 mutari,
3011 5109 3356 5166 nihilominus
3393 5113 3598 5162 temere
3636 5099 3764 5170 judi-

2206 5219 2372 5274 cabis.
2420 5215 2536 5274 Non
2570 5227 2698 5282 ergo
2727 5202 3185 5277 reprehendamus
3230 5214 3294 5252 ea
3331 5210 3450 5267 quae
3503 5193 3766 5248 nescimus

2209 5326 2314 5380 quo
2365 5309 2546 5362 animo
2584 5304 2747 5366 fiant,
2799 5311 2974 5366 neque
3017 5296 3121 5354 “ita.
3153 5288 3615 5362 reprehendamus
3660 5294 3769 5351 quae

2215 5401 2493 5457 manifesta
2535 5403 2660 5451 sunt
2691 5401 2755 5448 ut
2797 5391 3143 5459 desperemus
3183 5384 3508 5444 sanitatem;
3546 5386 3602 5432 et
3647 5374 3770 5427 vita-

2216 5495 2391 5548 bimus
2420 5489 2680 5559 judicium
2700 5525 2715 5550 ,
2762 5483 2827 5537 de
2862 5495 2969 5551 quo
2994 5492 3138 5532 nunc
3163 5474 3362 5529 dicitur
3392 5489 3404 5523 :
3438 5467 3614 5523 Nolite
3629 5461 3767 5534 judi-

2219 5598 2335 5634 care
2363 5621 2377 5642 ,
2415 5594 2483 5632 ne
2505 5576 2779 5645 judicetur
2821 5574 2886 5626 de
2927 5568 3098 5624 vobis.
3132 5562 3383 5632 Nunquid
3429 5558 3574 5613 enim
3609 5553 3655 5608 si
3687 5563 3771 5605 nos

2223 5675 2272 5727 in
2295 5671 2494 5738 judicio
2524 5664 2812 5721 temerario
2839 5657 3283 5729 judicaverimus.
3315 5662 3518 5708 temere
3542 5647 3606 5700 de
3636 5641 3772 5696 nobis
