3938 6360
185 275 288 332 8H

1162 263 1514 327 nonnum.
1554 251 1621 323 IN
1661 265 2091 321 nummum.
2132 298 2202 308 _
2233 266 2366 335 LIB.
2405 267 2464 323 n.

3329 269 3438 332 8ιὲ

185 391 357 446 etiam
379 387 522 444 Deus
541 385 846 454 judicabit?
874 383 979 438 Aut
1013 385 1251 454 nunquid
1300 384 1345 438 si
1386 397 1634 437 mensura
1664 381 1762 434 ini-
1791 381 1840 436 Α
1867 377 2179 430 memoriam
2204 377 2504 431 communis
2526 376 2835 443 infirmitas,
2885 389 2942 432 ut
2978 379 3121 434 illam
3147 383 3436 452 reprehen-

188 498 299 552 qua
328 480 500 537 mensi
525 472 803 541 fuerimus,
827 476 966 546 apud
993 476 1271 530 Dominum
1297 489 1545 542 mensura
1579 473 1760 541 iniqua

186 586 278 631 est
305 574 447 628 unde
476 570 630 624 nobis
653 567 1006 623 remetictur?
1029 566 1162 620 Nam
1188 574 1242 620 et
1262 579 1526 641 mensurae
1546 563 1762 618 nomine

192 668 370 736 ipsum
416 661 677 732 judicium
725 657 1082 730 significatum
1128 655 1377 711 arbitror.
1416 651 1578 709 ΝιΙΙο
1602 653 1763 707 modo

193 755 337 807 Deus
387 750 470 804 vel
522 759 724 803 temere
759 748 987 817 judicat,
1029 746 1112 800 vel
1149 747 1327 814 iniqua
1365 758 1615 800 mensura
1644 743 1759 798 cui—

191 858 356 913 quam
395 840 636 910 rependit
678 860 690 892 :
734 839 826 893 sed
856 839 957 892 hoc
986 837 1186 891 dictum
1210 845 1292 890 est
1316 836 1565 905 quoniam
1593 844 1762 889 teme-

194 934 330 986 ritas
358 945 462 1000 qua
491 930 644 999 punis
670 928 852 991 alium,
876 927 1058 981 eadem
1089 926 1201 994 ipsa
1231 934 1282 979 te
1323 926 1510 992 puniat
1543 939 1764 980 necesse

191 1031 298 1075 est.
333 1019 597 1074 Judicium
633 1020 946 1090 plerumque
989 1017 1120 1072 nihil
1163 1026 1317 1071 necet
1353 1019 1406 1072 ei
1436 1018 1501 1072 de
1534 1033 1641 1087 quo
1686 1027 1764 1072 te—

192 1126 348 1165 mere
384 1109 674 1179 judicatur,
706 1109 757 1162 ei
783 1116 960 1161 autem
991 1108 1082 1176 qui
1114 1117 1314 1162 temere
1352 1106 1559 1174 judicat
1584 1148 1597 1171 ,
1649 1107 1764 1175 ipsa

194 1197 476 1253 temeritas
509 1211 726 1252 necesse
753 1203 836 1250 est
877 1204 937 1248 ut
983 1203 1193 1248 noceat.
1231 1193 1337 1248 Ista
1383 1195 1562 1265 regula
1602 1197 1765 1250 etiam

192 1287 327 1342 illud
356 1288 557 1342 dictum
583 1296 669 1342 est
699 1301 714 1339 :
745 1285 930 1341 Omnis
957 1285 1046 1354 qui
1074 1285 1401 1354 percusserit
1425 1285 1621 1356 gladio,
1655 1286 1781 1357 gla-v

191 1379 286 1431 dio
318 1377 597 1442 morietur,
628 1379 730 1431 hoc
760 1383 860 1440 est,
892 1390 996 1430 non
1029 1376 1203 1446 gladio
1229 1375 1354 1431 ferri
1389 1417 1402 1442 ,
1455 1379 1549 1432 sed
1591 1378 1768 1447 gladio

191 1470 405 1537 peccati
448 1488 460 1520 ε
496 1458 619 1537 quia
665 1469 782 1536 ipso
831 1474 1050 1537 peccato
1083 1468 1262 1521 animo
1296 1469 1522 1522 moritur
1557 1508 1570 1532 ,
1627 1467 1768 1537 quod

190 1558 468 1612 commisit
495 1558 548 1611 in
572 1557 754 1610 alium.

275 1646 416 1711 Quid
448 1655 621 1708 autqm
650 1645 787 1699 vides
811 1644 1064 1713 festucam
1095 1649 1147 1700 in
1173 1647 1320 1700 oculo
1348 1646 1529 1714 fratris
1555 1647 1631 1698 tui
1660 1687 1676 1711 ,
1720 1656 1766 1700 et

1867 465 2068 519 sionem
2096 474 2188 519 aut
2215 466 2644 536 objurgationem
2698 482 2804 521 non
2853 469 3031 523 odium
3056 509 3071 534 ,
3103 471 3196 524 sed
3227 472 3434 527 miseri-

1865 556 2046 630 cordia
2074 557 2367 624 przeeedat,
2394 564 2452 610 ut
2481 556 2595 611 sive
2630 555 2696 611 ad
2735 560 3122 614 correctionem
3163 560 3280 629 ejus
3307 577 3432 631 pro-

1864 660 1985 721 pter
2017 667 2176 720 quem
2202 651 2254 705 id
2280 651 2531 716 facimus,
2556 652 2667 705 sive
2689 652 2754 705 ad
2783 653 3179 720 perversioncm
3210 654 3441 708 valuerit

1848 742 2012 811 ,(nam
2051 743 2288 795 incertus
2310 750 2392 796 est
2415 741 2634 811 exitus},
2668 749 2973 796 nostamen
3003 743 3068 795 de
3095 743 3438 811 simplicitate

1863 830 2008 884 oculi
2047 831 2214 884 nostri
2258 831 2434 884 securi
2502 831 2690 885 simus.
2749 829 2804 884 Si
2863 841 3042 885 autem
3090 833 3385 902 cogitantes
3417 873 3432 895 ,

1868 921 2220 988 nosmetipsos
2255 920 2618 974 invenerimus
2644 921 2695 974 in
2727 936 2791 974 eo
2818 937 2937 975 esse
2966 921 3096 975 vitio
3141 922 3194 976 in
3230 938 3336 994 quo
3357 933 3439 1000 est

1867 1011 1957 1063 ille
2003 1024 2158 1078 quem
2200 1010 2593 1078 reprehendere
2634 1013 2990 1080 parabamus,
3021 1014 3440 1083 non-reprehen-

1869 1101 2074 1163 damus,
2112 1115 2285 1170 nequc
2311 1100 2682 1170 objurgemus,
2710 1102 2803 1155 sed
2834 1110 3039 1156 tantum
3073 1104 3440 1173 congemisca-

1870 1205 2020 1254 mus;
2054 1197 2108 1244 et
2144 1204 2251 1242 non
2300 1188 2449 1243 illum
2497 1190 2564 1244 ad
2613 1189 3089 1259 obtemperandum
3125 1194 3309 1257 nobis,
3345 1193 3441 1249 sed

1869 1279 1935 1333 ad
1961 1279 2164 1349 pariter
2187 1278 2487 1332 conandum
2511 1262 2825 1333 invitemus;
2846 1279 2987 1334 Raro
3013 1294 3138 1350 ergo
3175 1291 3230 1334 et
3247 1297 3439 1351 magna

1870 1370 2192 1426 necessitate
2219 1367 2621 1437 objurgationes
2651 1371 2966 1426 adhibenda:
2994 1384 3133 1436 sunt,
3161 1374 3231 1427 ita
3263 1383 3440 1430 tamen

1870 1471 1930 1516 ut
1954 1464 2117 1516 etiam
2141 1463 2192 1515 in
2221 1462 2305 1515 his
2334 1461 2465 1530 ipsis
2491 1476 2594 1514 non
2619 1461 2791 1525 nobis,
2817 1462 2910 1516 sed
2925 1461 3043 1517 ‘D‘eo
3068 1472 3127 1516 ut
3150 1465 3437 1528 serviatur,

1872 1555 2148 1609 instemus.
2182 1555 2300 1623 lpse
2326 1563 2408 1609 est
2441 1556 2582 1609 enim
2613 1556 2734 1609 ﬁnis
2760 1574 2772 1608 :
2804 1565 2861 1609 ut
2886 1557 3019 1610 nihil
3045 1558 3239 1629 duplici
3281 1561 3444 1615 corde

1871 1649 2164 1716 faciamus,
2204 1649 2513 1705 auferentes
2552 1651 2760 1704 trabem
2790 1650 2855 1704 de
2882 1651 3036 1706 oculo
3077 1661 3261 1708 nostro
3307 1654 3442 1708 invi-

191 1737 399 1788 trabem
450 1736 502 1787 in
539 1734 688 1788 oculo
733 1745 821 1789 tuo
862 1753 962 1790 non
994 1737 1130 1790 vides
1163 1750 1180 1787 :
1213 1745 1303 1790 aut
1331 1737 1588 1807 quomodo
1638 1735 1766 1788 dicis
1798 1723 1842 1781 Β
1871 1741 2097 1803 ᾱεῃιὶω,
2141 1740 2222 1795 vel
2271 1741 2520 1804 malitiae,
2552 1741 2636 1795 vel
2667 1741 3020 1795 simulationis
3041 1782 3054 1806 ,
3085 1749 3144 1796 ut
3167 1743 3441 1797 videamus

196 1826 357 1895 fratri
386 1836 476 1880 tuo
516 1840 532 1877 :
576 1825 718 1891 Sine,
763 1828 962 1896 ejiciam
1002 1827 1253 1896 festucam
1290 1827 1354 1880 de
1391 1826 1541 1880 oculo
1580 1836 1691 1891 tuo,
1723 1837 1769 1879 et

203 1938 326 1974 ecce
352 1921 493 1973 trabs
515 1929 590 1973 est
620 1922 673 1972 in
697 1919 844 1972 oculo
872 1921 1001 1973 tuo?
1041 1919 1187 1972 Multi
1213 1919 1359 1973 enim
1384 1919 1657 1988 superbia,
1689 1918 1770 1972 vel

198 2011 350 2072 odio,
381 2009 463 2063 vel
484 2009 730 2072 avaritia,
761 2009 842 2062 vel
866 2009 968 2062 alio
991 2009 1224 2078 quolibet
1250 2009 1473 2063 crimine
1492 2009 1768 2078 praeventi,

150 2111 152 2113 ‘
196 2100 341 2156 levia
368 2101 481 2154 haec
509 2108 602 2154 aut
635 2099 778 2152 nulla
821 2099 1146 2168 judicantes,
1181 2101 1442 2154 acerrime
1477 2101 1774 2169 corripiunt

198 2209 322 2259 eos,
349 2207 484 2261 quos
508 2191 681 2246 subita
711 2191 939 2246 viderint
967 2191 1046 2244 ira
1074 2192 1316 2246 turbatos
1338 2233 1351 2255 ,
1384 2191 1597 2246 oculum
1623 2206 1774 2246 men-

197 2287 275 2340 tis
318 2300 347 2338 a
391 2284 550 2338 solito
595 2283 846 2352 puritatis
892 2290 1032 2336 statu
1073 2282 1226 2351 quasi
1270 2281 1475 2337 festuca
1535 2283 1774 2337 irruente

197 2385 478 2432 mutasse:
505 2385 666 2445 atque
712 2375 1054 2429 immemores
1080 2374 1342 2428 Dominici
1376 2374 1628 2444 praecepti
1667 2388 1775 2442 quo

197 2470 280 2522 ait
312 2487 324 2519 :
357 2466 532 2520 Nolite
566 2467 912 2520 condemnare
941 2506 955 2531 ,
1001 2475 1050 2518 et
1097 2482 1200 2519 non
1260 2465 1732 2519 condemnabimini
1757 2505 1772 2528 ,

198 2559 375 2628 magis
412 2566 595 2611 amant
632 2558 937 2626 vituperare
970 2565 1023 2611 et
1064 2557 1318 2611 damnare
1345 2596 1358 2621 ,
1395 2547 1554 2625 quam
1586 2570 1774 2610 emen-

197 2651 336 2704 dare
361 2656 524 2716 atque
549 2648 840 2718 corrigere.
882 2647 1005 2702 Haec
1039 2663 1160 2703 cum
1206 2647 1370 2702 fratre
1394 2648 1508 2717 agis
1532 2647 1598 2713 si,
1625 2647 1776 2702 verbi

200 2738 563 2810 gratia,quod
594 2737 675 2791 ira
721 2738 808 2792 ille
843 2740 1086 2808 peccavit
1134 2746 1190 2792 tu
1233 2738 1356 2792 odio
1405 2736 1776 2807 reprehendis.

198 2818 476 2893 Quantum
507 2835 691 2896 autem,
721 2828 860 2880 inter
889 2826 1146 2881 festucam
1179 2835 1234 2882 et
1261 2827 1471 2881 trabem
1504 2867 1520 2893 ,
1569 2834 1778 2881 tantum

202 2917 349 2972 inter
378 2918 513 2971 iram
542 2918 708 2972 distat
736 2925 895 2986 atque
926 2919 1106 2972 odium
1136 2938 1147 2971 :
1180 2919 1360 2973 odium
1395 2928 1477 2974 est
1525 2918 1668 2974 enim
1698 2919 1778 2973 ira

198 3011 506 3064 inveterata
534 3050 549 3074 ,
588 3010 741 3079 quasi
779 3024 898 3077 qua:
921 3011 924 3013 ‘
947 3017 1210 3063 vetustate
1249 3017 1453 3063 tantum
1507 3009 1777 3080 acceperit

201 3107 269 3152 ut
322 3097 514 3151 merito
558 3097 849 3167 appelletur
883 3097 1081 3152 trabes.
1120 3097 1261 3153 Fieri
1292 3108 1470 3153 autem
1505 3108 1684 3167 potest
1711 3107 1772 3152 ut

201 3190 252 3245 si
309 3189 562 3243 irascaris
610 3189 857 3253 homini,
908 3188 1038 3243 velis
1065 3205 1185 3243 eum
1229 3190 1454 3258 corrigi;
1504 3190 1548 3244 si
1592 3198 1773 3244 autem

205 3279 388 3333 oderis
415 3279 704 3341 hominem,
739 3293 844 3333 non
871 3287 1023 3348 potes
1058 3295 1179 3334 eum
1220 3280 1354 3335 velle
1381 3280 1651 3348 corrigere
1678 3293 1692 3331 :
1721 3287 1776 3333 et

205 3368 331 3422 ideo
383 3368 710 3436 impossibile
737 3368 932 3442 dicitur
979 3377 1039 3422 ut
1088 3368 1344 3424 festucam
1395 3368 1577 3424 fratris
1619 3369 1774 3424 oculo

201 3459 408 3522 demat,
435 3459 526 3526 qui
548 3472 646 3512 suo
671 3458 873 3511 trabem
900 3467 1072 3526 gestat
1096 3459 1148 3512 in
1178 3459 1350 3513 oculo.

279 3544 570 3614 Hypocrita
599 3585 613 3610 ,
663 3547 791 3613 ejice
825 3546 1047 3614 primum
1082 3545 1276 3598 trabem
1319 3546 1383 3599 de
1413 3546 1560 3598 oculo
1588 3555 1694 3608 tuo,
1727 3555 1772 3598 et

200 3652 330 3694 tunc
359 3637 550 3690 videbis
578 3638 762 3706 ejicere
791 3637 1041 3704 festucam
1083 3638 1146 3691 de
1190 3637 1338 3691 oculo
1378 3639 1558 3706 fratris
1585 3640 1678 3692 tui.
1718 3638 1774 3694 ld

203 3736 310 3791 est,
338 3727 511 3796 primo
541 3728 636 3789 abs
671 3736 722 3781 te
752 3728 952 3795 expelle
974 3727 1172 3790 odium,
1200 3735 1255 3781 et
1281 3729 1532 3798 deinceps
1572 3729 1774 3798 poteris

194 3815 316 3884 jam
342 3831 461 3870 cum
487 3831 646 3884 quem
669 3816 845 3884 diligis
869 3817 1171 3871 emendare.
1199 3816 1264 3870 Et
1292 3826 1374 3871 est
1398 3832 1522 3872 vere
1548 3819 1772 3871 multum

199 3906 507 3964 cavendum
535 3917 590 3962 et
615 3908 896 3962 molestum
934 3909 1352 3978 hypocritarum,
1390 3908 1466 3975 _id
1497 3916 1580 3983 est
1606 3909 1774 3963 simu—

203 4003 461 4066 latorum,
494 4017 663 4071 genus
691 4020 704 4054 :
737 4002 825 4069 qui
855 4018 974 4056 cum
1009 4003 1244 4056 omnium
1267 4002 1515 4056 vitiorum
1543 4017 1739 4057 accusa
1752 4013 1778 4042 -'

203 4097 385 4150 tiones
425 4097 546 4150 odio
579 4103 633 4149 et
678 4096 843 4150 livore
883 4096 1204 4165 suscipiant,
1251 4097 1412 4150 etiam
1441 4096 1772 4151 consultores

203 4186 382 4240 videri
423 4202 481 4240 se
515 4185 717 4239 volunt.
761 4183 979 4256 (Hilar.)
1004 4186 1090 4239 Fit
1112 4185 1252 4239 enim
1279 4201 1418 4254 saepe
1452 4194 1511 4238 ut
1534 4200 1773 4240 assuma-

205 4289 333 4329 mus
385 4275 540 4328 nobis
582 4273 841 4341 arguendi
891 4273 1021 4328 alios
1059 4275 1432 4328 auctoritatem
1495 4277 1609 4329 sine
1663 4274 1770 4328 ullo

1871 1830 2066 1897 ejicere
2088 1829 2351 1885 festucam
2375 1832 2439 1885 de
2463 1831 2620 1885 oculo
2649 1830 2851 1886 fratris.

1942 1918 2119 1973 Nolite
2145 1930 2381 1973 sanctum
2404 1920 2530 1973 dare
2557 1923 2789 1986 canibus,
2810 1939 2972 1993 neque
2987 1925 3202 1978 mittatis
3231 1940 3441 1994 marga-

1873 2010 2000 2063 ritas
2024 2019 2215 2063 vestras
2242 2018 2361 2063 ante
2389 2027 2595 2080 porcos,
2647 2028 2707 2064 ne
2753 2012 2886 2080 forte
2915 2012 3213 2068 conculcent
3249 2031 3337 2067 eas
3363 2031 3446 2082 pe.

1872 2099 2024 2154 dibus
2053 2101 2183 2165 suis,
2225 2111 2271 2155 et
2317 2103 2549 2156 conversi
2575 2102 2904 2173 disrumpunt
2937 2121 3044 2159 vos.
3076 2104 3333 2161 Sanctum
3363 2104 3461 2161 est

1872 2192 2014 2259 quod
2049 2191 2249 2245 violare
2299 2199 2457 2261 atque
2497 2208 2842 2264 corrumpere
2896 2197 3050 2251 nefas
3103 2205 3185 2252 est
3227 2216 3239 2252 :
3294 2197 3447 2266 cujus

1873 2281 2057 2349 utique
2109 2280 2328 2336 sceleris
2377 2292 2606 2338 conatus
2650 2292 2704 2338 et
2752 2284 3012 2340 voluntas.
3049 2296 3260 2342 tenetur
3308 2304 3395 2343 rea
3427 2331 3442 2351 ,

1874 2373 2120 2442 quamvis
2155 2371 2282 2426 illud
2322 2382 2565 2428 sanctum
2603 2384 2793 2429 natura
2835 2376 3137 2432 inviolabile
3162 2387 3323 2448 atque
3363 2380 3444 2432 in-

1876 2464 2224 2534 oorruptibile
2252 2474 2487 2520 maneat.
2529 2465 2833 2536 Margarit'e
2871 2477 3073 2534 autem,
3117 2483 3445 2539 quaecunque

1877 2555 2138 2628 spiritalia
2187 2564 2523 2610 sacramenta
2573 2557 2927 2612 existimanda
2974 2567 3115 2612 sunt.
3145 2560 3211 2613 Et
3238 2561 3360 2630 quia
3393 2561 3444 2614 in

1878 2645 2062 2700 abdito
2099 2644 2300 2710 latent,
2347 2653 2598 2714 tanquam
2641 2647 2705 2701 de
2735 2646 2999 2718 profundo
3048 2658 3308 2703 eruuntur
3334 2690 3349 2713 ,
3391 2663 3445 2704 et

1878 2736 2254 2806 allegoriarum
2296 2737 2706 2807 integumentis,
2740 2731 2894 2807 quasi
2931 2740 3146 2808 [apertis
3181 2742 3400 2795 conchis
3430 2781 3444 2804 ,

1879 2827 2243 2881 inveniuntur.
2274 2825 2426 2881 Licet
2449 2827 2629 2896 itaque
2652 2828 2872 2899 intelligi
2907 2845 3008 2883 una
3038 2829 3332 2901 eademque
3359 2847 3447 2886 res

1879 2926 1934 2973 et
1978 2927 2222 2973 sanctum
2269 2926 2324 2973 et
2362 2920 2656 2989 margarita
2701 2921 2803 2974 dici
2851 2940 2864 2974 :
2908 2923 3001 2976 sed
3029 2929 3271 2977 sanctum
3295 2937 3358 2976 ex
3383 2936 3448 2977 eo

1880 3009 2021 3078 quod
2067 3025 2172 3064 non
2227 3009 2386 3063 debet
2427 3007 2720 3078 corrumpi,
2757 3012 3045 3081 margarita
3090 3027 3158 3067 ex
3197 3026 3260 3068 eo
3305 3015 3446 3082 quod

1876 3113 2002 3182 non,
2057 3099 2214 3154 debet
2264 3100 2556 3154 contemni.
2625 3099 2861 3154 Conatur
2923 3111 3101 3156 autem
3163 3104 3446 3171 unusquis-

1875 3206 1981 3260 que
2021 3192 2540 3261 corrumperequod
2571 3205 2674 3245 non
2707 3192 2816 3245 vult
2841 3206 2958 3246 esse
2987 3193 3248 3263 integrum
3277 3234 3292 3259 ,
3321 3208 3448 3248 con-

1877 3280 2068 3333 temnit
2096 3293 2226 3334 vero
2253 3281 2395 3346 quod
2426 3279 2529 3334 vile
2556 3280 2703 3333 ducit
2727 3289 2780 3333 et
2809 3282 2960 3347 quasi
2995 3281 3133 3335 infra
3168 3296 3226 3334 se
3263 3281 3447 3336 existi-

1877 3379 1988 3424 mat
2041 3385 2191 3434 esse;
2236 3379 2291 3423 et
2335 3370 2453 3425 ideo
2489 3371 2682 3424 calcari
2712 3371 2906 3424 dicitur
2929 3373 3184 3440 quidquid
3211 3381 3446 3426 content-

1878 3460 2042 3513 nitur.
2081 3457 2419 3526 Quapropter
2448 3474 2609 3512 canes
2641 3459 2892 3528 quoniam
2934 3461 3173 3514 insiliunt
3201 3462 3266 3515 ad
3311 3463 3442 3515 dila-

1873 3551 2206 3612 cerandum,
2255 3547 2394 3616 quod
2439 3556 2617 3600 autem
2672 3548 2968 3602 dilacerant
3015 3551 3279 3619 integrum
3329 3567 3448 3606 esse

1876 3652 1982 3691 non
2019 3638 2236 3700 sinunt;
2284 3637 2433 3705 porci
2486 3652 2614 3691 vero
2658 3639 2901 3706 quamvis
2940 3654 3045 3692 non
3088 3639 3161 3693 ita
3203 3648 3258 3693 ut
3286 3657 3446 3695 canes

1877 3740 2058 3779 morsu
2087 3732 2374 3794 appetant,
2405 3727 2604 3794 passim
2633 3734 2810 3780 tamen
2837 3727 3093 3783 calcando
3122 3727 3402 3798 inquinant
3429 3752 3439 3783 :

1874 3831 2037 3871 canes
2056 3831 2154 3886 pro
2175 3816 2630 3885 expugnatoribus
2656 3818 2916 3883 veritatis,
2960 3834 3152 3887 porcos
3190 3836 3287 3888 pro
3316 3837 3448 3875 con-

1876 3908 2226 3978 temptoribus
2282 3906 2530 3979 [positos]
2574 3924 2679 3962 non
2768 3909 3057 3980 incongrue
3129 3913 3436 3980 accipimus.

1875 3998 2027 4065 Quod
2060 4005 2240 4064 autem
2273 3999 2350 4052 ait
2386 4016 2398 4051 ε
2429 3995 2674 4052 Conversi
2703 4000 3029 4070 disrumpunt
3059 4019 3164 4068 vos,
3211 4019 3317 4058 non
3369 4007 3444 4058 ait

1874 4090 2019 4159 ipsas
2049 4090 2367 4159 margaritas
2389 4090 2745 4160 disrumpant.
2773 4091 2894 4145 I'las
2924 4094 3067 4146 enim
3103 4095 3443 4166 disrumpunt

1869 4180 2035 4233 etiam
2069 4194 2190 4233 cum
2228 4191 2618 4236 convertuntur
2661 4194 2716 4237 ut
2756 4185 2929 4238 adhuc
2962 4186 3159 4254 aliquid
3185 4189 3441 4250 audiant,

1842 4267 1848 4274 ’
1874 4269 2212 4337 disrumpunt
2243 4277 2419 4324 tamen
2447 4287 2568 4325 eum
2596 4288 2625 4325 a
2650 4289 2755 4341 quo
2772 4272 2884 4339 jam
2910 4275 3100 4328 missas
3121 4279 3442 4345 margaritas

199 4364 439 4458 propria:
475 4364 861 4418 emendationis
895 4354 1153 4434 exemplo,
1183 4375 1236 4419 et
1265 4366 1580 4419 mundandm
1611 4365 1769 4419 caeci-
1794 4399 1849 4458 Β
1875 4356 2346 4413 conculcaverunt.
2406 4357 2522 4412 Non
2581 4361 2723 4413 enim
2776 4360 2933 4413 facile
2995 4364 3263 4416 inveneris
3314 4367 3440 4432 quid

202 4451 337 4507 tatis
367 4435 552 4505 aliena:
570 4451 881 4519 jactantiam
909 4452 1252 4520 przeferamus
1278 4493 1294 4518 ε
1326 4453 1425 4522 ipsi
1453 4454 1505 4507 in
1537 4453 1770 4506 tenebris

203 4542 445 4608 corrupti
477 4541 691 4594 luminis
715 4541 988 4594 constituti
1015 4557 1028 4605 ;
1062 4557 1182 4595 cum
1207 4539 1417 4595 difﬁcile
1443 4557 1768 4611 quemquam

205 4630 282 4684 sit
294 4637 550 4697 prmstare
564 4642 669 4696 quo
690 4636 935 4698 egeat,et
954 4628 1211 4697 optimum
1239 4629 1306 4683 sit
1328 4630 1570 4699 exemplo
1591 4631 1769 4698 potius

202 4719 402 4774 docere
447 4734 609 4788 quam
648 4717 994 4793 dictis.-Cura
1045 4734 1169 4788 ergo
1202 4721 1429 4788 pr0priaa
1469 4719 1766 4775 adhibenda

202 4795 292 4864 est
318 4809 586 4863 czecitati:
627 4809 748 4877 quia
793 4809 896 4862 hoc
933 4823 997 4862 ex
1045 4817 1232 4866 natura
1291 4825 1468 4862 rerum
1513 4820 1614 4875 est,
1660 4826 1766 4864 non

201 4901 358 4970 prius
406 4899 637 4968 aliquem
685 4899 970 4968 purgandae
1020 4900 1083 4955 de
1127 4900 1278 4953 nculo
1328 4899 1510 4955 fratris
1549 4901 1765 4957 festqu

201 4988 456 5041 idoneum
485 4987 617 5042 effici
660 5003 814 5058 posse
838 4987 1132 5052 doctorem,
1160 5005 1317 5059 quam
1349 4991 1414 5044 de
1439 4992 1632 5045 mentis
1655 5008 1765 5048 sua:

119 5067 130 5074 ’
201 5079 406 5132 lumine
439 5082 642 5134 trabem
668 5079 903 5148 perfidiae
930 5082 1198 5149 gravantis
1233 5080 1467 5147 ejecerit.
1496 5082 1676 5154 (Aug.)
1702 5083 1766 5136 Et

202 5171 329 5225 ideo
370 5173 455 5239 pie
499 5182 762 5242 cauteque
810 5173 1132 5242 vigilandum
1168 5183 1331 5227 estut
1374 5190 1494 5227 cum
1531 5175 1759 5242 aliquem

200 5263 598 5330 reprehendere
641 5265 724 5318 vel
772 5265 1052 5333 objurgare
1112 5266 1404 5318 necessitas
1476 5252 1758 5334 coegerit,

197 5355 378 5426 primo
398 5357 686 5425 cogitemus
707 5365 884 5410 utrum
911 5356 1015 5411 tale
1037 5357 1105 5409 sit
1128 5357 1308 5409 vitium
1331 5357 1468 5424 quod
1489 5371 1758 5424 nunquam

201 5447 507 5512 habuimus,
539 5448 619 5500 vel
654 5463 758 5516 quo
785 5447 892 5514 jam
937 5449 1204 5502 caruimus
1234 5467 1244 5501 :
1285 5457 1338 5501 et
1388 5449 1432 5501 si
1489 5464 1758 5516 nunquam

200 5537 503 5597 habuimus,
526 5539 818 5607 cogitemus
846 5547 899 5592 et
929 5554 1022 5592 nos
1049 5539 1288 5592 homines
1312 5553 1452 5602 esse,
1480 5549 1534 5589 et
1563 5537 1759 5590 habere

201 5629 444 5697 potuisse
467 5644 480 5692 ;
506 5628 548 5680 si
571 5643 696 5681 vero
725 5628 1022 5692 habuimus,
1053 5638 1104 5681 et
1137 5642 1237 5681 non
1267 5627 1542 5692 habemus,
1577 5636 1761 5696 tangat

488 5720 753 5778 Pnnon.
800 5721 978 5780 (ΖΗΕ.

1872 4456 2082 4516 gratum
2108 4448 2155 4502 ci
2186 4463 2306 4502 esse
2333 4447 2524 4516 possit,
2553 4451 2642 4517 qui
2675 4452 2997 4519 margaritas
3024 4453 3439 4516 conculcavcrit,

1872 4537 1926 4590 id
1952 4546 2067 4602 est,
2115 4541 2239 4592 cum
2289 4553 2482 4606 magno
2512 4539 2695 4593 labore
2727 4541 2906 4593 divina
2945 4525 3155 4595 inventa
3205 4554 3436 4597 conteru-

1869 4628 2058 4696 pserit.
2093 4627 2193 4694 Qui
2228 4636 2406 4681 autem
2440 4628 2573 4682 tales
2624 4632 2818 4683 docent
2859 4630 3125 4697 quomodo
3177 4647 3281 4684 non
3334 4634 3438 4686 (lis-

1870 4724 2190 4785 rumpantur
2221 4716 2544 4786 indignando
2566 4726 2624 4770 et
2655 4703 3042 4772 stomachando
3067 4759 3080 4783 ,
3125 4726 3231 4772 nun
3259 4721 3434 4772 video.

1873 4806 2168 4875 Utrumque
2191 4807 2388 4860 animal
2415 4807 2743 4861 immundum
2767 4817 2868 4873 est,
2896 4817 2950 4861 et
2975 4809 3121 4862 canis
3147 4818 3196 4862 et
3218 4825 3431 4877 porcus.

1871 4895 2178 4949 Cavendum
2207 4911 2335 4966 ergo
2359 4913 2426 4950 ne
2450 4897 2576 4964 quid
2606 4897 2877 4965 aperiatur
2906 4898 2953 4952 ei
2986 4897 3075 4967 qui
3105 4913 3210 4951 non
3257 4902 3431 4969 capit:

1871 4984 2060 5038 melius
2090 4985 2234 5038 enim
2256 4986 2447 5053 quaerit
2477 4986 2619 5054 quod
2643 4986 2882 5039 clausum
2910 4995 3193 5054 est,quam
3219 4989 3270 5042 id
3292 4991 3432 5057 quod

1867 5082 2113 5141 apertum
2142 5083 2226 5127 est
2263 5083 2356 5126 aut
2391 5073 2604 5127 infestat
2632 5083 2723 5126 aut
2750 5074 2984 5143 negligit.
3015 5074 3213 5146 (Ηὶεν.)
3235 5077 3430 5130 Notan-

1870 5166 1994 5218 dum
2043 5174 2222 5217 autem
2268 5165 2408 5232 quod
2461 5165 2675 5233 quidam
2703 5205 2717 5228 ,
2771 5179 2932 5220 canes
2979 5165 3200 5235 intelligi
3249 5168 3432 5221 volunt

1873 5258 2170 5321 haereticos,
2195 5257 2276 5310 vel
2300 5271 2392 5311 eos
2412 5257 2502 5324 qui
2534 5265 2654 5323 post
2684 5255 2841 5308 fidem
2869 5253 3065 5308 Christi
3093 5264 3431 5310 revertuntur

1871 5350 1936 5404 ad
1976 5349 2232 5403 vomitum
2273 5356 2616 5416 peccatorum
2673 5361 2921 5409 suorum;
2974 5359 3164 5412 porcos
3204 5355 3379 5399 autem
3411 5387 3425 5408 ,

1868 5457 1961 5495 eos
1988 5442 2077 5510 qui
2109 5441 2331 5494 necdum
2368 5439 2656 5508 Evangelio
2711 5438 3052 5493 crediderunt
3083 5478 3097 5501 ,
3138 5448 3190 5491 et
3233 5440 3284 5493 in
3315 5441 3424 5494 luto

1871 5531 2257 5585 incredulitatis
2291 5529 2542 5598 vitiisque
2572 5538 2866 5584 versantur.
2898 5527 3013 5580 Non
3056 5529 3306 5582 convenit
3327 5531 3426 5598 igi-

1871 5637 1957 5679 t-ur
1999 5623 2296 5678 istiusmodi
2335 5617 2649 5676 'hominilms
2680 5623 2783 5674 cito
2810 5620 3172 5688 evangelicam
3209 5620 3426 5675 credere

2916 5715 2991 5771 ‘27
