3938 6314
499 213 605 273 845

1140 198 1200 253 Β.
1241 195 1492 251 RABANI
1533 195 1748 251 MAUIU
1791 195 2105 253 ARCIHEP.
2149 199 2454 256 MOGUNT.
2496 200 2774 255 OPERITM
2812 198 2990 254 PARS
3027 201 3066 255 Ι.

3652 206 3746 257 Sit

498 319 848 389 margaritam
873 355 885 378 ,
928 325 993 366 ne
1026 308 1339 365 conculccnt
1391 305 1516 361 illud
1565 317 1619 360 et
1648 309 1892 363 conversi
1939 310 2070 364 inci—
2102 314 2148 372 Λ
2180 311 2292 396 haec
2324 312 2425 364 duo
2464 312 2804 380 subsequitur
2849 312 2932 364 ovi
2966 321 3020 365 et
3047 326 3341 380 SCOI’plODIS
3368 316 3707 386 comparatio
3730 356 3746 378 ,

500 412 650 480 piant
670 422 768 462 nos
784 404 1070 472 dissipare.
1099 399 1280 470 (.Attg.)
1303 398 1408 453 Sed
1437 413 1558 452 eum
1587 411 1911 469 praeceptum
1941 411 2081 456 esset
2183 405 2232 455 in
2266 419 2365 455 ovo
2409 403 2673 456 indicatur
2697 418 2846 470 spes;
2879 419 3037 456 ovum
3062 402 3203 456 enim
3228 403 3468 457 nondum
3498 411 3586 456 est
3618 401 3748 457 fctus

502 515 569 553 ne
598 503 843 551 sanetum
890 493 1110 546 daretur
1157 490 1403 551 canibus,
1436 496 1583 542 etne
1615 490 1917 558 margarita:
1956 498 2078 541 ante

499 601 692 658 porcos
722 583 1093 645 mitterentur,
1143 579 1317 648 potuit
1369 579 1600 642 auditor,
1641 578 1888 631 conscius
1930 578 2078 646 igno-

500 676 693 732 rantize
718 682 882 742 atque
908 686 1020 725 sua:
1051 667 1399 731 infirmitatis,
1420 667 1638 720 audiens
1655 667 1753 720 sibi
1772 667 1988 736 praecipi
2011 683 2077 721 ne

498 770 618 825 haec
656 766 809 821 daret
851 777 969 832 qua}
1018 763 1250 829 seipsum
1280 758 1515 812 nondum
1541 759 1816 827 accepisse
1843 758 2073 822 sciebat,

500 839 796 914 occurrere
819 860 870 905 et
902 851 1107 905 dicere:
1131 846 1281 913 Quod
1305 855 1552 901 sanetum
1581 861 1665 901 me
1680 848 1808 902 dare
1829 847 2073 911 canibus,

502 957 556 1002 et
607 958 744 1014 quas
789 939 1111 1010 margaritas
1140 951 1226 991 me
1263 936 1477 992 mittere
1501 948 1626 991 ante
1657 951 1849 1006 porcos
1885 945 2035 991 vetas
2059 977 2073 1001 ,

499 1049 620 1091 cum
643 1033 820 1088 adhuc
843 1045 906 1084 ea
941 1043 1027 1084 me
1056 1027 1256 1082 habere
1279 1041 1385 1082 non
1415 1027 1663 1082 videam?
1684 1026 2074 1095 opportunissi-

498 1142 583 1182 me
611 1123 838 1195 subjecit
866 1122 1085 1177 dicens:
1129 1112 1136 1118 ’

568 1217 682 1289 [IL]
709 1213 900 1279 Petite,
927 1221 974 1266 et
998 1211 1212 1265 dabitur
1237 1210 1409 1276 vobis;
1437 1210 1666 1278 quwrite,
1696 1216 1741 1259 et
1773 1205 2071 1267 invenietis;

495 1309 703 1380 pulsate
735 1346 749 1372 ,
792 1313 840 1358 et
873 1303 1135 1374 aperietur
1163 1301 1321 1354 vobis.
1348 1297 1542 1352 Potitio
1565 1296 1800 1366 pertinet
1821 1295 1886 1349 ad
1908 1295 2074 1363 impc-

495 1401 746 1456 trandam
775 1396 1064 1452 sanitatem
1105 1390 1523 1456 ﬁrmitatemque
1571 1386 1760 1450 animi,
1787 1395 1929 1439 utea
1955 1399 2073 1452 quae

496 1488 890 1561 praecipiuntur
913 1479 1136 1550 implere
1183 1476 1455 1547 possimus
1485 1494 1499 1530 :
1537 1475 1819 1546 inquisitio
1848 1482 2027 1541 autem
2052 1514 2066 1537 ,

497 1577 566 1633 ad
612 1572 988 1631 inveniendam
1036 1568 1342 1623 veritatem.
1383 1565 1516 1622 Cum
1567 1566 1710 1622 enim
1762 1564 1921 1618 beata
1960 1563 2068 1616 vita

2179 489 2468 557 perfectus,
2495 492 2586 544 sed
2614 489 2838 545 fovendo
2861 501 3105 560 speratur
3129 490 3485 563 [perﬁcitur];
3519 493 3746 548 cuicun-

2180 583 2403 636 trarium
2427 584 2603 651 posuit
2625 584 2984 652 scorpionem,
3018 585 3172 654 cujus
3203 584 3422 640 aculeus
3448 595 3747 640 venenatus

2179 682 2322 726 retro
2371 674 2640 728 timendus
2671 681 2754 728 est
2784 690 2797 725 :
2825 675 2964 727 sicut
2985 674 3100 743 spei
3122 676 3450 729 contrarium
3480 684 3568 729 est
3609 685 3747 729 retro

2178 762 2466 829 respicere,
2497 777 2622 816 cum
2647 776 2771 831 spes
2815 761 3112 815 futurorum
3145 763 3197 815 in
3227 776 3286 815 ea
3315 777 3434 830 qua:
3459 771 3593 816 ante
3632 773 3745 815 sunt

2178 849 2418 904 attendat

2249 941 2308 993 Si
2329 958 2447 1010 ergo
2479 959 2586 1005 vos,
2611 959 2728 1016 cum
2756 943 2867 994 sitis
2898 941 3022 993 mali
3041 981 3054 1005 ,
3092 941 3251 995 nostis
3282 942 3417 996 bona
3462 943 3596 995 data
3625 943 3744 996 dare

2175 1033 2299 1098 ﬁliis
2341 1032 2538 1094 vestris,
2570 1040 2763 1099 quanto
2803 1027 3162 1100 magisPater
3198 1042 3365 1086 uester
3392 1034 3481 1103 qui
3514 1033 3570 1086 in
3611 1033 3741 1086 (telis

2174 1129 2247 1172 est
2274 1119 2417 1172 dabit
2466 1120 2600 1174 bona
2636 1121 2922 1190 petentibus
2966 1138 3020 1176 se
3042 1123 3066 1175 ?
3092 1111 3270 1194 (Αιιῃζ)
3297 1123 3584 1190 Quomodo
3623 1126 3742 1176 ntali

2174 1208 2303 1261 dant
2351 1209 2526 1262 bona?
2562 1209 2667 1264 Sed
2709 1211 2879 1265 malos
2933 1212 3217 1282 appellavit
3245 1213 3534 1268 dilectores
3575 1214 3741 1268 adhuc

2174 1300 2352 1354 saeculi
2404 1301 2560 1371 hujus
2606 1309 2661 1355 et
2695 1310 3024 1371 peccatores.
3062 1301 3205 1356 Bona
3251 1318 3381 1357 vero
3409 1318 3531 1371 quae
3575 1304 3737 1367 dant,

2175 1387 2464 1442 secundum
2509 1403 2696 1442 eorum
2750 1404 2964 1444 sensum
3012 1391 3149 1444 bona
3179 1390 3403 1445 dicenda
3441 1401 3592 1455 sunt,
3622 1393 3738 1460 quia

2174 1477 2288 1531 haec
2326 1492 2425 1546 pro
2447 1478 2602 1548 bonis
2622 1479 2839 1533 habent.
2868 1479 3182 1548 Quanquam
3225 1481 3278 1534 in
3328 1496 3510 1535 rerum
3554 1489 3738 1534 natura

2173 1565 2276 1620 ista
2303 1566 2443 1620 bona
2466 1580 2569 1620 non
2598 1566 2722 1631 sint,
2754 1568 2849 1622 sed
2875 1568 3184 1637 temporalia
3211 1577 3267 1624 et
3293 1571 3360 1624 ad
3391 1565 3549 1624 istam
3580 1571 3736 1632 vitam

496 1669 707 1724 actione
734 1673 790 1720 et
830 1661 1137 1735 cognitione
1166 1658 1530 1728 compleatur,
1587 1655 1727 1710 actio
1761 1636 2066 1709 facultatem
2097 1665 2144 1724 Β
2171 1657 2440 1712 inﬁrmam
2480 1657 2800 1726 pertinentia
2827 1676 2840 1712 :
2878 1667 2933 1713 et
2951 1636 3195 1729 quisquis
3216 1675 3277 1714 ea
3301 1662 3475 1716 malus
3497 1663 3610 1724 dat,
3638 1677 3735 1715 non

493 1762 691 1818 virium
726 1800 743 1827 ,
782 1755 1165 1826 contemplatio
1189 1748 1682 1809 manifestationcm
1721 1765 1902 1806 rerum
1936 1749 2072 1805 desi-

494 1853 671 1908 derat.
706 1849 908 1904 Horum
938 1860 1068 1918 ergo
1110 1845 1345 1914 primum
1393 1842 1680 1914 petendum
1709 1881 1724 1908 ,
1777 1840 2070 1896 secundum

498 1940 849 2011 quaerendum
873 1945 987 2002 est;
1014 1945 1075 1990 ut
1101 1933 1233 1989 illud
1259 1933 1439 1999 detur,
1467 1933 1571 1988 hoc
1596 1932 1919 1987 inveniatur.
1965 1930 2071 1987 Sed

391 2070 393 2073 -
493 2027 728 2099 cognitio
751 2026 808 2081 in
835 2026 939 2080 hac
960 2022 1093 2100 vita,
1115 2020 1218 2076 via:
1235 2021 1552 2092 priusquam
1577 2020 1748 2091 ipsius
1777 2020 2070 2090 possessio-

493 2118 580 2174 nis
592 2127 706 2184 est;
731 2115 825 2173 sed
854 2129 974 2172 cum
1010 2113 1238 2185 quisque
1260 2127 1446 2168 veram
1471 2112 1615 2167 viam
1637 2112 1925 2177 invenerit,
1953 2127 2072 2180 perc

495 2206 673 2262 veniet
717 2204 784 2260 ad
831 2204 1002 2274 ipsam
1036 2202 1455 2274 possessionem,
1488 2218 1609 2272 quae
1632 2209 1812 2256 tamen
1839 2201 2070 2271 pulsanti

495 2296 782 2368 aperietur.
818 2295 891 2351 Ut
915 2309 1044 2365 ergo
1069 2294 1171 2348 tria
1195 2293 1321 2359 ista,
1365 2293 1417 2348 id
1447 2301 1550 2358 est,
1579 2293 1770 2366 petitio
1795 2334 1810 2359 ,
1841 2293 2068 2364 inquisi-

495 2387 592 2450 tio,
641 2383 890 2454 pulsatio,
936 2379 1224 2440 manifesta
1260 2380 1412 2446 ﬁant,
1462 2382 1562 2437 sub
1600 2381 1782 2450 aliquo
1826 2380 2070 2451 exemplo

492 2490 776 2547 ponamus.
806 2473 1064 2533 Videmus
1097 2469 1333 2541 aliquem
1375 2471 1604 2526 inﬁrmis
1626 2471 1852 2541 pedibus
1877 2471 2070 2525 ambu-

494 2566 606 2619 lare
650 2579 755 2619 non
790 2577 949 2631 posse
975 2579 988 2615 :
1016 2561 1170 2630 prius
1196 2575 1326 2632 ergo
1352 2560 1624 2616 sanandus
1645 2568 1728 2616 est
1753 2569 1809 2634 et
1847 2560 2069 2613 ﬁrman-

496 2654 596 2707 dus
615 2653 684 2707 ad
710 2648 1129 2714 ambulandum;
1155 2655 1210 2704 et
1246 2649 1314 2702 ad
1343 2649 1446 2703 hoc
1466 2638 1699 2718 pertinet
1726 2647 1868 2716 quod
1897 2647 2066 2702 dicit:

497 2740 686 2797 Petite.
739 2740 880 2807 Quid
922 2748 1104 2800 autem
1145 2739 1368 2810 prodest
1419 2739 1562 2809 quod
1598 2739 1875 2795 ambulare
1910 2739 2024 2809 jam
2051 2779 2067 2804 ,

2173 1748 2240 1803 de
2263 1762 2360 1802 suo
2383 1748 2504 1812 dat;
2532 1747 2740 1802 Domini
2779 1758 2853 1802 est
2887 1750 3022 1802 enim
3067 1759 3205 1803 terra
3225 1790 3240 1813 ,
3269 1758 3320 1804 et
3337 1749 3607 1820 plenitudo
3631 1751 3736 1818 ejus

2173 1837 2345 1908 (Psal.
2395 1837 2584 1909 mu);
2634 1839 2724 1907 qui
2755 1837 2884 1894 fecit
2909 1841 3102 1894 celum
3139 1850 3193 1895 et
3236 1850 3459 1917 terram,
3495 1856 3647 1896 mare
3687 1853 3736 1896 et

2171 1924 2350 1979 omnia
2378 1939 2496 1994 qua:
2523 1925 2577 1978 in
2612 1926 2693 1980 eis
2721 1935 2846 1980 sunt
2887 1926 3058 1998 (Psal.
3098 1926 3276 1998 CXLV).
3317 1927 3588 1994 Quantum
3613 1945 3735 1998 ergo

2171 2015 2494 2084 sperandum
2526 2023 2609 2070 est
2635 2014 3214 2072 daturum'Dominum
3259 2017 3415 2072 nobis
3459 2017 3600 2072 bona
3648 2034 3733 2087 pe.

2173 2101 2436 2172 tentibus;
2463 2123 2567 2163 nec
2603 2123 2702 2163 nos
2737 2122 2900 2178 posse
2927 2109 3122 2178 decipi,
3163 2116 3223 2163 ut
3249 2109 3579 2178 accipiamus
3597 2109 3734 2164 aliud

2173 2211 2272 2265 pro
2303 2195 2408 2252 alio
2432 2238 2446 2263 ,
2477 2212 2598 2252 cum
2629 2198 2698 2252 ab
2736 2196 2851 2268 ipso
2888 2198 3156 2268 petimus;
3190 2200 3402 2269 quando
3426 2215 3526 2253 nos
3553 2199 3732 2261 etiam,

2173 2302 2296 2344 cum
2325 2290 2494 2345 simus
2519 2291 2679 2355 mali,
2726 2291 2972 2345 novimus
3015 2291 3068 2344 id
3107 2291 3236 2345 dare
3276 2291 3416 2359 quod
3457 2292 3732 2359 petimur?

2173 2379 2297 2436 Nnd
2310 2383 2454 2437 enim
2481 2384 2779 2453 decipimus
2807 2382 2949 2438 ﬁlios
2987 2391 3220 2449 nostros,
3252 2392 3306 2437 et
3343 2384 3733 2453 qualiacunque

2173 2474 2312 2529 bona
2351 2475 2566 2540 damus,
2592 2474 2799 2540 nonde
2841 2482 3048 2538 nostro,
3094 2475 3187 2529 sed
3224 2476 3290 2529 de
3324 2474 3496 2544 ipsius
3527 2475 3728 2529 damus.

2172 2562 2344 2620 Aliter
2366 2563 2614 2633 apostoli,
2643 2564 2736 2632 qui
2765 2563 3046 2618 electionis
3083 2563 3277 2617 merito
3315 2563 3611 2632 bonitatem
3648 2578 3735 2632 ge-

2174 2655 2319 2711 neris
2361 2655 2583 2710 humani
2627 2654 2810 2710 multis
2853 2663 3199 2710 excesserant
3248 2655 3418 2708 modis
3446 2694 3462 2719 ,
3496 2669 3733 2724 superna:

2174 2747 2433 2802 bonitatis
2462 2747 2651 2801 intuitu
2685 2747 2813 2801 mali
2853 2761 2972 2801 esse
2995 2746 3264 2800 dicuntur.
3305 2745 3439 2810 Quia
3488 2745 3621 2798 nihil
3656 2754 3734 2799 est

493 2832 580 2889 vel
606 2833 769 2887 etiam
795 2845 1016 2888 currere
1038 2839 1256 2902 potest,
1282 2831 1328 2891 si
1353 2845 1452 2900 per
1474 2831 1690 2887 devium
1725 2831 1830 2887 iter
1853 2845 2071 2886 errave-
2155 2852 2277 2907 per
2304 2837 2650 2906 semetipsum
2676 2835 2866 2891 stabile
2890 2876 2905 2900 ,
2935 2835 3070 2889 nihil
3097 2835 3452 2898 immutabile,
3484 2834 3613 2887 nihil
3641 2833 3732 2888 bo-

494 2922 610 2976 rit?
650 2918 947 2977 secundum
985 2933 1136 2990 ergo,
1183 2928 1243 2980 ut
1287 2920 1527 2976 inveniat
1558 2920 1704 2976 viam
1747 2936 1865 2990 Quae
1911 2920 2074 2975 ducat
2106 2991 2142 3000 _
2177 2942 2338 2992 num,
2392 2926 2512 3000 nisic
2551 2925 2732 2981 Deitas
2773 2925 2904 2980 sola.
2944 2924 3143 2980 Omnes
3173 2939 3301 2977 vero
3329 2933 3630 2986 creatum,
3676 2932 3734 2976 ut

490 3027 619 3067 eum
647 3026 756 3082 quo
787 3011 900 3066 vult
944 3010 1226 3079 pervenire
1252 3050 1268 3076 ,
1311 3019 1368 3066 et
1409 3011 1516 3067 huc
1556 3012 1790 3081 pertinet
1827 3013 2063 3082 quierim.
2097 2991 2144 3054 (ἶ
2173 2991 2559 3073 beatitudinem
2602 3001 2917 3073 atemitatis
2960 3017 3045 3072 vel
3100 3016 3551 3071 immutabilitatis
3603 3015 3733 3069 obti-

491 3099 670 3168 Quam
695 3113 818 3155 cum
845 3098 1078 3154 tenuerit
1114 3107 1170 3154 et
1200 3099 1492 3168 peregerit,
1525 3114 1649 3155 eum
1690 3100 1862 3168 ipsum
1895 3099 2072 3156 locu

493 3190 587 3244 ubi
611 3189 857 3244 habitare
879 3187 993 3242 vult
1013 3187 1059 3242 si
1086 3187 1327 3242 clausum
1354 3187 1654 3256 invenerit,
1681 3203 1854 3258 neque
1880 3190 2072 3244 ambu-

496 3279 610 3332 lare
630 3276 891 3348 potuisse,
918 3289 1092 3344 neque
1113 3275 1416 3344 pet-rexisse
1439 3289 1504 3330 ac
1523 3275 1834 3344 pervenisse
1853 3275 2074 3346 profue-

496 3367 590 3433 rit,
633 3365 736 3421 nisi
782 3365 1105 3434 aperiatur:
1151 3364 1220 3419 ad
1269 3365 1374 3419 hoc
1407 3365 1640 3433 pertinet
1680 3365 1824 3434 quod
1869 3365 2090 3422 dictum»

493 3465 615 3514 est:
645 3454 879 3512 Pulsate.
926 3453 1175 3525 Magnam
1199 3463 1380 3510 autem
1408 3468 1562 3526 spem
1585 3454 1734 3510 dedit
1759 3462 1814 3514 et
1858 3454 1953 3510 dat
1984 3455 2074 3516 ille

495 3545 589 3615 qui
607 3543 970 3616 promittendo
993 3557 1100 3598 non
1121 3542 1343 3611 decipit.
1383 3541 1476 3597 Ait
1497 3543 1641 3598 enim
1672 3561 1684 3596 :

568 3635 774 3692 Omnis
795 3637 932 3699 enim
972 3637 1062 3707 qui
1105 3637 1230 3707 petit
1259 3636 1484 3705 accipit;
1534 3644 1583 3688 et
1609 3635 1698 3706 qui
1724 3636 1910 3706 quierit
1936 3636 2075 3689 inue-

498 3727 614 3787 nit;
658 3735 708 3780 et
735 3725 965 3795 pulsanti
995 3724 1277 3796 aperietur.
1311 3724 1456 3795 Ergo
1497 3723 1899 3793 perseverantia
1939 3737 2074 3792 opus

404 3835 413 3842 ·
498 3824 581 3872 est
615 3823 674 3870 ut
696 3816 1023 3886 accipiamus
1052 3815 1193 3885 quod
1216 3816 1475 3885 petimus,
1491 3822 1548 3870 et
1569 3814 1908 3869 inveniamus
1929 3812 2074 3883 quod

498 3905 812 3974 quaerimus,
849 3911 905 3959 et
933 3904 1079 3973 quod
1122 3904 1396 3973 pulsamus
1425 3902 1720 3982 aperiatur.
1747 3901 1881 3961 Nam
1912 3902 1956 3957 si
1980 3915 2074 3970 pe...

503 3995 639 4053 tenti
668 3995 828 4051 datur
847 4035 863 4061 ,
899 4005 955 4050 et
984 3999 1229 4064 quaerens
1265 3993 1490 4059 invenit,
1520 4001 1574 4047 et
1601 3993 1834 4062 pulsanti
1863 3990 2073 4060 aperie-

499 4095 608 4151 tur,
635 4100 764 4157 ergo
814 4085 902 4139 cui
952 4099 1060 4138 non
1105 4082 1284 4148 datur,
1317 4091 1373 4137 et
1399 4082 1626 4152 qui'non
1657 4081 1880 4146 invenit,
1905 4087 1960 4134 et
1983 4079 2070 4134 cui

498 4195 606 4235 non
631 4178 923 4248 aperietur,
953 4182 1177 4247 apparet
1197 4174 1342 4246 quod
1377 4189 1486 4229 non
1508 4173 1645 4229 bene
1667 4171 1899 4243 petierit,
1924 4186 2074 4240 quae-

499 4269 651 4324 sierit
672 4274 726 4322 et
752 4265 1062 4337 pulsaverit.

2169 3104 2354 3172 nean't,
2383 3120 2488 3160 non
2515 3106 2619 3161 hoc
2639 3122 2739 3175 per
2761 3121 2913 3161 suam
2943 3113 3212 3170 naturam,
3241 3106 3335 3160 sed
3358 3121 3455 3175 per
3477 3104 3734 3160 creatoris

2172 3194 2255 3248 sui
2289 3193 2757 3264 participationem
2784 3202 2838 3278 e't
2865 3195 3093 3264 gratiam
3118 3202 3538 3261 consequuntur.
3586 3192 3730 3259 Quod

2169 3292 2302 3341 vero
2338 3285 2393 3340 in
2421 3284 2565 3340 Luca
2591 3285 2785 3340 dicitur
2812 3283 2963 3356 (Cap.
2989 3283 3074 3355 ut)
3101 3302 3114 3337 :
3147 3284 3354 3348 Quanto
3388 3283 3553 3351 magis
3582 3281 3733 3351 Pater

2142 3363 2336 3428 ‘uester
2373 3374 2436 3428 de
2481 3375 2606 3428 emta
2640 3375 2784 3428 dabit
2831 3375 3072 3443 spiritum
3125 3373 3316 3426 bonum
3368 3372 3655 3442 petentibus
3681 3387 3732 3424 se

2174 3463 2295 3535 (pro
2318 3477 2426 3533 quo
2454 3462 2734 3519 lauimus
2759 3478 2903 3518 nunc
2924 3463 3138 3533 posuit:
3171 3461 3323 3515 Dabit
3357 3466 3492 3515 bona
3518 3463 3730 3529 petenti-

2173 3552 2266 3605 bus
2291 3551 2366 3623 se)
2394 3552 2627 3607 ostendit
2655 3551 2914 3622 Spiritum
2939 3559 3183 3607 sanctum
3207 3549 3590 3618 plenitudinem
3621 3565 3732 3606 esse

2170 3641 2435 3696 bonorum
2465 3641 2583 3706 Dei,
2617 3649 2673 3696 et
2707 3656 2770 3696 ea
2803 3655 2921 3710 qua:
2970 3640 3229 3696 divinitus
3261 3639 3733 3693 subministrantur

2172 3747 2278 3787 non
2310 3732 2414 3786 alia
2441 3733 2643 3803 absque
2663 3747 2726 3788 ea
2752 3733 3042 3788 subsistere
3067 3746 3082 3784 :
3109 3731 3237 3801 quia
3261 3730 3449 3784 omnes
3477 3730 3731 3783 utilitates

2172 3839 2290 3894 quae
2313 3839 2380 3879 ex
2419 3824 2680 3879 donorum
2718 3823 2813 3878 Dei
2865 3822 3040 3893 gratia
3096 3820 3480 3890 suscipiuntur,
3533 3834 3599 3874 ex
3635 3819 3732 3874 isto

2171 3915 2319 3970 fonte
2331 3915 2636 3969 demanant.
2655 3912 2761 3968 Sed
2781 3913 2907 3982 quia
2927 3912 3207 3967 redamare
3224 3919 3495 3965 amantem
3515 3917 3732 3964 cunctos

2173 4013 2376 4058 natura.
2403 4003 2599 4066 docuit,
2627 4018 2735 4058 non
2759 4011 3027 4058 amantem
3053 4016 3182 4057 vero
3204 4001 3482 4056 beneﬁciis
3504 4001 3568 4054 ad
3595 4015 3733 4054 amn-

2172 4109 2285 4149 rem
2315 4095 2456 4164 cogi,
2481 4092 2680 4148 Christi
2711 4094 2883 4148 solum
2911 4093 3156 4148 doctrina
3188 4090 3458 4161 perfectos
3479 4091 3729 4152 instituit,

2173 4197 2294 4238 cum
2326 4197 2424 4238 nos
2449 4183 2660 4252 priores
2684 4189 2843 4252 prout
2870 4181 3026 4237 nobis
3079 4182 3195 4236 ﬁeri
3224 4182 3471 4245 velimus,
3503 4181 3622 4235 aliis
3649 4179 3731 4234 fa-

2172 4256 2297 4326 cere
2325 4270 2559 4340 iuberet,
2586 4273 2830 4327 eumdem
2857 4287 2980 4326 mox
3009 4287 3224 4328 sensum
3249 4271 3410 4326 latius
3446 4269 3731 4326 astruendo

573 4355 677 4408 Aut
703 4318 818 4425 quiis
848 4364 923 4408 est
947 4369 1012 4406 ea:
1027 4352 1164 4406 vobis
1177 4357 1512 4423 homo,quem
1525 4351 1571 4406 si
1582 4353 1779 4421 petierit
1792 4353 1933 4420 ﬁlius
1945 4367 2070 4406 suus
2093 4318 2148 4378 Β
2173 4318 2425 4424 ﬁma‘vit,
2456 4318 2639 4414 dicens
2667 4373 2682 4413 :

499 4460 684 4516 panem
705 4483 720 4508 ,
751 4441 982 4513 nunquid
1001 4441 1231 4521 lapidem
1262 4442 1492 4511 porriget
1515 4441 1564 4494 ei
1584 4442 1610 4494 ?
1633 4441 1792 4495 Panis
1823 4441 2073 4509 intelligi-

505 4541 596 4586 tur
621 4530 876 4592 charitas,
910 4537 1130 4598 propter
1158 4526 1418 4596 majorem
1441 4529 1734 4598 appetitum
1762 4537 1815 4583 et
1845 4537 1952 4583 tam
1979 4545 2073 4585 nc-

498 4619 797 4677 cessarittm
822 4657 838 4683 ,
868 4626 928 4671 ut
971 4614 1086 4672 sine
1129 4617 1220 4672 illa
1247 4625 1442 4673 castera
1465 4618 1599 4672 nihil
1626 4619 1756 4684 sint,
1789 4620 1928 4674 sicut
1953 4620 2071 4676 sine

502 4729 640 4786 pane
667 4727 854 4768 mensa
879 4711 1034 4780 inops
1063 4720 1166 4766 est.
1208 4710 1308 4766 Cui
1336 4712 1608 4767 contraria
1637 4720 1719 4768 est
1752 4712 1929 4768 cordis
1975 4713 2071 4768 du-

503 4804 646 4869 ritia,
679 4815 840 4872 quam
869 4799 1032 4869 lapidi
1059 4800 1408 4868 comparavit.

575 4891 678 4945 Aut
703 4892 748 4957 si
769 4892 958 4958 piscem
984 4888 1188 4959 petierit
1210 4927 1225 4952 ,
1269 4889 1503 4959 nunquid
1533 4900 1817 4959 serpentem
1844 4892 2070 4960 porriget

509 4999 546 5036 ιι
572 4982 598 5036 9
627 4980 794 5035 Piscis
817 4987 902 5034 est
929 4977 1063 5034 ﬁdes
1108 4977 1455 5033 invisibilium
1480 5018 1495 5043 ,
1523 4980 1609 5034 vel
1631 4989 1852 5049 propter
1877 4995 2069 5050 aquam

502 5071 778 5143 baptismi,
800 5071 887 5124 vel
907 5071 1030 5139 quia
1055 5070 1120 5125 de
1145 5069 1502 5124 invisibilibus
1522 5070 1654 5124 locis
1676 5070 1904 5139 capitur.
1918 5069 2072 5137 Quod

501 5163 663 5217 etiam
697 5158 828 5213 fides
863 5156 1022 5224 hujus
1043 5157 1229 5212 mundi
1262 5155 1514 5213 ﬂuctibus
1542 5157 1940 5213 circumlatrata
1963 5173 2068 5214 non

503 5250 766 5320 frangitur
792 5287 808 5314 ,
841 5255 988 5302 recte
1025 5246 1156 5316 pisci
1197 5255 1559 5327 comparatur.
1608 5243 1708 5309 Cui
1741 5248 2069 5302 contrarium

503 5341 682 5410 posuit
734 5346 1036 5409 serpentem
1064 5376 1079 5402 ,
1125 5344 1344 5406 prOpter
1391 5352 1596 5392 venena
1647 5335 1909 5402 fallacias,
1953 5352 2070 5406 qua:

504 5415 668 5484 etiam
719 5428 893 5497 primo
931 5427 1132 5482 homini
1169 5425 1308 5481 male
1335 5427 1608 5482 suadendo
1647 5427 2065 5497 praeseminavit.

507 5512 796 5588 titiones.)
817 5517 968 5583 Quod
990 5519 1238 5574 autcmin
1264 5515 1550 5587 Evangelio
1563 5517 1853 5572 secundum
1868 5515 2068 5572 Lucam

2244 4449 2435 4504 Omnia
2458 4465 2577 4518 ergo
2608 4465 2925 4520 quwcunque
2957 4451 3106 4505 uultis
3144 4460 3198 4502 ut
3234 4449 3431 4518 faciant
3464 4450 3605 4504 vobis
3641 4451 3730 4504 Ito-

2171 4539 2355 4602 ntines,
2384 4547 2434 4592 et
2452 4554 2537 4592 uos
2561 4537 2718 4607 facite
2740 4539 2833 4591 eis.
2855 4537 2985 4592 Hac
3011 4549 3085 4593 est
3110 4539 3248 4592 enim
3272 4537 3355 4592 lex
3378 4547 3426 4592 et
3449 4534 3725 4609 proplietc.

2175 4626 2395 4682 Videtur
2417 4627 2560 4682 enim
2605 4626 2707 4681 hoc
2739 4635 3061 4696 praeceptum
3088 4628 3155 4682 ad
3188 4627 3529 4682 dilectionem
3557 4628 3731 4698 proxi-

2173 4716 2246 4770 mi
2278 4717 2579 4786 pertinere,
2611 4731 2717 4770 non
2743 4717 2906 4771 etiam
2941 4717 3007 4771 ad
3044 4717 3138 4772 Dei
3163 4756 3178 4782 ,
3209 4731 3331 4773 cum
3358 4717 3463 4773 alio
3486 4717 3608 4772 loco
3629 4718 3732 4772 duo

2168 4813 2436 4876 praecepta
2457 4821 2578 4861 esse
2599 4805 2776 4872 dicat,
2802 4806 2858 4860 in
2883 4806 3076 4876 quibus
3099 4815 3207 4860 tota
3227 4805 3311 4860 lex
3328 4807 3512 4877 pendet
3539 4818 3588 4862 et
3609 4824 3727 4878 pro-

2170 4895 2356 4964 phetar.
2397 4893 2532 4949 Nam
2573 4895 2618 4949 si
2664 4895 2889 4950 dixisset
2916 4913 2928 4948 :
2954 4894 3145 4950 Omnia
3194 4910 3527 4966 quaecunque
3573 4896 3728 4951 vultis

2172 4985 2287 5038 ﬁeri
2313 4985 2485 5049 vobis,
2501 4986 2613 5040 lucc
2641 4991 2735 5040 vos
2763 4983 2939 5050 facite,
2981 4985 3083 5040 hac
3107 5001 3212 5040 una
3239 4987 3506 5041 sententia
3528 4995 3726 5041 utrum-

2173 5087 2278 5143 que
2319 5072 2447 5128 illud
2485 5085 2810 5142 praeceptum
2857 5074 3164 5143 complexus
3209 5084 3374 5130 esset.
3425 5075 3548 5131 Cito
3590 5076 3725 5130 enim

2177 5162 2444 5216 diceretur
2471 5161 2617 5229 diligi
2643 5177 2700 5216 se
2728 5161 2861 5216 velle
2903 5177 3336 5232 unumquemque
3379 5172 3434 5216 et
3480 5177 3513 5216 a
3548 5162 3727 5219 Deoet

2175 5250 2243 5304 ab
2271 5250 2607 5314 hominibus,
2636 5265 2755 5304 cum
2789 5251 2839 5304 id
2881 5252 3063 5319 utique
3105 5251 3487 5321 praeciperetur
3516 5262 3575 5307 ut
3619 5253 3727 5322 ipse

2176 5339 2419 5408 diligeret
2450 5339 2635 5406 Deum,
2666 5348 2719 5394 et
2741 5339 3004 5394 homines.
3030 5339 3162 5394 Dum
3185 5342 3633 5410 verocxprcssius
3662 5341 3724 5393 ab

2176 5431 2478 5486 hominibus
2509 5432 2706 5486 dictum
2747 5441 2863 5487 est:
2898 5431 3085 5486 Omnia
3113 5448 3429 5503 quacunque
3469 5432 3623 5485 cultis
3672 5438 3724 5482 ut

2173 5520 2370 5590 faciant
2420 5521 2556 5576 vobis
2603 5522 2834 5576 homines
2859 5561 2872 5588 ,
2926 5523 2997 5574 ita
3034 5531 3081 5575 et
3119 5538 3204 5576 eos
3233 5521 3555 5580 faciteillis,
3601 5516 3724 5574 nihil
