3938 6328
110 302 227 356 843

1117 296 1464 353 (ΖΟΜΜΕΝΤ.
1494 295 1569 351 ἸΝ
1607 284 2035 350 ΜΑΤΤΙΓΑΞΗΜ.
2071 282 2140 335 -ἓ-
2177 294 2302 362 ΗΒ.
2345 295 2405 349 ll.

3259 304 3360 361 Sid

110 414 268 468 aliud
295 414 495 469 dictum
529 412 738 466 videtur
765 425 945 480 quam,
996 408 1188 478 Diliges
1222 410 1513 478 proximum
1552 417 1694 459 tuum
1729 411 1771 468 Α
1801 406 2132 474 prmveniens
2162 405 2414 458 Dominus
2446 404 2760 458 adhortatus
2789 413 2888 469 est,
2935 406 3116 461 dicens
3152 427 3161 459 :
3199 410 3367 463 Alton~

111 507 256 558 sicut
286 507 504 574 tcipsum
533 503 743 571 (Matth.
773 499 925 571 χχιι).
973 500 1076 554 Sed
1110 515 1214 554 non
1243 509 1324 553 est
1371 499 1701 569 negligenter

110 595 508 649 attendendum
556 593 694 663 quod
729 590 957 659 subjecit
1002 609 1012 643 :
1072 590 1200 643 Ila'c
1247 599 1319 643 est
1365 590 1500 642 enim
1530 588 1612 641 (ex
1651 598 1698 641 et

111 688 412 755 propheta,
445 701 565 738 cum
594 684 700 740 alio
741 684 856 739 loco
888 702 899 736 :
934 682 1001 736 In
1040 683 1118 735 his
1146 692 1318 734 autem
1346 681 1545 735 duobus
1572 696 1699 750 prat-

110 778 282 844 ccptis
308 792 409 829 non
440 785 665 842 tantum,
697 776 792 840 ait.
825 776 912 829 lea:
943 775 1126 844 pendet
1162 784 1208 827 et
1262 773 1525 844 propheta:
1546 813 1560 837 ,
1603 773 1699 828 sed

109 866 286 918 etiam
340 865 542 920 addidit
571 880 586 918 :
619 865 747 940 Tota
797 865 878 918 lca:
920 874 966 917 et
1012 865 1270 934 praphetm
1299 905 1313 929 ,
1342 879 1440 934 pro
1464 878 1528 918 co
1557 863 1697 933 quod

106 965 202 1010 est
234 957 413 1012 omnis
449 958 748 1028 prophetia.
805 956 958 1023 Quod
991 971 1114 1011 cum
1162 957 1248 1024 hic
1301 971 1404 1010 non
1458 954 1694 1019 addidit,

107 1039 364 1100 servavit
386 1047 559 1105 locum
593 1046 746 1100 alteri
771 1055 1056 1116 prmeepto,
1086 1046 1229 1115 quod
1265 1046 1329 1100 ad
1359 1045 1696 1125 dilectionem

107 1137 212 1191 Dei
254 1139 510 1210 pertinet.
563 1137 620 1192 ln
669 1139 862 1209 quibus
924 1139 1132 1194 duobus
1173 1137 1457 1208 przeccptis
1498 1138 1708 1208 pendet

101 1230 381 1301 quidquid
406 1239 627 1299 propter
657 1229 882 1286 salutem
919 1231 1197 1286 hominum
1236 1231 1494 1299 scriptum
1535 1241 1616 1285 est
1642 1232 1697 1286 in

104 1321 402 1389 prophetis
438 1330 493 1375 et
522 1319 659 1392 lege.

187 1409 395 1467 Intrate
435 1428 528 1481 per
565 1412 840 1482 augustam
867 1423 1087 1481 portam
1112 1454 1127 1478 ,
1156 1416 1280 1484 quia
1316 1415 1428 1469 lata
1471 1426 1622 1487 porta
1647 1425 1698 1469 et

99 1502 352 1569 spatiosa
384 1503 467 1556 via
496 1495 884 1579 est‘qute'ducit
924 1503 996 1556 ad
1040 1504 1413 1575 perditionem;
1457 1515 1506 1559 et
1549 1507 1699 1567 multi

97 1599 236 1644 sunt
291 1591 382 1660 qui
414 1579 619 1646 intrant.
648 1609 740 1663 per
785 1609 920 1648 eam.
979 1592 1150 1672 Quam
1184 1607 1414 1666 angusta
1456 1606 1607 1668 porta
1647 1608 1700 1652 et

97 1690 264 1733 arcta
295 1682 380 1753 uia
414 1698 530 1752 quae
566 1682 708 1736 ducit
753 1683 825 1736 ad
864 1684 1020 1737 vitam
1046 1725 1060 1748 ,
1095 1696 1142 1738 et
1171 1689 1328 1755 pauci
1351 1697 1472 1742 sunt
1498 1688 1590 1758 qui
1617 1689 1698 1742 in-

1803 496 1905 550 clite
1935 515 1965 551 a
1999 497 2147 566 falsis
2174 497 2468 568 prophetis;
2515 497 2769 551 attendite
2799 496 3133 567 diligentius.
3185 501 3369 555 obser-

1801 598 1923 643 vate
1972 590 2199 655 cautius,
2244 597 2304 644 ut
2331 582 2435 644 non
2468 590 2828 654 sedueamini,
2844 597 2902 642 ut
2934 605 3039 644 non
3067 590 3366 646 circumve~

1802 679 2024 735 niamini
2054 721 2068 746 ,
2124 689 2184 734 ut
2235 696 2342 736 non
2399 679 2678 734 fallamini.
2711 681 2966 735 Attendite
2996 692 3155 751 ergo,
3182 682 3233 737 id
3263 692 3368 746 est,

1801 770 2137 825 considerate
2179 771 2307 840 quia
2357 786 2462 826 non
2495 778 2623 826 sunt
2655 785 2784 825 oves
2814 810 2827 836 ,
2861 770 2952 825 sed
2978 770 3086 840 lupi
3119 787 3173 826 in
3207 772 3372 827 vesu-

1801 871 1980 917 mento
2001 866 2217 929 ovium;
2251 864 2379 934 quia
2406 879 2518 917 non
2548 872 2673 918 sunt
2700 861 2934 932 religiosi
2962 864 3056 918 sed
3085 863 3370 936 irreligiosi
3459 925 3466 938 ο

1801 954 1854 1008 in
1893 955 2061 1025 ﬁgura
2111 955 2473 1026 religiositatis
2505 954 2686 1025 :quod
2719 968 2826 1010 non
2864 963 2990 1010 sunt
3036 953 3369 1025 Christiani.

1801 1043 1894 1097 sed
1921 1044 2146 1109 veritate
2169 1043 2776 1099 vocui'Chrislianorum
2806 1051 3200 1112 persecutores.
3223 1042 3373 1112 ipsos

1801 1145 1856 1190 et
1882 1119 2069 1191 beatus
2119 1134 2406 1205 Apostolus
2441 1135 2511 1190 ad
2553 1134 2810 1204 Ephesios
2849 1134 3072 1205 loquens
3127 1137 3373 1209 designa-

1801 1225 1914 1289 ιω,
1945 1225 2129 1280 dicens
2163 1242 2175 1277 :
2210 1224 2334 1281 Scio
2381 1226 2519 1279 enim
2569 1227 2692 1298 quia
2729 1235 2846 1296 post
2892 1226 3175 1302 discessum
3203 1245 3372 1284 meum

1799 1314 2082 1369 introibant
2124 1315 2180 1369 in
2217 1331 2307 1370 vos
2336 1315 2447 1385 lupi
2484 1325 2697 1386 rapaces
2738 1315 2880 1387 (Act.
2928 1317 3041 1388 xx).
3080 1317 3214 1388 Lupi
3245 1334 3373 1374 vero

1803 1417 1994 1475 graves
2039 1406 2389 1461 nominantur
2435 1420 2624 1461 omnes
2667 1407 2908 1462 inﬁdeles
2957 1409 3195 1464 haeretici
3222 1449 3239 1474 ,
3282 1410 3373 1479 qui

1800 1495 2039 1563 graviter
2066 1504 2308 1551 sanctam
2323 1497 2616 1552 Ecclesium
2639 1499 2949 1568 opprimunt
2969 1508 3024 1554 et
3044 1515 3375 1570 persequun-

1805 1589 1926 1649 tur,
1949 1584 2034 1640 vel
2065 1585 2741 1657 mole3tare'frequentaut,
2785 1589 2877 1658 qui
2916 1589 3036 1644 sine
3065 1592 3372 1648 misericor-

1800 1675 1890 1729 dia
1926 1689 2116 1745 rapere
2156 1687 2212 1732 et
2236 1692 2564 1734 coacervare
2611 1694 2719 1736 non
2768 1680 3035 1736 desinunt.
3075 1681 3376 1752 Aliquando

98 1770 328 1824 uerriunt
353 1789 488 1849 eam.
522 1771 625 1828 Per
661 1783 940 1844 angustam
971 1784 1183 1844 portam
1223 1777 1347 1831 aula
1387 1756 1580 1834 salutis
1613 1780 1689 1834 in-

1804 1767 2042 1834 pecuuiae
2073 1767 2287 1841 irritum
2314 1768 2522 1837 alienae,
2541 1769 2832 1841 aliquando
2862 1771 2916 1826 in
2947 1772 3091 1842 ipsos
3119 1775 3375 1842 pecunia-

100 1869 294 1915 tratur
321 1903 336 1925 ,
369 1863 490 1932 quia
531 1879 629 1934 per
667 1865 879 1921 labores
922 1880 1142 1920 necesse
1183 1876 1268 1922 est
1297 1883 1361 1923 ac
1389 1866 1592 1938 jejunia
1639 1880 1698 1925 ut

98 1947 352 2005 fallentis
390 1953 568 2007 saaculi
610 1953 864 2010 illecebra
895 1955 1160 2010 vincatur.
1214 1955 1333 2012 Non
1377 1959 1526 2013 enim
1576 1959 1697 2015 ideo

97 2041 246 2096 dicit
273 2055 550 2114 angustam
578 2055 783 2124 portam
811 2054 868 2101 et
907 2056 1108 2101 arctam
1155 2048 1313 2113 uiam,
1358 2049 1483 2118 quia
1505 2047 1694 2119 iugum

95 2134 320 2190 Christi
363 2152 611 2206 asperum
638 2138 709 2193 sit
747 2147 802 2194 et
833 2139 1044 2194 sarcina
1075 2139 1258 2207 gravis
1281 2179 1294 2206 ,
1321 2141 1416 2195 sed
1450 2142 1577 2210 quia
1612 2141 1691 2196 la-

93 2222 276 2278 bores
306 2223 460 2280 ﬁnire
500 2227 657 2294 pauci
695 2227 904 2290 volunt.
939 2228 1120 2283 minus
1151 2229 1434 2285 credentes
1458 2229 1695 2286 claman-

93 2312 142 2367 ti
177 2332 192 2369 :
242 2311 423 2370 Venite
445 2315 516 2369 ad
539 2332 642 2382 me,
665 2332 840 2371 omnes
861 2317 951 2389 qui
968 2315 1219 2371 laboratis
1242 2327 1290 2371 et
1321 2319 1523 2373 onerati
1545 2316 1691 2384 estis,

87 2415 148 2458 ct
178 2421 279 2476 ego
305 2405 534 2474 reﬁciant
555 2423 641 2461 vos
666 2421 686 2459 .'
711 2407 874 2462 tollite
887 2409 1080 2478 jugum
1102 2425 1272 2462 meum
1287 2425 1443 2480 super
1462 2416 1568 2476 uos,
1583 2420 1688 2467 etc.

91 2495 116 2566 (
125 2494 330 2548 Matt/1.
359 2496 455 2568 ιι).
491 2495 837 2570 [Hier.]Lata
860 2499 946 2553 via
961 2508 1045 2554 est
1071 2499 1254 2554 satum
1275 2499 1691 2572 ad‘voluptates,

90 2599 246 2655 quas
294 2596 553 2656 appetunt
590 2587 866 2654 homines;
900 2597 1126 2658 angusta
1152 2605 1328 2661 ,Oquse
1354 2606 1452 2662 per
1479 2591 1692 2651 labores

90 2682 154 2726 et
199 2672 407 2746 jejunis
459 2676 735 2748 panditur.
783 2677 953 2745 Quam
996 2686 1053 2734 et
1094 2677 1386 2750 Apostolus
1415 2681 1690 2759 ingressus

87 2773 211 2828 est,
243 2773 301 2820 et
329 2774 388 2821 ut
420 2763 736 2823 Timotheus
779 2783 878 2838 per:
905 2784 1025 2825 eam
1068 2769 1400 2842 ingrediatur
1421 2772 1686 2830 hortatur.

86 2855 394 2929 Simulque
420 2860 701 2916 considera
728 2875 890 2932 quam
920 2862 1196 2935 signanter
1221 2863 1288 2919 de
1332 2863 1561 2935 utraque
1603 2868 1688 2922 via

85 2948 319 3003 locutus
344 2951 433 3005 sit.
485 2949 590 3006 Per
639 2951 806 3006 latam
857 2951 1010 3007 multi
1058 2953 1364 3022 ambulant,
1404 2968 1687 3029 angustam

81 3037 264 3106 pauci
302 3039 603 3096 inveniunt.
645 3039 838 3096 Latam
883 3057 991 3097 non
1022 3042 1334 3112 quaerimus,
1373 3059 1476 3100 nec
1503 3046 1687 3102 inven-

1801 1867 1918 1906 rum
1943 1852 2213 1911 dominos.
2272 1855 2439 1912 Multo
2487 1859 2661 1930 magis
2695 1859 2860 1914 etiam
2886 1867 3135 1932 satagunt
3164 1863 3374 1917 animas

1800 1941 2012 2011 rapere,
2039 1952 2098 1997 et
2125 1959 2311 2002 secum
2343 1947 2724 2005 miserabiliter
2747 1951 2804 2004 in
2832 1953 3187 2020 perditionem
3214 1954 3375 2010 dedu-

1796 2045 1941 2086 cere.
1991 2031 2058 2086 Et
2106 2034 2362 2091 vestitum
2411 2038 2594 2093 ovium
2645 2038 2848 2096 habere
2906 2041 3184 2109 dicuntur,
3231 2046 3376 2113 quod

1798 2139 1990 2179 nomen
2037 2126 2274 2183 habeant
2317 2128 2741 2186 Christianitatis
2765 2172 2783 2198 ,
2813 2132 2899 2188 vel
2924 2135 3050 2204 quia
3077 2136 3376 2193 assimilant

1797 2227 1854 2267 se
1882 2214 2150 2272 ministris
2164 2216 2411 2286 justitite,
2442 2218 2671 2291 ﬁguram
2701 2221 3074 2295 religiositatis
3110 2227 3374 2284 menticu-
3429 2222 3433 2226 ⁴

1796 2308 1897 2356 tes.
1923 2303 2027 2357 Per
2049 2303 2417 2362 Christianuni
2444 2309 2630 2380 itaque
2659 2325 2856 2368 nomen
2892 2314 3090 2371 multos
3114 2317 3374 2372 seducere

1765 2393 2064 2461 “nituntur,
2085 2395 2334 2454 dulcibus
2360 2401 2702 2457 sermonibus
2725 2402 2910 2460 multis
2935 2406 3250 2462 scandalum
3292 2409 3373 2463 in-

1792 2483 2053 2542 ferentes.
2079 2486 2172 2542 lsti
2203 2498 2329 2544 sunt
2362 2490 2429 2569 de
2467 2491 2666 2562 quibus
2693 2495 2892 2551 iterum
2919 2498 2997 2553 ait
3027 2491 3322 2569 Apostolus
3354 2520 3368 2556 :

1793 2571 1902 2628 Per
1942 2591 2067 2630 suos
2095 2576 2273 2634 dulces
2305 2568 2570 2636 sermonm
2591 2591 2639 2636 ct
2660 2581 2882 2640 blandos
2923 2568 3176 2642 seducunt
3211 2590 3372 2644 corda

1790 2664 2142 2724 innocentium
2171 2668 2351 2742 (Rom.
2377 2670 2525 2746 iatn).
2569 2672 2676 2731 Sed
2703 2679 2972 2746 quomodo
3004 2679 3094 2736 isti
3118 2680 3229 2736 sint
3271 2696 3369 2738 no-

1791 2759 1996 2826 scendi,
2025 2760 2353 2839 subjungens
2375 2766 2629 2822 ostendit.

1860 2851 1905 2900 Α
1931 2847 2188 2917 fructibus
2221 2867 2401 2924 eorum
2429 2857 2746 2926 cognoscetis
2773 2874 2880 2914 eos.
2935 2859 3173 2929 llocest,
3208 2865 3373 2921 nolito

1790 2935 1858 2991 ad
1887 2937 2090 2993 vultum
2117 2941 2414 3008 attendere.
2439 2943 2536 3000 sed
2559 2945 2840 3016 adopera.
2879 2947 3058 3007 Nolite
3083 2953 3373 3010 vestimen-

1790 3035 1904 3081 tum
1928 3027 2290 3098 considerare,
2310 3033 2407 3088 sed
2428 3032 2676 3104 inspicite
2695 3034 2921 3108 ﬁguram
2945 3038 3191 3098 fallacia.
3228 3043 3372 3116 Apo-

84 3105 257 3186 tione
291 3145 426 3200 opus
460 3140 544 3187 est
567 3173 582 3198 ,
604 3143 660 3188 et
687 3141 876 3205 sponte
903 3149 962 3190 se
986 3132 1164 3201 offert,
1201 3143 1255 3190 et
1283 3137 1580 3192 errantium
1606 3137 1689 3193 via

1794 3117 1962 3175 stolas
1985 3121 2298 3190 praedicant,
2327 3126 2423 3180 sed
2451 3126 2703 3196 apostolis
2720 3105 2992 3186 contraria
3017 3105 3367 3205 annuntiant;

85 3229 208 3277 est.
237 3221 536 3294 Angustam
581 3241 712 3280 vero
758 3241 860 3283 nec
900 3241 1088 3283 omnes
1128 3227 1425 3296 inveniunt,
1455 3247 1556 3288 nec
1597 3232 1692 3302 qui

80 3315 428 3371 inv‘enerunt
464 3317 647 3371 statim
689 3317 1064 3388 ingrediuntur
1095 3334 1196 3389 per
1228 3336 1347 3376 eam
1381 3339 1394 3375 :
1422 3322 1692 3394 siquidem

87 3405 258 3460 multi
279 3405 495 3473 inventa
516 3408 763 3465 veritatis
783 3410 896 3475 via,
921 3411 1066 3480 capti
1097 3412 1278 3467 δεδυιί
1306 3413 1686 3484 voluptatibus,

86 3498 163 3552 de
198 3497 382 3554 medio
408 3499 619 3554 itineris
651 3510 1015 3558 revertuntur.-

172 3587 314 3661 [ιιι]
368 3591 626 3646 Attendito
660 3610 692 3646 a
721 3593 875 3664 falsis
905 3597 1169 3665 prophetis
1196 3636 1210 3661 ,
1259 3614 1348 3667 qui
1387 3610 1591 3653 venrunt
1619 3601 1690 3654 ad

84 3695 186 3732 vos
210 3679 268 3732 in
293 3680 605 3736 vestimentis
631 3683 825 3749 ovium,
859 3685 1172 3740 intrinsecus
1201 3697 1374 3740 autem
1416 3698 1536 3742 sunt
1580 3687 1690 3758 lupi

89 3785 345 3839 rapaces.
381 3767 446 3825 Et
474 3771 541 3826 de
571 3773 823 3828 omnibus
859 3774 1076 3843 quidem
1121 3775 1343 3846 intelligi
1371 3785 1574 3846 potest,
1595 3777 1685 3848 qui

83 3859 265 3914 aliud.
296 3860 481 3916 habitu
525 3877 590 3916 ac
629 3877 879 3918 sermone
934 3864 1290 3934 promittunt,
1339 3864 1482 3920 aliud
1520 3881 1688 3934 opere

83 3948 502 4003 demonstrant.
535 3949 641 4006 Sed
674 3951 984 4021 specialiter
1001 3953 1068 4008 de
1095 3953 1364 4008 hmreticis
1390 3955 1688 4026 intelligen-

79 4038 252 4100 dum,
289 4038 381 4105 qui
411 4037 662 4094 videntur
707 4037 1035 4096 continentia
1063 4081 1081 4107 ,
1113 4042 1364 4096 castitate
1387 4083 1401 4106 ,
1438 4041 1643 4112 jejunio
1669 4084 1685 4109 ,

86 4126 259 4196 quasi
298 4125 549 4195 quadam-
574 4129 792 4199 pietatis
814 4144 874 4185 se
900 4139 1046 4186 veste
1084 4131 1457 4198 circumdare,
1491 4133 1679 4189 intrin-

84 4233 262 4273 secus
303 4231 433 4273 vero
482 4219 742 4274 habentes
789 4221 1027 4276 animum
1074 4230 1432 4288 venenatum,
1484 4223 1688 4294 simpli-

83 4311 318 4365 ciorum
353 4324 566 4380 quoque
603 4309 831 4366 fratrum
875 4298 1476 4384 corda'decipiuntcEx
1507 4317 1685 4372 inten-

85 4401 253 4455 tione
282 4415 415 4469 ergo
447 4400 638 4461 anima:
662 4442 678 4464 ,
710 4409 765 4456 et
794 4402 1003 4457 insidiis
1028 4403 1225 4472 quibus
1263 4403 1577 4461 innocentes
1617 4407 1682 4461 ad

84 4491 320 4545 ruinam
336 4489 574 4553 trahunt,
594 4490 732 4560 lupis
751 4491 1036 4561 rapacibus
1059 4502 1462 4561 comparantur.
1484 4493 1684 4568 (Θήρ.)

84 4579 390 4649 Simulque
435 4581 726 4636 notandum
757 4583 882 4651 quia
911 4582 1054 4651 quod
1091 4582 1251 4652 paulo
1290 4584 1685 4656 superius'spa-

86 4670 302 4724 tiosain
331 4676 386 4724 et
419 4669 580 4724 latam
617 4670 762 4724 viam
809 4671 1149 4737 nominavit,
1202 4673 1304 4728 hoc
1349 4690 1499 4749 mine
1529 4691 1686 4745 aper-

86 4761 214 4816 tius
245 4758 412 4815 falsos
439 4760 730 4830 prophetas
793 4761 1070 4825 ostendit,
1120 4776 1217 4831 per
1259 4776 1395 4830 quos
1435 4763 1588 4818 multi
1627 4765 1682 4818 in

87 4849 470 4922 perditionem
515 4849 928 4904 abominabilem
953 4850 1221 4905 abierunt.
1247 4850 1381 4918 Quia
1423 4853 1594 4920 primo
1627 4855 1682 4908 in

83 4940 292 4996 Judata
317 4926 470 4993 multi
492 4948 874 5010 apparuerunt,
904 4951 960 4995 et
994 4941 1154 4996 modo
1186 4943 1240 4996 in
1270 4944 1493 5013 perﬁdia
1511 4953 1681 4999 totum

84 5031 452 5100 repleverunt
492 5030 770 5084 mundum.
811 5029 918 5085 Sed
947 5030 1021 5084 illi
1061 5033 1209 5102 prius
1245 5031 1365 5087 falsi
1407 5035 1682 5104 propheta

87 5123 358 5185 fuerunt,
383 5121 800 5189 verissimosque
844 5121 1055 5175 Domini
1104 5123 1394 5191 prophetas
1422 5138 1590 5192 usque
1613 5125 1680 5178 ad

83 5220 338 5269 mortem
363 5213 627 5281 persecuti
656 5222 798 5276 sunt,
823 5212 961 5266 sicut
986 5210 1271 5267 Jeremiam
1299 5221 1356 5267 et
1382 5213 1676 5280 Michream,

81 5307 350 5373 aliusque
401 5304 615 5358 multos.
655 5305 746 5358 lsti
786 5314 965 5358 autem
996 5320 1136 5359 nunc
1166 5303 1285 5358 falsi
1317 5305 1591 5374 propheta:
1624 5314 1678 5359 et

85 5397 226 5452 fulsi
253 5395 548 5450 Christiani
591 5397 681 5464 qui
737 5405 877 5458 sunt,
935 5411 1154 5451 veraces
1180 5396 1515 5466 Christianos
1559 5396 1678 5450 sine

83 5485 476 5542 tttiset'icordia
522 5497 943 5554 persequuntur,
981 5497 1035 5540 et
1081 5487 1390 5556 opprimunt
1435 5486 1677 5556 aliquan-

82 5578 191 5636 do.
229 5577 273 5629 si
306 5576 462 5626 detur
489 5578 661 5644 capia,
687 5577 847 5630 etiam
877 5577 1095 5645 gladiis,
1131 5579 1248 5632 sine
1282 5578 1679 5633 intermissione

83 5674 288 5722 autem
314 5666 428 5720 suis
452 5668 628 5734 pravis
654 5667 1246 5737 moribus(texetuplis.
1266 5669 1469 5724 ldrirco
1490 5685 1674 5725 onmcs

1711 4449 1763 4510 D

1795 3217 2063 3282 martyres
2109 3214 2475 3283 magniﬁcam,
2520 3219 2614 3274 sed
2660 3227 2957 3291 martyrum
3000 3233 3371 3294 persecutores

1791 3303 2105 3372 probantur.
2145 3305 2384 3376 Δρακίοιὶ
2411 3317 2466 3364 et
2493 3318 2758 3382 martyres
2783 3313 2955 3368 sancti
2983 3329 3090 3370 non
3118 3329 3369 3387 persecu-
3411 3326 3418 3332 ’

1791 3392 1993 3448 tionem
2020 3391 2283 3461 fecerunt,
2311 3398 2406 3452 sed
2430 3401 2856 3468 persecutionem
2875 3405 3241 3473 pertulerunt;
3263 3424 3370 3464 non

1793 3481 2205 3552 maledixerunt.
2235 3487 2330 3542 sed
2351 3487 2634 3545 maledicta
2657 3493 3059 3562 sustinuerunt;
3087 3513 3194 3553 non
3221 3499 3367 3555 blas-

1790 3573 2180 3642 phemaverunt
2204 3577 2509 3645 Dominum,
2533 3581 2632 3636 sed
2666 3595 2702 3637 a
2738 3583 3260 3655 blasphematoribus
3288 3590 3371 3645 in-

1789 3663 1998 3722 terfecti
2042 3675 2188 3724 sunt.
2243 3667 2423 3742 (Aug.)
2463 3669 2553 3725 lsti
2591 3679 2772 3728 autem
2813 3671 3141 3747 iniquissimi
3185 3673 3368 3736 omnia

1789 3756 2086 3828 irreligiosa
2121 3760 2345 3831 implere
2375 3773 2665 3831 curarunt;
2705 3775 2921 3823 unctos
2947 3771 3366 3839 persequuntur,

1789 3846 1974 3920 ﬁdeles
1995 3851 2321 3920 opprimunt,
2344 3853 2629 3909 Dominum
2649 3857 2814 3911 etiam
2833 3859 2878 3913 ai
2902 3873 3008 3914 non
3033 3861 3226 3925 verbis,
3253 3876 3368 3918 mo-

1789 3939 1940 3994 ribus
1977 3940 2369 4011 blasphemant.
2424 3944 2531 4001 Sed
2567 3955 2745 4003 tamen
2781 3950 3097 4020 quibusdam
3126 3968 3368 4022 quaren-

1787 4031 1912 4085 dum
1943 4031 2103 4087 altius
2129 4022 2250 4090 esse
2287 4034 2500 4091 videtur
2534 4051 2669 4108 quos
2711 4038 2916 4096 fructus
2953 4057 3053 4098 nos
3089 4024 3365 4100 attendere

1786 4121 2016 4179 voluerit
2043 4123 2322 4192 Dominus,
2343 4126 2539 4197 quibus
2566 4143 2894 4201 cognoscere
2922 4133 3166 4189 arborem
3187 4136 3363 4206 possi-

1778 4225 1908 4269 mus
1933 4228 1950 4267 :
1982 4214 2136 4270 multi
2159 4217 2303 4271 enim
2322 4218 2566 4287 quaedam
2588 4219 2642 4273 in
2667 4217 2931 4276 fructibus
2958 4222 3216 4292 deputant
3243 4235 3364 4295 qua:

1787 4307 1854 4362 ad
1885 4309 2137 4363 vestitum
2165 4311 2405 4366 omnium
2431 4313 2609 4366 ovium
2633 4313 2926 4382 pertinent,
2971 4322 3026 4370 et
3063 4317 3165 4372 hoc
3203 4318 3364 4374 modo

1788 4412 1818 4450 a
1846 4397 1983 4468 lupis
2006 4399 2366 4470 decipiuntur,
2390 4403 2548 4458 sicuti
2580 4413 2707 4459 sunt
2734 4407 2816 4460 vel
2851 4405 3069 4474 jeju'nia,
3113 4407 3197 4462 vel
3239 4424 3364 4464 ora-

1789 4487 1982 4554 tiones,
2018 4489 2102 4544 vel
2126 4491 2497 4562 eleemosyuaz.
2534 4493 2665 4561 Quae
2687 4495 2868 4550 omnia
2900 4497 3002 4552 nisi
3042 4499 3205 4553 etiam
3245 4497 3363 4556 ﬁeri

1786 4577 1855 4631 ab
1887 4578 2177 4648 hypocritis
2202 4589 2441 4650 possent,
2482 4597 2586 4637 non
2624 4587 2869 4654 superius
2909 4586 3130 4652 diceret,
3179 4585 3362 4644 Cauete

1776 4674 2042 4742 justitiam
2072 4682 2291 4728 vestram
2317 4675 2490 4744 facere
2511 4693 2684 4730 coram
2702 4678 2993 4733 hominibus
3010 4687 3066 4732 ut
3085 4679 3361 4734 tddearnini

1785 4763 1850 4816 ab
1878 4750 1979 4816 eis;
2010 4763 2138 4830 Quae
2159 4765 2423 4820 sententia
2448 4766 2723 4836 proposita
2750 4767 2863 4837 ipsa
2898 4770 2996 4824 tria
3025 4772 3359 4842 exsequitur,

1785 4852 2216 4923 eleemosynam,
2251 4855 2547 4909 orationem
2575 4843 2914 4926 ,Ijejunium.
2959 4857 3065 4914 Sed
3111 4859 3253 4913 nulla
3301 4876 3361 4915 re

1785 4942 1887 4995 alia
1927 4942 2116 4998 melius
2157 4943 2210 4997 hi
2256 4943 2391 4998 tales
2429 4944 2668 5014 dignosci
2715 4956 2936 5015 queunt,
2980 4962 3139 5016 quam
3170 4948 3357 5003 incon—

1782 5033 2000 5097 stantia,
2041 5033 2124 5088 vel
2165 5035 2494 5104 impatientia
2549 5036 2601 5089 in
2641 5036 2979 5090 adversitate.
3034 5035 3168 5092 Cum
3213 5040 3356 5094 enim

1783 5123 2045 5191 cmperint
2063 5122 2325 5191 aliquibus
2348 5123 2726 5178 tentationibus
2745 5138 2809 5178 ea
2833 5125 2944 5194 ipsa
2970 5125 3072 5182 illis
3091 5129 3356 5192 subtrahi.

1782 5211 1866 5266 vel
1889 5214 2093 5284 negari,
2122 5229 2239 5284 qua:
2266 5214 2367 5268 isto
2395 5213 2655 5267 velamine
2675 5217 2945 5270 consecuti
2972 5226 3095 5271 sunt
3115 5217 3198 5272 vel
3227 5232 3355 5273 con-

1783 5303 1932 5371 sequi
1970 5303 2213 5372 cupiunt,
2243 5310 2369 5356 tunc
2401 5314 2619 5356 necesse
2645 5311 2732 5357 est
2757 5315 3011 5373 appareat
3053 5313 3232 5359 utrum
3269 5305 3356 5360 lu-

1783 5407 1882 5460 pus
1917 5393 1970 5445 in
2005 5394 2162 5447 ovina
2186 5393 2320 5464 pelle
2343 5394 2410 5447 sit
2435 5408 2503 5447 an
2528 5394 2643 5450 ovis
2672 5396 2723 5449 in
2751 5409 2864 5450 sua.
2909 5395 3025 5450 Non
3056 5398 3199 5452 enim
3230 5413 3350 5464 pro-

1785 5493 1966 5554 pterea
2021 5494 2211 5539 ornatu
2262 5483 2530 5554 superﬂuo
2575 5486 2729 5540 debet
2776 5495 3026 5556 aspectus
3079 5489 3351 5542 nominum

1785 5573 2020 5627 mulcere
2059 5571 2416 5637 Christianus,
2446 5574 2570 5642 quia
2604 5574 2748 5626 illum
2776 5589 2998 5643 parcum
3030 5575 3266 5629 habitum
3287 5589 3354 5627 ac

1784 5668 2142 5742 necessarium
2174 5668 2338 5722 etiam
2375 5668 2714 5739 simulaturos
2736 5666 3158 5738 sceneusntpant
3182 5679 3238 5723 ut
3269 5669 3354 5721 iit--
