3938 6330
520 243 624 300 857
1193 246 1253 301 Β.
1297 244 1552 302 MBAN!
1587 245 1808 306 MAUR!
1849 246 2165 308 ARCHIEP.
2207 251 2512 321 MOGUNT.
2555 260 2837 338 OPERUM
2874 270 3051 328 PARS
3087 273 3127 327 Ι.
3693 284 3800 343 868

479 393 484 398 .
518 364 714 454 cautos
737 361 1009 426 decipiant
1035 375 1046 454 ξ
1077 363 1202 454 quia
1233 367 1287 412 et
1312 359 1414 454 illa:
1434 376 1692 454 oves-non
1725 363 1918 416 debent
1939 363 2106 432 pelles
2133 374 2178 431 Α
2209 385 2314 439 quo
2339 372 2655 443 loquebatur
2693 381 2906 444 existat,
2951 385 3044 438 sed
3076 381 3403 445 voluntatem
3451 405 3553 446 seu
3597 399 3801 454 bonam

515 459 643 500 suas
684 445 970 514 deponere,
1005 447 1047 499 si
1079 446 1367 514 aliquando
1392 448 1499 521 lupi
1530 451 1610 503 eis
1635 465 1691 503 se
1720 459 2027 521 contegunt.

593 532 847 604 Nunquid
874 535 1122 605 colligunt
1151 537 1215 590 de
1240 539 1406 607 spinis
1439 557 1566 594 uvas
1589 551 1678 593 aut
1705 542 1770 595 de
1793 543 1999 599 tribulis
2032 545 2100 613 ﬁ-

513 629 652 682 cus?
702 625 898 698 (0rig.)
936 626 1216 683 Manifeste
1248 630 1509 686 Dominus
1547 646 1646 701 per
1678 633 1819 687 hanc.
1850 635 2099 688 similitu-

509 719 692 772 dinem
723 717 1018 772 declaravit
1044 719 1171 787 quia
1215 720 1394 775 nullus
1431 723 1775 791 prudentium
1815 724 1880 776 ad
1919 723 2100 792 spinas

507 822 758 878 pergens,
788 823 1013 862 uvarum
1041 810 1238 864 exinde
1268 811 1604 867 dulcedinem
1636 814 1856 881 quaarit;
1887 821 1978 866 aut
2003 829 2096 867 su-

506 914 606 970 per
650 899 877 954 tribulos
929 899 1200 962 incedens,
1254 901 1448 956 exinde
1486 902 1707 956 ficorum
1743 902 1943 972 colligit
1971 918 2096 956 sua—

505 992 747 1047 vitatem.
813 991 888 1045 lta
918 1007 1047 1062 ergo
1076 992 1260 1047 nullus
1289 993 1608 1062 sapientium
1639 993 1718 1046 vel
1753 994 2095 1063 prudentium

503 1083 577 1137 ab
617 1082 868 1138 inanibus
911 1082 1144 1137 veritate
1175 1080 1460 1144 haereticis,
1501 1090 1595 1136 aut
1632 1081 1971 1152 irreligiosis,
2003 1090 2097 1136 aut

505 1171 832 1238 infidelibus,
863 1172 1058 1226 exinde
1101 1171 1404 1226 sanctitatis
1448 1170 1808 1236 dulcedinem,
1851 1173 1935 1226 vel
1981 1172 2092 1226 fra-

505 1265 798 1335 grantiam,
837 1273 930 1318 aut
958 1261 1199 1317 veritatis
1238 1261 1561 1316 suavitatem
1601 1255 1796 1331 poterit
1832 1263 2092 1328 invenire,

431 1359 439 1365 ’
504 1357 600 1411 sed
642 1356 874 1427 pessima
913 1355 1053 1422 apud
1101 1353 1220 1407 illos
1258 1363 1321 1408 'et
1368 1354 1599 1424 maligna
1642 1356 1891 1424 reperiet.
1941 1355 2094 1410 Sicut

504 1448 649 1501 enim
677 1447 844 1516 spinae
868 1452 930 1500 .et
961 1445 1142 1499 tribuli
1182 1445 1364 1498 omnia
1394 1461 1728 1516 quaecunque
1756 1461 1950 1516 capere
1977 1463 2095 1517 pos-

501 1545 629 1591 sunt
657 1535 954 1600 attrahunt,
984 1536 1224 1590 detinent
1273 1542 1329 1589 et
1373 1535 1750 1602 conscindunt,
1800 1537 1874 1591 ita
1907 1553 2096 1594 omnes

505 1629 751 1685 infideles
784 1628 1022 1684 hmretici
1059 1627 1135 1699 (et
1158 1633 1442 1696 propterea
1480 1628 1620 1683 male
1644 1629 1898 1694 viventes,
1931 1631 2095 1685 etiam

2206 478 2299 518 seu
2328 464 2541 530 malam,
2574 466 2776 523 fructus
2801 479 2980 526 autem
3019 490 3202 543 opera,
3232 481 3354 548 quia
3382 498 3482 537 nec
3507 482 3659 538 bona
3705 501 3800 540 vo-

2205 554 2424 610 luntatis
2471 556 2623 609 mala:
2654 599 2667 621 ,
2719 574 2817 614 nec
2860 561 2997 615 mala
3048 553 3271 634 possunt
3320 587 3441 626 esse
3493 575 3799 634 voluntatis

2203 647 2371 700 honre.
2423 647 2540 703 Hoc
2574 657 2657 702 est
2697 651 2842 704 enim
2871 655 3012 721 quod
3047 656 3161 709 ait:
3191 659 3366 715 Arbor
3393 665 3538 718 mala
3586 664 3796 722 fructus

2201 735 2370 790 bonos
2397 753 2501 792 non
2528 737 2669 802 facit,
2703 751 2758 795 et
2785 741 2947 798 arbor
2970 745 3108 800 bona
3138 746 3342 805 fructus
3371 755 3548 810 malos
3574 771 3688 810 non
3715 755 3794 811 fa-

2195 827 2295 879 cit.
2345 827 2622 898 Tanquam
2670 831 2912 897 diceret,
2957 850 3057 890 nec
3096 851 3260 906 opera
3305 841 3444 897 bona
3471 886 3485 908 ,
3538 846 3794 901 voluntas

2202 917 2338 971 mala
2366 960 2380 983 ,
2423 935 2522 974 nec
2571 922 2709 975 mala
2751 939 2914 993 opera
2959 919 3092 982 facit
3134 929 3381 986 voluntas
3420 932 3566 988 bona
3605 955 3620 987 :
3673 952 3788 990 nam

2200 1009 2437 1078 ipsarum
2455 1012 2726 1079 arborum,
2754 1016 2808 1068 id
2829 1024 2931 1081 est,
2955 1017 3189 1086 ipsarum
3211 1021 3552 1078 voluntatum
3577 1027 3622 1081 si
3647 1041 3791 1094 quaa—

2201 1109 2389 1153 rantur
2412 1101 2670 1171 origines,
2697 1104 2823 1172 quid
2852 1117 3141 1161 occurrunt
3161 1110 3262 1164 nisi
3284 1119 3489 1166 natura:
3520 1127 3664 1182 quas
3691 1115 3786 1170 bo-

2199 1203 2300 1242 nus
2340 1189 2482 1244 Deus
2521 1193 2778 1247 condidit.
2834 1195 2912 1249 Ac
2943 1212 3040 1265 per
3075 1198 3176 1252 hoc
3215 1215 3281 1253 ex
3313 1202 3469 1259 bonis
3503 1212 3630 1256 orta
3663 1215 3785 1259 sunt

2198 1283 2358 1347 mala,
2387 1300 2492 1339 non
2519 1301 2583 1339 ex
2611 1288 2765 1342 bonis
2791 1288 3154 1344 voluntatibus
3182 1306 3343 1361 opera
3374 1295 3543 1359 mala,
3581 1295 3678 1350 sed
3718 1312 3782 1351 ex

2196 1375 2354 1430 bonis
2394 1379 2603 1432 naturis
2653 1379 2956 1442 voluntates
2994 1382 3179 1447 malm;
3231 1393 3288 1437 ut
3329 1385 3398 1439 sit
3434 1387 3487 1440 in
3522 1402 3596 1442 eo
3628 1389 3782 1442 radix

2199 1465 2346 1529 mali,
2375 1466 2504 1520 nihil
2535 1468 2676 1522 aliud
2698 1485 2860 1539 quam
2891 1470 3179 1540 indigentia
3210 1473 3355 1528 boni.
3395 1473 3578 1530 Arbor
3605 1487 3780 1531 autem

2197 1554 2337 1610 bona
2365 1555 2483 1612 ideo
2512 1567 2594 1612 est
2621 1554 2868 1612 voluntas
2893 1560 3051 1624 bona,
3079 1561 3202 1629 quia
3233 1577 3330 1630 per
3354 1563 3526 1630 ipsam
3555 1579 3780 1618 conver-

2200 1649 2333 1702 titur
2366 1649 2533 1704 ‘homo
2579 1651 2645 1703 ad
2687 1643 2960 1704 summum
2998 1659 3158 1721 atque
3201 1654 3644 1709 incommutabile
3682 1655 3778 1709 bc-

503 1721 598 1789 qui
630 1729 834 1775 rectam
861 1719 1111 1774 videntur
1139 1718 1295 1773 fidem
1326 1716 1534 1789 tenere)
1563 1709 1662 1790 per
1689 1721 1980 1775 humanam
2001 1736 2086 1790 po-

2198 1755 2346 1805 num,
2378 1749 2432 1796 et
2455 1741 2707 1810 impletur
2731 1742 2872 1796 bono
2906 1751 2963 1795 ut
2989 1699 3152 1796 faciat
3182 1742 3412 1797 fructum
3440 1745 3659 1798 bonum.
3704 1745 3777 1797 Ae

507 1813 732 1864 tentiam
779 1818 834 1864 et
878 1807 1283 1878 corruptibilem
1325 1809 1710 1879 principatum,
1746 1826 1845 1880 per
1881 1812 2094 1882 iniquos

505 1918 688 1960 mores
732 1912 787 1958 et
824 1917 987 1985 prava
1025 1901 1292 1973 exempla,
1325 1915 1486 1956 omne
1509 1902 1771 1972 quidquid
1797 1903 2095 1972 apprehen-

504 1993 636 2048 dere
655 2001 896 2063 possunt,
921 1991 1298 2058 conscindunt,
1321 1991 1609 2046 attrahunt
1627 2000 1788 2062 atque
1809 1993 2089 2063 diripiunt.

506 2083 640 2150 Quis
682 2085 748 2140 ad
794 2084 976 2152 spinas
1011 2091 1065 2137 et
1099 2082 1327 2137 tribulos
1371 2083 1590 2138 mittens
1624 2097 1863 2149 manum,
1889 2084 1970 2137 vel
2001 2077 2130 2154 ap—'

507 2177 837 2248 proximans,
865 2175 939 2230 ibi
971 2187 1077 2229 non
1111 2174 1457 2239 dilaceretur,
1496 2182 1590 2228 aut
1627 2189 1733 2227 non
1773 2174 2093 2228 conscinda-

508 2279 615 2333 tur,
649 2275 742 2321 aut
767 2266 1012 2323 eamdem
1046 2280 1263 2319 manum
1298 2280 1402 2318 non
1442 2272 1778 2319 cruentatam
1815 2265 2095 2318 inveniat?

505 2358 638 2426 Quis
663 2371 794 2427 ergo
823 2355 1092 2411 liazreticis
1123 2369 1340 2408 manum
1369 2354 1651 2424 porrigens
1681 2362 1775 2406 aut
1805 2361 1966 2422 caput
1991 2354 2094 2407 hu-

506 2450 744 2514 milians,
781 2446 1142 2502 inconscissus
1179 2459 1210 2497 a
1243 2454 1429 2498 sancto
1455 2442 1686 2520 Spiritu,
1723 2451 1816 2496 aut
1844 2444 2094 2497 incruen-

505 2549 597 2597 tus
637 2540 705 2595 ab
751 2539 942 2592 anima:
980 2535 1203 2590 vulnere
1236 2533 1581 2589 inveniatur?
1622 2531 1764 2599 Quis
1793 2547 1850 2587 se
1883 2533 2096 2602 iniquo-

505 2648 628 2687 rum
669 2630 826 2685 factis
872 2626 1305 2690 accommodans,
1345 2639 1453 2679 non
1494 2625 1562 2678 ab
1614 2636 1804 2677 eorum
1843 2624 2094 2692 inquina-

505 2723 741 2778 tionibus
769 2718 976 2790 peccati
1007 2715 1191 2772 aculeo
1219 2713 1561 2785 perforetur?
1599 2713 1756 2768 Tales
1781 2713 1923 2766 enim
1953 2713 2093 2766 anti-

495 2813 686 2883 quitus
713 2821 767 2866 et
789 2808 956 2864 Judaei
983 2806 1202 2866 fuerunt
1233 2824 1246 2859 :
1279 2820 1402 2860 cum
1427 2805 1690 2861 deberent
1719 2819 1850 2858 uvas
1877 2803 2088 2868 afferre,

495 2901 844 2974 protulerunt
897 2899 1118 2968 spinas;
1180 2905 1234 2951 et
1285 2897 1378 2964 qui
1426 2895 1724 2950 debuerant
1771 2895 2090 2949 suavitatem

501 2991 814 3054 ostendere,
854 2990 912 3044 in
961 2986 1376 3041 amaritudinem
1424 3000 1453 3038 a
1501 2986 1806 3054 semetipsis
1844 2986 2090 3040 conversi

507 3091 650 3138 sunt.
695 3050 867 3135 Aliter
903 3079 1083 3147 spinas
1115 3090 1275 3146 posse
1305 3090 1426 3132 reor
1451 3084 1505 3130 et
1532 3050 1758 3129 tribulos
1789 3075 1965 3130 sazculi
1997 3091 2090 3130 cu-
2118 3050 2168 3116 θ

509 3187 599 3226 ras
636 3181 690 3224 et
728 3169 1048 3239 punctiones
1093 3164 1398 3236 significare
1443 3165 1720 3220 vitiorum.
1783 3165 1858 3220 De
1903 3165 2097 3234 quibus

495 3260 751 3332 «pecean'ti
779 3259 993 3314 homini
1039 3257 1240 3312 dictum
1279 3265 1407 3310 est:
1453 3254 1614 3309 Terra
1663 3264 1756 3308 tua
1802 3255 1998 3321 spinas,
2048 3265 2096 3309 et

505 3349 722 3405 tribulos
752 3349 1058 3420 geminabit
1090 3346 1181 3400 tibi
1203 3344 1365 3418 (Gen.
1398 3344 1515 3417 lli);
1549 3344 1681 3400 ficus
1711 3360 1842 3400 vero
1860 3357 1914 3400 et
1936 3362 2096 3401 uvam

505 3441 842 3497 dulcedinem
873 3437 1299 3493 conversationis
1327 3450 1500 3500 novae,
1542 3437 1704 3504 quam
1745 3436 2004 3490 Dominus
2042 3438 2096 3490 in

464 3534 660 3588 'nubis
697 3532 906 3596 esuriit,
958 3539 1013 3584 et
1059 3529 1324 3584 fervorem
1373 3529 1676 3583 dilectionis
1719 3529 1810 3598 qui
1858 3529 2098 3584 laetificat

507 3638 602 3677 cor
654 3621 904 3676 hominis.
960 3621 1036 3675 De
1086 3619 1384 3688 quibusin
1429 3618 1719 3689 Evangelio
1772 3630 2096 3675 coruscante

509 3715 755 3788 [Cantico
800 3711 1201 3784 canticorum]:
1242 3710 1354 3766 Vox
1385 3713 1614 3765 turturis
1656 3711 1709 3765 in
1751 3722 1899 3766 terra
1939 3711 2097 3782 longe

505 3809 720 3878 lateque
749 3807 1054 3862 resonabat.
1101 3802 1263 3858 Ficus
1284 3802 1500 3874 protulit
1525 3818 1731 3872 grossae
1760 3818 1903 3869 suos,
1938 3803 2098 3856 vinea:

505 3904 748 3972 ﬂorentes
775 3900 1027 3954 dederunt
1058 3898 1267 3952 odorem
1302 3895 1478 3968 (Cant.
1517 3895 1599 3965 ιι).
1649 3893 1767 3949 Non
1816 3903 1996 3948 autem
2031 3895 2098 3949 de

2195 1845 2292 1898 per
2317 1832 2418 1886 hoc
2446 1832 2584 1886 Deus
2611 1843 2693 1886 est
2719 1842 2911 1887 auctor
2945 1835 3183 1888 omnium
3224 1835 3509 1900 bonorum,
3556 1837 3655 1890 hoc
3697 1844 3776 1889 est

2195 1927 2249 1972 et
2276 1928 2480 1974 natura:
2516 1921 2667 1974 bonae
2695 1930 2748 1974 et
2782 1921 3072 1977 voluntatis
3106 1923 3277 1978 honre.
3333 1925 3467 1992 Quia
3503 1926 3607 1979 nisi
3640 1926 3775 1980 Deus

2198 2009 2250 2062 in
2297 2010 2388 2064 illo
2430 2011 2703 2080 operetur,“
2744 2027 2849 2066 non
2890 2011 3020 2066 facit
3067 2013 3247 2078 homo,
3288 2015 3412 2083 quia
3443 2026 3775 2084 praeparatur

2197 2099 2438 2153 voluntas
2467 2116 2496 2153 a
2532 2099 2756 2155 Domino
2786 2101 2838 2154 in
2865 2101 3080 2156 homine
3108 2101 3246 2156 bona
3268 2111 3326 2156 ut
3356 2103 3518 2158 faciat
3550 2106 3658 2160 Deo
3683 2108 3773 2161 do-

2190 2198 2380 2254 nante,
2417 2191 2559 2260 quod
2603 2206 2634 2244 a
2679 2191 2856 2261 seipso
2903 2192 3081 2247 facere
3114 2207 3222 2246 non
3259 2202 3471 2261 poterat
3497 2209 3596 2262 per
3624 2195 3772 2250 liberi

2196 2283 2404 2337 arbitrii
2434 2283 2782 2337 voluntatem.
2833 2282 3034 2354 (Hien)
3061 2283 3374 2350 Quaeramus
3394 2285 3464 2339 ab
3485 2286 3769 2350 hzcretiais,

2168 2376 2288 2445 -qui
2328 2377 2462 2430 duas
2503 2377 2643 2430 inter
2681 2391 2738 2430 se
2769 2376 3066 2430 contrarias
3093 2376 3277 2431 dicunt
3307 2391 3425 2431 esse
3457 2386 3700 2438 naturas,
3729 2379 3768 2430 si

2191 2458 2342 2533 juxta
2370 2465 2770 2535 intelligentiam
2799 2479 2986 2520 eorum
3013 2465 3173 2519 arbor
3199 2465 3338 2519 bona
3364 2464 3536 2518 malos
3569 2466 3769 2520 fructus

2197 2556 2374 2610 facere
2423 2572 2694 2625 nunquam
2741 2565 2954 2626 potest,
3011 2559 3276 2626 quomodo
3319 2557 3564 2627 Moyses,
3617 2558 3769 2610 arbor

2182 2645 2336 2700 'bona
2364 2686 2378 2710 ,
2421 2646 2731 2714 peccaverit
2777 2647 2844 2700 ad
2889 2661 3055 2716 aquas
3105 2647 3544 2724 contradictionis
3595 2648 3762 2717 (Deut.

2197 2735 2403 2800 xxx");
2448 2743 2502 2790 et
2549 2735 2734 2800 David,
2779 2735 2909 2790 Uria
2953 2735 3253 2802 interfecto,
3299 2725 3419 2791 cum
3480 2737 3766 2791 Bethsabee

2183 2826 2545 2881 concubuerit
2573 2824 2658 2896 (ΙΙ
2688 2825 2814 2895 Reg.
2845 2826 2953 2895 x-I);
2983 2826 3174 2882 Petrus
3205 2843 3416 2896 quoque
3443 2827 3494 2880 in
3525 2828 3766 2896 passione

2196 2915 2478 2972 Dominum
2520 2915 2736 2983 negavit
2766 2915 2989 2970 dicens:
3024 2915 3214 2969 Nescio
3258 2917 3518 2970 hominem
3559 2916 3763 2986 (Matth.

2195 3004 2375 3076 xxvr);
2401 3014 2495 3060 aut
2511 3019 2617 3073 qua
2636 3005 3017 3075 consequentia
3039 3004 3225 3059 lethro
3247 3021 3402 3060 socer
3425 3006 3590 3076 Moysi
3615 3008 3766 3061 arbor

2197 3095 2358 3161 mala,
2392 3111 2510 3164 qua:
2547 3095 2732 3162 utique
2771 3095 2821 3148 in
2850 3094 3132 3148 Dominum
3171 3094 3334 3148 lsrael
3364 3110 3470 3148 non
3500 3095 3763 3157 credebat,

2195 3188 2404 3243 dederit
2445 3187 2722 3242 consilium
2776 3186 2944 3256 Moysi
2991 3187 3188 3240 bonum
3220 3201 3239 3238 τ
3270 3194 3324 3240 et
3370 3186 3575 3241 Acbior
3618 3187 3762 3241 Holo~

2196 3278 2333 3333 femi
2364 3277 2578 3347 aliquod
2615 3279 2744 3331 utiie
2774 3278 2844 3330 sit
2874 3277 3084 3331 locutus
3113 3275 3340 3346 (Iudith.
3383 3277 3436 3346 v)
3467 3294 3482 3342 ;
3514 3286 3569 3331 et
3594 3276 3764 3331 Corni-

2198 3385 2292 3426 cus
2325 3369 2537 3433 dixerit,
2573 3368 2715 3438 quod
2739 3368 2874 3421 bene
2905 3367 3108 3420 dictum
3133 3365 3420 3435 Apostolus
3455 3369 3761 3436 comproba-

2197 3463 2292 3526 vit,
2330 3462 2515 3517 dicens
2545 3480 2556 3514 :
2583 3458 2933 3529 Corrumpunt
2967 3474 3134 3512 mores
3159 3459 3320 3511 bonos
3346 3459 3604 3528 colloquia
3634 3459 3761 3511 mata

2199 3551 2251 3621 (I
2297 3550 2418 3604 Cor.
2472 3550 2582 3620 xv).
2635 3549 2700 3602 Et
2744 3563 2865 3603 cum
2899 3563 3005 3601 non
3045 3547 3346 3602 invenerint
3377 3548 3506 3617 quid
3554 3563 3760 3616 respon-

2199 3643 2380 3706 deant,
2420 3655 2521 3696 nos
2563 3638 2854 3692 inferemus
2887 3647 2940 3692 et
2973 3636 3187 3702 Iudam,
3226 3637 3475 3690 arborem
3505 3637 3760 3706 quondam

2198 3731 2414 3795 bonam,
2465 3728 2657 3782 fecisse
2693 3727 2897 3781 fructus
2937 3729 3122 3794 malos,
3159 3735 3440 3816 postquam
3482 3726 3764 3796 prodiderit

2201 3819 2535 3874 Salvatorem
2583 3817 2794 3889 (Matth.
2839 3817 3001 3886 xxv);
3043 3825 3096 3871 et
3134 3816 3354 3870 Paulum
3383 3817 3642 3870 arborem
3661 3830 3762 3868 ma-

2200 3912 2305 3965 lam
2341 3925 2405 3966 eo
2446 3920 2681 3978 tempore
2708 3923 2814 3977 quo
2841 3908 3264 3977 persequebatur
3295 3907 3590 3961 Ecclesiam
3621 3906 3762 3959 Chri-

505 3996 685 4065 spinis
705 4008 806 4047 uva
833 4001 925 4046 aut
952 3991 1018 4046 de
1044 3990 1253 4044 tribulis
1279 3988 1409 4044 ficus
1436 3989 1743 4058 colligitur:
1768 3988 1892 4058 quia
1921 4004 2096 4053 mens,
2164 4003 2269 4057 ,ειί
2303 4044 2315 4066 ,
2352 4000 2554 4056 «fecisse
2602 4009 2785 4069 postea
2821 3998 3024 4052 [τιιριυε
3057 3999 3221 4051 bonos
3253 4037 3266 4059 ν
3313 3996 3528 4064 quando
3579 3995 3629 4048 in
3679 4009 3763 4044 τες

509 4089 683 4144 adhuc
713 4087 908 4142 veteris
938 4085 1171 4140 hominis
1202 4082 1589 4139 consuetudine
1615 4083 1867 4151 depressa
1887 4121 1901 4145 ,
1935 4080 2098 4135 simu-

507 4177 622 4231 lare
650 4185 850 4246 potest,
881 4175 974 4230 sed
1003 4174 1212 4229 fructus
1245 4173 1366 4227 novi
1399 4172 1633 4226 hominis
1670 4170 1811 4226 ferre
1855 4187 1958 4225 non
2003 4186 2099 4239 po-

510 4277 634 4322 test.
691 4265 842 4332 Quod
884 4265 928 4320 si
971 4266 1092 4332 quis
1130 4263 1364 4336 objicere
1399 4263 1631 4316 voluerit
1665 4277 1729 4317 ac
1752 4263 1932 4317 dicere
1949 4262 2100 4330 quod

507 4367 563 4413 et
589 4357 765 4412 Moses
794 4357 858 4412 de
886 4356 1039 4433 spina
1066 4355 1409 4409 vindemiarit
1439 4369 1619 4418 uvam,
1663 4354 1880 4422 quando
1927 4368 1958 4406 a
2009 4367 2098 4405 co-

2201 4090 2481 4144 electionis
2530 4088 2596 4142 de
2643 4094 2986 4156 persecutore
3036 4087 3324 4141 translatus
3365 4095 3446 4140 est
3497 4085 3630 4152 (Αεε.
3673 4087 3759 4154 ιι).

2202 4182 2409 4235 Tandiu
2449 4195 2577 4250 ergo
2621 4179 2761 4234 bona
2804 4179 2966 4234 arbor
3010 4177 3214 4233 fructus
3247 4177 3368 4232 non
3414 4177 3544 4233 facit
3583 4179 3760 4239 malos.

2202 4273 2440 4342 quandiu
2494 4273 2547 4325 in
2599 4271 2854 4326 bonitatis
2896 4271 3075 4326 studio
3113 4283 3453 4339 perseverat;
3495 4280 3551 4325 et
3593 4269 3758 4324 tandiu

2203 4363 2342 4417 mala
2377 4362 2538 4416 arbor
2566 4362 2618 4415 in
2645 4361 2907 4416 fructibus
2931 4372 3272 4431 peccatorum
3303 4371 3503 4428 manet,
3538 4363 3760 4433 quandiu

510 4460 674 4519 gnato
700 4420 893 4520 gentili.
915 4420 1204 4515 consilium
1240 4445 1369 4515 utile
1400 4445 1636 4514 suscepit
1661 4420 1749 4498 :_et
1786 4444 1853 4498 de
1874 4442 2094 4496 tribulis

2200 4457 2269 4510 ad
2298 4455 2667 4525 pmnitentiam
2713 4469 2819 4508 non
2846 4455 3215 4508 convertitur.
3267 4453 3434 4508 Nemo
3482 4470 3613 4524 ergo
3657 4469 3764 4522 per-

511 4542 823 4612 coilegerint
859 4540 1065 4595 fructus
1106 4539 1162 4593 bi
1202 4537 1399 4608 quibus
1446 4537 1648 4591 dictum
1688 4545 1770 4590 est
1803 4535 1868 4590 de
1904 4535 2097 4588 Phari-

510 4635 632 4688 sazis
662 4652 673 4686 ε
709 4631 891 4686 Facite
928 4647 1044 4700 qua:
1069 4631 1268 4694 dicunt,
1309 4645 1427 4698 qua:
1464 4638 1637 4681 autem
1668 4625 1887 4693 faciunt,
1930 4625 2100 4693 facere

510 4722 703 4784 nolite;
744 4721 879 4775 sciat
925 4719 1049 4787 quia
1100 4719 1237 4771 sicut
1286 4716 1432 4771 ferax
1475 4730 1860 4784 nonnunquam
1897 4713 2100 4782 palmes

513 4814 624 4881 sepi
665 4813 934 4867 involutus
976 4810 1261 4872 recumbit,
1302 4819 1631 4878 portansque
1673 4807 1906 4861 fructum
1947 4805 2099 4874 spina

514 4917 620 4956 non
651 4916 827 4964 suum,
857 4901 1042 4955 usibus
1070 4907 1249 4954 servat
1275 4899 1557 4963 humanis;
1585 4899 1663 4952 sic
1693 4897 1836 4951 dicta
1868 4895 1949 4950 vel
1977 4903 2094 4950 acta

494 4991 801 5053 .malorum,
853 4991 895 5043 si
939 4989 1153 5058 quando
1195 4988 1353 5042 bonis
1396 4995 1639 5056 prosunt,
1677 5003 1799 5040 inon
1841 4987 1944 5040 hoc
1995 4986 2096 5054 ipsi

514 5083 718 5138 faciunt
769 5080 923 5143 mali,
973 5080 1064 5134 sed
1111 5079 1168 5134 fit
1214 5079 1280 5133 de
1328 5079 1460 5142 illis,
1503 5093 1734 5147 superno
1770 5077 2096 5147 providente

512 5173 758 5230 consilio.
1764 5224 1768 5231 ,

585 5264 674 5319 Sic
709 5264 875 5317 omnis
903 5263 1058 5316 arbor
1084 5262 1214 5315 bona
1247 5263 1446 5331 fructus
1472 5264 1628 5317 bonos
1660 5263 1805 5331 facit;
1839 5263 1975 5316 mala
1999 5280 2096 5315 au-

514 5365 615 5407 tem
640 5355 796 5406 arbor
823 5353 1024 5422 fructus
1051 5351 1216 5404 malos
1245 5352 1387 5418 facit.
1431 5353 1547 5405 Non
1577 5363 1736 5421 potest
1773 5353 1927 5405 arbor
1959 5357 2093 5404 bona

518 5445 721 5513 fructus
750 5445 914 5498 malos
943 5445 1133 5514 facere,
1160 5459 1320 5510 neque
1349 5446 1503 5495 arbor
1527 5443 1666 5496 mala
1701 5442 1900 5511 fructus
1933 5443 2092 5495 bonos

519 5533 707 5602 facere.
756 5533 948 5604 (Orig)
989 5533 1119 5588 Cum
1161 5533 1323 5599 igitur
1357 5534 1610 5600 magister
1648 5532 1808 5595 Deus,
1847 5550 1952 5586 non
1984 5533 2088 5585 uti-

514 5639 622 5692 que
662 5634 872 5689 natura,
916 5626 1205 5681 constituat
1249 5623 1518 5690 arborem,
1548 5637 1619 5677 ex
1653 5639 1756 5691 qua
1796 5623 1998 5680 fructus
2026 5625 2090 5678 de

2202 4560 2427 4599 manens
2457 4545 2510 4598 in
2537 4543 2768 4614 ecquod
2795 4541 2915 4608 fuit,
2945 4542 3127 4613 incipit
3157 4542 3208 4596 id
3234 4557 3353 4597 esse
3375 4543 3518 4611 quod
3547 4545 3758 4597 necdum

2200 4635 2444 4705 coeperit.

2276 4723 2459 4781 Omnis
2491 4724 2647 4776 arbor
2675 4740 2790 4794 qua:
2817 4741 2917 4778 non
2947 4723 3071 4792 facit
3096 4723 3322 4792 fructum
3351 4721 3542 4774 bonum
3571 4721 3760 4774 excide-

2203 4823 2308 4880 tur,
2333 4823 2380 4867 et
2403 4815 2457 4867 in
2475 4813 2643 4882 ignem
2665 4814 2914 4865 mittetur;
2945 4809 3233 4882 (MAURUS.)
3256 4809 3392 4876 Quia
3407 4812 3759 4879 unusquisque

2198 4919 2506 4974 perversns,
2546 4919 2644 4972 per
2687 4903 2918 4960 validam
2953 4901 3141 4972 judicii
3181 4901 3504 4956 sententiam
3536 4902 3603 4956 de
3631 4912 3756 4955 terra

2197 4995 2491 5049 viventium
2534 4994 2857 5057 eradicatus,
2902 4993 2954 5046 in
2998 4992 3254 5062 gehennae
3298 4991 3477 5060 ignem
3522 4991 3754 5052 mittitur.

2198 5086 2289 5154 qui
2319 5085 2408 5140 hic
2444 5084 2568 5138 boni
2595 5069 2772 5153 operis
2815 5081 3046 5137 fructum
3091 5082 3282 5136 fecisse
3327 5096 3434 5134 non
3482 5081 3751 5135 invenitur.

2200 5173 2395 5244 (0rig.)
2427 5173 2631 5237 Omnis,
2673 5174 2866 5242 inquit,
2897 5173 3052 5224 arbor
3076 5187 3192 5240 guw
3226 5185 3327 5222 non
3359 5170 3487 5237 facit
3519 5171 3751 5239 fructum,

2200 5271 2253 5314 ct
2305 5278 2409 5316 non
2463 5272 2665 5316 tantum
2718 5261 2971 5324 fructum,
3022 5259 3113 5313 sed
3162 5267 3216 5313 et
3267 5259 3453 5311 bonum
3502 5261 3750 5328 fructum:

2201 5353 2380 5406 multa:
2407 5354 2619 5421 quidem
2647 5352 2864 5404 arbores
2892 5349 3121 5403 fructum
3150 5349 3347 5411 ferunt,
3377 5349 3474 5402 sed
3500 5349 3686 5402 malum
3707 5359 3748 5400 et

2200 5445 2440 5497 inutilem
2467 5443 2729 5512 fructum;
2763 5444 2842 5496 sic
2866 5450 2915 5494 et
2945 5441 3092 5514 inulti
3123 5442 3366 5494 homines
3402 5440 3600 5493 malum
3635 5441 3748 5492 irre-

2199 5535 2521 5602 ligiositatis,
2555 5543 2608 5586 et
2638 5532 2984 5595 infidelitatis,
3030 5541 3083 5586 et
3126 5531 3496 5601 pervcrsitatis
3544 5530 3746 5584 fructum

2195 5624 2444 5681 afferunt.
2497 5622 2575 5679 0b
2616 5624 2715 5679 hoc
2754 5622 2898 5677 clare
2932 5622 3317 5677 demonstravit
3356 5621 3610 5674 Dominus
3643 5617 3744 5687 quia
