3938 6332
216 281 340 368 sis

215 521 270 564 et
294 511 348 566 in
369 511 537 581 ignem
561 511 803 564 mittetur.
822 510 1008 563 Omnis
1036 508 1215 574 arbor,
1240 509 1292 562 id
1312 509 1581 564 estomnis
1602 508 1792 562 homo:

219 601 354 656 nulli
381 602 639 672 parcitur,
672 602 800 655 nulli
829 603 1001 655 honor
1025 600 1278 679 defertur,
1313 601 1407 656 sed
1434 602 1608 656 omnis
1635 601 1797 654 arbor

220 692 558 748 infructifera
610 709 718 749 non
765 695 943 749 ferens
982 691 1218 748 fructum
1265 693 1541 748 excidctur
1570 733 1583 756 ,
1635 700 1688 746 et
1741 692 1794 744 in

220 783 402 852 ignem
425 781 666 837 mittetur
689 800 702 834 :
725 797 829 835 non
860 781 978 836 ideo
1003 790 1063 834 ut
1090 782 1216 852 ligni
1238 797 1386 835 more
1413 782 1595 836 ardeat
1619 789 1671 835 et
1705 780 1797 836 de-

220 871 392 936 ﬁciat,
421 873 512 927 sed
540 873 590 925 in
618 873 796 941 ignem
823 872 1065 926 mittetur
1093 872 1238 925 illum
1268 873 1331 926 de
1357 888 1462 941 quo
1499 873 1577 926 ait
1614 873 1780 926 Domi-
1801 938 1814 946 .

218 976 362 1015 nus:
396 961 499 1026 Ite,
517 962 801 1026 maledicti,
827 964 882 1016 in
909 963 1077 1033 ignem
1104 974 1371 1027 mternum,
1409 962 1499 1033 qui
1533 979 1798 1033 prepara-

217 1061 306 1103 tus
335 1060 409 1104 est
435 1049 643 1116 diabolo
665 1061 712 1105 et
738 1052 933 1122 angelis
956 1054 1070 1122 ejus
1094 1050 1305 1123 (Matth.
1336 1053 1485 1122 xxv).

293 1141 466 1210 Igitur
505 1159 568 1195 ea:
612 1141 865 1210 fructibus
901 1159 1080 1196 eorum
1121 1145 1435 1213 cognoscetis
1467 1161 1572 1198 eos.
1615 1145 1796 1217 (Aug.)

218 1232 328 1298 Qui
358 1240 482 1286 sunt
507 1249 635 1302 ergo
665 1232 902 1298 fructus,
933 1235 1126 1303 quibus
1154 1224 1386 1290 inventis
1411 1250 1798 1306 cognoscamus

219 1325 473 1378 arborem
522 1324 736 1388 malam,
780 1324 910 1380 dicit
945 1325 1229 1395 Apostolus
1268 1325 1409 1396 (Gal.
1443 1326 1495 1396 v)
1531 1347 1542 1380 :
1579 1327 1799 1396 Manife-

217 1424 302 1467 sta
341 1424 461 1467 sunt
492 1422 664 1466 autem
694 1430 848 1483 opera
874 1416 1069 1478 carnis,
1106 1432 1222 1483 qua:
1253 1425 1371 1469 sunt
1406 1415 1792 1483 fornicationes,

215 1503 587 1567 immunditiw,
637 1503 882 1568 luxuritc,
925 1503 1183 1559 idolorum
1228 1507 1476 1572 servitus,
1532 1508 1794 1576 veneﬁcia,

213 1594 531 1660 inimicitiae,
578 1596 948 1659 contentiones,
991 1596 1374 1662 aemulationes,
1419 1600 1795 1663 animositates,

213 1686 591 1749 dissensiones,
617 1686 858 1749 ntereses,
885 1685 1112 1750 invidiae,
1144 1686 1434 1752 ebrietates,
1469 1689 1798 1741 comessatio-

1207 304 1556 361 COMMENT.
1595 302 1661 358 IN
1699 301 2132 358 MAT'I‘H'EUM.
2163 334 2232 344 —
2269 303 2396 376 LIB.
2434 302 2497 358 ll.

219 420 392 479 omnis
421 418 575 472 arbor
592 432 715 488 qute
746 433 849 471 non
875 417 1000 486 facit
1033 416 1258 486 fructum
1290 415 1496 474 bonum.
1520 413 1796 469 excidetur
1823 414 1872 473 A
1898 414 2130 468 maxime
2166 413 2397 483 pertinet
2442 427 2509 466 ne
2551 411 2900 481 decipiamur,
2931 410 3211 467 tendentes
3237 411 3304 467 ad
3332 426 3463 466 ωηο
3544 424 3551 430 ·

3349 300 3460 357 850

1899 503 2291 574 temptationem
2334 503 2575 558 veritatis
2613 517 2718 557 non
2764 501 2933 571 solum
2977 502 3200 556 nomine"
3241 499 3462 565 Christi,

1894 609 1990 663 per
2036 610 2128 649 eos
2172 595 2264 663 qui
2310 609 2502 649 nomen
2550 602 2712 662 agunt
2747 602 2802 648 et
2833 592 2974 647 facta
3011 609 3118 647 non
3159 600 3340 662 agunt,
3372 591 3462 646 sed

1896 685 2058 738 etiam
2107 684 2423 753 quibusdam
2484 682 2640 737 factis
2688 692 2849 752 atque
2903 683 3175 737 miraculis
3225 700 3237 734 :
3285 681 3463 751 qualia

1895 783 2111 844 propter
2149 775 2389 830 infideles
2433 790 2556 830 cum
2596 774 2784 829 fecerit
2826 775 3100 840 Dominus,
3147 775 3352 828 monuit
3389 782 3464 826 ta-

1896 880 2018 919 men
2049 881 2116 918 ne
2140 865 2336 918 talibus
2373 865 2717 933 dccipiamur,
2757 865 3080 918 arbitrantes
3118 864 3186 916 ibi
3227 877 3345 917 esse
3377 863 3461 914 in-

1895 953 2159 1008 visibilem
2193 953 2529 1022 sapientiam,
2558 954 2645 1007 ubi
2683 952 2998 1008 miraculum
3029 951 3235 1005 visibile
3274 950 3465 1004 videri-

1896 1061 2036 1099 mus.
2075 1045 2329 1114 Atljungit
2357 1058 2484 1113 ergo
2509 1050 2562 1097 et
2590 1043 2719 1097 dicit
2742 1063 2756 1096 ί

1968 1134 2123 1187 Multi
2165 1135 2292 1187 mihi
2331 1134 2501 1188 dicent
2546 1135 2599 1187 in
2645 1133 2735 1188 illa
2788 1134 2891 1198 die,
2948 1133 3181 1196 Domine,
3228 1130 3464 1194 Domine,

1898 1242 2064 1278 nonne
2092 1226 2146 1278 in
2177 1226 2381 1278 nomine
2408 1234 2496 1277 tuo
2523 1223 2958 1294 prophetarimus,
2988 1232 3033 1276 et
3064 1225 3116 1275 in
3145 1233 3234 1275 tuo
3263 1224 3467 1275 nomine

1895 1319 2152 1372 dwmonia
2182 1318 2424 1386 ejecimus
2446 1359 2459 1382 ,
2491 1327 2536 1370 et
2573 1319 2624 1370 in
2662 1328 2748 1370 tuo
2786 1317 2989 1369 nomine
3025 1316 3237 1368 virtutes
3277 1313 3467 1367 multas

1897 1393 2462 1480 fecimus?'(llieron.)
2507 1408 2853 1475 Prophetare,
2899 1414 2954 1460 et
2993 1407 3219 1460 virtutes
3268 1404 3465 1469 facere,

1871 1506 1948 1552 et
1982 1497 2244 1552 daemonia
2273 1497 2466 1566 ejicere
2499 1499 2764 1552 interdum
2796 1514 2898 1552 non
2935 1497 3047 1565 ejus
3071 1506 3152 1552 est
3177 1497 3351 1551 meriti
3379 1498 3468 1566 qui

1895 1595 2172 1657 operatur,
2206 1589 2300 1643 sed
2334 1589 2601 1644 invocatio
2631 1590 2861 1644 nominis
2884 1573 3080 1643 Christi
3110 1590 3210 1643 hoc
3241 1590 3370 1658 agit,
3401 1591 3470 1642 ob

1897 1678 2396 1734 condemnationem
2423 1693 2608 1733 eorum
2632 1680 2721 1748 qui
2751 1680 3021 1741 invocant,
3046 1677 3130 1732 vel
3165 1677 3234 1732 ob
3269 1677 3467 1730 utilita-

216 1791 331 1837 nes,
367 1785 415 1828 et
452 1776 531 1829 his
567 1776 779 1841 similia,
803 1793 918 1846 qua:
950 1777 1177 1846 pra’dico
1205 1778 1341 1832 vobis
1366 1780 1498 1832 sicut
1523 1779 1745 1849 prtedia‘ii
1775 1793 1794 1832 :

1906 1777 2007 1824 tem
2029 1783 2215 1824 eorum
2244 1770 2334 1839 qui
2363 1769 2547 1823 vident
2573 1777 2626 1825 et
2650 1770 2901 1833 audiunt,
2933 1768 3241 1840 conceditur
3267 1782 3280 1820 :
3314 1775 3370 1819 ut
3407 1767 3472 1820 li-

210 1865 470 1931 quoniam
505 1867 596 1936 qui
630 1865 759 1918 talia
799 1876 960 1936 agunt
991 1867 1204 1936 regnu'm
1230 1866 1328 1920 Dei
1355 1884 1456 1921 non
1485 1885 1796 1939 consequen-

211 1963 328 2006 tur.
374 1953 440 2008 Et
466 1955 557 2024 qui
595 1963 719 2010 sunt
745 1969 842 2024 per
864 1970 1001 2024 quos
1029 1956 1399 2026 cognoscimus
1431 1957 1676 2011 arborem
1701 1957 1797 2011 bo—

217 2062 347 2098 ram
372 2047 509 2100 idem
549 2047 662 2117 ipse
701 2047 987 2117 Apostolus
1018 2060 1410 2116 consequenter
1446 2050 1575 2104 dicit
1609 2068 1622 2103 :
1657 2047 1798 2102 Fru-

214 2143 336 2187 ctus
365 2144 538 2209 autem
574 2136 786 2204 spiritus
825 2145 899 2189 est
932 2136 1180 2202 cltaritas,
1212 2137 1484 2205 gaudium,
1511 2154 1638 2206 pax,
1679 2137 1795 2192 lon—

213 2226 522 2294 ganimitas,
579 2227 885 2297 benignitas,
945 2228 1168 2294 bonitas,
1232 2230 1382 2298 fides,
1430 2234 1795 2300 mansuetudo,

213 2316 558 2379 continentia,
590 2326 693 2372 etc.
746 2318 1035 2390 (MAURUS.)
1067 2321 1195 2386 Qua:
1220 2334 1277 2375 se
1299 2313 1563 2376 veraciter
1594 2324 1798 2379 haben-

219 2412 324 2468 tcs,
360 2414 414 2457 et
448 2405 500 2459 in
537 2408 622 2461 his
653 2407 867 2462 Christo
897 2409 1192 2465 servientes
1219 2412 1520 2480 perducunt
1543 2413 1610 2467 ad
1631 2415 1795 2468 vitam

217 2502 500 2551 aeternam.
554 2496 656 2552 Sed
688 2499 811 2568 quia
840 2500 990 2554 multi
1019 2500 1156 2555 falso
1193 2502 1292 2556 sub
1321 2503 1593 2574 religionis
1619 2506 1800 2573 specie

218 2585 454 2650 latitant,
493 2588 786 2643 cavendum
825 2605 952 2659 ergo
991 2599 1074 2647 est
1113 2607 1180 2647 ne
1214 2593 1328 2661 ipso
1354 2578 1550 2648 Christi
1579 2595 1796 2650 nomine

1898 1872 1984 1919 cet
2012 1864 2257 1918 homines
2285 1864 2583 1933 despiciant
2615 1863 2766 1934 signa
2797 1863 3070 1928 facientes,
3100 1874 3276 1917 tamen
3306 1864 3471 1917 hono-

1897 1960 2019 2007 rent
2045 1953 2341 2017 dominum,
2371 1954 2439 2007 ad
2473 1951 3050 2022 cujus'invocationem
3086 1952 3286 2008 faciant
3326 1961 3471 2007 tanta

1898 2047 2175 2102 miracula.
2213 2046 2346 2103 Nam
2376 2055 2430 2101 et
2457 2046 2586 2101 Saul
2614 2047 2662 2118 (I
2691 2047 2817 2116 Reg.
2848 2046 2924 2116 ι),
2950 2057 3002 2100 et
3029 2044 3240 2100 Balaam
3269 2043 3466 2117 (Num.

1899 2137 2070 2210 sxw),
2105 2145 2159 2192 et
2188 2136 2416 2206 Caiphas
2447 2136 2624 2209 (Joan.
2659 2125 2813 2208 xvui)
2869 2137 3342 2206 prophetaverunt,
3374 2133 3505 2196 n'c-.

1898 2230 2127 2285 scientes
2150 2230 2280 2299 quid
2307 2229 2579 2294 dicerent;
2611 2237 2664 2283 et
2686 2227 2896 2282 Pharao
2920 2227 3069 2298 (Gen.
3101 2225 3233 2299 xu),
3276 2236 3329 2281 et
3369 2226 3475 2280 Na—

1898 2304 2310 2376 buchodonosor
2355 2320 2515 2391 (Dan.
2563 2336 2644 2385 Ill,
2681 2320 2753 2391 iv)
2801 2320 3020 2375 somniis
3064 2318 3237 2372 futura
3274 2334 3471 2388 cogno-

1898 2418 2085 2474 scunt;
2116 2418 2171 2463 et
2195 2409 2248 2463 in
2270 2409 2492 2464 Actibus
2511 2409 2871 2478 apostolorum
2898 2408 2988 2462 lilii
3014 2405 3193 2462 Sceva:
3219 2407 3475 2460 videban-

1898 2504 1986 2551 tur
2018 2496 2214 2567 ejicerc
2251 2497 2513 2552 daemonia
2553 2497 2687 2568 (Act.
2732 2495 2877 2567 xix);
2912 2505 2964 2551 et
2998 2494 3162 2550 ludas
3202 2496 3472 2565 apostolus

1899 2605 2020 2644 cum
2045 2591 2224 2644 animo
2245 2590 2535 2660 proditoris
2563 2590 2727 2643 multa
2755 2589 2906 2656 signa
2939 2588 3076 2641 inter
3101 2597 3320 2642 cancros
3345 2602 3473 2655 apo—

221 2676 293 2729 ab
329 2677 592 2735 hmrcticis
632 2681 711 2735 vel
747 2682 1072 2751 quibuslibet
1109 2685 1246 2739 male
1291 2685 1705 2757 intelligentibus
1741 2698 1797 2744 et
1894 2682 2060 2737 StOlOS
2090 2680 2282 2736 fecisse
2305 2689 2572 2735 narratur.
2614 2681 2795 2751 (Aug)
2821 2680 2992 2747 Quam
3027 2695 3155 2748 ergo
3189 2679 3386 2734 mundo
3421 2687 3478 2734 et

220 2769 406 2823 saeculi
434 2770 590 2839 hujus
617 2774 965 2842 amatoribus,
995 2769 1344 2847 decipia'mur.
1398 2776 1532 2831 Nam
1558 2778 1677 2835 ideo
1707 2794 1796 2834 se-

219 2860 431 2928 quitur,
455 2869 508 2916 et
537 2871 718 2917 monet

1898 2773 2125 2842 simplici
2157 2771 2314 2828 oculo
2341 2788 2474 2842 opus
2510 2780 2592 2826 est
2621 2779 2680 2825 ut
2713 2773 3013 2825 inveniatur
3058 2772 3141 2824 via
3182 2769 3474 2838 sapientiae,

1896 2863 1985 2919 cui
2018 2871 2177 2918 tantae
2202 2864 2462 2919 malorum
2499 2871 2553 2918 et
2580 2877 2956 2932 perversorum
2999 2862 3273 2915 hominum
3316 2861 3473 2914 dece-

304 2950 423 3004 Non
449 2939 616 3006 omnis
646 2950 734 3022 ‘qui
763 2955 886 3008 dicit
918 2957 1061 3021 mihi,
1091 2956 1331 3023 Domine,
1361 2957 1600 3025 Domine,
1630 2960 1796 3014 intra-
1895 2954 2104 3025 ptiones
2141 2968 2461 3024 erroresque
2497 2954 2829 3023 obstrepunt,
2865 2969 3000 3023 quos
3023 2969 3208 3008 omnes
3231 2953 3478 3016 evadere,

224 3044 296 3095 bit
328 3043 380 3096 in
409 3061 621 3113 regnum
650 3038 917 3112 caelorum,
947 3049 1038 3101 sed
1068 3050 1157 3119 qui
1187 3049 1313 3118 facit
1345 3050 1655 3104 voluntatem
1685 3051 1795 3106 Pa-

221 3137 321 3189 tris
357 3138 459 3190 mei
496 3140 584 3206 qui
634 3140 685 3191 in
728 3139 866 3194 caelis
902 3150 996 3207 est,
1028 3143 1136 3211 ipse
1165 3144 1376 3197 intrabit
1403 3161 1614 3214 regnum
1646 3145 1798 3201 calo—

225 3239 364 3275 mm.
446 3222 670 3294 (Hilar.)
741 3225 982 3296 Regnum
1035 3229 1292 3283 caelorum
1348 3232 1461 3286 sola
1513 3234 1800 3288 verborum

223 3312 398 3367 oﬂicia
423 3329 526 3367 non
547 3315 822 3380 obtinent;
855 3333 1026 3386 neque
1056 3320 1147 3388 qui
1180 3321 1395 3387 dixerit,
1432 3322 1673 3389 Domine,
1702 3323 1808 3377 Do-

226 3406 387 3469 mine,
428 3406 668 3460 cohaeres
707 3408 847 3462 illius
877 3410 1000 3463 erit.
1055 3409 1191 3475 Quid
1215 3413 1360 3466 enim
1394 3414 1571 3468 meriti
1599 3423 1682 3468 est
1705 3414 1804 3469 Do-

225 3494 379 3547 mino
421 3495 623 3560 dicere,
664 3495 928 3550 Domine?
966 3495 1214 3568 Nunquid
1253 3499 1510 3556 Dominus
1537 3517 1643 3556 non
1677 3504 1800 3567 erit,

224 3587 336 3641 nisi
363 3585 524 3640 fuerit
551 3588 726 3642 dictus
754 3605 783 3642 a
814 3590 967 3644 nobis
997 3609 1010 3643 :
1041 3599 1094 3643 et
1118 3606 1236 3660 quae
1260 3590 1416 3647 cilicii
1440 3594 1694 3648 sanctitas
1722 3603 1804 3650 est

227 3680 463 3734 nominis
483 3681 828 3751 nuncupatio,
853 3697 974 3736 cum
994 3683 1230 3738 caelestis
1252 3686 1400 3754 regni
1421 3686 1522 3740 iter
1546 3687 1804 3741 obedien—

229 3769 307 3822 tia
353 3770 528 3838 potius
564 3770 854 3837 voluntatis
881 3771 1008 3838 Dei,
1041 3787 1145 3828 non
1176 3775 1502 3842 nuncupatio
1527 3784 1804 3845 repertura

228 3859 322 3912 sit.
379 3857 646 3930 (Hieron)
685 3860 849 3931 Ergo,
892 3862 1030 3916 sicut
1065 3863 1312 3932 superius
1343 3864 1570 3928 dixerat,
1595 3881 1686 3920 eos
1711 3867 1809 3934 qui

229 3945 432 4000 habent
467 3955 670 4001 vestem
717 3949 842 4002 vitae
880 3949 1033 4004 bona!
1073 3965 1180 4004 non
1228 3951 1560 4020 recipiendos
1588 3961 1805 4022 propter

229 4037 424 4107 dogma
457 4038 725 4106 nequitiae,
754 4039 827 4091 ita
856 4053 995 4093 nunc
1019 4053 1050 4093 e
1076 4040 1350 4093 contrario
1376 4040 1567 4094 asserit
1613 4056 1680 4095 ne
1719 4042 1806 4097 his

229 4127 450 4196 quidem
475 4128 979 4183 accommodandam
1006 4128 1164 4184 fidem
1187 4131 1275 4200 qui
1302 4146 1422 4185 cum
1453 4132 1687 4200 polleant
1719 4134 1803 4187 in-

230 4217 482 4286 tegritate
516 4216 655 4281 fidei.
705 4219 931 4287 turpiter
968 4219 1171 4284 vivant,
1212 4229 1264 4274 et
1299 4221 1554 4276 doctrina:
1591 4223 1808 4292 integri-

231 4313 403 4358 tatem
463 4306 618 4360 malis
667 4306 916 4376 operibus
965 4307 1264 4362 destruant.
1321 4307 1618 4380 Utrumque
1661 4315 1807 4368 enim

1899 3041 2073 3112 idest,
2119 3045 2304 3101 venire
2345 3046 2412 3100 ad
2447 3046 2802 3100 certissimam
2836 3060 3020 3115 pacem
3069 3053 3123 3100 et
3156 3044 3476 3100 immobilem

1899 3137 2246 3192 stabilitatem
2279 3135 2589 3205 sapientiast
2645 3121 2999 3191 vehementer
3044 3135 3186 3190 enim
3234 3143 3478 3189 metuen-

1899 3228 2025 3282 dum
2050 3235 2134 3282 est
2159 3241 2226 3282 ne
2250 3227 2425 3281 studio
2446 3226 2740 3281 altercandi
2769 3234 2823 3279 et
2857 3224 3211 3280 contendendi
3253 3225 3480 3294 quisque

1901 3335 2005 3375 non
2032 3320 2210 3374 videat
2233 3318 2375 3387 quod
2402 3334 2432 3372 a
2455 3318 2642 3387 paucis
2664 3317 2830 3372 videri
2865 3325 3057 3386 potest,
3085 3325 3143 3371 ut
3170 3332 3365 3386 parvus
3388 3312 3477 3370 5sit

1901 3409 2155 3477 strepitus
2180 3407 2683 3470 contradieentium,
2735 3406 2839 3461 nisi
2885 3407 3046 3460 etiam
3093 3407 3206 3475 ipse
3245 3405 3346 3460 sibi
3387 3406 3482 3459 ob-

1902 3507 2123 3569 strepat.
2155 3499 2410 3570 Sequitur
2434 3519 2446 3552 :
3353 3559 3356 3562 ,

1972 3589 2043 3642 Et
2084 3597 2206 3642 tunc
2242 3587 2523 3656 conﬁtebor
2562 3588 2688 3652 illis,
2735 3589 2856 3657 quia
2904 3604 3166 3657 nunquam
3212 3589 3329 3640 novi
3366 3605 3476 3650 vos,

1901 3679 2149 3740 discedite
2184 3696 2216 3732 a
2258 3694 2359 3743 me,
2391 3680 2481 3748 qui
2510 3678 2794 3749 aperamini
2817 3677 3162 3747 iniquitatem.
3211 3675 3482 3747 (Ilieron.)

1905 3772 2191 3842 Signanter
2215 3771 2370 3835 dixit,
2394 3770 2696 3839 conﬁtebor,
2725 3770 2852 3839 quia
2886 3769 3053 3842 multo
3083 3779 3207 3824 ante
3239 3779 3478 3836 tempore

1905 3865 2082 3919 dicere
2121 3862 2552 3918 dissimulaverat
2585 3880 2597 3915 :
2629 3878 2732 3914 non
2761 3837 3011 3915 novt/vos.
3060 3860 3174 3915 Non
3205 3861 3353 3914 novit
3380 3861 3484 3914 1)οο

1904 3955 2082 4010 minus
2104 3969 2198 4009 eos
2219 3954 2309 4023 qui
2330 3961 2580 4024 pereunt.
2637 3953 2874 4009 Observa
2914 3961 3092 4008 autem
3126 3969 3293 4023 quare
3329 3953 3478 4005 addi-

1906 4045 2064 4108 derit,
2107 4060 2370 4113 nunquam
2403 4044 2518 4113 novi
2567 4059 2686 4106 vos;
2727 4043 2771 4096 si
2804 4043 2958 4112 juxta
2992 4042 3259 4111 'quosdam
3295 4056 3482 4095 omnes

1905 4132 2153 4187 homines
2193 4131 2336 4184 inter
2374 4130 2662 4184 rationales
2705 4139 2982 4185 creaturas
3027 4145 3238 4199 semper
3285 4131 3482 4184 versati

1907 4230 2051 4287 sunt,
2079 4220 2345 4291 quomodo
2380 4220 2511 4273 dicit
2541 4238 2552 4272 :
2581 4219 2864 4290 Nunquam
2895 4221 3010 4274 novi
3042 4237 3147 4285 vos,
3180 4236 3300 4274 cum
3334 4221 3479 4288 psal-

1906 4327 2027 4366 inus
2051 4311 2196 4364 dicat
2224 4328 2236 4362 :
2263 4307 2513 4363 Dominus
2537 4310 2671 4364 novit
2699 4310 3029 4379 cogitationes
3051 4309 3340 4375 hominum,
3361 4327 3486 4379 quo-

231 4394 410 4449 servis
438 4395 532 4448 Dei
561 4398 925 4450 necessarium
965 4406 1070 4464 est,
1106 4407 1165 4452 ut
1207 4408 1261 4453 et
1293 4416 1426 4471 cpus
1455 4417 1720 4471 sermone,
1751 4413 1806 4459 et
1830 4423 1882 4481 D
1908 4403 2048 4454 niam
2075 4416 2223 4455 vana:
2249 4407 2370 4451 sunt
2402 4398 2571 4469 (Psal.
2604 4399 2789 4470 xcm);
2819 4407 2872 4453 et
2909 4399 3035 4453 alibi
3074 4400 3330 4469 scriptum
3365 4401 3437 4454 sit
3468 4417 3483 4455 :

232 4500 416 4539 sermo
442 4486 694 4554 operibus
720 4489 1117 4556 comprobetur.
1160 4489 1296 4545 Huic
1329 4493 1606 4546 sententia:
1633 4502 1808 4562 potest

232 4571 368 4626 illud
389 4572 555 4626 videri
579 4575 907 4628 contrarium
930 4593 943 4629 :
969 4573 1137 4630 Nemo
1158 4586 1318 4648 potest
1341 4578 1511 4633 dicere
1531 4579 1812 4634 Dominum

231 4664 437 4728 Iesum,
475 4664 575 4717 nisi
596 4666 648 4718 in
677 4664 877 4735 Spiritu
904 4677 1082 4720 sancto
1107 4667 1159 4738 (Ι
1181 4667 1304 4722 Cor.
1340 4671 1458 4741 xu).
1501 4669 1606 4726 Sed
1647 4673 1812 4728 moris

234 4763 324 4808 est
346 4753 742 4823 Scripturarum
770 4755 910 4809 dicta
936 4771 1033 4825 pro
1055 4756 1210 4811 factis
1240 4759 1510 4827 accipere;
1548 4744 1605 4814 ut
1633 4761 1812 4814 statim

236 4847 294 4900 in
323 4848 769 4915 consequentibus
794 4849 1120 4918 approbatur
1141 4850 1360 4906 refutari
1382 4869 1475 4907 eos
1495 4855 1586 4922 qui
1608 4854 1817 4923 jactant

235 4941 359 4994 sine
386 4939 634 5008 operibus
653 4942 933 4996 scientiam
962 4943 1204 5007 Domini;
1231 4956 1287 4998 et
1313 4944 1534 4997 audiunt
1562 4961 1592 4998 a
1623 4944 1810 5000 Salva-

239 5040 358 5085 tore
383 5047 395 5078 :
428 5030 662 5085 Recedite
689 5049 720 5084 a
750 5049 848 5096 me,
873 5050 1046 5087 omnes
1073 5034 1296 5103 operarii
1315 5036 1620 5104 iniquitatis,
1644 5038 1812 5091 nescio

241 5134 337 5173 ros
363 5117 511 5189 (Luc.
541 5118 696 5191 xm);
726 5127 780 5174 et
797 5121 1081 5189 Apostolus
1102 5123 1158 5176 in
1184 5123 1326 5177 hunc
1344 5137 1558 5177 sensum
1580 5124 1814 5194 loquitur

240 5211 374 5283 (Tit.
405 5210 444 5282 ι)
471 5230 482 5264 :
513 5209 837 5280 Conﬁtentur
863 5230 916 5267 se
946 5213 1226 5268 Dominum
1262 5215 1427 5269 verbis
1464 5216 1613 5280 scire,
1658 5216 1812 5284 factis

240 5312 420 5355 autem
445 5312 649 5371 negant.
701 5301 881 5374 (Aug)
915 5303 1051 5358 Vere
1086 5312 1264 5357 autem
1294 5319 1354 5359 ac
1375 5305 1590 5373 proprie
1627 5304 1702 5358 illi
1731 5305 1813 5360 di-

242 5401 445 5446 cuntur
478 5408 508 5445 a
547 5407 772 5462 quorum
803 5392 1075 5447 voluntate
1104 5408 1166 5447 ac
1200 5401 1378 5448 mente
1418 5407 1526 5446 non
1565 5394 1819 5448 abhorret

243 5481 474 5550 prolatio
508 5482 770 5537 sermonis
807 5482 905 5536 sui.
956 5481 1258 5537 Secundum
1287 5499 1449 5553 quam
1475 5484 1819 5556 significatio-

245 5588 372 5628 nem
410 5575 538 5630 dicit
578 5575 861 5644 Apostolus
891 5593 903 5627 :
935 5573 1098 5628 Nemo
1139 5583 1302 5644 potest
1338 5576 1506 5629 dicere
1537 5574 1815 5629 Dominum

246 5663 453 5732 Iesum,
500 5669 599 5720 nisi
641 5669 691 5720 in
745 5667 938 5735 Sffllllt
988 5679 1181 5721 saneto.
1229 5666 1399 5736 Atque
1449 5667 1576 5721 illud
1612 5669 1676 5722 all
1706 5686 1815 5723 rem

1910 4493 2029 4562 Ipse
2047 4493 2181 4546 novit
2201 4490 2558 4559 desipientem,
2579 4499 2625 4545 et
2647 4507 2760 4544 eum
2780 4490 2869 4560 qui
2894 4491 3150 4560 decipitur
3189 4489 3329 4561 (Job.
3359 4490 3484 4561 xu),

1911 4583 2016 4638 nisi
2044 4582 2169 4653 quia
2201 4582 2341 4637 scire
2367 4581 2460 4636 Dei
2491 4580 2776 4649 aliquando
2802 4594 3123 4649 cognoscere
3148 4579 3364 4643 dicitur,
3389 4580 3483 4633 ali-

1914 4674 2128 4744 quando
2149 4662 2446 4743 approbare
2475 4689 2489 4727 :
2517 4671 2776 4737 Quoniam
2801 4673 2938 4725 novit
2961 4671 3214 4724 Dominus
3237 4673 3370 4725 riam
3392 4674 3485 4740 ju-

1914 4774 2109 4818 storum
2134 4777 2152 4814 :
2179 4765 2267 4833 qui
2296 4775 2469 4817 autem
2501 4763 2730 4832 ignorat,
2765 4762 3089 4833 ignorabitur
3115 4761 3284 4824 (Psal.
3324 4761 3383 4833 ι).
3420 4762 3482 4816 Et

1918 4856 2021 4911 scit
2077 4872 2202 4926 ergo
2245 4857 2502 4925 reprobos
2542 4870 2677 4925 quos
2715 4853 3081 4924 cognoscendo
3115 4852 3319 4921 judicat
3351 4868 3364 4905 ε
3394 4869 3486 4906 nc-

1916 4961 2022 5016 que
2049 4946 2194 4999 enim
2214 4944 2483 5012 iudicaret
2505 4960 2640 5015 quos
2669 4945 2888 4999 minime
2912 4942 3287 5013 cognosceret;
3324 4951 3378 4997 et
3407 4952 3483 4996 ta-

1918 5051 2038 5088 men
2073 5035 2466 5104 quodammodo
2492 5036 2623 5092 dicit
2651 5052 2666 5089 :
2697 5033 2822 5088 Non
2849 5036 2964 5090 novi
2985 5052 3090 5100 vos,
3121 5051 3226 5090 non
3250 5034 3487 5105 approbo

1917 5139 2034 5188 vos,
2066 5126 2203 5194 apud
2240 5141 2374 5194 quos
2411 5125 2530 5183 fidei
2569 5133 2623 5178 et
2653 5124 2955 5198 dilectionis
2982 5140 3092 5180 sua:
3119 5126 3484 5180 characterem

1916 5231 2024 5268 non
2069 5216 2347 5283 approbat.
2397 5215 2541 5279 Non,
2586 5215 2797 5283 inquit,
2838 5215 3084 5284 legalium
3136 5215 3484 5270 festivitatum

1918 5303 2148 5373 epulatio
2176 5303 2347 5371 juvat,
2377 5319 2531 5372 quem
2571 5304 2695 5359 ﬁdei
2733 5305 2906 5374 pietas
2953 5319 3062 5358 non
3100 5301 3485 5357 commendat:

1919 5411 2024 5448 non
2054 5395 2276 5448 scientia
2306 5394 2705 5464 Scripturarum
2748 5397 2856 5450 Deo
2905 5405 3087 5453 notum
3126 5392 3270 5456 facit,
3322 5406 3481 5462 quem

1917 5505 2136 5559 operum
2182 5489 2435 5558 iniquitas
2477 5491 2747 5545 obtutibus
2789 5491 2902 5559 ejus
2929 5489 3160 5543 ostendit
3189 5485 3484 5556 indignum.

1920 5578 2187 5649 (Hieron)
2235 5579 2383 5634 Unde
2423 5581 2664 5649 sequitur
2693 5596 2705 5632 :
2740 5579 2976 5634 Recedite
3011 5597 3040 5630 a
3075 5595 3152 5629 me
3186 5579 3273 5646 qui
3306 5592 3486 5644 opera-

1923 5670 2047 5724 mini
2073 5671 2407 5736 iniquitatem.
2461 5671 2574 5724 Non
2608 5673 2736 5726 dixit
2774 5691 2782 5721 :
2819 5670 2916 5737 Qui
2965 5674 3168 5738 opus}
3216 5668 3342 5721 estis
3378 5665 3482 5721 ini.-
