3938 6314
579 223 676 279 851

1125 271 1128 275 λ
1205 229 1263 282 Β.
1311 229 1554 288 MBAN!
1597 235 1811 294 MAURI
1853 239 2114 295 ARCUIE‘:

2220 241 2516 298 MOGUNT.
2559 242 2836 300 OPERUM
2878 241 3053 299 PARS
3096 245 3132 300 l.

3733 256 3824 307 852

578 337 855 405 quitatem,
887 353 954 394 ne
981 340 1248 398 videretur
1277 347 1459 404 tollere
1493 351 1890 419 pmnitentiam,
1912 359 2026 412 sed.
2055 370 2114 414 IN

2246 357 2353 399 crat
2377 363 2533 415 supra
2554 362 2768 415 petram.
2803 351 2974 419 Super
3014 355 3149 406 hanc
3183 368 3384 423 petram
3417 359 3696 415 υυιιιὶιιιιδ
3719 365 3820 417 lun-

577 429 876 493 opcramini,
912 431 1011 484 hoc
1039 442 1120 488 cst
1160 450 1328 500 usque
1358 440 1411 488 in
1434 452 1749 500 pnesentcm
1786 441 1991 502 horam,
2021 457 2142 495 cum

577 515 755 573 iudicii
787 529 998 581 tempus
1020 522 1314 579 advenerit,
1355 523 1476 576 licet
1506 541 1608 578 non
1639 527 1879 582 habeatis
1917 530 2139 584 faculta-

578 610 681 656 lcut
708 605 981 671 peccandi,
1014 615 1188 662 tamen
1218 611 1424 665 habetis
1451 616 1623 670 adhuc
1644 616 1909 674 allectum.
1957 623 2140 694 (Aug)

569 692 850 748 Conclusio
877 710 1004 766 ergo
1030 696 1183 766 hujus
1214 709 1376 757 totius
1408 708 1669 762 sermonis
1697 723 1855 778 quam
1890 692 2141 768 terribili?

571 791 653 836 tcr
682 782 958 850 inferatur,
999 789 1152 844 valde
1180 795 1559 850 attendendum
1585 807 1680 853 est.

637 869 777 944 [ιη
811 873 991 930 Omnis
1014 896 1132 948 ergo
1161 883 1252 949 qui
1285 885 1429 937 audit
1470 889 1616 940 verba
1657 893 1939 956 mea/tate,
1977 905 2021 946 ct
2057 895 2138 961 [a-

566 963 630 1015 rit
667 979 750 1027 ea,
792 968 1166 1022 assimilabitur
1207 974 1310 1026 viro
1348 977 1590 1044 sapienti,
1620 963 1707 1049 qui
1733 981 2006 1049 a'tliﬁcarit
2039 985 2134 1036 do-

565 1065 703 1105 mum
733 1069 888 1107 suam
912 1073 1068 1124 supra
1097 1070 1316 1126 petram.
1370 1065 1500 1118 Cum
1531 1083 1660 1134 ergo
1685 1085 1788 1122 non
1816 1070 1949 1126 dixit
1985 1093 1995 1124 :
2033 1075 2135 1139 Qui

561 1141 708 1194 ntulit
759 1145 906 1196 verba
958 1163 1068 1199 mea
1121 1158 1347 1213 tantum,
1398 1155 1491 1207 sed
1534 1156 1735 1211 addidit
1779 1160 1961 1215 dicens
1994 1182 2004 1215 :
2035 1163 2136 1228 Qui

561 1231 706 1285 audit
737 1234 887 1287 verba
921 1253 1030 1289 mea
1063 1239 1193 1301 lta'c,
1232 1242 1380 1303 satis,
1420 1253 1476 1297 ut
1516 1247 1767 1313 arbitror,
1815 1251 2134 1320 signiﬁcavit

561 1321 672 1377 hare
706 1324 867 1377 verba
906 1342 1023 1394 qum
1063 1329 1118 1381 in
1156 1339 1332 1384 monte
1380 1333 1587 1390 locutus
1628 1347 1710 1392 est
1758 1349 1863 1394 tam
1900 1343 2134 1410 perfecte

561 1415 825 1473 instruere
855 1419 1015 1473 vitam
1047 1435 1231 1476 eorum
1270 1427 1358 1492 qui
1397 1427 1663 1484 voluerint
1697 1434 1985 1488 secundum
2013 1450 2132 1490 eam

557 1509 760 1572 vivere,
789 1518 844 1562 ut
867 1511 1058 1564 merito
1095 1525 1474 1584 comparentur
1518 1520 1800 1575 aediﬁcanti
1844 1538 2004 1592 supra
2041 1540 2132 1595 pe-

557 1606 716 1652 tram.
768 1599 883 1654 lloc
903 1603 1036 1657 dixit
1063 1614 1123 1658 ιιι-
1151 1617 1406 1675 appareat
1433 1605 1598 1664 istum
1628 1627 1927 1668 sermonem
1959 1617 2130 1670 omni-

2247 435 2390 487 davit
2422 437 2713 490 Ecclesium
2737 454 2907 492 suam.
2935 441 3016 494 Ab
3046 443 3142 496 hac
3185 456 3330 514 petra
3391 448 3687 516 apostolus
3732 451 3817 506 Pc-

2248 531 2358 576 trus
2386 526 2606 579 sortitus
2627 538 2710 580 est
2734 544 2947 583 nomen.
3004 530 3177 600 Super
3204 536 3251 588 b'
3277 541 3588 600 ,uscetuodi
3621 555 3814 608 petram

2245 627 2346 665 non
2389 614 2732 670 inveniuntur
2758 621 3021 686 serpentis
3044 625 3282 690 vestigia.
3331 625 3403 678 De
3435 627 3546 680 hac
3603 642 3660 683 et
3703 630 3806 685 Pro

2241 699 2401 767 plicta
2447 700 2680 770 loquitur
2705 709 3050 762 conﬁdenter.
3085 710 3149 762 Et
3198 716 3379 766 statuit
3421 733 3598 784 supra
3622 731 3807 785 petram

2240 791 2389 855 pedes
2418 808 2554 845 meos
2582 795 2751 862 (Psal.
2783 799 2993 866 XXXIX),
3022 807 3073 852 ct
3101 801 3152 854 in
3184 802 3287 856 alio
3311 805 3456 857 loco:
3488 803 3660 859 Petra
3687 811 3809 875 refu-

2239 881 2377 948 gium
2399 881 2654 951 leporibus
2683 887 2784 939 sive
2810 888 3095 943 hcrinaceis
3146 892 3313 961 (Psal.
3348 898 3490 963 cui).
3546 897 3803 953 Timidqu

2237 971 2378 1023 enim
2409 973 2604 1026 animal
2636 975 2687 1028 in
2715 987 2878 1044 petra!
2904 994 3189 1035 cavernam
3217 998 3278 1038 se
3301 983 3524 1052 recipit,
3577 997 3636 1040 et
3684 991 3808 1042 cutis

2237 1073 2445 1126 aspera,
2473 1071 2528 1114 et
2579 1072 2685 1115 tota
2723 1076 2929 1120 armata
2971 1068 3183 1135 jaculis,
3229 1073 3317 1126 tali
3368 1090 3425 1126 se
3474 1076 3804 1143 proiectione

2237 1161 2430 1208 tuetur.
2469 1155 2615 1212 Unde
2644 1167 2697 1212 et
2720 1161 2888 1231 Moysi
2900 1163 3097 1217 dicitur
3118 1181 3181 1220 eo
3198 1175 3434 1237 tempore
3457 1186 3576 1238 quo
3601 1173 3802 1241 chgy-

2233 1253 2324 1312 pto
2349 1244 2634 1315 fugerat-et
2663 1249 2964 1318 lepusculus
2989 1253 3197 1308 Domini
3228 1267 3344 1310 erat
3373 1276 3384 1309 :
3424 1260 3532 1312 Sta-
3577 1261 3631 1312 iu
3665 1262 3798 1326 [ura-

2234 1333 2369 1386 mine
2389 1346 2570 1402 petrw,
2592 1347 2638 1389 et
2667 1342 2951 1406 posteriora
2994 1359 3105 1394 mea
3138 1344 3327 1398 videbis
3360 1347 3563 1416 (Exod.
3596 1357 3793 1410 sutili.

2303 1421 2375 1474 Et
2399 1427 2563 1478 omnis
2581 1428 2668 1495 qui
2699 1429 2844 1481 (uidit
2872 1431 3021 1483 verba
3047 1449 3157 1484 mea
3185 1434 3318 1496 lta'c,
3358 1447 3405 1486 ct
3433 1454 3538 1488 non
3574 1438 3701 1503 facit
3723 1456 3794 1496 ea.

2232 1512 2417 1565 similis
2444 1515 2538 1566 erit
2567 1516 2675 1568 viro
2704 1517 2860 1569 stulto
2878 1515 2967 1584 qui
2996 1519 3270 1586 wdiﬁcavit
3293 1523 3504 1576 domum
3540 1542 3694 1577 suam
3718 1544 3795 1577 su-

2232 1618 2323 1670 per
2363 1620 2593 1657 arenam.
2641 1605 3064 1662 Fundamentum
3108 1613 3249 1678 quod
3295 1615 3574 1682 apostolus
3613 1616 3793 1670 Paulus

557 1690 654 1743 bus
696 1692 998 1760 praeceptis,
1048 1696 1243 1764 quibus
1278 1699 1581 1754 Christiana
1627 1703 1733 1756 vita
1783 1704 2114 1774 informatur,

2233 1693 2556 1749 architectus
2584 1697 2780 1764 posuit,
2811 1715 2973 1752 unum
3001 1709 3085 1753 est
3117 1702 3373 1756 Dominus
3415 1717 3604 1758 uester
3648 1705 3792 1760 Iesus

555 1793 672 1833 esse
716 1781 1031 1848 perfectum.
1103 1785 1264 1840 Multa
1306 1789 1501 1860 quippe
1550 1791 1808 1848 Dominus
1851 1810 2012 1866 supra
2058 1800 2125 1854 de

555 1879 737 1939 aperte
766 1873 924 1927 bonis
947 1876 1188 1942 malisve,
1213 1879 1378 1934 multa
1405 1882 1470 1936 de
1506 1897 1627 1938 vere
1656 1899 1719 1939 ac
1757 1885 2007 1942 simulate
2030 1889 2124 1944 bo-

554 1961 638 2014 uis
681 1963 960 2032 disputans
1005 1966 1221 2037 (quibus
1264 1972 1456 2027 tribus'
1482 1955 1724 2043 per’sonis
1768 1993 1925 2032 omne
1955 1995 2124 2046 genus

555 2052 825 2107 hominum
874 2065 1001 2122 puto
1045 2061 1464 2132 comprehendi),
1513 2072 1680 2117 totum
1727 2081 1882 2119 suum
1913 2082 2122 2124 sermo-

553 2157 671 2197 nem
723 2147 946 2229 terribili
991 2149 1148 2205 simul
1191 2160 1245 2204 et
1281 2155 1499 2208 amabili
1541 2157 1790 2224 parabola
1831 2161 2117 2226 concludit,

551 2253 652 2305 qua
685 2239 817 2317 alios
848 2242 994 2296 verbi
1025 2246 1295 2301 auditores
1327 2247 1549 2311 diabolo,
1583 2250 1716 2306 alios
1737 2251 1950 2308 Christo
1981 2257 2116 2310 assi-

552 2327 700 2382 milat
726 2346 738 2381 :
765 2331 854 2400 qui
883 2332 1065 2400 utique
1089 2350 1240 2388 suam
1277 2337 1328 2389 in
1349 2329 1635 2393 hominum
1671 2341 2002 2412 subjectione
2027 2346 2118 2401 do-

551 2434 692 2473 mum
721 2421 992 2478 :ediﬁcare
1016 2440 1121 2480 non
1155 2427 1350 2481 desinit
1385 2443 1487 2498 per
1528 2439 1697 2486 totum
1742 2433 1900 2504 hujus
1938 2436 2118 2490 saeculi

520 2514 782 2578 ‘tempus;
819 2521 870 2566 et
897 2523 1020 2583 apte
1047 2529 1062 2566 :
1093 2531 1324 2585 namque
1357 2519 1445 2586 qui
1477 2535 1753 2578 sermones
1779 2523 1977 2580 Christi
2019 2543 2117 2581 au-

547 2596 643 2662 dit,
673 2607 727 2652 et
753 2599 899 2664 facit,
941 2605 1340 2673 comparabitur
1376 2606 1607 2673 Christo,
1639 2612 1768 2679 quia
1793 2613 1934 2667 sicut
1960 2614 2117 2669 Chri-

545 2687 660 2743 stus
690 2692 856 2745 variis
882 2693 1155 2748 hominum
1192 2697 1438 2764 personis
1481 2715 1640 2753 unam
1683 2701 1795 2755 sibi
1820 2703 2115 2760 Ecclesium

547 2779 860 2834 catholicam
908 2785 1189 2850 construit,
1235 2788 1416 2842 erudit
1453 2799 1508 2844 et
1548 2792 1828 2860 gubernat,
1864 2794 2114 2849 invitam

546 2869 862 2940 quandoque
891 2874 1233 2932 dedicaturus
1261 2887 1539 2946 aitcrnam,
1582 2882 1660 2937 sic
1698 2891 1752 2936 et
1778 2863 2115 2940 auditoriau-

542 2957 626 3024 lis,
653 2957 806 3028 juxta
829 2965 1104 3033 proprium
1137 2967 1414 3023 modulum
1435 2972 1603 3026 variis
1638 2972 1892 3029 virtutum
1925 2977 2114 3031 studiis

538 3051 618 3104 ad'
644 3066 878 3120 superna
906 3057 1190 3124 proficiens
1214 3100 1228 3123 ,
1275 3060 1657 3117 habitationem
1706 3065 1806 3119 sibi
1843 3076 2112 3136 perpetuae

540 3142 836 3198 utansioni-s
863 3145 1097 3202 aediﬁcat
1135 3165 1147 3202 :
1188 3149 1338 3217 cujus
1376 3151 1428 3204 in
1467 3155 1730 3222 praisenti»
1763 3158 2109 3226 quadrand‘is,

539 3231 1220 3308 poliendischaritatisque
1261 3240 1468 3311 glutino
1495 3245 1806 3314 oopulan'dis
1849 3247 2114 3321 lapidibus

539 3324 718 3389 instat,
743 3327 840 3380 sed
860 3328 911 3381 in
936 3327 1116 3385 futuro
1139 3333 1502 3390 cum-Christo
1524 3335 1855 3394 dedicatione
1877 3339 2108 3396 lattatur.

539 3417 603 3472 Et
631 3418 718 3473 ille
745 3435 872 3475 vere
898 3423 1112 3491 sapiens
1136 3433 1219 3479 est
1246 3426 1338 3494 qui
1377 3443 1712 3496 mansurum,
1742 3447 1858 3486 non.
1875 3433 1994 3494 'cito
2013 3435 2107 3490 de-

535 3507 772 3574 ttiduum,
814 3518 881 3576 et
909 3526 1073 3581 supra
1100 3523 1329 3583 petmm.
1361 3530 1474 3571 non
1501 3534 1673 3588 supra
1695 3530 1914 3587 terram,
1943 3523 2110 3578 indili-

535 3599 675 3654 cium
714 3615 882 3656 suum-
909 3605 1077 3672 ponit-.
1284 3607 1425 3662 enim
1453 3610 1736 3680 quisquam
1762 3613 1949 3668 ﬁrmati
1967 3615 2122 3685 quod

534 3690 700 3754 audit,
729 3691 809 3745 vol
837 3694 1089 3763 percipit,
1116 3690 1500 3753 nisifucicndo.
1535 3699 1826 3769 Evsiopetr-a
1861 3701 2109 3758 Christus

532 3787 636 3844 est,
666 3781 807 3836 sicut
833 3783 1000 3836 multa
1027 3783 1771 3854 Scripturarum-tostimonia-
1791 3792 2106 3860 pradicant,

522 3858 622 3925 ille
643 3872 950 3928 :udillcatin
969 3873 1207 3942 Christo,
1236 3878 1326 3946 qui
1367 3880 1509 3947 quod
1537 3858 1924 3946 auditgabfillo,
1958 3882 2107 3938 facit.

603 3961 672 4015 Et
685 3963 947 4017 descendit
973 3963 1170 4040 pluvia,
1187 3976 1235 4022 et
1258 3978 1499 4022 venerunt
1519 3969 1763 4038 ﬂumina,
1783 3981 1840 4026 et
1851 3973 2113 4040 [laverunt

532 4054 665 4108 venti
685 4063 733 4106 et
759 4055 1023 4120 irruerunt
1050 4057 1105 4110 in
1131 4057 1343 4112 domum
1365 4059 1532 4125 illaut,
1562 4071 1609 4114 et
1635 4057 1952 4140 noncecidit,
1983 4063 2104 4131 fun-

529 4143 656 4196 data
693 4145 845 4198 cnim-
873 4156 986 4200 erat
1041 4163 1200 4217 supra
1227 4158 1448 4218 petram.
1490 4151 1672 4224 (Aug.)
1700 4150 1816 4208 Non
1846 4154 1974 4225 ergo
2002 4155 2105 4209 iste

530 4235 722 4291 metuit
775 4235 916 4291 ullas
941 4235 1259 4307 ealiginosas
1310 4241 1720 4310 superstitiones
1766 4242 1915 4314 (quid
1959 4245 2100 4298 enim

2225 1782 2491 1838 Christus.
2526 1783 2698 1854 Super
2727 1788 2826 1840 hoc
2849 1786 3252 1845 fundamentum
3276 1793 3468 1847 stabile
3484 1804 3542 1847 et
3565 1794 3785 1858 ﬁrmum,

2225 1879 2279 1924 et
2303 1886 2399 1940 per-
2423 1887 2480 1950 se
2509 1873 2726 1928 robusta
2753 1876 2890 1929 mole
2917 1875 3222 1943 fundatum,
3268 1881 3570 1936 azditicatur
3599 1882 3784 1937 Christi

2223 1963 2479 2017 Ecclesia.
2507 1962 2678 2034 Super
2708 1979 2926 2020 arenam
2954 1982 3078 2021 vero
3105 1971 3396 2038 queiluida
3421 1980 3524 2034 est,
3556 1982 3608 2026 et
3636 1990 3782 2028 coau-

2221 2054 2483 2120 gnientari
2521 2070 2624 2108 non
2649 2066 2841 2123 potest,
2882 2071 2980 2110 nec
3010 2058 3062 2110 in
3095 2074 3255 2111 unam
3305 2061 3557 2128 copulam
3608 2063 3783 2132 redigi,

2221 2144 2398 2200 onmis
2419 2144 2801 2200 haereticorum.
2815 2161 2992 2201 sermo
3019 2148 3083 2202 ad
3108 2149 3209 2203 hoe
3235 2149 3555 2215 aediﬁcatur,
3585 2163 3642 2206 ut
3669 2168 3779 2206 cor-

2221 2244 2357 2290 ruat.

2291 2345 2357 2398 Et
2381 2345 2641 2399 descendit
2689 2346 2886 2414 pluvia,
2924 2358 2971 2400 et
3009 2357 3259 2401 venerunt
3281 2350 3524 2417 fiumina,
3561 2361 3608 2403 ct
3635 2353 3780 2419 [lurc-

2220 2445 2339 2488 ruut
2367 2437 2525 2500 uenti,
2579 2447 2625 2488 et
2673 2436 2941 2489 irruerunt
2982 2437 3037 2489 in
3083 2437 3294 2490 domum
3320 2438 3492 2502 illaut,
3513 2450 3560 2492 et
3587 2443 3775 2494 cecidit.

2220 2524 2400 2596 (Λαίς.)
2423 2524 2560 2590 Quid
2582 2541 2684 2594 per
2701 2526 2954 2594 pluviam,
2982 2528 3080 2582 nisi
3099 2528 3444 2584 multimodas
3463 2531 3656 2585 diaboli
3675 2543 3779 2585 ten-

2219 2618 2476 2681 tationos;
2507 2632 2604 2686 per
2624 2617 2860 2683 ﬁumina,
2900 2628 3120 2688 apertae
3156 2621 3579 2690 manifestasque
3607 2637 3775 2691 persc-

2217 2707 2489 2773 cutionos;
2528 2723 2624 2777 per
2645 2717 2850 2774 ventos,
2881 2709 3142 2780 malignos
3170 2711 3403 2780 spiritus.
3422 2711 3647 2782 intelligi
3691 2727 3772 2765 vo-

2217 2797 2343 2850 luit:
2370 2798 2491 2866 quia
2521 2797 2939 2866 uniuscujusque
2962 2800 3293 2854 conscientia
3317 2814 3437 2868 qua:
3463 2814 3560 2868 spe
3603 2799 3764 2854 deﬁxa

2216 2885 2268 2940 in
2294 2886 2573 2940 Dominum
2599 2895 3030 2955 nonpermanet,
3073 2901 3248 2956 neque
3290 2889 3343 2942 in
3374 2890 3768 2950 tentationibus,

2217 2988 2393 3041 neque
2422 2974 2477 3028 in
2497 2975 2978 3043 persecutionibus,
3017 2989 3189 3045 neque
3212 2984 3339 3030 ante
3370 2976 3634 3046 malignos
3670 2979 3772 3047 spi-

2218 3063 2361 3123 ritus
2383 3065 2673 3120 subsistere
2702 3065 2870 3121 valet.
2891 3065 2956 3122 Et
3005 3075 3153 3122 tanto
3206 3067 3628 3138 uniuscujusque
3656 3084 3771 3123 con—

2217 3153 2451 3209 scientia.
2467 3154 2713 3224 malignis
2740 3154 3016 3222 spiritibus
3036 3155 3213 3209 acrius
3233 3157 3558 3221 concutitur,
3585 3167 3772 3226 quanto

2216 3261 2372 3303 tinens
2397 3244 2632 3300 carnalis
2658 3245 2710 3298 in
2736 3245 2821 3300 his
2841 3261 2959 3314 quin
2980 3246 3317 3301 mundisunt
3340 3247 3578 3316 amplius
3619 3264 3648 3300 a
3691 3263 3771 3302 su—

2215 3334 2516 3404 perior-ibus
2543 3332 2891 3406 disiungitur,
2908 3343 3218 3406 quantoque
3246 3336 3545 3406 ampliusin
3573 3336 3770 3391 inferio-

2214 3425 2361 3481 ribus
2382 3424 2639 3495 illigatur.
2651 3423 3018 3496 (,Greg.):Ergo
3040 3426 3131 3496 qui
3161 3427 3313 3481 audit
3338 3441 3620 3503 sermones
3631 3426 3768 3481 Chri—

2215 3515 2366 3571 sti-ct
2387 3530 2494 3570 non
2518 3515 2675 3580 facit,
2699 3515 2810 3570 sive
2839 3516 3078 3571 initiatus
3107 3517 3378 3587 mysteriis
3411 3516 3633 3580 Christi,
3683 3531 3765 3571 seu
3803 3582 3806 3584 γ

2211 3607 2265 3660 in
2296 3615 2466 3660 totum
2496 3605 2707 3662 alienus
2721 3620 2758 3662 a
2772 3605 3010 3672 Christo,
3039 3607 3178 3675 quia.
3207 3606 3445 3677 seipsum
3487 3606 3625 3662 male
3653 3605 3760 3662 2di-

2213 3695 2578 3761 ﬁcat,.similis
2601 3695 2906 3752 est-homini
2929 3695 3112 3760 stulto,
3142 3695 3209 3750 de
3253 3710 3360 3765 quo
3401 3695 3629 3750 dicitur:
3665 3694 3766 3748 lui-

2209 3787 2384 3840 nticus-
2402 3787 2556 3840 homo.
2574 3785 2669 3840 hoc
2696 3785 2827 3854 fecit:
2861 3783 3076 3856 (Matth.
3109 3784 3252 3855 xm),
3281 3783 3440 3852 cujus
3461 3800 3629 3854 opera
3663 3800 3764 3840 om-

2209 3877 2298 3932 nia
2328 3875 2598 3932 instabilia
2618 3883 2824 3931 sunt'ot
2851 3877 3018 3930 ruina:
3044 3885 3254 3946 pauent.
3309 3875 3651 3936 Manifestum
3691 3885 3763 3930 est

2209 3968 2354 4036 quia,
2381 3968 2660 4037 ingruente
2709 3965 2954 4036 qualibet
2997 3967 3316 4032 teutatione,
3377 3981 3506 4022 mox
3549 3975 3606 4021 et
3652 3980 3762 4021 vere

2209 4060 2331 4114 mali
2357 4068 2413 4114 et
2439 4058 2564 4114 ﬁcte
2588 4059 2713 4113 boni
2743 4057 2954 4129 pejores
2985 4057 3140 4125 ﬁunt,
3175 4059 3346 4114 donec
3375 4059 3760 4114 ad-extremum

2206 4156 2523 4220 perpetuam
2551 4147 2798 4203 labantur
2821 4149 2876 4205 in
2897 4162 3132 4220 pinnam.
3176 4147 3348 4206 Porro
3387 4148 3671 4204 moraliter.
3691 4150 3783 4204 di-v

2207 4240 2436 4294 cendum
2459 4239 2582 4307 quia
2621 4241 2971 4309 unusquisque
3009 4247 3238 4292 tentatur
3287 4257 3319 4292 α
3357 4239 3760 4308 concupiscentia

531 4324 675 4378 aliud
705 4325 1021 4397 intelligitur
1038 4326 1242 4396 pluvia,
1271 4343 1396 4409 cum
1417 4329 1469 4383 in
1499 4330 1625 4384 mali
1651 4331 1878 4401 alicujus
1930 4333 2101 4404 signi-

2220 4327 2638 4392 uta,alrstractus.
2653 4337 2700 4381 et
2726 4327 2948 4381 illectus.
2982 4325 3189 4381 Dehinc
3203 4326 3620 4396 concupiscentia
3653 4343 3757 4380 cunt

531 4411 782 4476 ﬁcationo
819 4415 1110 4488 ponitur?)
1148 4425 1242 4474 aut
1296 4406 1543 4475 rumores
1596 4421 1873 4476 hominum
1904 4464 1918 4488 ,
1967 4406 2178 4492 quos"
2207 4419 2515 4487 conceperit,
2544 4417 2682 4488 parit
2700 4427 2990 4488 pecco-tum.
3012 4416 3302 4472 Peccatum
3327 4425 3500 4470 autem
3516 4433 3634 4470 cum
3655 4432 3760 4469 con-

529 4506 704 4561 ventis
722 4516 1063 4576 comparatos
1090 4518 1246 4579 puto;
1269 4520 1362 4566 aut
1385 4511 1510 4565 vita
1535 4511 1696 4581 hujus
1718 4510 1964 4580 ﬂuvium,
1984 4530 2102 4570 car-

528 4595 740 4652 nalibus
760 4599 1208 4669 concupiscentiis
1235 4608 1490 4671 tanquam
1518 4599 1773 4658 fluentem
1796 4617 1960 4673 super
1992 4615 2100 4660 ter-

531 4699 666 4740 ram.
721 4685 923 4743 Horum
958 4689 1100 4744 enim
1129 4689 1312 4756 trium,
1341 4692 1434 4762 qui
1468 4679 1924 4762 prosperitatibus
1946 4680 2100 4751 indu-

529 4777 688 4841 citur,
719 4778 1137 4836 adversitatibus
1157 4778 1422 4852 frangitur
1437 4796 1712 4851 umorum.
1725 4783 1856 4837 nihil
1885 4785 2092 4850 metuit,

527 4867 620 4938 qui
650 4865 1349 4944 fundatam-liabet/domum
1371 4883 1531 4941 super
1556 4879 1784 4940 petram,
1840 4873 1932 4942 qui
1987 4889 2093 4928 non

529 4958 700 5019 solum
751 4956 903 5013 audit
934 4970 1215 5028 praeceptas
1253 4959 1484 5026 Domini,
1532 4960 1641 5015 sed!
1664 4960 1829 5015 etiam
1854 4959 2000 5017 facit.
2032 4961 2097 5016 Et

528 5053 617 5109 his
639 5053 900 5110 omnibus
916 5053 1214 5123 periculose
1233 5051 1496 5122 subjaeot,
1521 5055 1611 5123 qui
1632 5053 1780 5108 audit
1802 5063 1993 5114 etnon
2021 5054 2096 5109 fa-

528 5145 630 5198 cit:
659 5158 772 5198 non
791 5143 936 5198 enim
956 5143 1121 5198 habet
1146 5143 1336 5199 stabile
1360 5143 1794 5208 fundamentum;
1846 5146 1940 5198 sed
1993 5153 2090 5198 au-

527 5235 722 5292 diendo
752 5243 808 5290 et
860 5249 964 5289 non
1009 5233 1254 5289 faciendo
1287 5235 1497 5288 ruinam
1523 5233 1776 5291 aediﬁcat.
1825 5231 2094 5306 (Hicron.)

529 5326 693 5381 Mitcr
720 5339 933 5396 quoque
957 5323 1133 5395 pluvia
1158 5325 1274 5391 ista,
1294 5339 1414 5393 quae
1435 5325 1990 5382 domum-subvertere
2016 5326 2095 5378 ni-

529 5417 680 5483 titur,
725 5417 949 5472 liaholus
975 5423 1084 5483 est;
1139 5415 1376 5482 ﬁumina,
1407 5429 1592 5471 onmes
1615 5417 1956 5481 Antichristi,
2003 5417 2091 5486 qui

527 5517 715 5564 cutura
756 5508 1027 5564 Christum
1078 5509 1318 5577 sapiunt;
1353 5507 1519 5573 venti,
1545 5507 1814 5576 spiritales
1841 5509 2091 5577 nequitia:

531 5596 586 5650 in
613 5598 935 5658 etclastibus.
979 5599 1042 5654 Et
1086 5617 1185 5654 nou
1224 5601 1404 5656 cecidit
1435 5602 1638 5663 domus,
1722 5601 1906 5666 {tutata
1951 5601 2087 5655 enim

2181 4516 2522 4567 summatum
2562 4508 2733 4577 fuerit
2771 4517 2981 4578 generat
3027 4517 3242 4561 mortem
3294 4505 3438 4574 (Jac.
3481 4506 3546 4576 ι).
3590 4505 3758 4560 Potest

2202 4598 2363 4653 etiam
2393 4613 2496 4666 per
2509 4597 2764 4667 impetum
2781 4595 3016 4652 [luminis
3032 4595 3463 4667 extremijudicii
3479 4596 3753 4650 discrimen

2199 4689 2445 4758 intelligi,
2473 4688 2706 4758 quando.
2736 4698 2963 4760 utraque
2988 4688 3148 4744 domo
3167 4696 3564 4752 consummata,
3603 4687 3754 4740 omnis

2202 4782 2292 4852 qui
2321 4799 2374 4836 sc
2399 4781 2604 4836 exultat
2632 4780 3012 4845 humiliabitur,
3039 4791 3088 4835 et
3114 4782 3206 4852 qui
3225 4796 3280 4834 se
3303 4778 3546 4833 humilia!
3567 4779 3752 4833 exaltu-

2205 4874 2362 4926 bitur.
2405 4871 2834 4943 Ibuntqncinspii
2874 4870 3462 4934 nonxsolumhomines,
3484 4869 3578 4924 sed
3594 4878 3749 4924 etan-

2202 4961 2305 5033 geli
2334 4961 2424 5032 qui
2445 4961 2510 5015 ad
2529 4961 2804 5016 diabolum
2821 4961 3181 5030 pertinebant,
3205 4959 3588 5029 iusstppliciutn
3611 4967 3744 5014 teter-

2203 5069 2352 5120 num,
2399 5052 2528 5122 justi
2555 5060 2738 5106 autem
2757 5053 2828 5106 -in
2856 5053 3021 5106 vitam
3064 5059 3318 5108 :rtemam
3351 5051 3566 5126 (Matth.
3589 5065 3742 5114 nm;

2204 5143 2309 5197 Luc
2337 5159 2498 5209 xvm;
2524 5141 2712 5196 Matth.
2735 5142 2884 5210 xxv).
3673 5183 3675 5185 ,

2271 5235 2340 5288 Et
2371 5235 2472 5304 fuit
2510 5235 2662 5286 ruina
2693 5233 2806 5302 ejus
2851 5249 3060 5303 magna.
3103 5231 3285 5302 (Aug.)
3334 5231 3509 5286 Ruina
3545 5244 3737 5299 magna,

2200 5327 2286 5381 illa
2304 5326 2556 5380 nimirum
2585 5315 2926 5392 intelligenda
2948 5332 3030 5378 est
3049 5337 3156 5392 qua
3175 5322 3418 5376 dicturus
3453 5329 3537 5377 est
3575 5319 3736 5374 Domi-

2197 5435 2297 5472 llllS
2318 5417 2732 5472 audien’tibuset
2755 5428 2862 5469 non
2878 5414 3228 5469 facientibus:
3255 5412 3411 5468 ltc'iu
3425 5415 3589 5482 ignem
3606 5419 3734 5463 ater-

2195 5524 2338 5570 nuut,
2371 5507 2458 5576 qui
2487 5515 2811 5574 pra'paratus
2836 5515 2909 5558 est
2929 5503 3134 5558 diabolo
3163 5513 3211 5558 et
3235 5503 3436 5572 angelis
3463 5502 3591 5570 ejus.
3616 5496 3734 5550 Esu-

2195 5599 2309 5661 rivi,
2334 5607 2378 5650 et
2405 5613 2503 5650 non
2527 5595 2740 5650 dedistis
2765 5595 2889 5648 milii
2913 5595 3260 5657 manducare;
3285 5595 3444 5652 silici.
3468 5603 3513 5649 et
3540 5605 3631 5644 non
3649 5589 3728 5640 ds-

3873 5125 3885 5202 ι
