3938 6358
220 374 330 430 853

1173 367 1519 424 COMMENT.
1560 366 1625 420 lN
1664 365 2094 420 ΜΑΤΤΗᾹΞΠΜ.
2138 395 2203 403 -
2242 364 2366 420 LIB.
2407 365 2486 421 Ill.

3337 368 3439 424 85a

222 487 375 542 distis
399 485 723 549 mihibibere,
756 490 856 537 etc.
893 479 1104 554 (Matth.
1133 479 1282 551 xxv.)
1313 479 1444 545 Quia
1469 477 1620 546 juxta
1643 479 1779 548 Apo-
1810 485 1856 540 Α
1885 476 2112 531 demtum
2143 486 2223 532 est
2274 477 2560 548 discipulos
2589 494 2706 550 ejus
2755 481 2975 534 fecisse:
3005 482 3133 534 Erat
3161 483 3300 536 enim
3345 482 3436 534 do-

222 579 352 634 stoli
378 577 730 633 sententiam:
763 572 882 625 Non
910 572 1172 625 auditores
1197 572 1322 641 legis
1351 571 1402 622 in
1432 570 1522 622 illa
1547 571 1628 622 die
1647 570 1779 637 justi

223 665 542 736 erunt'apud
569 665 866 728 Dominum,
898 660 986 716 sed
1017 661 1235 730 factores
1262 659 1384 728 legis
1418 659 1783 727 justiﬁcabun-

225 765 315 808 tur
337 755 507 827 (Hom.
539 752 620 826 tl).

301 845 366 898 Et
392 845 586 912 factum
619 853 692 898 est
717 859 831 896 cum
856 851 1254 895 consummasset
1295 837 1444 892 Jesus
1472 838 1623 890 verba
1651 837 1782 899 lucc,

226 924 626 988 admirabantur
647 933 809 986 turbte
833 947 985 1000 super
1013 930 1300 983 doctrinam
1328 929 1461 998 ejus.
1507 927 1637 980 Erat
1688 944 1783 980 au-

227 1033 329 1076 tem
355 1025 538 1076 docens
563 1039 646 1076 eos
671 1023 799 1075 sicut
820 1028 1114 1090 potestatem
1143 1020 1350 1083 habens,
1371 1035 1474 1072 non
1497 1021 1629 1072 sicut
1655 1019 1782 1070 scri-

227 1113 308 1167 ba:
337 1129 511 1166 eorum
537 1122 585 1166 et
620 1110 891 1166 Pltaristei.
912 1110 1197 1181 (M.\URUS.)
1240 1110 1639 1165 Consummatio
1669 1110 1781 1162 haec

228 1202 295 1254 ad
326 1200 701 1270 perfectionem
731 1203 1015 1256 verborum
1043 1207 1098 1252 et
1126 1196 1484 1268 integritatem
1521 1197 1783 1266 dogmatis

225 1293 481 1360 pertinet,
505 1293 682 1362 quoin
709 1299 886 1346 monte
914 1289 1199 1358 discipulos
1251 1288 1428 1343 docuit
1477 1298 1531 1342 et
1577 1288 1777 1342 turbas.

228 1385 384 1450 Quod
409 1394 586 1438 autem
611 1386 792 1439 turbas
819 1384 1012 1438 dicitur
1056 1381 1311 1436 admirari
1338 1395 1497 1450 super
1547 1379 1788 1433 doctrina

229 1475 551 1538 Salvatoris,
578 1483 669 1528 aut
696 1474 933 1529 inﬁdeles
954 1474 1158 1543 aliquos
1185 1470 1469 1540 signiﬁcat,
1495 1470 1584 1539 qui
1605 1469 1672 1523 ob
1688 1471 1787 1524 hoc

227 1566 536 1633 stupebant,
568 1563 691 1632 quia
719 1580 821 1618 non
853 1564 1142 1618 credebant
1165 1561 1339 1615 verbis
1367 1559 1788 1622 Salvatoris,aut

227 1655 395 1707 etiam
418 1669 602 1708 omnes
626 1655 947 1724 generaliter
971 1653 1322 1715 demonstrat,
1379 1651 1466 1718 qui
1519 1647 1789 1704 excellen-

1882 585 1994 620 ceus
2022 585 2103 621 eos
2126 579 2178 621 ut
2199 579 2496 637 potestatem
2509 571 2723 632 habens,
2748 587 2848 624 non
2875 579 2929 622 ut
2956 568 3173 624 Scribat.
3207 570 3437 626 lllienim

1883 675 1943 711 ea
1965 659 2223 713 docebant
2257 661 2308 711 in
2334 662 2521 728 populo
2544 678 2661 730 quae
2683 663 2879 729 scripta
2902 671 3022 715 sunt
3043 662 3093 715 in
3118 660 3297 733 Moyse
3314 672 3368 716 et
3389 679 3440 716 tn

1884 749 2182 817 prophetis;
2220 748 2372 802 .lcsus
2402 765 2529 803 vero
2558 751 2708 818 quasi
2730 748 2888 814 Deus,
2914 758 2967 802 et
2992 749 3250 820 Dominus
3280 751 3444 819 ipsius

1888 836 2102 906 Moysis,
2131 853 2225 904 pro
2271 837 2512 891 libertate
2546 838 2831 891 voluntatis
2861 852 2968 891 suae
2995 837 3079 892 vel
3115 853 3177 892 ea
3206 853 3322 908 quae
3348 838 3447 893 mi-~

1889 927 2324 981 uus‘videbantur
2346 928 2396 980 in
2422 927 2553 997 lege,
2588 929 2814 981 addebat
2841 928 2925 982 vel
2954 938 3288 982 commutans
3313 943 3446 997 pne-

1888 1015 2099 1068 dicabat
2129 1017 2178 1068 in
2215 1016 2425 1084 populo.
2453 1015 2525 1069 ‘Ut
2548 1031 2706 1084 supra
2733 1007 2942 1085 qucque
2964 1016 3188 1085 legimus
3213 1037 3226 1071 ;
3254 1017 3445 1070 Audis-

1886 1106 1950 1156 tis
1979 1106 2097 1172 quia
2129 1105 2317 1156 dictum
2350 1116 2421 1157 est
2463 1108 2689 1175 antiquis
2717 1123 2733 1160 :
2758 1123 2848 1176 ego
2900 1117 3071 1160 autem
3101 1109 3238 1161 .dico
3284 1109 3442 1161 vobis.

1889 1193 1993 1247 Sed
2020 1195 2141 1262 quia
2173 1197 2463 1248 secundum
2484 1196 2626 1250 hunc
2649 1197 2843 1250 librum
2887 1196 3237 1266 expositionis
3277 1198 3448 1250 sancti

1887 1282 2358 1352 Evangelii,quem
2411 1284 2478 1337 ab
2533 1286 2751 1338 exordio
2794 1288 3190 1354 praedicationis
3237 1287 3448 1343 Domini

1886 1376 2054 1429 nostri
2076 1373 2200 1429 Jesu
2231 1375 2430 1430 Christi
2455 1376 2858 1445 incipiebamus,
2879 1393 3048 1446 usque
3076 1379 3130 1432 in
3147 1369 3308 1432 ﬁnem
3339 1393 3452 1434 ser,

1887 1465 2060 1518 monis
2083 1478 2241 1533 quem
2287 1465 2426 1520 idem
2468 1465 2713 1519 Salvator
2734 1465 2786 1518 in
2821 1475 3001 1521 monte
3026 1481 3146 1520 cum
3178 1467 3451 1535 discipulis

1888 1552 1998 1610 suis
2051 1556 2256 1620 habuit,
2304 1556 2673 1633 perduximus,
2704 1556 2772 1608 ibi
2822 1554 2978 1610 ﬁnem
3027 1555 3229 1611 habere
3271 1568 3449 1611 cense-

1888 1663 2024 1702 mus.
2051 1645 2169 1700 Jam
2194 1647 2389 1700 exhinc
2423 1647 2637 1701 tertium
2665 1647 2730 1701 de
2770 1647 3036 1716 principio
3071 1646 3450 1702 miraculorum

231 1742 363 1795 tiam
395 1751 554 1797 tanta:
586 1743 860 1812 sapientia:
892 1744 942 1795 in
967 1757 1029 1796 eo
1051 1741 1465 1801 venerabantur,
1506 1737 1642 1791 sicut
1682 1750 1795 1790 cre-
1824 1730 1870 1788 B
1898 1734 2011 1803 ejus
2038 1735 2367 1790 inchoantes.

227 1885 1984 1911 Μ

1451 1984 1745 2063 LIBER
1818 1978 2290 2057 TERTIUS.

1677 2127 2022 2146 ——-————-

810 2205 1034 2262 CAPUT
1082 2203 1211 2260 Vlll.

229 2322 485 2376 Absoluta
519 2334 752 2374 sermone
780 2319 833 2371 in
861 2326 1032 2370 monte
1053 2315 1335 2370 mund‘atur
1358 2315 1610 2385 leprosus,
1639 2332 1796 2370 sana-

307 2423 395 2466 tur
417 2410 754 2481 paralgticus,
773 2418 819 2461 et
834 2422 1012 2462 socrus
1040 2405 1213 2459 Petri:
1235 2405 1446 2475 quidam
1459 2406 1602 2475 sequi
1624 2406 1794 2460 volunt

309 2503 610 2564 Dominum,
634 2501 724 2569 qui
765 2501 1012 2568 navigans
1043 2496 1566 2566 tempestatem'eedat
1611 2504 1657 2549 et
1693 2496 1796 2549 die;

305 2594 481 2652 mones
508 2589 713 2660 expellit

311 2703 415 2776 [1.]
436 2701 629 2756 Finitis
655 2701 992 2756 sermonibus
1017 2699 1210 2770 quibus
1239 2697 1484 2754 Salvator
1509 2697 1797 2768 discipulos

233 2795 296 2850 in
331 2801 511 2848 monte
533 2792 733 2856 docuit,
757 2791 1096 2862 prosequitur
1117 2786 1397 2845 Matthteus
1420 2798 1474 2844 et
1496 2789 1652 2844 dicit:
1755 2820 1766 2831 ο

313 2883 445 2939 Cum
483 2892 655 2938 autem
677 2883 1022 2937 descendisset
1045 2881 1110 2935 de
1135 2867 1322 2946 monte,
1341 2890 1528 2935 secutte
1542 2889 1659 2935 sunt
1680 2897 1797 2934 eum

234 2979 405 3033 turbt:
431 2975 626 3031 multm.
658 2975 725 3028 Et
765 2991 880 3029 ecce
916 2973 1146 3046 leprosus
1175 2973 1378 3027 veniens
1404 2972 1654 3026 adorabat
1683 2988 1800 3026 eum

235 3071 418 3124 dicens
441 3082 458 3121 :
487 3068 728 3134 Domine,
741 3068 786 3122 si
809 3067 899 3130 vis,
914 3075 1055 3140 potes
1069 3081 1152 3146 me
1166 3058 1435 3119 mundare.
1452 3062 1634 3136 (Δίῳ.)
1653 3061 1800 3117 Istud
1826 3057 1870 3120 C

240 3160 561 3217 miraculum
582 3166 759 3229 potest
789 3149 1013 3229 intelligi
1043 3163 1162 3228 post
1185 3165 1471 3227 utrumque
1500 3170 1803 3211 sermonem

237 3249 456 3307 Domini
501 3247 702 3302 factum
748 3247 930 3312 fuisse,
980 3262 1085 3302 non
1114 3246 1284 3302 solum
1317 3260 1473 3316 quem
1503 3239 1836 3310 Mattb'aeus,
1886 3279 1894 3288 -

237 3353 432 3395 verum
461 3339 624 3393 etiam
652 3353 809 3408 quem
839 3339 1014 3393 Lucas
1041 3337 1350 3408 interponit.
1378 3336 1529 3392 Licet
1556 3337 1805 3393 alio’loco

240 3429 423 3488 Lucas
476 3429 794 3499 Marcusque
839 3428 970 3496 illud
1019 3430 1583 3505 commemoraverint:
1634 3440 1806 3497 neque

240 3525 390 3580 enim
417 3531 640 3594 apparet
663 3530 784 3592 post
809 3516 1216 3577 descensionem
1243 3521 1310 3576 de
1339 3531 1522 3578 monte
1545 3530 1804 3592 quantum

241 3615 505 3686 temporis
529 3614 691 3669 fuerit
719 3614 1114 3682 interpositum.
1284 3601 1387 3696 hoc
1427 3613 1598 3669 solum
1639 3611 1807 3667 voluit

242 3706 555 3779 signiﬁcare
603 3706 901 3773 Mattheus,
924 3713 1047 3777 post
1069 3705 1212 3760 illam
1239 3694 1642 3765 descensionem
1670 3705 1808 3760 mul-

241 3807 335 3853 tas
389 3797 576 3852 turbas
613 3795 779 3852 fuisse
823 3811 944 3852 cum
993 3795 1239 3862 Domino,
1275 3794 1491 3866 quando
1535 3794 1806 3864 leprosum

242 3889 545 3948 mundavit.
580 3887 687 3944 Sed
708 3903 809 3944 nec
832 3887 1028 3953 Lucas,
1063 3901 1186 3942 cum
1221 3887 1335 3956 ipse
1362 3886 1506 3942 dicat
1527 3883 1670 3954 quod
1691 3899 1807 3938 cum

167 3989 170 3992 ’
243 3978 507 4050 implesset
536 3979 710 4034 omnia
748 3979 900 4033 verba
927 3995 1025 4033 sua
1051 3979 1106 4032 in
1127 3977 1354 4032 'auribus
1372 3976 1554 4048 plebis,
1578 3975 1808 4031 intrasse

245 4069 524 4128 Christum
546 4069 597 4124 in
627 4067 1020 4140 Capharuaum,
1070 4069 1335 4139 expressit
1377 4075 1500 4138 post
1549 4074 1812 4137 quantum

246 4159 510 4230 temporis
538 4159 898 4223 intervallum,
921 4173 1044 4213 cum
1071 4155 1203 4213 istos
1230 4165 1504 4212 sermones
1535 4155 1810 4211 terminasr
1847 4153 1853 4156 ’

247 4255 366 4313 set,
381 4248 667 4304 intraverit
692 4246 1087 4317 Capharnaum.
1132 4245 1251 4317 Ipso
1302 4243 1812 4316 quippe'intervallo

249 4336 519 4407 leprosos,
546 4336 636 4390 ille
660 4337 947 4390 mundatus
967 4342 1072 4401 est,
1087 4349 1247 4404 quem
1269 4334 1384 4391 lace
1415 4348 1511 4395 suo
1528 4331 1812 4388 Matthazus

248 4396 606 4498 interposuit;
645 4427 746 4481 iste
776 4436 953 4484 autem
987 4396 1121 4481 alibi
1148 4414 1460 4481 recordatus
1500 4432 1601 4480 est.
1645 4423 1812 4494 Igitur
1837 4396 1889 4455 Ῑ)

252 4519 534 4576 descensio
562 4519 771 4601 Domini
804 4518 870 4575 de
899 4525 1080 4574 monte
1112 4519 1536 4573 incarnationem
1589 4515 1703 4586 ejus
1742 4518 1826 4572 si-

252 4608 495 4680 gniﬁcat;
531 4625 637 4678 qua
657 4601 983 4679 schetipsum
1009 4608 1288 4662 exinanivit
1311 4607 1535 4677 formam
1574 4609 1708 4662 servi
1729 4624 1819 4660 ac-

251 4697 450 4768 sipiens
476 4695 694 4769 (Philip.
727 4705 808 4770 ιι).
847 4695 1060 4768 [Beda.]
1099 4696 1166 4750 Et
1208 4703 1331 4766 post
1352 4697 1678 4752 bmcseruta:
1698 4705 1815 4751 sunt

256 4805 378 4843 eum
411 4788 577 4842 turbae
613 4781 809 4842 multae.
845 4787 979 4855 Quia
1005 4795 1289 4858 postquam
1327 4784 1562 4841 Verbum
1587 4801 1715 4840 caro
1746 4785 1818 4840 fa-

255 4885 407 4932 ctum
441 4885 523 4932 est
551 4885 604 4931 et
632 4877 894 4945 habitavit
924 4877 977 4930 in
1008 4875 1182 4940 nobis,
1224 4875 1314 4945 qui
1337 4883 1492 4930 antea
1536 4883 1739 4929 tantum
1763 4861 1834 4928 in.

255 4965 455 5020 Iudam
481 4974 632 5038 notus
658 4973 794 5029 erat,
819 4972 875 5020 et
901 4965 955 5020 in
978 4981 1083 5019 uno
1109 4963 1304 5036 populo
1328 4980 1520 5020 nomen
1551 4965 1691 5019 illius
1714 4981 1824 5018 ma-

258 5072 426 5131 gnum
464 5058 778 5135 habebatur,
809 5065 930 5127 post
957 5057 1073 5111 hate
1101 5057 1431 5112 admirabilis
1463 5056 1635 5112 iactus
1656 5065 1737 5112 est
1764 5057 1820 5111 in

259 5147 515 5204 universa
533 5159 694 5201 term.
712 5145 906 5218 (Orig)
923 5146 1003 5200 Ad
1025 5147 1260 5202 litteram
1284 5163 1496 5217 quoque
1521 5149 1678 5202 turba
1702 5163 1820 5218 qum

258 5252 387 5292 eum
413 5240 755 5306 sequebatur,
782 5236 1038 5305 aliquanti
1089 5244 1319 5305 propter“
1346 5237 1687 5303 charitatem,
1727 5237 1825 5292 ali-

260 5327 450 5399 quanti
471 5333 686 5396 propter
707 5325 1023 5391 doctrinam,
1039 5325 1857 5394 aliquantiprcpteradmiratio-

262 5431 391 5474 nem
409 5421 463 5470 et
479 5415 830 5469 curationem.
851 5414 870 5485 (
877 5414 1048 5487 Hier.)
1077 5417 1151 5470 De
1171 5424 1351 5470 monte
1368 5415 1582 5490 quidem
1597 5415 1830 5472 Domino

263 5503 1233 5563 descendenteoccurrerunteiturbae
1259 5519 1376 5572 quae
1412 5505 1479 5559 ad
1512 5505 1702 5567 altiora
1742 5521 1826 5562 as-

263 5593 503 5650 cendere
524 5609 629 5648 non
665 5593 965 5647 valuerunt.
990 5595 1056 5648 Et
1084 5595 1289 5662 primus
1310 5594 1358 5648 ei
1387 5596 1624 5682 occurrit
1651 5593 1825 5665 lepro-

268 5700 391 5740 sus:
411 5684 638 5740 necdum
665 5684 806 5738 enim
828 5695 1168 5754 poteratcutn
1194 5686 1333 5754 lepra
1360 5695 1462 5740 tam
1481 5687 1825 5756 multiplicem

1900 2197 1953 2250 in
1970 2200 2148 2250 monte
2172 2190 2464 2246 Salvatoris
2479 2191 2662 2245 audire
2675 2204 2996 2247 sermonem.
3012 2191 3182 2249 Recte
3193 2193 3454 2266 ergo'post

1901 2283 2353 2354 praedicationem,
2383 2289 2543 2350 atque
2568 2280 2864 2335 doctrinam
2891 2282 3028 2353 signi
3058 2283 3279 2339 oll‘ertur
3307 2301 3460 2341 occa-

1900 2375 1981 2430 sio
2010 2380 2069 2428 ut
2089 2387 2184 2443 per
2209 2371 2461 2425 virtutem
2509 2378 2671 2438 atque
2699 2371 2955 2426 miracula
2980 2373 3285 2441 praeteritus
3312 2375 3452 2443 apud

1902 2466 2179 2519 audientes
2206 2477 2381 2516 sermo
2396 2461 2844 2533 ﬁrmetur.(Aug.)
2875 2461 3096 2532 Mystice
3110 2473 3310 2530 autem,
3326 2464 3460 2520 bene

1902 2556 1993 2610 ubi
2013 2554 2254 2624 leprosos
2281 2552 2592 2617 mandatur,
2618 2560 2798 2607 certus
2829 2566 2933 2605 non
2964 2552 3458 2622 exprimitur’locus,

1901 2655 1962 2704 ut
1986 2644 2300 2700 ostendatur
2327 2657 2431 2697 non
2458 2657 2620 2696 unum
2651 2642 2904 2711 populum
2947 2643 3193 2712 specialis
3243 2645 3461 2714 alicujus

1895 2735 2152 2801 civitatis,
2183 2734 2278 2789 sed
2297 2734 2536 2787 omnium
2570 2734 2796 2802 pepulos
2815 2733 2978 2789 fuisse
3001 2744 3238 2792 sanatos.
3256 2737 3463 2809 Et’quia

1901 2824 2158 2880 Dominus
2188 2823 2291 2876 ait:
2324 2821 2446 2876 Non
2475 2822 2588 2876 ueni
2617 2821 2811 2876 solvere
2831 2821 2990 2892 legem
3035 2825 3125 2879 sed
3158 2826 3462 2895 adimplere,

1902 2914 1989 2970 ille
2003 2915 2093 2984 qui
2113 2908 2500 2968 excludebatur'
2515 2927 2545 2966 a
2567 2912 2698 2982 lege,
2733 2915 2952 2983 purgari
2986 2929 3042 2969 se
3073 2916 3282 2971 Domini
3313 2925 3457 2987 pote-

1901 3011 2040 3060 state
2059 3019 2411 3074 prtesumens,
2440 3018 2545 3058 non
2566 3015 2631 3056 ex
2657 3003 2772 3073 lege
2801 3003 2896 3058 sed
2935 3019 3102 3074 supra
3136 3005 3307 3077 legem
3339 3021 3461 3062 esse

1905 3095 2134 3166 gratiam
2196 3092 2503 3162 judicabat,
2551 3107 2670 3162 quae
2713 3092 2908 3163 leprosi
2962 3094 3224 3150 maculam
3286 3104 3469 3165 posset

1906 3185 2140 3241 abluere.
2165 3183 2361 3239 Verum
2383 3192 2443 3238 ut
2473 3185 2526 3237 in
2555 3183 2779 3240 Domino
2810 3187 3095 3254 potestatis
3145 3188 3461 3253 auctoritas,

1906 3279 1982 3333 ita
2010 3278 2064 3331 in
2095 3277 2186 3331 illo
2208 3275 2328 3330 ﬁdei
2360 3276 2661 3332 constantia
2703 3265 3023 3333 declaratur.
3050 3275 3143 3331 llle
3168 3278 3223 3330 in
3253 3277 3461 3346 faciem,

1904 3379 1970 3427 ut
2018 3370 2153 3425 alius
2193 3369 2520 3440 evangelista
2542 3375 2789 3434 testatur,
2805 3369 3048 3439 procidit.
3076 3367 3229 3436 Quod
3256 3369 3470 3424 humili-

1907 3463 2035 3518 tatis
2054 3471 2138 3518 est
2154 3471 2209 3517 et
2237 3461 2562 3531 pud’oria,ut
2585 3460 2956 3529 unusquisque
2976 3459 3044 3515 de
3073 3474 3183 3514 sum
3205 3460 3330 3514 vitae
3351 3475 3467 3523 ma-

1906 3554 2042 3609 culis
2063 3555 2373 3619 erubescat,
2416 3552 2509 3619 sed
2543 3550 2939 3608 confessionem
2994 3550 3317 3606 verecundia
3360 3538 3485 3606 non'

1908 3642 2246 3713 represserit.
2265 3643 2512 3698 Ostendit
2523 3641 2736 3706 vulnus,
2752 3640 3062 3696 remedium
3077 3638 3382 3708 postulavit.
3403 3637 3469 3693 Et

1909 3734 2036 3804 ipsa
2055 3732 2327 3802 religionis
2340 3738 2401 3786 et
2426 3729 2548 3786 ﬁdei
2571 3730 2728 3801 plena
2753 3729 3021 3785 confessio
3050 3736 3153 3795 est,
3186 3728 3248 3785 Si
3275 3729 3374 3794 vis,
3392 3731 3472 3786 in-

1857 3857 1861 3860 -
1910 3823 2050 3892 quit,
2072 3831 2214 3892 potes
2235 3838 2316 3876 me
2343 3821 2615 3875 mundare.
2641 3820 2701 3874 in
2722 3818 3002 3876 Voluntate
3021 3819 3234 3874 Domini
3259 3817 3448 3874 tribuit

1909 3911 1987 3968 De
2009 3911 2284 3966 voluntate
2295 3917 2474 3965 autem
2496 3908 2707 3964 Domini
2737 3923 2842 3963 non
2865 3907 3020 3977 quasi
3049 3907 3269 3978 pietatis
3294 3906 3473 3962 incre—

1910 3994 2067 4057 dulus
2095 4001 2376 4066 dubitavit,
2409 4000 2502 4056 sed
2541 4000 2698 4070 quasi
2723 3998 3042 4055 colluvionis
3087 4013 3196 4053 sua:
3225 3997 3472 4052 conscius

1910 4108 2025 4162 non
2044 4091 2405 4162 praesumpsit.
2938 4159 2948 4162 Α
2990 4159 3001 4162 _
3288 4157 3318 4162 __
3511 4138 3522 4144 η

1982 4157 2062 4215 Εἰ
2095 4157 2382 4214 extendens
2411 4175 2621 4214 manum
2665 4165 2833 4222 Jesus,
2859 4159 3024 4229 tetigit
3063 4157 3472 4224 illum,’dicens:

1921 4249 2070 4315 Volo,
2088 4251 2359 4304 mundare.
2387 4248 2610 4321 (Μιυιι.)
2637 4248 3200 4305 Extenditcurationis
3232 4262 3471 4313 manum,

1914 4342 2042 4412 quia
2066 4339 2448 4395 misericordiae
2469 4353 2579 4402 suae
2613 4339 2682 4394 ad
2711 4339 3085 4394 medicandum
3123 4338 3478 4408 protendebat

1918 4429 2186 4486 aﬂ'ectum.
2212 4429 2409 4498 Tetigit
2436 4437 2718 4498 aegrotum,
2747 4427 2875 4496 quia
2899 4428 2952 4482 in
2982 4434 3250 4499 potestate
3268 4442 3363 4481 sua
3386 4427 3478 4482 ha-

1917 4526 2033 4580 buit
2074 4523 2321 4579 sanitatis
2373 4521 2641 4577 eﬂ’ectum.
2698 4519 2875 4575 Dixit:
2945 4518 3091 4586 Volo,
3119 4519 3390 4574 mundare.
3417 4519 3476 4574 In

1925 4613 2054 4668 Volo
2076 4613 2290 4682 pietatis
2317 4625 2426 4666 sua:
2453 4610 2694 4666 ostendit
2729 4608 3097 4674 clementiam;
3137 4607 3192 4663 in
3223 4607 3478 4662 mundare

1917 4703 2214 4774 majestatis
2243 4717 2350 4756 suat
2379 4701 2780 4756 demonstrabat
2812 4698 3130 4767 potentiam.
3185 4696 3323 4762 Quia
3371 4698 3480 4767 ipse

1917 4793 2072 4857 dixit,
2105 4801 2154 4846 et
2201 4791 2340 4860 facta
2379 4799 2518 4856 sunt,
2546 4790 2652 4859 ipse
2686 4787 2975 4853 mandavit,
3007 4797 3055 4842 et
3073 4795 3267 4842 cuncta
3299 4795 3478 4840 creata

1919 4891 2060 4938 sunt.
2081 4880 2350 4952 (Hieron.)
2367 4879 2482 4934 Non
2511 4894 2661 4950 ergo,
2692 4885 2752 4932 ut
2779 4875 3022 4946 plerique
3045 4874 3358 4929 Latinorum
3381 4870 3478 4944 pu-

1921 4984 2053 5038 tant,
2081 4973 2407 5045 jungendum
2430 4983 2512 5028 est
2535 4981 2590 5028 et
2609 4972 2905 5042 legendum,
2942 4968 3071 5024 Volo
3100 4969 3480 5035 mundare,sed

1921 5063 2230 5134 separatim,
2251 5069 2311 5115 ut
2333 5061 2506 5130 primo
2531 5061 2673 5116 dicat
2700 5059 2850 5126 Volo,
2874 5059 3064 5114 deinde
3088 5059 3313 5130 imperet
3335 5075 3483 5113 mun-

1923 5153 2068 5206 dare.
2097 5150 2281 5222 (Aug.)
2316 5149 2444 5204 Volo
2472 5149 2616 5204 enim
2646 5148 2776 5204 dicit
2802 5155 3022 5219 propter
3042 5145 3482 5212 Photinum;im-

1922 5250 2087 5310 perat,
2133 5249 2352 5310 propter
2386 5239 2606 5304 Arium;
2654 5239 2836 5308 tangit,
2861 5247 3082 5309 propter
3107 5235 3494 5292 Manicbaaum.

1923 5332 2084 5388 Etch
2114 5333 2326 5401 quidem
2356 5332 2498 5401 tangi
2530 5330 2770 5400 leprosos
2796 5331 3060 5400 prohibet.
3085 5325 3193 5383 sed
3245 5328 3338 5399 qui
3383 5328 3486 5385 Do-

1928 5421 2106 5476 minus
2131 5421 2263 5491 legis
2281 5431 2384 5484 est,
2420 5435 2523 5475 non
2545 5418 2992 5489 obsequiturlcgi,
3015 5417 3111 5474 sed
3134 5417 3305 5489 legem
3334 5417 3481 5474 facit.

1927 5509 2042 5563 Non
2076 5525 2203 5579 ergo
2228 5508 2345 5564 ideo
2371 5508 2542 5579 tetigit
2574 5509 2698 5577 quia
2739 5508 2853 5562 sine
2901 5514 3047 5562 tactu
3091 5507 3355 5563 inundare
3378 5522 3483 5562 non

1928 5608 2158 5669 poterat,
2191 5594 2282 5652 sed
2313 5607 2370 5650 ut
2391 5599 2641 5667 probaret
2663 5599 2787 5667 quia
2831 5595 3103 5666 subjectus
3132 5614 3236 5654 non
3265 5606 3383 5652 erat
3411 5597 3482 5653 le-

1930 5690 1978 5760 gi
2011 5710 2020 5741 2
2056 5705 2151 5743 nec
2181 5680 2480 5757 (‘onlugium
2506 5688 2720 5742 timebat
2746 5697 2800 5742 ut
2825 5687 3192 5752 bomincs,scd
3211 5685 3330 5753 quia
3355 5698 3482 5743 con-
