3938 6308
508 275 613 334 855

1151 274 1211 329 B.
1256 275 1522 341 MBAN"
1546 272 1761 329 MAUBi
1798 266 2116 324 ARCIIIEP.
2159 263 2463 327 MOGUNT.
2506 267 2805 325 OPERUM‘
2836 268 3015 326 PARS
3050 270 3094 327 Ι.

3673 268 3774 324 858

507 398 761 454 taminari
799 407 905 446 non
936 399 1168 462 poterat,
1200 390 1435 460 quialios
1455 387 1734 450 liberabat,
1761 385 1908 455 lepra
1931 390 2075 438 tactu
2103 383 2156 443 Α
2183 395 2346 434 manu
2375 375 2696 448 Salvatoris,
2724 384 2774 437 id
2805 393 2906 449 est,
2934 385 3330 463 incarnato‘Dei
3364 389 3555 450 Verbo,
3583 390 3774 443 buma~

508 490 720 546 Domini
748 489 1047 559 fugaretur,
1081 499 1199 554 quae
1232 482 1437 536 solebat
1461 479 1832 534 contaminare
1862 484 2080 546 tangen-

508 593 640 640 tem.
669 580 867 653 (θήρ.)
892 578 1089 646 Tetigit
1115 583 1172 629 ut
1192 572 1548 627 humilitatem
1573 570 1990 633 demonstraret,
2019 575 2080 622 ut

508 692 608 732 nos
642 676 859 730 doceret
881 670 1081 726 nullum
1103 680 1378 736 spernere,
1397 662 1600 718 nullum
1615 663 1860 726 horrere,
1877 659 2080 713 nullum

509 762 964 834 contemptibilem
995 759 1210 820 ducere,
1243 754 1466 829 propter
1513 752 1756 821 corporis
1783 750 2079 814 lzesionem,

509 867 604 912 aut
635 853 1069 916 maculationem,
1101 863 1221 920 quae
1242 863 1272 901 a
1300 847 1409 902 Deo
1437 840 1803 900 immittuntur
1835 855 1933 910 pro
1955 854 2079 909 qua,

510 949 624 1020 ipse
668 948 788 1011 scit,
818 944 1048 1000 ratione.
1083 939 1362 1009 Simulque
1389 936 1516 992 illud
1547 934 1800 990 mirabile
1836 932 1980 1003 quod
2021 945 2086 984 eo

467 1030 481 1040 ’
508 1040 716 1096 sanavit
737 1050 935 1108 genere
957 1047 1065 1104 quo
1093 1031 1268 1086 fuerat
1292 1029 1626 1084 obsecratus.
1655 1022 1713 1079 Si
1742 1023 1837 1088 vis,
1870 1023 1964 1085 ait,
1989 1036 2085 1089 po-

508 1145 580 1190 tes
599 1149 678 1189 me
702 1132 976 1184 munaare.
1010 1123 1166 1191 Volo,
1193 1115 1384 1192 inquit,
1418 1118 1691 1173 mundare.

577 1243 643 1296 Et
671 1240 943 1310 confestim
986 1237 1240 1292 mundata
1285 1244 1359 1288 est
1391 1233 1534 1304 lepra
1554 1232 1692 1301 ejus.
1725 1227 1916 1301 (Aug.),
1945 1225 2090 1280 Nihil

507 1335 737 1389 medium
761 1341 844 1387 est
864 1333 1004 1385 inter
1025 1343 1161 1398 opus
1189 1327 1283 1381 Dei
1313 1333 1473 1395 atque
1495 1327 1846 1392 praeceptum,
1873 1318 2000 1386 quia
2037 1316 2091 1368 in

507 1431 773 1496 praecepto
794 1431 878 1478 est
897 1436 1052 1495 opus.
1077 1418 1318 1486 Denique
1359 1415 1489 1468 dixit
1511 1423 1559 1466 et
1588 1411 1729 1481 facta
1758 1418 1880 1468 sunt
1916 1404 2088 1478 (Psal.

506 1514 750 1584 chvul).
780 1512 942 1567 Vides
969 1512 1136 1584 igitur
1161 1507 1304 1582 quod
1330 1504 1567 1563 dubitari
1602 1518 1708 1556 non
1735 1507 1941 1571 potest,
1964 1497 2092 1567 quia

505 1608 752 1662 voluntas
772 1604 868 1659 Dei
891 1610 1128 1674 potestas
1151 1610 1255 1655 est.
1292 1598 1395 1665 Qui
1418 1597 1575 1652 unius
1605 1593 1898 1671 voluntatis
1941 1605 2093 1650 asse-

512 1706 650 1761 runt,
684 1697 842 1750 unius
868 1696 1052 1762 utique
1093 1698 1342 1746 asserunt
1360 1686 1664 1758 potestatis.
1714 1685 1897 1754 itaque
1923 1681 2092 1752 quasi

511 1791 714 1845 habens
725 1797 1069 1859 potestatem,
1089 1795 1143 1841 et
1163 1785 1392 1855 jubendi‘
1413 1766 1816 1845 auctoritatem,
1838 1775 2096 1848 operandi

510 1883 876 1938 testimonium
901 1896 1006 1935 non
1035 1878 1252 1947 refugit.
1284 1876 1437 1943 Quod
1460 1882 1641 1929 autem
1669 1870 2002 1930 descendens
2031 1868 2099 1924 de

507 1981 687 2028 monte
716 1980 1065 2042 posteaquam
1088 1975 1355 2038 praecepta
1381 1966 1490 2020 illic
1526 1961 1802 2032 discipulis
1831 1970 1886 2014 et
1911 1953 2096 2013 multi-

511 2067 679 2126 tudini
731 2063 924 2141 dedit,
965 2061 1238 2136 leprosum
1288 2058 1470 2116 statim
1532 2054 1831 2110 extendens
1877 2064 2098 2106 manum

507 2177 659 2217 suam
689 2155 1156 2227 curat,_signilicat
1182 2167 1279 2207 eos
1298 2152 1388 2220 qui
1419 2151 1486 2208 de
1507 2149 1612 2203 illis
1641 2145 1924 2216 implendis
1947 2141 2100 2198 dubi-

509 2262 627 2308 tant
659 2266 756 2308 suo
784 2249 985 2307 auxilio
1017 2247 1082 2302 ab
1107 2243 1476 2316 hujuscemodi
1505 2242 1765 2296 varietate
1793 2234 2061 2315 mundari.

580 2365 644 2422 Et
669 2364 741 2418 ait
774 2361 851 2416 illi
871 2359 1028 2416 Iesus
1047 2377 1065 2414 :
1098 2357 1226 2412 Vide
1249 2356 1442 2410 nemini
1483 2353 1701 2408 dixeris.
1727 2347 2000 2421 (Hieron.)
2026 2346 2094 2399 Et

515 2460 702 2513 revera
732 2454 861 2521 quid
891 2459 1010 2505 erat
1040 2461 1264 2504 necesse
1295 2455 1355 2501 ut
1392 2458 1644 2500 sermone
1685 2441 1918 2510 jactaret
1952 2435 2095 2507 quod

510 2562 739 2618 corpore
758 2541 1117 2614 praeferebat?
1133 2539 1312 2607 Quare
1336 2536 1648 2606 praecipitur
1669 2531 1873 2588 nemini
1891 2529 2094 2589 dicere,

509 2639 695 2696 nisiut
726 2636 940 2690 doceret
972 2646 1080 2689 non
1127 2628 1394 2698 vulganda
1438 2633 1626 2681 nostra
1676 2620 1957 2684 beneficia,
2002 2620 2096 2673 sed

507 2726 819 2799 premenda,
852 2731 912 2776 ut
931 2737 1038 2776 non
1063 2719 1236 2775 solum
1265 2733 1295 2772 a
1318 2717 1565 2771 mercede
1593 2713 1964 2767 abstineamus
2001 2721 2096 2778 pe-

507 2819 702 2883 cuniae,
720 2815 814 2871 sed
838 2814 1003 2869 etiam
1031 2810 1244 2882 gratiae.

582 2929 686 2985 Sed
713 2928 862 2992 vade,
889 2924 1097 2980 ostende
1133 2933 1192 2976 te-
1210 2922 1492 2986 sacerdoti,
1518 2929 1564 2974 et
1586 2910 1928 2988 o/fer‘munus
1953 2912 2097 2984 quod

507 3020 748 3091 praecepit
773 3017 978 3086 Moyses
1007 3016 1063 3069 in
1093 3013 1444 3070 testimonium
1484 3009 1612 3064 illis.
1645 3004 1914 3079 (Hieron.)
1958 3004 2092 3059 Tres

2182 487 2423 545 namque
2467 477 2812 546 contingente
2841 485 3111 544 naturam,
3133 479 3201 533 ab
3229 481 3433 534 erroris
3464 481 3630 550 prisci
3666 496 3752 533 va-

2183 565 2377 621 rietate
2392 567 2740 632 mundentur,
2765 567 3081 636 possintque
3110 583 3231 622 cum
3255 570 3514 637 apostolis
3538 569 3724 624 audire
3751 588 3778 629 ι

2182 657 2306 711 Iam
2334 674 2421 712 vos
2445 657 2629 712 mundi
2657 658 2800 724 estis,
2829 666 3039 728 propter
3073 674 3362 712 sermonem
3391 677 3542 730 quem
3568 662 3769 714 locutus

2184 766 2302 804 sum
2325 750 2470 805 vobis
2495 749 2675 822 (Joan.
2706 751 2850 822 xm),
2885 759 2941 806 et
2969 751 3060 820 qui
3084 751 3286 806 diutius
3325 752 3718 808 abominabiles
3739 768 3766 806 a

2187 841 2384 910 pepulo
2403 839 2497 894 Dei
2517 849 2674 894 erant
2706 842 2899 896 castris
2926 841 3141 907 secreti,
3167 840 3282 910 jam
3316 841 3607 911 aliquando
3639 853 3768 896 tem-

2188 931 2275 1001 plo
2301 931 2522 986 reddiet
2551 932 2819 988 sacerdoti
2846 942 3045 1003 queant
3094 933 3302 999 offerri,
3333 933 3410 987 illi
3442 936 3652 1009 utique,
3684 935 3767 989 cui

2191 1022 2422 1076 dicitur:
2465 1021 2542 1075 Tu
2569 1039 2622 1076 es
2648 1023 2891 1077 sacerdos
2926 1025 2979 1078 in
3009 1033 3255 1078 a’ternum
3289 1021 3459 1094 (Psal.
3490 1024 3624 1095 cu),
3681 1041 3774 1079 au-

2193 1113 2400 1168 dientes
2435 1115 2503 1169 ab
2525 1113 2814 1185 Apostolo:
2843 1115 3110 1186 Templum
3132 1118 3267 1170 enim
3286 1115 3381 1170 Dei
3410 1127 3650 1170 sanctum
3675 1128 3772 1180 est,

2191 1205 2330 1274 quod
2358 1205 2480 1260 estis
2517 1222 2606 1260 vos
2644 1205 2694 1278 (1
2723 1204 2844 1260 Cor.
2895 1209 3015 1279 lli);
3054 1207 3391 1278 offerantque
3442 1224 3543 1279 pro
3590 1224 3776 1263 emun-

2195 1296 2412 1351 datione
2437 1312 2552 1362 sua,
2586 1299 2725 1352 sicut
2749 1301 3003 1370 praecepit
3030 1299 3262 1372 Moyses,
3291 1301 3345 1355 id
3366 1311 3472 1369 est,
3498 1302 3772 1355 exhibeant

2195 1404 2414 1458 corpora
2444 1405 2542 1442 sua
2565 1389 2788 1443 hostiam
2817 1392 3086 1458 viventem,
3135 1401 3398 1457 sanctam,
3430 1391 3542 1446 Deo
3571 1391 3772 1461 placen-

2195 1485 2296 1529 tem
2328 1475 2505 1544 (Rom.
2533 1477 2632 1548 xu)
2653 1496 2665 1531 :
2687 1487 2744 1533 ut
2766 1477 2920 1548 juxta
2946 1480 3270 1551 Prophetam
3291 1482 3646 1551 conﬁteantur
3671 1481 3770 1535 Do-

2194 1566 2337 1619 mino
2369 1567 2754 1622 misericordias
2790 1569 2927 1639 ejus,
2951 1579 2997 1623 et
3025 1571 3290 1625 mirabilia
3327 1571 3444 1638 eius
3465 1571 3594 1641 ﬁliis
3613 1573 3769 1625 hami.

2196 1671 2342 1721 num,
2382 1665 2430 1710 et
2461 1659 2767 1711 annuntient
2797 1656 2978 1714 laudes
3009 1661 3124 1730 ejus
3153 1660 3208 1715 in
3239 1661 3460 1731 posteris
3487 1661 3616 1729 ﬁliae
3645 1660 3765 1715 Sion

2125 1747 2172 1805 Β
2201 1742 2373 1815 (Psal.
2403 1746 2543 1818 cvr);
2568 1746 2708 1801 sicut
2740 1748 3056 1816 praedictum
3083 1750 3354 1820 leprosum
3380 1749 3578 1805 fecisse
3628 1750 3762 1804 Mar-

2200 1852 2295 1891 cus
2317 1847 2734 1893 commemorat:
2756 1839 2882 1908 quia
2911 1855 3255 1910 nequaquam.
3274 1847 3588 1910 perceptum
3617 1841 3765 1894 bene—

2201 1924 2379 1980 ficium
2414 1927 2498 1981 vel
2546 1928 2614 1983 ab
2657 1928 2772 1998 ipso
2828 1944 2858 1983 a
2891 1945 2995 1999 quo
3041 1939 3324 1999 acceperat
3361 1930 3571 1998 jussus,
3600 1939 3760 1993 tacet;

2199 2016 2328 2084 quin
2354 2017 2555 2086 potius,
2597 2018 2952 2089 Evangelistac
2981 2019 3197 2075 functus
3217 2019 3413 2086 ofﬁcio,
3449 2036 3574 2075 mox
3607 2037 3766 2089 egres-

2200 2126 2287 2162 sus
2309 2111 2454 2180 coepit
2483 2110 2769 2181 praedicare
2791 2123 2837 2166 et
2851 2113 3128 2181 di/famare
3153 2129 3460 2177 sermonem,
3486 2113 3562 2166 ita
3591 2124 3645 2165 ut
3657 2113 3762 2181 jam

2201 2215 2304 2254 non
2334 2210 2502 2269 posset
2524 2201 2809 2271 ,mam'feste
2835 2203 2887 2255 in
2908 2203 3164 2274 civitatem
3189 2204 3427 2268 introire,
3453 2205 3544 2257 sed
3569 2203 3691 2272 {aris
3713 2204 3762 2258 in

2198 2290 2416 2344 desertis
2439 2291 2568 2344 locis
2591 2301 2743 2357 esset,
2775 2301 2823 2345 et
2854 2294 3220 2350 conveniebant
3269 2294 3338 2347 ad
3383 2311 3500 2348 eum
3525 2297 3760 2366 undique.
3823 2306 3825 2308 ’

2199 2377 2405 2452 (Greg.)
2463 2380 2614 2436 Unde
2659 2383 2850 2438 merito
2897 2385 3158 2453 quaeritur
3203 2385 3460 2454 quidnam
3509 2386 3582 2440 sit
3635 2386 3764 2454 quod

2198 2471 2457 2527 Dominus
2479 2473 2730 2527 nonnulla
2759 2490 2878 2544 qua:
2909 2475 3076 2542 gessit
3105 2476 3359 2531 abscondi
3379 2477 3564 2545 jussit,
3592 2485 3646 2529 et
3675 2491 3764 2530 nec

2200 2561 2264 2616 ad
2292 2561 2483 2616 horam
2513 2569 2804 2633 potuerunt
2829 2549 3103 2618 abscondi.
3129 2563 3381 2634 Nunquid
3403 2567 3548 2618 enim
3586 2565 3760 2633 unige-

2198 2651 2343 2706 nitus
2361 2651 2550 2718 Filius,
2571 2651 2716 2707 Patri
2737 2662 2793 2730 et
2825 2652 3051 2724 Spiritui
3097 2663 3284 2717 sancto
3321 2665 3644 2717 coaeternus,
3670 2655 3792 2708 hac-

2197 2739 2252 2792 in
2279 2754 2338 2793 re
2367 2739 2502 2795 velle
2533 2741 2720 2796 habuit
2745 2743 2887 2812 quod
2911 2743 3132 2812 implere
3163 2759 3269 2797 non
3296 2743 3515 2814 potuit?
3551 2741 3654 2796 Sed
3679 2757 3764 2796 no-

2199 2829 2418 2882 tandum
2448 2830 2590 2898 quod
2611 2829 2940 2901 Redemptor
2967 2838 3152 2887 noster
3182 2848 3279 2902 per
3309 2832 3538 2886 mortale
3580 2846 3765 2901 corpus

2195 2935 2354 2974 omne
2382 2921 2524 2990 quod
2558 2921 2688 2992 egit,
2719 2923 2822 2977 hoc
2841 2922 2994 2977 nobis
3024 2923 3078 2976 in
3101 2922 3350 2993 exemplo
3381 2922 3615 2976 actionis
3640 2937 3763 2990 pra-

2194 3009 2332 3063 buit.
2377 3010 2695 3066 Miraculum
2726 3028 2958 3082 namque
2984 3012 3186 3068 faciens
3209 3021 3261 3068 et.
3294 3015 3460 3067 taceri
3498 3013 3678 3083 jussit,
3715 3022 3762 3065 et

508 3114 576 3166 ob
599 3125 790 3166 causas
815 3109 982 3176 mittit
1005 3122 1132 3161 eum
1157 3106 1224 3160 ad
1246 3103 1576 3160 sacerdotes.
1601 3100 1843 3154 Primum
1869 3104 2090 3166 propter

2199 3109 2376 3154 tamen
2418 3102 2586 3156 taceri
2638 3117 2742 3156 non
2785 3103 2977 3176 potuit,
3031 3112 3086 3156 ut
3134 3102 3385 3158 videlicet
3431 3101 3592 3156 electi
3635 3099 3758 3168 ejus,

510 3203 890 3266 humilitatem,
919 3208 979 3254 ut
1009 3196 1383 3252 sacerdotibus
1411 3193 1622 3248 deferre
1651 3189 2081 3244 videaturhono-
2113 3238 2122 3249 ,

509 3309 644 3348 rem.
671 3292 800 3346 Erat
821 3291 964 3345 enim
985 3293 1315 3358 praeceptum
1349 3284 1468 3354 lege
1494 3290 1554 3336 ut
1581 3281 1672 3349 qui
1703 3276 1945 3333 mundati
1973 3275 2087 3329 fne-

514 3395 634 3440 rant
664 3385 832 3454 lepra,
859 3380 1117 3436 olferrent
1144 3392 1368 3432 munera
1397 3372 1785 3431 sacerdotibus.
1802 3367 2003 3423 Deinde
2031 3373 2088 3419 ut

513 3477 828 3533 mundatum
851 3474 1098 3527 videntes
1121 3471 1414 3540 leprosum,
1451 3473 1540 3520 aut
1568 3463 1858 3520 crederent
1904 3459 2088 3514 Salva-

511 3569 635 3634 tori,
665 3575 756 3621 aut
781 3581 886 3621 non
913 3563 1235 3619 crederent:
1261 3561 1304 3615 si
1329 3557 1616 3614 crederent
1639 3553 1997 3614 salvarentur,
2042 3550 2087 3604 si
2137 3609 2142 3617 ,

509 3676 615 3714 non
667 3658 953 3713 crederent
1006 3650 1404 3708 inexcusabiles
1455 3647 1678 3702 fierent:
1731 3653 1786 3699 et
1833 3642 1992 3698 simul
2022 3657 2090 3695 ne

514 3753 676 3823 (quod
699 3753 750 3805 in
783 3765 848 3804 eo
871 3747 1168 3817 scepissrme
1197 3738 1652 3811 criminabantur)
1674 3739 1846 3808 legem
1885 3734 2092 3788 videre-

515 3859 600 3900 tur
621 3844 888 3912 frangere.
914 3836 1135 3910 (Beda.).
1155 3835 1449 3891 Ostenderc
1474 3847 1530 3886 se
1557 3828 1824 3886 sacerdoti
1844 3825 2090 3894 jubetur,

514 3943 575 3989 ut
618 3933 938 4001 intelligeret
995 3928 1248 3983 sacerdos
1288 3939 1410 3979 eum
1457 3938 1561 3977 non
1597 3921 1730 3990 legis
1755 3917 1964 3982 ordine,
1996 3914 2092 3970 sed

516 4026 685 4097 gratia
714 4024 809 4077 Dei
837 4037 997 4092 supra
1019 4020 1194 4090 legem
1221 4032 1342 4072 esse
1371 4023 1638 4070 curatum.
1672 4009 1880 4066 Offerre
1908 4016 2089 4064 autem

516 4116 862 4180 sacrificium,
893 4118 950 4190 ut
971 4111 1283 4169 ostenderet
1333 4108 1591 4164 Dominus
1629 4103 1755 4174 quia
1787 4102 1957 4172 legem
1983 4114 2091 4154 non

515 4210 768 4271 solveret,
793 4205 885 4260 sed
913 4195 1178 4273 impleret.
1203 4197 1610 4267 Quisecundum
1634 4196 1803 4264 legem
1819 4191 2089 4265 gradiens,

517 4316 676 4371 supra
713 4299 889 4368 legem
910 4302 1126 4349 sanaret
1144 4308 1280 4363 quos
1306 4289 1543 4345 remedia
1566 4287 1698 4356 legis
1733 4300 1838 4339 non
1870 4296 2094 4337 sanave-

517 4401 662 4446 rttnt.
689 4391 755 4444 Et
785 4390 923 4443 bene
952 4384 1120 4450 addit,
1150 4385 1204 4436 in
1226 4381 1573 4436 testimonium
1601 4377 1728 4441 illis,
1767 4377 1870 4429 hoc
1913 4380 1997 4427 est
2046 4372 2090 4426 si

519 4445 748 4538 Domino
771 4478 1017 4539 credant,
1051 4445 1413 4542 si'impietatis
1439 4471 1587 4540 lepra
1616 4466 1877 4523 discedat.
1909 4463 2092 4533 (Aug.)
2123 4445 2174 4502 D

518 4572 668 4639 Quod
689 4571 918 4639 siquem
959 4571 1139 4619 movet
1166 4562 1434 4632 quomodo
1481 4558 1741 4614 Dominus
1799 4554 2092 4609 Mosaicum

519 4663 763 4716 videatur
779 4658 1081 4729 approbare
1123 4651 1464 4713 sacrificium,
1499 4664 1623 4703 cum
1654 4648 1705 4701 id
1741 4662 1846 4701 non
1879 4657 2095 4717 recepe-

522 4755 593 4807 rit
612 4751 872 4815 Ecclesia,
901 4746 1206 4802 meminerit
1235 4742 1472 4797 nondum
1509 4739 1738 4808 cmpisse
1764 4736 2093 4791 sacrificium

523 4845 779 4899 Sanctum
805 4846 1134 4902 sanctorum,
1161 4833 1302 4904 quod
1324 4846 1522 4901 corpus
1551 4838 1638 4884 est
1668 4827 1803 4896 ejus.
1843 4825 2092 4881 Nondum

519 4935 664 4992 enim
693 4931 964 4986 obtulerat
990 4929 1043 4981 in
1067 4928 1316 5000 passione
1346 4923 1718 4979 holocaustum
1765 4934 1946 4973 suum.
1981 4916 2095 4971 Non

523 5034 700 5081 autem
716 5019 996 5091 oportebat
1019 5018 1219 5072 auferri
1238 5015 1592 5089 significantia
1611 5011 1902 5076 Sacriﬁcia,
1925 5010 2102 5079 prius-

523 5132 685 5186 quam
714 5113 844 5169 illud
884 5112 1026 5182 quod
1075 5109 1478 5178 significabatur
1527 5105 1908 5161 confirmat-um
1957 5107 2104 5156 esset

526 5208 916 5266 contestatione
947 5201 1308 5272 apostolorum
1329 5199 1757 5268 praedicantium,
1781 5186 1840 5249 ett
1858 5195 1961 5248 tide
1985 5207 2103 5248 cre-

526 5302 765 5358 dentium
801 5290 1524 5373 populorum.(Victorinus.)
1567 5289 1702 5356 Quia
1754 5303 1889 5343 vero
1927 5287 2102 5358 typice

524 5393 608 5446 vir
635 5392 736 5445 iste
749 5386 985 5458 peccatis
1006 5382 1314 5454 languidum
1331 5395 1498 5449 genus
1518 5379 2074 5448 designathumanum
2087 5417 2100 5440 ,

533 5489 674 5536 recte
697 5494 800 5533 non
826 5477 995 5530 solum
1021 5476 1284 5546 leprosus,
1311 5473 1403 5527 sed
1435 5481 1487 5526 et
1519 5470 1728 5540 plenius
1755 5470 1928 5540 lepra,
1947 5468 2102 5536 juxta

532 5574 692 5626 alium
723 5569 1136 5639 Evangelistam,
1165 5566 1505 5621 describitur.
1529 5561 1720 5617 Omnes
1758 5564 1892 5616 enim
1922 5577 2102 5629 pecca-

534 5674 734 5728 verunt,
763 5675 808 5719 ct
836 5673 978 5735 egent
1008 5660 1173 5731 gloria
1226 5659 1337 5712 Dei.
1393 5658 1481 5712 Illa
1518 5656 1750 5724 scilicet,
1784 5663 1843 5709 ut
1890 5661 2102 5717 extenta

2188 3192 2431 3262 exempla
2453 3193 2710 3248 doctrina:
2735 3193 2877 3248 illius
2908 3201 3211 3262 sequentes,
3243 3193 3297 3246 in
3323 3192 3532 3262 magnis
3553 3206 3672 3260 quae
3695 3188 3764 3244 fa-

2187 3281 2337 3335 ciunt
2359 3281 2527 3336 latere
2546 3283 2763 3351 quidem
2795 3283 2847 3336 in
2875 3284 3148 3338 voluntate
3177 3282 3428 3345 habeant,
3455 3282 3550 3336 sed
3573 3289 3760 3354 utpro-

2189 3371 2299 3425 sint
2333 3371 2452 3427 aliis
2481 3373 2780 3442 prodantur
2804 3374 2986 3427 inviti:
3017 3382 3284 3444 quatenus
3321 3383 3377 3426 et
3417 3386 3628 3442 magna!
3669 3370 3759 3424 hu-

2189 3460 2433 3516 militatis
2483 3470 2626 3526 sunt,
2661 3463 2800 3530 quod
2840 3478 2935 3516 sua
2973 3479 3135 3532 opera
3179 3463 3344 3517 taceri
3393 3470 3685 3531 appetunt;
3716 3469 3763 3514 et

2191 3567 2397 3622 magna:
2413 3552 2727 3608 humilitatis
2751 3553 2934 3625 [Forte
2962 3555 3348 3626 venerationis]
3367 3563 3511 3619 sunt,
3527 3555 3671 3623 quod
3684 3567 3765 3607 eo-

2191 3661 2310 3698 rum
2338 3660 2501 3714 opera
2539 3647 2704 3701 taceri
2736 3663 2839 3701 non
2867 3658 3112 3717 possunt.
3172 3647 3463 3724 Non\ergo
3513 3647 3764 3701 Dominus

2191 3737 2359 3792 voluit
2406 3738 2701 3808 quidquam
2758 3739 2892 3804 fieri,
2925 3748 2977 3794 et
3015 3741 3234 3794 minime
3277 3741 3470 3809 potuit.
3505 3739 3614 3794 Sed
3648 3739 3764 3808 quid

2201 3827 2338 3882 velle
2367 3828 2484 3898 ejus
2514 3830 2752 3884 membra
2783 3830 3027 3896 debeant,
3051 3832 3245 3900 quidve
3274 3833 3351 3886 de'
3377 3832 3455 3887 eis
3478 3831 3644 3886 etiam
3678 3845 3769 3883 no-

2204 3917 2440 3973 lentibus
2472 3918 2582 3984 fiat,
2637 3920 2892 3976 doctrina:
2939 3922 3246 3992 magisterio
3275 3921 3580 3992 exemplum
3609 3920 3771 3975 dedit.

2191 4008 2318 4089 Post
2346 4007 2461 4063 hzec
2484 4011 2826 4079 prosequitur
2847 4010 3128 4067 Matthteus
3148 4019 3202 4066 et
3225 4012 3358 4066 dicit
3384 4030 3397 4064 ε
3433 4031 3436 4033 λ

2265 4117 2396 4201 Cum
2445 4128 2618 4170 autem
2661 4118 2921 4172 introisset
2971 4117 3379 4188 Capharnaum,
3425 4121 3646 4171 accessit
3697 4116 3761 4169 ad

2194 4224 2310 4261 eum
2356 4207 2613 4272 centurio,
2662 4221 2848 4277 rogans
2885 4225 3002 4261 eum
3042 4218 3089 4261 et
3129 4207 3333 4273 dicens,
3359 4206 3612 4272 Domine,
3647 4222 3767 4276 prter

2196 4314 2337 4350 meus
2373 4297 2514 4366 jacet
2560 4297 2615 4351 in
2652 4297 2804 4350 domo
2839 4298 3157 4366 paralyticus
3201 4307 3250 4351 et
3291 4297 3426 4350 male
3476 4305 3768 4366 torquetur.

2201 4388 2314 4460 [IL]
2356 4388 2626 4453 Qumritur
2655 4389 2940 4458 (quomodo
2991 4389 3272 4444 conveni-at
3319 4389 3464 4458 quod
3487 4387 3767 4442 Mattbaeus

2202 4481 2376 4548 ipsum
2430 4479 2799 4533 centurionem
2847 4480 3140 4533 accessisse
3188 4480 3254 4533 ad
3281 4479 3573 4534 Dominum
3617 4477 3769 4540 dicat,

2205 4588 2326 4626 cum
2352 4571 2527 4625 Lucas
2548 4579 2733 4624 narret
2760 4570 2907 4624 illum
2925 4587 3029 4625 nun
3039 4572 3140 4626 tios
3159 4571 3398 4626 misisse:
3418 4569 3766 4630 Centurionis,

2207 4662 2402 4731 inquit,
2425 4661 2700 4732 cujusdam
2729 4678 2903 4716 servus
2939 4663 3072 4714 ntale
3094 4662 3286 4715 habens
3313 4671 3425 4715 erat
3462 4661 3771 4722 moriturus,

2206 4751 2294 4820 qui
2349 4758 2459 4802 erat
2501 4749 2580 4801 illi
2624 4751 2916 4819 pretiosus,
2965 4759 3011 4802 et
3063 4765 3180 4802 cum
3235 4748 3465 4801 audisset
3521 4748 3589 4801 de
3624 4745 3772 4809 Iesu,

2208 4841 2348 4894 misit
2391 4838 2459 4892 ad
2502 4855 2620 4891 eum
2675 4840 2897 4892 seniores
2944 4839 3278 4902 Iudaeorum,
3332 4855 3524 4908 rogans
3568 4854 3683 4892 eum
3720 4848 3771 4891 ut

2204 4934 2395 4986 veniret
2439 4941 2485 4983 et
2529 4929 2750 4983 salvaret
2785 4946 2992 5000 servum
3037 4929 3151 4998 ejus
3201 4929 3349 4999 (Luc.
3379 4927 3498 4996 vn).
3553 4927 3659 4983 Sed
3693 4928 3772 4999 pie

2206 5022 2567 5094 quaerentibus
2623 5021 2777 5075 facile
2821 5019 2969 5088 patet
2996 5024 3138 5088 quod
3170 5019 3452 5073 Matthmus
3494 5017 3770 5073 brevitatis

2207 5127 2367 5166 causa
2394 5112 2592 5165 dixerit
2620 5111 2790 5181 ipsum
2821 5111 3132 5165 accessisse.
3165 5108 3327 5176 Cujus
3357 5109 3687 5164 desiderium
3721 5117 3772 5162 et

2207 5202 2452 5256 voluntas
2478 5201 2542 5255 ad
2567 5200 2846 5254 Dominum
2880 5201 3162 5265 veraciter,
3192 5199 3313 5252 aliis
3336 5181 3470 5253 licet
3491 5199 3773 5255 deferenti-

2207 5293 2328 5357 bus,
2359 5299 2442 5346 est
2475 5289 2678 5364 perlata
2703 5289 2972 5358 :‘mystice
3017 5290 3180 5342 etiam
3210 5286 3366 5342 nobis
3390 5287 3773 5341 commendans

2210 5385 2312 5437 hoc
2339 5381 2479 5453 quod
2515 5382 2769 5448 scriptum
2800 5389 2910 5434 est:
2940 5377 3190 5432 Accedite
3219 5378 3284 5432 ad
3312 5393 3454 5441 eum,
3487 5388 3547 5431 et
3586 5374 3772 5429 illuni:-

2209 5475 2428 5529 namini.
2460 5473 2589 5525 Nam
2617 5471 2740 5540 quia
2768 5470 2926 5525 fidem
2955 5469 3302 5533 centurionis,
3331 5484 3436 5537 qua
3465 5483 3598 5521 vere
3625 5479 3770 5521 acce-

2210 5566 2352 5618 ditur
2384 5563 2448 5616 ad
2478 5562 2687 5624 Jesum,
2728 5562 2841 5629 ipse
2882 5561 2953 5614 ita
2992 5561 3225 5616 laudavit
3271 5567 3328 5613 ut
3357 5561 3567 5613 diceret
3603 5579 3614 5611 :
3660 5558 3769 5611 Non

2211 5653 2375 5706 inveni
2408 5661 2604 5704 tantam
2638 5651 2792 5718 {idem
2834 5651 2887 5702 in
2917 5648 3113 5715 Israel,
3157 5651 3328 5717 ipsum
3370 5648 3556 5717 potius
3601 5660 3768 5702 aecus.-
