  <div class='ocr_page' id='page_1' title='image "/cluster/home/n/w/nwhite01/storage/ocr_20150623/107/uva.x000827064/434.png"; bbox 0 0 3938 6356; ppageno 0'>
   <div class='ocr_carea' id='block_1_1' title="bbox 187 348 315 405">
    <p class='ocr_par' dir='ltr' id='par_1_1' title="bbox 187 348 315 405">
     <span class='ocr_line' id='line_1_1' title="bbox 187 348 315 405; baseline -0.008 0"><span class='ocrx_word' id='word_1_1' title='bbox 187 348 315 405; x_wconf 80' lang='grc'><strong>857</strong></span> 
     </span>
    </p>
   </div>
   <div class='ocr_carea' id='block_1_2' title="bbox 1165 322 2498 409">
    <p class='ocr_par' dir='ltr' id='par_1_2' title="bbox 1165 322 2498 409">
     <span class='ocr_line' id='line_1_2' title="bbox 1165 322 2498 409; baseline -0.002 -11"><span class='ocrx_word' id='word_1_2' title='bbox 1165 337 1517 399; x_wconf 69' lang='lat' dir='ltr'><strong>COHMENT.</strong></span> <span class='ocrx_word' id='word_1_3' title='bbox 1557 339 1624 395; x_wconf 85' lang='lat' dir='ltr'><strong>IN</strong></span> <span class='ocrx_word' id='word_1_4' title='bbox 1661 337 2097 395; x_wconf 54' lang='lat' dir='ltr'><strong>nummum.</strong></span> <span class='ocrx_word' id='word_1_5' title='bbox 2136 322 2374 409; x_wconf 63' lang='grc' dir='ltr'><strong>-ιιΒζ</strong></span> <span class='ocrx_word' id='word_1_6' title='bbox 2413 341 2498 397; x_wconf 88' lang='lat' dir='ltr'><strong>lll.</strong></span> 
     </span>
    </p>
   </div>
   <div class='ocr_carea' id='block_1_3' title="bbox 3347 343 3448 400">
    <p class='ocr_par' dir='ltr' id='par_1_3' title="bbox 3347 343 3448 400">
     <span class='ocr_line' id='line_1_3' title="bbox 3347 343 3448 400; baseline 0 0"><span class='ocrx_word' id='word_1_7' title='bbox 3347 343 3448 400; x_wconf 73' lang='lat'><strong>858</strong></span> 
     </span>
    </p>
   </div>
   <div class='ocr_carea' id='block_1_4' title="bbox 179 452 3449 527">
    <p class='ocr_par' dir='ltr' id='par_1_4' title="bbox 179 452 3449 527">
     <span class='ocr_line' id='line_1_4' title="bbox 179 452 3449 527; baseline -0.002 -8"><span class='ocrx_word' id='word_1_8' title='bbox 179 462 343 519; x_wconf 76' lang='lat' dir='ltr'><strong>sisse</strong></span> <span class='ocrx_word' id='word_1_9' title='bbox 373 462 440 515; x_wconf 85' lang='lat' dir='ltr'><strong>ad</strong></span> <span class='ocrx_word' id='word_1_10' title='bbox 461 458 736 515; x_wconf 72' lang='lat' dir='ltr'><strong>Christum</strong></span> <span class='ocrx_word' id='word_1_11' title='bbox 761 456 939 513; x_wconf 82' lang='lat' dir='ltr'><strong>dicere</strong></span> <span class='ocrx_word' id='word_1_12' title='bbox 967 453 1135 511; x_wconf 85' lang='lat' dir='ltr'><strong>voluit</strong></span> <span class='ocrx_word' id='word_1_13' title='bbox 1160 455 1404 527; x_wconf 60' lang='lat' dir='ltr'><strong>prudens‘</strong></span> <span class='ocrx_word' id='word_1_14' title='bbox 1424 453 1774 525; x_wconf 88' lang='lat' dir='ltr'><strong>evangelista,</strong></span> <span class='ocrx_word' id='word_1_15' title='bbox 1805 456 1853 515; x_wconf 82' lang='grc' dir='ltr'>Α</span> <span class='ocrx_word' id='word_1_16' title='bbox 1949 452 2026 507; x_wconf 91' lang='lat' dir='ltr'><strong>De</strong></span> <span class='ocrx_word' id='word_1_17' title='bbox 2088 469 2194 524; x_wconf 90' lang='lat' dir='ltr'><strong>quo</strong></span> <span class='ocrx_word' id='word_1_18' title='bbox 2239 455 2462 525; x_wconf 91' lang='lat' dir='ltr'><strong>pulchre</strong></span> <span class='ocrx_word' id='word_1_19' title='bbox 2501 469 2599 526; x_wconf 89' lang='lat' dir='ltr'><strong>per</strong></span> <span class='ocrx_word' id='word_1_20' title='bbox 2627 454 2790 509; x_wconf 92' lang='lat' dir='ltr'><strong>alium</strong></span> <span class='ocrx_word' id='word_1_21' title='bbox 2831 455 3213 527; x_wconf 84' lang='lat' dir='ltr'><strong>evangelistam</strong></span> <span class='ocrx_word' id='word_1_22' title='bbox 3258 457 3449 521; x_wconf 74' lang='lat' dir='ltr'><strong>dicitur</strong></span> 
     </span>
    </p>
   </div>
   <div class='ocr_carea' id='block_1_5' title="bbox 176 545 1399 622">
    <p class='ocr_par' dir='ltr' id='par_1_5' title="bbox 176 545 1399 622">
     <span class='ocr_line' id='line_1_5' title="bbox 176 545 1399 622; baseline -0.007 -17"><span class='ocrx_word' id='word_1_23' title='bbox 176 567 370 622; x_wconf 83' lang='lat' dir='ltr'><strong>quam</strong></span> <span class='ocrx_word' id='word_1_24' title='bbox 399 549 520 604; x_wconf 92' lang='lat' dir='ltr'><strong>illos</strong></span> <span class='ocrx_word' id='word_1_25' title='bbox 547 563 646 618; x_wconf 89' lang='lat' dir='ltr'><strong>per</strong></span> <span class='ocrx_word' id='word_1_26' title='bbox 670 563 805 618; x_wconf 91' lang='lat' dir='ltr'><strong>quos</strong></span> <span class='ocrx_word' id='word_1_27' title='bbox 831 547 997 601; x_wconf 90' lang='lat' dir='ltr'><strong>verba</strong></span> <span class='ocrx_word' id='word_1_28' title='bbox 1031 560 1126 600; x_wconf 90' lang='lat' dir='ltr'><strong>sua</strong></span> <span class='ocrx_word' id='word_1_29' title='bbox 1157 545 1399 600; x_wconf 79' lang='lat' dir='ltr'><strong>miserat.</strong></span> 
     </span>
    </p>
   </div>
   <div class='ocr_carea' id='block_1_6' title="bbox 278 632 1778 704">
    <p class='ocr_par' dir='ltr' id='par_1_6' title="bbox 278 632 1778 704">
     <span class='ocr_line' id='line_1_6' title="bbox 278 632 1778 704; baseline -0.006 -9"><span class='ocrx_word' id='word_1_30' title='bbox 278 642 448 696; x_wconf 83' lang='lat' dir='ltr'><strong>Porro</strong></span> <span class='ocrx_word' id='word_1_31' title='bbox 493 648 668 693; x_wconf 88' lang='lat' dir='ltr'><strong>autem</strong></span> <span class='ocrx_word' id='word_1_32' title='bbox 718 638 890 691; x_wconf 85' lang='lat' dir='ltr'><strong>Lucas</strong></span> <span class='ocrx_word' id='word_1_33' title='bbox 942 635 1060 690; x_wconf 90' lang='lat' dir='ltr'><strong>ideo</strong></span> <span class='ocrx_word' id='word_1_34' title='bbox 1109 642 1277 689; x_wconf 87' lang='lat' dir='ltr'><strong>totum</strong></span> <span class='ocrx_word' id='word_1_35' title='bbox 1327 632 1778 704; x_wconf 82' lang='lat' dir='ltr'><strong>quemadmodum</strong></span> 
     </span>
    </p>
   </div>
   <div class='ocr_carea' id='block_1_7' title="bbox 180 724 1777 800">
    <p class='ocr_par' dir='ltr' id='par_1_7' title="bbox 180 724 1777 800">
     <span class='ocr_line' id='line_1_7' title="bbox 180 724 1777 800; baseline -0.007 -13"><span class='ocrx_word' id='word_1_36' title='bbox 180 740 416 800; x_wconf 73' lang='lat' dir='ltr'><strong>gestum</strong></span> <span class='ocrx_word' id='word_1_37' title='bbox 457 731 531 786; x_wconf 84' lang='lat' dir='ltr'><strong>sit</strong></span> <span class='ocrx_word' id='word_1_38' title='bbox 569 729 799 800; x_wconf 89' lang='lat' dir='ltr'><strong>aperuit,</strong></span> <span class='ocrx_word' id='word_1_39' title='bbox 831 734 890 781; x_wconf 89' lang='lat' dir='ltr'><strong>ut</strong></span> <span class='ocrx_word' id='word_1_40' title='bbox 929 742 992 781; x_wconf 80' lang='lat' dir='ltr'><strong>ex</strong></span> <span class='ocrx_word' id='word_1_41' title='bbox 1038 726 1142 780; x_wconf 91' lang='lat' dir='ltr'><strong>hoc</strong></span> <span class='ocrx_word' id='word_1_42' title='bbox 1175 724 1470 795; x_wconf 77' lang='lat' dir='ltr'><strong>intelligere</strong></span> <span class='ocrx_word' id='word_1_43' title='bbox 1498 738 1777 793; x_wconf 86' lang='lat' dir='ltr'><strong>cogamur,</strong></span> 
     </span>
    </p>
   </div>
   <div class='ocr_carea' id='block_1_8' title="bbox 182 813 1778 888">
    <p class='ocr_par' dir='ltr' id='par_1_8' title="bbox 182 813 1778 888">
     <span class='ocr_line' id='line_1_8' title="bbox 182 813 1778 888; baseline -0.004 -14"><span class='ocrx_word' id='word_1_44' title='bbox 182 821 656 888; x_wconf 83' lang='lat' dir='ltr'><strong>quemadmodum</strong></span> <span class='ocrx_word' id='word_1_45' title='bbox 702 818 994 874; x_wconf 86' lang='lat' dir='ltr'><strong>accessisse</strong></span> <span class='ocrx_word' id='word_1_46' title='bbox 1020 814 1219 871; x_wconf 79' lang='lat' dir='ltr'><strong>dixerit</strong></span> <span class='ocrx_word' id='word_1_47' title='bbox 1247 815 1413 881; x_wconf 88' lang='lat' dir='ltr'><strong>alius,</strong></span> <span class='ocrx_word' id='word_1_48' title='bbox 1445 815 1534 884; x_wconf 89' lang='lat' dir='ltr'><strong>qui</strong></span> <span class='ocrx_word' id='word_1_49' title='bbox 1564 813 1778 868; x_wconf 90' lang='lat' dir='ltr'><strong>mentiri</strong></span> 
     </span>
    </p>
   </div>
   <div class='ocr_carea' id='block_1_9' title="bbox 189 904 1779 980">
    <p class='ocr_par' dir='ltr' id='par_1_9' title="bbox 189 904 1779 980">
     <span class='ocr_line' id='line_1_9' title="bbox 189 904 1779 980; baseline -0.004 -17"><span class='ocrx_word' id='word_1_50' title='bbox 189 924 313 964; x_wconf 80' lang='lat' dir='ltr'><strong>non</strong></span> <span class='ocrx_word' id='word_1_51' title='bbox 341 911 535 980; x_wconf 88' lang='lat' dir='ltr'><strong>potuit.</strong></span> <span class='ocrx_word' id='word_1_52' title='bbox 583 909 734 964; x_wconf 89' lang='lat' dir='ltr'><strong>Sicut</strong></span> <span class='ocrx_word' id='word_1_53' title='bbox 759 909 903 964; x_wconf 88' lang='lat' dir='ltr'><strong>enim</strong></span> <span class='ocrx_word' id='word_1_54' title='bbox 931 907 1017 962; x_wconf 91' lang='lat' dir='ltr'><strong>illa</strong></span> <span class='ocrx_word' id='word_1_55' title='bbox 1046 905 1242 960; x_wconf 87' lang='lat' dir='ltr'><strong>mulier</strong></span> <span class='ocrx_word' id='word_1_56' title='bbox 1267 921 1388 976; x_wconf 58' lang='lat' dir='ltr'><strong>quae</strong></span> <span class='ocrx_word' id='word_1_57' title='bbox 1417 904 1619 959; x_wconf 82' lang='lat' dir='ltr'><strong>ﬁuxum</strong></span> <span class='ocrx_word' id='word_1_58' title='bbox 1655 920 1779 960; x_wconf 90' lang='lat' dir='ltr'><strong>san-</strong></span> 
     </span>
    </p>
   </div>
   <div class='ocr_carea' id='block_1_10' title="bbox 181 993 1778 1070">
    <p class='ocr_par' dir='ltr' id='par_1_10' title="bbox 181 993 1778 1070">
     <span class='ocr_line' id='line_1_10' title="bbox 181 993 1778 1070; baseline -0.003 -18"><span class='ocrx_word' id='word_1_59' title='bbox 181 999 384 1068; x_wconf 75' lang='lat' dir='ltr'><strong>guinis</strong></span> <span class='ocrx_word' id='word_1_60' title='bbox 408 1000 737 1070; x_wconf 89' lang='lat' dir='ltr'><strong>patiebatur,</strong></span> <span class='ocrx_word' id='word_1_61' title='bbox 766 997 1011 1068; x_wconf 86' lang='lat' dir='ltr'><strong>quamvis</strong></span> <span class='ocrx_word' id='word_1_62' title='bbox 1037 994 1306 1049; x_wconf 90' lang='lat' dir='ltr'><strong>ﬁmbriam</strong></span> <span class='ocrx_word' id='word_1_63' title='bbox 1327 994 1632 1050; x_wconf 85' lang='lat' dir='ltr'><strong>vestimenti</strong></span> <span class='ocrx_word' id='word_1_64' title='bbox 1660 993 1778 1063; x_wconf 84' lang='lat' dir='ltr'><strong>ejus</strong></span> 
     </span>
    </p>
   </div>
   <div class='ocr_carea' id='block_1_11' title="bbox 187 1083 1780 1160">
    <p class='ocr_par' dir='ltr' id='par_1_11' title="bbox 187 1083 1780 1160">
     <span class='ocr_line' id='line_1_11' title="bbox 187 1083 1780 1160; baseline -0.003 -18"><span class='ocrx_word' id='word_1_65' title='bbox 187 1092 458 1157; x_wconf 78' lang='lat' dir='ltr'><strong>tenuerit,</strong></span> <span class='ocrx_word' id='word_1_66' title='bbox 496 1091 668 1160; x_wconf 88' lang='lat' dir='ltr'><strong>magis</strong></span> <span class='ocrx_word' id='word_1_67' title='bbox 697 1099 898 1154; x_wconf 87' lang='lat' dir='ltr'><strong>tamen,</strong></span> <span class='ocrx_word' id='word_1_68' title='bbox 929 1087 1052 1158; x_wconf 88' lang='lat' dir='ltr'><strong>quia</strong></span> <span class='ocrx_word' id='word_1_69' title='bbox 1087 1086 1344 1150; x_wconf 89' lang='lat' dir='ltr'><strong>credidit,</strong></span> <span class='ocrx_word' id='word_1_70' title='bbox 1387 1085 1562 1155; x_wconf 87' lang='lat' dir='ltr'><strong>tetigit</strong></span> <span class='ocrx_word' id='word_1_71' title='bbox 1600 1083 1780 1138; x_wconf 85' lang='lat' dir='ltr'><strong>Domi-</strong></span> 
     </span>
    </p>
   </div>
   <div class='ocr_carea' id='block_1_12' title="bbox 185 1171 1773 1250">
    <p class='ocr_par' dir='ltr' id='par_1_12' title="bbox 185 1171 1773 1250">
     <span class='ocr_line' id='line_1_12' title="bbox 185 1171 1773 1250; baseline -0.006 -15"><span class='ocrx_word' id='word_1_72' title='bbox 185 1197 358 1246; x_wconf 83' lang='lat' dir='ltr'><strong>num,</strong></span> <span class='ocrx_word' id='word_1_73' title='bbox 385 1195 546 1250; x_wconf 93' lang='lat' dir='ltr'><strong>quam</strong></span> <span class='ocrx_word' id='word_1_74' title='bbox 584 1179 687 1232; x_wconf 60' lang='lat' dir='ltr'><strong>illa:</strong></span> <span class='ocrx_word' id='word_1_75' title='bbox 711 1176 881 1232; x_wconf 58' lang='lat' dir='ltr'><strong>turbae</strong></span> <span class='ocrx_word' id='word_1_76' title='bbox 909 1192 939 1230; x_wconf 87' lang='lat' dir='ltr'><strong>a</strong></span> <span class='ocrx_word' id='word_1_77' title='bbox 959 1177 1156 1247; x_wconf 88' lang='lat' dir='ltr'><strong>quibus</strong></span> <span class='ocrx_word' id='word_1_78' title='bbox 1189 1175 1538 1246; x_wconf 80' lang='lat' dir='ltr'><strong>premebatur</strong></span> <span class='ocrx_word' id='word_1_79' title='bbox 1560 1171 1773 1244; x_wconf 75' lang='lat' dir='ltr'><strong>(Matth.</strong></span> 
     </span>
    </p>
   </div>
   <div class='ocr_carea' id='block_1_13' title="bbox 187 1264 1778 1350">
    <p class='ocr_par' dir='ltr' id='par_1_13' title="bbox 187 1264 1778 1350">
     <span class='ocr_line' id='line_1_13' title="bbox 187 1264 1778 1350; baseline -0.003 -27"><span class='ocrx_word' id='word_1_80' title='bbox 187 1270 314 1342; x_wconf 77' lang='lat' dir='ltr'><strong>rx);</strong></span> <span class='ocrx_word' id='word_1_81' title='bbox 352 1272 426 1325; x_wconf 92' lang='lat' dir='ltr'><strong>ita</strong></span> <span class='ocrx_word' id='word_1_82' title='bbox 463 1279 517 1324; x_wconf 91' lang='lat' dir='ltr'><strong>et</strong></span> <span class='ocrx_word' id='word_1_83' title='bbox 544 1268 806 1350; x_wconf 62' lang='lat' dir='ltr'><strong>genturio,</strong></span> <span class='ocrx_word' id='word_1_84' title='bbox 846 1284 952 1338; x_wconf 91' lang='lat' dir='ltr'><strong>quo</strong></span> <span class='ocrx_word' id='word_1_85' title='bbox 981 1267 1151 1338; x_wconf 87' lang='lat' dir='ltr'><strong>magis</strong></span> <span class='ocrx_word' id='word_1_86' title='bbox 1199 1265 1447 1329; x_wconf 87' lang='lat' dir='ltr'><strong>credidit,</strong></span> <span class='ocrx_word' id='word_1_87' title='bbox 1498 1275 1577 1318; x_wconf 82' lang='lat' dir='ltr'><strong>eo‘</strong></span> <span class='ocrx_word' id='word_1_88' title='bbox 1609 1264 1778 1334; x_wconf 88' lang='lat' dir='ltr'><strong>magis</strong></span> 
     </span>
    </p>
   </div>
   <div class='ocr_carea' id='block_1_14' title="bbox 186 1356 1777 1431">
    <p class='ocr_par' dir='ltr' id='par_1_14' title="bbox 186 1356 1777 1431">
     <span class='ocr_line' id='line_1_14' title="bbox 186 1356 1777 1431; baseline -0.004 -16"><span class='ocrx_word' id='word_1_89' title='bbox 186 1363 434 1417; x_wconf 79' lang='lat' dir='ltr'><strong>accessit</strong></span> <span class='ocrx_word' id='word_1_90' title='bbox 481 1362 548 1416; x_wconf 90' lang='lat' dir='ltr'><strong>ad</strong></span> <span class='ocrx_word' id='word_1_91' title='bbox 588 1361 890 1416; x_wconf 89' lang='lat' dir='ltr'><strong>Dominum.</strong></span> <span class='ocrx_word' id='word_1_92' title='bbox 951 1357 1147 1431; x_wconf 69' lang='grc' dir='ltr'><strong>(Θήρ.)</strong></span> <span class='ocrx_word' id='word_1_93' title='bbox 1193 1357 1436 1412; x_wconf 83' lang='lat' dir='ltr'><strong>Accessit</strong></span> <span class='ocrx_word' id='word_1_94' title='bbox 1480 1356 1777 1425; x_wconf 75' lang='lat' dir='ltr'><strong>alienigena</strong></span> 
     </span>
    </p>
   </div>
   <div class='ocr_carea' id='block_1_15' title="bbox 187 1448 1775 1529">
    <p class='ocr_par' dir='ltr' id='par_1_15' title="bbox 187 1448 1775 1529">
     <span class='ocr_line' id='line_1_15' title="bbox 187 1448 1775 1529; baseline -0.006 -20"><span class='ocrx_word' id='word_1_95' title='bbox 187 1455 579 1525; x_wconf 85' lang='lat' dir='ltr'><strong>generatione,</strong></span> <span class='ocrx_word' id='word_1_96' title='bbox 608 1454 703 1509; x_wconf 89' lang='lat' dir='ltr'><strong>sed</strong></span> <span class='ocrx_word' id='word_1_97' title='bbox 727 1452 1053 1529; x_wconf 89' lang='lat' dir='ltr'><strong>domesticus</strong></span> <span class='ocrx_word' id='word_1_98' title='bbox 1083 1449 1272 1516; x_wconf 88' lang='lat' dir='ltr'><strong>corde;</strong></span> <span class='ocrx_word' id='word_1_99' title='bbox 1307 1449 1513 1503; x_wconf 90' lang='lat' dir='ltr'><strong>alienus</strong></span> <span class='ocrx_word' id='word_1_100' title='bbox 1536 1448 1775 1511; x_wconf 89' lang='lat' dir='ltr'><strong>natione,</strong></span> 
     </span>
    </p>
   </div>
   <div class='ocr_carea' id='block_1_16' title="bbox 188 1536 1778 1612">
    <p class='ocr_par' dir='ltr' id='par_1_16' title="bbox 188 1536 1778 1612">
     <span class='ocr_line' id='line_1_16' title="bbox 188 1536 1778 1612; baseline -0.006 -12"><span class='ocrx_word' id='word_1_101' title='bbox 188 1547 298 1600; x_wconf 87' lang='lat' dir='ltr'><strong>sed</strong></span> <span class='ocrx_word' id='word_1_102' title='bbox 328 1546 508 1600; x_wconf 87' lang='lat' dir='ltr'><strong>alacer</strong></span> <span class='ocrx_word' id='word_1_103' title='bbox 536 1543 660 1609; x_wconf 85' lang='lat' dir='ltr'><strong>ﬁde,</strong></span> <span class='ocrx_word' id='word_1_104' title='bbox 692 1542 921 1598; x_wconf 87' lang='lat' dir='ltr'><strong>militum</strong></span> <span class='ocrx_word' id='word_1_105' title='bbox 964 1543 1234 1612; x_wconf 87' lang='lat' dir='ltr'><strong>princeps,</strong></span> <span class='ocrx_word' id='word_1_106' title='bbox 1266 1547 1322 1595; x_wconf 93' lang='lat' dir='ltr'><strong>et</strong></span> <span class='ocrx_word' id='word_1_107' title='bbox 1353 1539 1532 1594; x_wconf 90' lang='lat' dir='ltr'><strong>socius</strong></span> <span class='ocrx_word' id='word_1_108' title='bbox 1562 1536 1778 1608; x_wconf 84' lang='lat' dir='ltr'><strong>angelo—</strong></span> 
     </span>
    </p>
   </div>
   <div class='ocr_carea' id='block_1_17' title="bbox 188 1626 1778 1704">
    <p class='ocr_par' dir='ltr' id='par_1_17' title="bbox 188 1626 1778 1704">
     <span class='ocr_line' id='line_1_17' title="bbox 188 1626 1778 1704; baseline -0.006 -16"><span class='ocrx_word' id='word_1_109' title='bbox 188 1650 345 1689; x_wconf 82' lang='lat' dir='ltr'><strong>rum.</strong></span> <span class='ocrx_word' id='word_1_110' title='bbox 383 1633 531 1689; x_wconf 84' lang='lat' dir='ltr'><strong>Multi</strong></span> <span class='ocrx_word' id='word_1_111' title='bbox 558 1633 610 1688; x_wconf 92' lang='lat' dir='ltr'><strong>in</strong></span> <span class='ocrx_word' id='word_1_112' title='bbox 643 1633 734 1688; x_wconf 93' lang='lat' dir='ltr'><strong>illo</strong></span> <span class='ocrx_word' id='word_1_113' title='bbox 762 1642 1000 1704; x_wconf 77' lang='lat' dir='ltr'><strong>tempore</strong></span> <span class='ocrx_word' id='word_1_114' title='bbox 1023 1647 1123 1700; x_wconf 90' lang='lat' dir='ltr'><strong>pro</strong></span> <span class='ocrx_word' id='word_1_115' title='bbox 1153 1629 1380 1684; x_wconf 83' lang='lat' dir='ltr'><strong>diversis</strong></span> <span class='ocrx_word' id='word_1_116' title='bbox 1407 1626 1668 1697; x_wconf 84' lang='lat' dir='ltr'><strong>rogabant</strong></span> <span class='ocrx_word' id='word_1_117' title='bbox 1698 1627 1778 1680; x_wconf 82' lang='lat' dir='ltr'><strong>in—</strong></span> 
     </span>
    </p>
   </div>
   <div class='ocr_carea' id='block_1_18' title="bbox 190 1713 1779 1797">
    <p class='ocr_par' dir='ltr' id='par_1_18' title="bbox 190 1713 1779 1797">
     <span class='ocr_line' id='line_1_18' title="bbox 190 1713 1779 1797; baseline -0.006 -14"><span class='ocrx_word' id='word_1_118' title='bbox 190 1713 552 1784; x_wconf 74' lang='lat' dir='ltr'><strong>ﬁrmitatibus</strong></span> <span class='ocrx_word' id='word_1_119' title='bbox 577 1746 589 1781; x_wconf 91' lang='lat'>:</span> <span class='ocrx_word' id='word_1_120' title='bbox 616 1727 755 1782; x_wconf 88' lang='lat' dir='ltr'><strong>alius</strong></span> <span class='ocrx_word' id='word_1_121' title='bbox 775 1742 872 1797; x_wconf 91' lang='lat' dir='ltr'><strong>pro</strong></span> <span class='ocrx_word' id='word_1_122' title='bbox 900 1726 1030 1790; x_wconf 88' lang='lat' dir='ltr'><strong>ﬁlio,</strong></span> <span class='ocrx_word' id='word_1_123' title='bbox 1060 1725 1195 1780; x_wconf 90' lang='lat' dir='ltr'><strong>alius</strong></span> <span class='ocrx_word' id='word_1_124' title='bbox 1225 1740 1324 1794; x_wconf 92' lang='lat' dir='ltr'><strong>pro</strong></span> <span class='ocrx_word' id='word_1_125' title='bbox 1352 1723 1457 1778; x_wconf 90' lang='lat' dir='ltr'><strong>alio</strong></span> <span class='ocrx_word' id='word_1_126' title='bbox 1483 1723 1684 1791; x_wconf 90' lang='lat' dir='ltr'><strong>aliquo,</strong></span> <span class='ocrx_word' id='word_1_127' title='bbox 1723 1729 1779 1775; x_wconf 91' lang='lat' dir='ltr'><strong>et</strong></span> 
     </span>
    </p>
   </div>
   <div class='ocr_carea' id='block_1_19' title="bbox 1880 542 3452 619">
    <p class='ocr_par' dir='ltr' id='par_1_19' title="bbox 1880 542 3452 619">
     <span class='ocr_line' id='line_1_19' title="bbox 1880 542 3452 619; baseline 0.005 -24"><span class='ocrx_word' id='word_1_128' title='bbox 1880 542 2030 615; x_wconf 90' lang='lat' dir='ltr'><strong>(Luc.</strong></span> <span class='ocrx_word' id='word_1_129' title='bbox 2056 545 2189 618; x_wconf 84' lang='lat' dir='ltr'><strong>vn):</strong></span> <span class='ocrx_word' id='word_1_130' title='bbox 2221 547 2356 619; x_wconf 86' lang='lat' dir='ltr'><strong>Quia</strong></span> <span class='ocrx_word' id='word_1_131' title='bbox 2383 546 2566 601; x_wconf 83' lang='lat' dir='ltr'><strong>Jesum</strong></span> <span class='ocrx_word' id='word_1_132' title='bbox 2612 561 2718 601; x_wconf 92' lang='lat' dir='ltr'><strong>non</strong></span> <span class='ocrx_word' id='word_1_133' title='bbox 2755 545 2910 617; x_wconf 83' lang='lat' dir='ltr'><strong>longe</strong></span> <span class='ocrx_word' id='word_1_134' title='bbox 2939 547 3165 601; x_wconf 88' lang='lat' dir='ltr'><strong>haberet</strong></span> <span class='ocrx_word' id='word_1_135' title='bbox 3206 563 3235 601; x_wconf 90' lang='lat' dir='ltr'><strong>a</strong></span> <span class='ocrx_word' id='word_1_136' title='bbox 3270 549 3452 612; x_wconf 89' lang='lat' dir='ltr'><strong>domo,</strong></span> 
     </span>
    </p>
   </div>
   <div class='ocr_carea' id='block_1_20' title="bbox 1881 637 3455 713">
    <p class='ocr_par' dir='ltr' id='par_1_20' title="bbox 1881 637 3455 713">
     <span class='ocr_line' id='line_1_20' title="bbox 1881 637 3455 713; baseline 0.004 -23"><span class='ocrx_word' id='word_1_137' title='bbox 1881 637 2093 692; x_wconf 88' lang='lat' dir='ltr'><strong>tametsi</strong></span> <span class='ocrx_word' id='word_1_138' title='bbox 2120 639 2219 693; x_wconf 91' lang='lat' dir='ltr'><strong>sub</strong></span> <span class='ocrx_word' id='word_1_139' title='bbox 2249 648 2446 694; x_wconf 91' lang='lat' dir='ltr'><strong>tectum</strong></span> <span class='ocrx_word' id='word_1_140' title='bbox 2481 655 2634 695; x_wconf 92' lang='lat' dir='ltr'><strong>suum</strong></span> <span class='ocrx_word' id='word_1_141' title='bbox 2672 641 2899 695; x_wconf 83' lang='lat' dir='ltr'><strong>invitare</strong></span> <span class='ocrx_word' id='word_1_142' title='bbox 2927 656 3031 695; x_wconf 93' lang='lat' dir='ltr'><strong>non</strong></span> <span class='ocrx_word' id='word_1_143' title='bbox 3060 643 3301 708; x_wconf 86' lang='lat' dir='ltr'><strong>auderet,</strong></span> <span class='ocrx_word' id='word_1_144' title='bbox 3329 644 3455 713; x_wconf 88' lang='lat' dir='ltr'><strong>quia</strong></span> 
     </span>
    </p>
   </div>
   <div class='ocr_carea' id='block_1_21' title="bbox 1877 727 3457 804">
    <p class='ocr_par' dir='ltr' id='par_1_21' title="bbox 1877 727 3457 804">
     <span class='ocr_line' id='line_1_21' title="bbox 1877 727 3457 804; baseline 0.004 -26"><span class='ocrx_word' id='word_1_145' title='bbox 1877 743 2034 796; x_wconf 81' lang='lat' dir='ltr'><strong>prope</strong></span> <span class='ocrx_word' id='word_1_146' title='bbox 2063 727 2294 782; x_wconf 74' lang='lat' dir='ltr'><strong>timentes</strong></span> <span class='ocrx_word' id='word_1_147' title='bbox 2322 745 2437 782; x_wconf 86' lang='lat' dir='ltr'><strong>eum</strong></span> <span class='ocrx_word' id='word_1_148' title='bbox 2463 728 2695 784; x_wconf 84' lang='lat' dir='ltr'><strong>salutare</strong></span> <span class='ocrx_word' id='word_1_149' title='bbox 2729 731 2892 799; x_wconf 79' lang='lat' dir='ltr'><strong>ipsius</strong></span> <span class='ocrx_word' id='word_1_150' title='bbox 2923 728 3095 802; x_wconf 87' lang='lat' dir='ltr'><strong>(Psal.</strong></span> <span class='ocrx_word' id='word_1_151' title='bbox 3121 731 3361 804; x_wconf 79' lang='lat' dir='ltr'><strong>Lxxxtv).</strong></span> <span class='ocrx_word' id='word_1_152' title='bbox 3387 732 3457 786; x_wconf 88' lang='lat' dir='ltr'><strong>Et</strong></span> 
     </span>
    </p>
   </div>
   <div class='ocr_carea' id='block_1_22' title="bbox 1878 817 3455 889">
    <p class='ocr_par' dir='ltr' id='par_1_22' title="bbox 1878 817 3455 889">
     <span class='ocr_line' id='line_1_22' title="bbox 1878 817 3455 889; baseline 0.004 -21"><span class='ocrx_word' id='word_1_153' title='bbox 1878 817 1970 885; x_wconf 88' lang='lat' dir='ltr'><strong>qui</strong></span> <span class='ocrx_word' id='word_1_154' title='bbox 2017 817 2245 870; x_wconf 87' lang='lat' dir='ltr'><strong>naturali</strong></span> <span class='ocrx_word' id='word_1_155' title='bbox 2297 817 2410 889; x_wconf 86' lang='lat' dir='ltr'><strong>lege</strong></span> <span class='ocrx_word' id='word_1_156' title='bbox 2445 826 2592 872; x_wconf 86' lang='lat' dir='ltr'><strong>recte</strong></span> <span class='ocrx_word' id='word_1_157' title='bbox 2645 819 2832 884; x_wconf 86' lang='lat' dir='ltr'><strong>utitur,</strong></span> <span class='ocrx_word' id='word_1_158' title='bbox 2865 835 2970 889; x_wconf 92' lang='lat' dir='ltr'><strong>quo</strong></span> <span class='ocrx_word' id='word_1_159' title='bbox 2999 818 3137 873; x_wconf 89' lang='lat' dir='ltr'><strong>bona</strong></span> <span class='ocrx_word' id='word_1_160' title='bbox 3163 833 3282 889; x_wconf 63' lang='lat' dir='ltr'><strong>quae</strong></span> <span class='ocrx_word' id='word_1_161' title='bbox 3310 821 3455 874; x_wconf 84' lang='lat' dir='ltr'><strong>novit</strong></span> 
     </span>
    </p>
   </div>
   <div class='ocr_carea' id='block_1_23' title="bbox 1879 907 3459 979">
    <p class='ocr_par' dir='ltr' id='par_1_23' title="bbox 1879 907 3459 979">
     <span class='ocr_line' id='line_1_23' title="bbox 1879 907 3459 979; baseline 0.003 -21"><span class='ocrx_word' id='word_1_162' title='bbox 1879 907 2102 977; x_wconf 90' lang='lat' dir='ltr'><strong>gnavius</strong></span> <span class='ocrx_word' id='word_1_163' title='bbox 2130 917 2405 977; x_wconf 83' lang='lat' dir='ltr'><strong>operatur,</strong></span> <span class='ocrx_word' id='word_1_164' title='bbox 2438 925 2503 964; x_wconf 91' lang='lat' dir='ltr'><strong>eo</strong></span> <span class='ocrx_word' id='word_1_165' title='bbox 2542 908 2615 962; x_wconf 84' lang='lat' dir='ltr'><strong>illi</strong></span> <span class='ocrx_word' id='word_1_166' title='bbox 2645 910 2736 978; x_wconf 90' lang='lat' dir='ltr'><strong>qui</strong></span> <span class='ocrx_word' id='word_1_167' title='bbox 2764 925 2890 964; x_wconf 86' lang='lat' dir='ltr'><strong>vere</strong></span> <span class='ocrx_word' id='word_1_168' title='bbox 2921 909 3092 964; x_wconf 91' lang='lat' dir='ltr'><strong>bonus</strong></span> <span class='ocrx_word' id='word_1_169' title='bbox 3137 917 3221 964; x_wconf 89' lang='lat' dir='ltr'><strong>est</strong></span> <span class='ocrx_word' id='word_1_170' title='bbox 3259 922 3459 979; x_wconf 86' lang='lat' dir='ltr'><strong>appro-</strong></span> 
     </span>
    </p>
   </div>
   <div class='ocr_carea' id='block_1_24' title="bbox 1879 995 3454 1069">
    <p class='ocr_par' dir='ltr' id='par_1_24' title="bbox 1879 995 3454 1069">
     <span class='ocr_line' id='line_1_24' title="bbox 1879 995 3454 1069; baseline 0.003 -21"><span class='ocrx_word' id='word_1_171' title='bbox 1879 995 2010 1064; x_wconf 89' lang='lat' dir='ltr'><strong>piat.</strong></span> <span class='ocrx_word' id='word_1_172' title='bbox 2056 996 2123 1050; x_wconf 87' lang='lat' dir='ltr'><strong>At</strong></span> <span class='ocrx_word' id='word_1_173' title='bbox 2149 998 2238 1066; x_wconf 88' lang='lat' dir='ltr'><strong>qui</strong></span> <span class='ocrx_word' id='word_1_174' title='bbox 2265 998 2437 1052; x_wconf 87' lang='lat' dir='ltr'><strong>errori</strong></span> <span class='ocrx_word' id='word_1_175' title='bbox 2464 997 2781 1069; x_wconf 86' lang='lat' dir='ltr'><strong>gentilitatis</strong></span> <span class='ocrx_word' id='word_1_176' title='bbox 2810 999 2972 1052; x_wconf 90' lang='lat' dir='ltr'><strong>etiam</strong></span> <span class='ocrx_word' id='word_1_177' title='bbox 3002 999 3229 1053; x_wconf 91' lang='lat' dir='ltr'><strong>crimina</strong></span> <span class='ocrx_word' id='word_1_178' title='bbox 3253 998 3454 1068; x_wconf 83' lang='lat' dir='ltr'><strong>junxe-</strong></span> 
     </span>
    </p>
   </div>
   <div class='ocr_carea' id='block_1_25' title="bbox 1882 1085 3451 1156">
    <p class='ocr_par' dir='ltr' id='par_1_25' title="bbox 1882 1085 3451 1156">
     <span class='ocr_line' id='line_1_25' title="bbox 1882 1085 3451 1156; baseline 0.004 -21"><span class='ocrx_word' id='word_1_179' title='bbox 1882 1092 2027 1150; x_wconf 89' lang='lat' dir='ltr'><strong>runt,</strong></span> <span class='ocrx_word' id='word_1_180' title='bbox 2056 1085 2139 1139; x_wconf 91' lang='lat' dir='ltr'><strong>his</strong></span> <span class='ocrx_word' id='word_1_181' title='bbox 2166 1086 2337 1155; x_wconf 90' lang='lat' dir='ltr'><strong>aptari</strong></span> <span class='ocrx_word' id='word_1_182' title='bbox 2363 1096 2540 1155; x_wconf 86' lang='lat' dir='ltr'><strong>potest</strong></span> <span class='ocrx_word' id='word_1_183' title='bbox 2567 1087 2710 1156; x_wconf 92' lang='lat' dir='ltr'><strong>quod</strong></span> <span class='ocrx_word' id='word_1_184' title='bbox 2741 1086 3132 1142; x_wconf 84' lang='lat' dir='ltr'><strong>conﬂuentibus</strong></span> <span class='ocrx_word' id='word_1_185' title='bbox 3159 1087 3225 1141; x_wconf 91' lang='lat' dir='ltr'><strong>ad</strong></span> <span class='ocrx_word' id='word_1_186' title='bbox 3251 1103 3311 1142; x_wconf 92' lang='lat' dir='ltr'><strong>se</strong></span> <span class='ocrx_word' id='word_1_187' title='bbox 3337 1095 3451 1142; x_wconf 86' lang='lat' dir='ltr'><strong>tur-</strong></span> 
     </span>
    </p>
   </div>
   <div class='ocr_carea' id='block_1_26' title="bbox 1862 1165 3455 1250">
    <p class='ocr_par' dir='ltr' id='par_1_26' title="bbox 1862 1165 3455 1250">
     <span class='ocr_line' id='line_1_26' title="bbox 1862 1165 3455 1250; baseline 0.004 -22"><span class='ocrx_word' id='word_1_188' title='bbox 1862 1165 1967 1228; x_wconf 8' lang='lat' dir='ltr'><strong>ibis</strong></span> <span class='ocrx_word' id='word_1_189' title='bbox 1995 1175 2123 1228; x_wconf 90' lang='lat' dir='ltr'><strong>alibi</strong></span> <span class='ocrx_word' id='word_1_190' title='bbox 2148 1176 2408 1233; x_wconf 90' lang='lat' dir='ltr'><strong>Dominus</strong></span> <span class='ocrx_word' id='word_1_191' title='bbox 2442 1177 2516 1230; x_wconf 87' lang='lat' dir='ltr'><strong>ait</strong></span> <span class='ocrx_word' id='word_1_192' title='bbox 2541 1194 2554 1228; x_wconf 92' lang='lat'>:</span> <span class='ocrx_word' id='word_1_193' title='bbox 2583 1177 2812 1244; x_wconf 82' lang='lat' dir='ltr'><strong>Quidam</strong></span> <span class='ocrx_word' id='word_1_194' title='bbox 2848 1178 2986 1232; x_wconf 81' lang='lat' dir='ltr'><strong>enim</strong></span> <span class='ocrx_word' id='word_1_195' title='bbox 3011 1193 3075 1231; x_wconf 72' lang='lat' dir='ltr'><strong>ex</strong></span> <span class='ocrx_word' id='word_1_196' title='bbox 3100 1177 3180 1232; x_wconf 85' lang='lat' dir='ltr'><strong>his</strong></span> <span class='ocrx_word' id='word_1_197' title='bbox 3219 1178 3282 1232; x_wconf 89' lang='lat' dir='ltr'><strong>de</strong></span> <span class='ocrx_word' id='word_1_198' title='bbox 3304 1177 3455 1250; x_wconf 81' lang='lat' dir='ltr'><strong>longe</strong></span> 
     </span>
    </p>
   </div>
   <div class='ocr_carea' id='block_1_27' title="bbox 1879 1265 3134 1343">
    <p class='ocr_par' dir='ltr' id='par_1_27' title="bbox 1879 1265 3134 1343">
     <span class='ocr_line' id='line_1_27' title="bbox 1879 1265 3134 1343; baseline 0.002 -24"><span class='ocrx_word' id='word_1_199' title='bbox 1879 1275 2128 1319; x_wconf 81' lang='lat' dir='ltr'><strong>venerunt</strong></span> <span class='ocrx_word' id='word_1_200' title='bbox 2155 1265 2347 1337; x_wconf 82' lang='lat' dir='ltr'><strong>(Marc.</strong></span> <span class='ocrx_word' id='word_1_201' title='bbox 2381 1268 2523 1339; x_wconf 74' lang='lat' dir='ltr'><strong>vnn).</strong></span> <span class='ocrx_word' id='word_1_202' title='bbox 3123 1336 3134 1343; x_wconf 83' lang='lat'><strong><em>_</em></strong></span> 
     </span>
    </p>
   </div>
   <div class='ocr_carea' id='block_1_28' title="bbox 1953 1357 3455 1428">
    <p class='ocr_par' dir='ltr' id='par_1_28' title="bbox 1953 1357 3455 1428">
     <span class='ocr_line' id='line_1_28' title="bbox 1953 1357 3455 1428; baseline 0 -17"><span class='ocrx_word' id='word_1_203' title='bbox 1953 1357 2058 1411; x_wconf 89' lang='lat' dir='ltr'><strong>Sed</strong></span> <span class='ocrx_word' id='word_1_204' title='bbox 2108 1367 2310 1411; x_wconf 89' lang='lat' dir='ltr'><strong>tantum</strong></span> <span class='ocrx_word' id='word_1_205' title='bbox 2355 1359 2439 1412; x_wconf 85' lang='lat' dir='ltr'><strong>dic</strong></span> <span class='ocrx_word' id='word_1_206' title='bbox 2485 1359 2658 1425; x_wconf 87' lang='lat' dir='ltr'><strong>verba,</strong></span> <span class='ocrx_word' id='word_1_207' title='bbox 2710 1368 2756 1413; x_wconf 87' lang='lat' dir='ltr'><strong>et</strong></span> <span class='ocrx_word' id='word_1_208' title='bbox 2804 1359 3078 1413; x_wconf 77' lang='lat' dir='ltr'><strong>siinabitur</strong></span> <span class='ocrx_word' id='word_1_209' title='bbox 3113 1376 3242 1428; x_wconf 85' lang='lat' dir='ltr'><strong>puer</strong></span> <span class='ocrx_word' id='word_1_210' title='bbox 3290 1376 3455 1422; x_wconf 78' lang='lat' dir='ltr'><strong>meus.</strong></span> 
     </span>
    </p>
   </div>
   <div class='ocr_carea' id='block_1_29' title="bbox 1881 1445 3458 1520">
    <p class='ocr_par' dir='ltr' id='par_1_29' title="bbox 1881 1445 3458 1520">
     <span class='ocr_line' id='line_1_29' title="bbox 1881 1445 3458 1520; baseline 0.006 -22"><span class='ocrx_word' id='word_1_211' title='bbox 1881 1445 2072 1517; x_wconf 82' lang='lat' dir='ltr'><strong>Magna</strong></span> <span class='ocrx_word' id='word_1_212' title='bbox 2112 1447 2245 1503; x_wconf 91' lang='lat' dir='ltr'><strong>ﬁdes</strong></span> <span class='ocrx_word' id='word_1_213' title='bbox 2287 1451 2640 1516; x_wconf 84' lang='lat' dir='ltr'><strong>centurionis,</strong></span> <span class='ocrx_word' id='word_1_214' title='bbox 2672 1462 2777 1520; x_wconf 89' lang='lat' dir='ltr'><strong>qua</strong></span> <span class='ocrx_word' id='word_1_215' title='bbox 2808 1451 2956 1505; x_wconf 83' lang='lat' dir='ltr'><strong>verbi</strong></span> <span class='ocrx_word' id='word_1_216' title='bbox 2982 1465 3117 1520; x_wconf 91' lang='lat' dir='ltr'><strong>opus</strong></span> <span class='ocrx_word' id='word_1_217' title='bbox 3158 1451 3210 1504; x_wconf 90' lang='lat' dir='ltr'><strong>in</strong></span> <span class='ocrx_word' id='word_1_218' title='bbox 3239 1450 3458 1508; x_wconf 89' lang='lat' dir='ltr'><strong>Christo</strong></span> 
     </span>
    </p>
   </div>
   <div class='ocr_carea' id='block_1_30' title="bbox 1880 1525 3446 1610">
    <p class='ocr_par' dir='ltr' id='par_1_30' title="bbox 1880 1525 3446 1610">
     <span class='ocr_line' id='line_1_30' title="bbox 1880 1525 3446 1610; baseline 0.004 -20"><span class='ocrx_word' id='word_1_219' title='bbox 1880 1536 2186 1603; x_wconf 81' lang='lat' dir='ltr'><strong>conﬁtet‘ur,</strong></span> <span class='ocrx_word' id='word_1_220' title='bbox 2221 1547 2275 1592; x_wconf 92' lang='lat' dir='ltr'><strong>et</strong></span> <span class='ocrx_word' id='word_1_221' title='bbox 2301 1548 2501 1594; x_wconf 74' lang='lat' dir='ltr'><strong>nostra:</strong></span> <span class='ocrx_word' id='word_1_222' title='bbox 2544 1540 2838 1594; x_wconf 87' lang='lat' dir='ltr'><strong>sanationis</strong></span> <span class='ocrx_word' id='word_1_223' title='bbox 2877 1539 3217 1594; x_wconf 88' lang='lat' dir='ltr'><strong>accommoda</strong></span> <span class='ocrx_word' id='word_1_224' title='bbox 3255 1525 3446 1610; x_wconf 86' lang='lat' dir='ltr'><strong>myste-</strong></span> 
     </span>
    </p>
   </div>
   <div class='ocr_carea' id='block_1_31' title="bbox 1883 1627 3455 1696">
    <p class='ocr_par' dir='ltr' id='par_1_31' title="bbox 1883 1627 3455 1696">
     <span class='ocr_line' id='line_1_31' title="bbox 1883 1627 3455 1696; baseline 0.003 -16"><span class='ocrx_word' id='word_1_225' title='bbox 1883 1627 1998 1692; x_wconf 89' lang='lat' dir='ltr'><strong>riis,</strong></span> <span class='ocrx_word' id='word_1_226' title='bbox 2021 1629 2110 1696; x_wconf 92' lang='lat' dir='ltr'><strong>qui</strong></span> <span class='ocrx_word' id='word_1_227' title='bbox 2135 1629 2238 1685; x_wconf 90' lang='lat' dir='ltr'><strong>etsi</strong></span> <span class='ocrx_word' id='word_1_228' title='bbox 2261 1645 2586 1686; x_wconf 90' lang='lat' dir='ltr'><strong>noveramus</strong></span> <span class='ocrx_word' id='word_1_229' title='bbox 2605 1631 2900 1686; x_wconf 88' lang='lat' dir='ltr'><strong>secundum</strong></span> <span class='ocrx_word' id='word_1_230' title='bbox 2924 1645 3141 1686; x_wconf 90' lang='lat' dir='ltr'><strong>carnem</strong></span> <span class='ocrx_word' id='word_1_231' title='bbox 3162 1629 3455 1695; x_wconf 86' lang='lat' dir='ltr'><strong>Christum,</strong></span> 
     </span>
    </p>
   </div>
   <div class='ocr_carea' id='block_1_32' title="bbox 1881 1716 2711 1792">
    <p class='ocr_par' dir='ltr' id='par_1_32' title="bbox 1881 1716 2711 1792">
     <span class='ocr_line' id='line_1_32' title="bbox 1881 1716 2711 1792; baseline 0.01 -22"><span class='ocrx_word' id='word_1_232' title='bbox 1881 1718 1974 1772; x_wconf 89' lang='lat' dir='ltr'><strong>sed</strong></span> <span class='ocrx_word' id='word_1_233' title='bbox 1993 1716 2106 1785; x_wconf 88' lang='lat' dir='ltr'><strong>jam</strong></span> <span class='ocrx_word' id='word_1_234' title='bbox 2134 1735 2275 1775; x_wconf 89' lang='lat' dir='ltr'><strong>nunc</strong></span> <span class='ocrx_word' id='word_1_235' title='bbox 2301 1737 2425 1792; x_wconf 50' lang='lat' dir='ltr'><strong>non.</strong></span> <span class='ocrx_word' id='word_1_236' title='bbox 2443 1723 2711 1778; x_wconf 88' lang='lat' dir='ltr'><strong>novimus.</strong></span> 
     </span>
    </p>
   </div>
   <div class='ocr_carea' id='block_1_33' title="bbox 170 1808 3457 1889">
    <p class='ocr_par' dir='ltr' id='par_1_33' title="bbox 170 1808 3457 1889">
     <span class='ocr_line' id='line_1_33' title="bbox 170 1808 3457 1889; baseline -0.002 -15"><span class='ocrx_word' id='word_1_237' title='bbox 170 1816 382 1874; x_wconf 43' lang='lat' dir='ltr'><strong>&quot;nullus</strong></span> <span class='ocrx_word' id='word_1_238' title='bbox 400 1835 497 1889; x_wconf 82' lang='lat' dir='ltr'><strong>pro</strong></span> <span class='ocrx_word' id='word_1_239' title='bbox 521 1835 697 1884; x_wconf 88' lang='lat' dir='ltr'><strong>servo,</strong></span> <span class='ocrx_word' id='word_1_240' title='bbox 715 1819 815 1873; x_wconf 85' lang='lat' dir='ltr'><strong>nisi</strong></span> <span class='ocrx_word' id='word_1_241' title='bbox 841 1818 942 1872; x_wconf 83' lang='lat' dir='ltr'><strong>iste</strong></span> <span class='ocrx_word' id='word_1_242' title='bbox 959 1818 1121 1872; x_wconf 90' lang='lat' dir='ltr'><strong>solus.</strong></span> <span class='ocrx_word' id='word_1_243' title='bbox 1141 1817 1324 1871; x_wconf 87' lang='lat' dir='ltr'><strong>Ethoc</strong></span> <span class='ocrx_word' id='word_1_244' title='bbox 1346 1817 1410 1871; x_wconf 91' lang='lat' dir='ltr'><strong>ad</strong></span> <span class='ocrx_word' id='word_1_245' title='bbox 1435 1823 1778 1885; x_wconf 84' lang='lat' dir='ltr'><strong>augmentum</strong></span> <span class='ocrx_word' id='word_1_246' title='bbox 1813 1809 1857 1866; x_wconf 88' lang='grc' dir='ltr'><strong>Β</strong></span> <span class='ocrx_word' id='word_1_247' title='bbox 1958 1808 2100 1863; x_wconf 87' lang='lat' dir='ltr'><strong>Nam</strong></span> <span class='ocrx_word' id='word_1_248' title='bbox 2137 1822 2184 1865; x_wconf 91' lang='lat' dir='ltr'><strong>et</strong></span> <span class='ocrx_word' id='word_1_249' title='bbox 2227 1827 2319 1881; x_wconf 85' lang='lat' dir='ltr'><strong>ego</strong></span> <span class='ocrx_word' id='word_1_250' title='bbox 2349 1813 2502 1865; x_wconf 92' lang='lat' dir='ltr'><strong>homo</strong></span> <span class='ocrx_word' id='word_1_251' title='bbox 2542 1830 2679 1878; x_wconf 87' lang='lat' dir='ltr'><strong>sum,</strong></span> <span class='ocrx_word' id='word_1_252' title='bbox 2719 1812 2814 1867; x_wconf 86' lang='lat' dir='ltr'><strong>sub</strong></span> <span class='ocrx_word' id='word_1_253' title='bbox 2840 1822 3091 1882; x_wconf 82' lang='lat' dir='ltr'><strong>potestate</strong></span> <span class='ocrx_word' id='word_1_254' title='bbox 3126 1813 3457 1878; x_wconf 85' lang='lat' dir='ltr'><strong>constitutus,</strong></span> 
     </span>
    </p>
   </div>
   <div class='ocr_carea' id='block_1_34' title="bbox 189 1898 1777 1978">
    <p class='ocr_par' dir='ltr' id='par_1_34' title="bbox 189 1898 1777 1978">
     <span class='ocr_line' id='line_1_34' title="bbox 189 1898 1777 1978; baseline -0.003 -13"><span class='ocrx_word' id='word_1_255' title='bbox 189 1911 568 1975; x_wconf 85' lang='lat' dir='ltr'><strong>beatitudinis,</strong></span> <span class='ocrx_word' id='word_1_256' title='bbox 592 1911 658 1965; x_wconf 91' lang='lat' dir='ltr'><strong>ad</strong></span> <span class='ocrx_word' id='word_1_257' title='bbox 682 1925 932 1965; x_wconf 90' lang='lat' dir='ltr'><strong>coronam</strong></span> <span class='ocrx_word' id='word_1_258' title='bbox 957 1909 1138 1978; x_wconf 67' lang='lat' dir='ltr'><strong>gloriae</strong></span> <span class='ocrx_word' id='word_1_259' title='bbox 1161 1916 1300 1973; x_wconf 88' lang='lat' dir='ltr'><strong>erat,</strong></span> <span class='ocrx_word' id='word_1_260' title='bbox 1329 1908 1472 1977; x_wconf 92' lang='lat' dir='ltr'><strong>quod</strong></span> <span class='ocrx_word' id='word_1_261' title='bbox 1497 1898 1594 1975; x_wconf 78' lang='lat' dir='ltr'><strong>pro</strong></span> <span class='ocrx_word' id='word_1_262' title='bbox 1620 1920 1777 1960; x_wconf 90' lang='lat' dir='ltr'><strong>servo</strong></span> 
     </span>
    </p>
   </div>
   <div class='ocr_carea' id='block_1_35' title="bbox 190 1997 1778 2069">
    <p class='ocr_par' dir='ltr' id='par_1_35' title="bbox 190 1997 1778 2069">
     <span class='ocr_line' id='line_1_35' title="bbox 190 1997 1778 2069; baseline -0.003 -15"><span class='ocrx_word' id='word_1_263' title='bbox 190 2007 315 2054; x_wconf 82' lang='lat' dir='ltr'><strong>tam</strong></span> <span class='ocrx_word' id='word_1_264' title='bbox 346 2001 620 2055; x_wconf 87' lang='lat' dir='ltr'><strong>humiliter</strong></span> <span class='ocrx_word' id='word_1_265' title='bbox 645 2001 928 2054; x_wconf 90' lang='lat' dir='ltr'><strong>Dominum</strong></span> <span class='ocrx_word' id='word_1_266' title='bbox 960 1998 1356 2069; x_wconf 83' lang='lat' dir='ltr'><strong>interpellabat,</strong></span> <span class='ocrx_word' id='word_1_267' title='bbox 1387 2000 1609 2054; x_wconf 90' lang='lat' dir='ltr'><strong>dicens:</strong></span> <span class='ocrx_word' id='word_1_268' title='bbox 1636 1997 1778 2051; x_wconf 86' lang='lat' dir='ltr'><strong>Puer</strong></span> 
     </span>
    </p>
   </div>
   <div class='ocr_carea' id='block_1_36' title="bbox 189 2075 1776 2161">
    <p class='ocr_par' dir='ltr' id='par_1_36' title="bbox 189 2075 1776 2161">
     <span class='ocr_line' id='line_1_36' title="bbox 189 2075 1776 2161; baseline -0.003 -16"><span class='ocrx_word' id='word_1_269' title='bbox 189 2107 349 2145; x_wconf 82' lang='lat' dir='ltr'><strong>meus</strong></span> <span class='ocrx_word' id='word_1_270' title='bbox 369 2092 510 2161; x_wconf 86' lang='lat' dir='ltr'><strong>jacet</strong></span> <span class='ocrx_word' id='word_1_271' title='bbox 549 2092 602 2145; x_wconf 87' lang='lat' dir='ltr'><strong>in</strong></span> <span class='ocrx_word' id='word_1_272' title='bbox 634 2092 819 2155; x_wconf 88' lang='lat' dir='ltr'><strong>domo;</strong></span> <span class='ocrx_word' id='word_1_273' title='bbox 869 2106 970 2144; x_wconf 92' lang='lat' dir='ltr'><strong>non</strong></span> <span class='ocrx_word' id='word_1_274' title='bbox 1004 2075 1056 2143; x_wconf 84' lang='lat' dir='ltr'><strong>in</strong></span> <span class='ocrx_word' id='word_1_275' title='bbox 1083 2105 1186 2144; x_wconf 90' lang='lat' dir='ltr'><strong>una</strong></span> <span class='ocrx_word' id='word_1_276' title='bbox 1220 2105 1278 2143; x_wconf 90' lang='lat' dir='ltr'><strong>re</strong></span> <span class='ocrx_word' id='word_1_277' title='bbox 1304 2097 1510 2142; x_wconf 90' lang='lat' dir='ltr'><strong>tantum</strong></span> <span class='ocrx_word' id='word_1_278' title='bbox 1551 2087 1776 2141; x_wconf 79' lang='lat' dir='ltr'><strong>misera-</strong></span> 
     </span>
    </p>
   </div>
   <div class='ocr_carea' id='block_1_37' title="bbox 191 2177 1778 2251">
    <p class='ocr_par' dir='ltr' id='par_1_37' title="bbox 191 2177 1778 2251">
     <span class='ocr_line' id='line_1_37' title="bbox 191 2177 1778 2251; baseline -0.003 -17"><span class='ocrx_word' id='word_1_279' title='bbox 191 2181 346 2247; x_wconf 81' lang='lat' dir='ltr'><strong>bilis,</strong></span> <span class='ocrx_word' id='word_1_280' title='bbox 374 2181 514 2250; x_wconf 88' lang='lat' dir='ltr'><strong>quod</strong></span> <span class='ocrx_word' id='word_1_281' title='bbox 532 2181 698 2251; x_wconf 80' lang='lat' dir='ltr'><strong>jacet,</strong></span> <span class='ocrx_word' id='word_1_282' title='bbox 725 2181 816 2236; x_wconf 90' lang='lat' dir='ltr'><strong>sed</strong></span> <span class='ocrx_word' id='word_1_283' title='bbox 838 2188 890 2235; x_wconf 88' lang='lat' dir='ltr'><strong>et</strong></span> <span class='ocrx_word' id='word_1_284' title='bbox 916 2181 968 2234; x_wconf 86' lang='lat' dir='ltr'><strong>in</strong></span> <span class='ocrx_word' id='word_1_285' title='bbox 993 2180 1116 2245; x_wconf 91' lang='lat' dir='ltr'><strong>alia,</strong></span> <span class='ocrx_word' id='word_1_286' title='bbox 1144 2178 1285 2248; x_wconf 90' lang='lat' dir='ltr'><strong>quod</strong></span> <span class='ocrx_word' id='word_1_287' title='bbox 1307 2177 1649 2248; x_wconf 80' lang='lat' dir='ltr'><strong>paralyticus,</strong></span> <span class='ocrx_word' id='word_1_288' title='bbox 1671 2185 1778 2231; x_wconf 87' lang='lat' dir='ltr'><strong>ter-</strong></span> 
     </span>
    </p>
   </div>
   <div class='ocr_carea' id='block_1_38' title="bbox 193 2267 1777 2341">
    <p class='ocr_par' dir='ltr' id='par_1_38' title="bbox 193 2267 1777 2341">
     <span class='ocr_line' id='line_1_38' title="bbox 193 2267 1777 2341; baseline -0.002 -17"><span class='ocrx_word' id='word_1_289' title='bbox 193 2271 278 2325; x_wconf 89' lang='lat' dir='ltr'><strong>tia</strong></span> <span class='ocrx_word' id='word_1_290' title='bbox 299 2272 437 2340; x_wconf 86' lang='lat' dir='ltr'><strong>quod</strong></span> <span class='ocrx_word' id='word_1_291' title='bbox 461 2271 598 2324; x_wconf 89' lang='lat' dir='ltr'><strong>male</strong></span> <span class='ocrx_word' id='word_1_292' title='bbox 618 2279 907 2341; x_wconf 82' lang='lat' dir='ltr'><strong>torquetur.</strong></span> <span class='ocrx_word' id='word_1_293' title='bbox 937 2269 1125 2324; x_wconf 91' lang='lat' dir='ltr'><strong>Omnia</strong></span> <span class='ocrx_word' id='word_1_294' title='bbox 1152 2269 1297 2325; x_wconf 90' lang='lat' dir='ltr'><strong>enim</strong></span> <span class='ocrx_word' id='word_1_295' title='bbox 1323 2268 1424 2323; x_wconf 91' lang='lat' dir='ltr'><strong>ista</strong></span> <span class='ocrx_word' id='word_1_296' title='bbox 1450 2283 1571 2322; x_wconf 90' lang='lat' dir='ltr'><strong>cum</strong></span> <span class='ocrx_word' id='word_1_297' title='bbox 1594 2267 1777 2322; x_wconf 89' lang='lat' dir='ltr'><strong>dolore</strong></span> 
     </span>
    </p>
   </div>
   <div class='ocr_carea' id='block_1_39' title="bbox 191 2350 1801 2434">
    <p class='ocr_par' dir='ltr' id='par_1_39' title="bbox 191 2350 1801 2434">
     <span class='ocr_line' id='line_1_39' title="bbox 191 2350 1801 2434; baseline -0.001 -21"><span class='ocrx_word' id='word_1_298' title='bbox 191 2358 621 2429; x_wconf 81' lang='lat' dir='ltr'><strong>cognominavit,</strong></span> <span class='ocrx_word' id='word_1_299' title='bbox 655 2366 709 2414; x_wconf 91' lang='lat' dir='ltr'><strong>et</strong></span> <span class='ocrx_word' id='word_1_300' title='bbox 749 2358 1034 2428; x_wconf 70' lang='lat' dir='ltr'><strong>iacentem,</strong></span> <span class='ocrx_word' id='word_1_301' title='bbox 1063 2366 1115 2414; x_wconf 89' lang='lat' dir='ltr'><strong>et</strong></span> <span class='ocrx_word' id='word_1_302' title='bbox 1141 2355 1538 2434; x_wconf 84' lang='lat' dir='ltr'><strong>-paralyticum,</strong></span> <span class='ocrx_word' id='word_1_303' title='bbox 1569 2365 1622 2413; x_wconf 90' lang='lat' dir='ltr'><strong>et</strong></span> <span class='ocrx_word' id='word_1_304' title='bbox 1646 2350 1801 2412; x_wconf 74' lang='lat' dir='ltr'><strong>dure“</strong></span> 
     </span>
    </p>
   </div>
   <div class='ocr_carea' id='block_1_40' title="bbox 195 2446 1776 2519">
    <p class='ocr_par' dir='ltr' id='par_1_40' title="bbox 195 2446 1776 2519">
     <span class='ocr_line' id='line_1_40' title="bbox 195 2446 1776 2519; baseline -0.001 -16"><span class='ocrx_word' id='word_1_305' title='bbox 195 2450 510 2514; x_wconf 85' lang='lat' dir='ltr'><strong>detentum;</strong></span> <span class='ocrx_word' id='word_1_306' title='bbox 546 2450 666 2504; x_wconf 90' lang='lat' dir='ltr'><strong>ideo</strong></span> <span class='ocrx_word' id='word_1_307' title='bbox 695 2457 883 2509; x_wconf 60' lang='lat' dir='ltr'><strong>utsuae</strong></span> <span class='ocrx_word' id='word_1_308' title='bbox 909 2449 1102 2503; x_wconf 65' lang='lat' dir='ltr'><strong>animm</strong></span> <span class='ocrx_word' id='word_1_309' title='bbox 1128 2449 1404 2519; x_wconf 84' lang='lat' dir='ltr'><strong>angustias</strong></span> <span class='ocrx_word' id='word_1_310' title='bbox 1433 2446 1776 2503; x_wconf 81' lang='lat' dir='ltr'><strong>demonstra-</strong></span> 
     </span>
    </p>
   </div>
   <div class='ocr_carea' id='block_1_41' title="bbox 197 2539 1778 2610">
    <p class='ocr_par' dir='ltr' id='par_1_41' title="bbox 197 2539 1778 2610">
     <span class='ocr_line' id='line_1_41' title="bbox 197 2539 1778 2610; baseline 0 -16"><span class='ocrx_word' id='word_1_311' title='bbox 197 2550 308 2605; x_wconf 86' lang='lat' dir='ltr'><strong>ret,</strong></span> <span class='ocrx_word' id='word_1_312' title='bbox 359 2549 415 2596; x_wconf 91' lang='lat' dir='ltr'><strong>et</strong></span> <span class='ocrx_word' id='word_1_313' title='bbox 445 2541 729 2596; x_wconf 91' lang='lat' dir='ltr'><strong>Dominum</strong></span> <span class='ocrx_word' id='word_1_314' title='bbox 777 2547 1182 2606; x_wconf 85' lang='lat' dir='ltr'><strong>commoveret,</strong></span> <span class='ocrx_word' id='word_1_315' title='bbox 1242 2547 1506 2610; x_wconf 89' lang='lat' dir='ltr'><strong>qualenus</strong></span> <span class='ocrx_word' id='word_1_316' title='bbox 1545 2546 1601 2594; x_wconf 89' lang='lat' dir='ltr'><strong>et</strong></span> <span class='ocrx_word' id='word_1_317' title='bbox 1637 2539 1778 2594; x_wconf 88' lang='lat' dir='ltr'><strong>illius</strong></span> 
     </span>
    </p>
   </div>
   <div class='ocr_carea' id='block_1_42' title="bbox 199 2621 1776 2695">
    <p class='ocr_par' dir='ltr' id='par_1_42' title="bbox 199 2621 1776 2695">
     <span class='ocr_line' id='line_1_42' title="bbox 199 2621 1776 2695; baseline -0.001 -10"><span class='ocrx_word' id='word_1_318' title='bbox 199 2630 509 2685; x_wconf 86' lang='lat' dir='ltr'><strong>cruciatum</strong></span> <span class='ocrx_word' id='word_1_319' title='bbox 536 2639 883 2695; x_wconf 87' lang='lat' dir='ltr'><strong>monstraret,</strong></span> <span class='ocrx_word' id='word_1_320' title='bbox 923 2639 977 2685; x_wconf 91' lang='lat' dir='ltr'><strong>et</strong></span> <span class='ocrx_word' id='word_1_321' title='bbox 1003 2631 1213 2685; x_wconf 90' lang='lat' dir='ltr'><strong>Domini</strong></span> <span class='ocrx_word' id='word_1_322' title='bbox 1238 2621 1664 2685; x_wconf 79' lang='lat' dir='ltr'><strong>benevOIeutiam</strong></span> <span class='ocrx_word' id='word_1_323' title='bbox 1697 2631 1776 2683; x_wconf 85' lang='lat' dir='ltr'><strong>in-</strong></span> 
     </span>
    </p>
   </div>
   <div class='ocr_carea' id='block_1_43' title="bbox 199 2707 1776 2788">
    <p class='ocr_par' dir='ltr' id='par_1_43' title="bbox 199 2707 1776 2788">
     <span class='ocr_line' id='line_1_43' title="bbox 199 2707 1776 2788; baseline 0 -16"><span class='ocrx_word' id='word_1_324' title='bbox 199 2717 417 2773; x_wconf 85' lang='lat' dir='ltr'><strong>vitaret.</strong></span> <span class='ocrx_word' id='word_1_325' title='bbox 449 2717 539 2774; x_wconf 90' lang='lat' dir='ltr'><strong>Sic</strong></span> <span class='ocrx_word' id='word_1_326' title='bbox 562 2718 758 2774; x_wconf 87' lang='lat' dir='ltr'><strong>debent</strong></span> <span class='ocrx_word' id='word_1_327' title='bbox 794 2734 980 2774; x_wconf 91' lang='lat' dir='ltr'><strong>omnes</strong></span> <span class='ocrx_word' id='word_1_328' title='bbox 1009 2720 1099 2788; x_wconf 78' lang='lat' dir='ltr'><strong>qui</strong></span> <span class='ocrx_word' id='word_1_329' title='bbox 1131 2707 1360 2774; x_wconf 80' lang='lat' dir='ltr'><strong>famulos</strong></span> <span class='ocrx_word' id='word_1_330' title='bbox 1389 2719 1589 2774; x_wconf 89' lang='lat' dir='ltr'><strong>habent</strong></span> <span class='ocrx_word' id='word_1_331' title='bbox 1615 2727 1669 2774; x_wconf 91' lang='lat' dir='ltr'><strong>et</strong></span> <span class='ocrx_word' id='word_1_332' title='bbox 1695 2719 1776 2772; x_wconf 85' lang='lat' dir='ltr'><strong>fa-</strong></span> 
     </span>
    </p>
   </div>
   <div class='ocr_carea' id='block_1_44' title="bbox 197 2807 1776 2878">
    <p class='ocr_par' dir='ltr' id='par_1_44' title="bbox 197 2807 1776 2878">
     <span class='ocr_line' id='line_1_44' title="bbox 197 2807 1776 2878; baseline 0.001 -17"><span class='ocrx_word' id='word_1_333' title='bbox 197 2807 399 2873; x_wconf 87' lang='lat' dir='ltr'><strong>mulas,</strong></span> <span class='ocrx_word' id='word_1_334' title='bbox 429 2808 697 2878; x_wconf 86' lang='lat' dir='ltr'><strong>cogitare,</strong></span> <span class='ocrx_word' id='word_1_335' title='bbox 729 2808 806 2862; x_wconf 92' lang='lat' dir='ltr'><strong>sic</strong></span> <span class='ocrx_word' id='word_1_336' title='bbox 849 2807 1113 2874; x_wconf 87' lang='lat' dir='ltr'><strong>misereri,</strong></span> <span class='ocrx_word' id='word_1_337' title='bbox 1144 2810 1221 2864; x_wconf 89' lang='lat' dir='ltr'><strong>sic</strong></span> <span class='ocrx_word' id='word_1_338' title='bbox 1248 2809 1531 2864; x_wconf 88' lang='lat' dir='ltr'><strong>condolere</strong></span> <span class='ocrx_word' id='word_1_339' title='bbox 1557 2808 1652 2872; x_wconf 90' lang='lat' dir='ltr'><strong>eis,</strong></span> <span class='ocrx_word' id='word_1_340' title='bbox 1691 2810 1776 2863; x_wconf 87' lang='lat' dir='ltr'><strong>sic</strong></span> 
     </span>
    </p>
   </div>
   <div class='ocr_carea' id='block_1_45' title="bbox 199 2898 1776 2968">
    <p class='ocr_par' dir='ltr' id='par_1_45' title="bbox 199 2898 1776 2968">
     <span class='ocr_line' id='line_1_45' title="bbox 199 2898 1776 2968; baseline 0.001 -16"><span class='ocrx_word' id='word_1_341' title='bbox 199 2898 526 2968; x_wconf 88' lang='lat' dir='ltr'><strong>supplicare,</strong></span> <span class='ocrx_word' id='word_1_342' title='bbox 561 2898 639 2952; x_wconf 92' lang='lat' dir='ltr'><strong>sic</strong></span> <span class='ocrx_word' id='word_1_343' title='bbox 666 2913 848 2952; x_wconf 90' lang='lat' dir='ltr'><strong>curam</strong></span> <span class='ocrx_word' id='word_1_344' title='bbox 887 2899 1085 2954; x_wconf 87' lang='lat' dir='ltr'><strong>habere</strong></span> <span class='ocrx_word' id='word_1_345' title='bbox 1128 2902 1194 2954; x_wconf 91' lang='lat' dir='ltr'><strong>de</strong></span> <span class='ocrx_word' id='word_1_346' title='bbox 1221 2899 1392 2955; x_wconf 88' lang='lat' dir='ltr'><strong>servis</strong></span> <span class='ocrx_word' id='word_1_347' title='bbox 1433 2901 1569 2967; x_wconf 84' lang='lat' dir='ltr'><strong>suis,</strong></span> <span class='ocrx_word' id='word_1_348' title='bbox 1600 2899 1684 2954; x_wconf 89' lang='lat' dir='ltr'><strong>vel</strong></span> <span class='ocrx_word' id='word_1_349' title='bbox 1710 2899 1776 2954; x_wconf 91' lang='lat' dir='ltr'><strong>de</strong></span> 
     </span>
    </p>
   </div>
   <div class='ocr_carea' id='block_1_46' title="bbox 200 2986 1455 3052">
    <p class='ocr_par' dir='ltr' id='par_1_46' title="bbox 200 2986 1455 3052">
     <span class='ocr_line' id='line_1_46' title="bbox 200 2986 1455 3052; baseline 0.002 -12"><span class='ocrx_word' id='word_1_350' title='bbox 200 2986 434 3052; x_wconf 87' lang='lat' dir='ltr'><strong>ancillis,</strong></span> <span class='ocrx_word' id='word_1_351' title='bbox 457 2988 597 3042; x_wconf 90' lang='lat' dir='ltr'><strong>sicut</strong></span> <span class='ocrx_word' id='word_1_352' title='bbox 621 2995 676 3041; x_wconf 89' lang='lat' dir='ltr'><strong>et</strong></span> <span class='ocrx_word' id='word_1_353' title='bbox 702 2988 790 3042; x_wconf 91' lang='lat' dir='ltr'><strong>ille</strong></span> <span class='ocrx_word' id='word_1_354' title='bbox 813 2989 1002 3044; x_wconf 87' lang='lat' dir='ltr'><strong>beatus</strong></span> <span class='ocrx_word' id='word_1_355' title='bbox 1033 2992 1280 3046; x_wconf 91' lang='lat' dir='ltr'><strong>centurio</strong></span> <span class='ocrx_word' id='word_1_356' title='bbox 1309 2991 1455 3046; x_wconf 87' lang='lat' dir='ltr'><strong>fecit.</strong></span> 
     </span>
    </p>
   </div>
   <div class='ocr_carea' id='block_1_47' title="bbox 274 3075 1771 3150">
    <p class='ocr_par' dir='ltr' id='par_1_47' title="bbox 274 3075 1771 3150">
     <span class='ocr_line' id='line_1_47' title="bbox 274 3075 1771 3150; baseline 0.006 -20"><span class='ocrx_word' id='word_1_357' title='bbox 274 3075 344 3130; x_wconf 83' lang='lat' dir='ltr'><strong>Et</strong></span> <span class='ocrx_word' id='word_1_358' title='bbox 396 3079 470 3131; x_wconf 83' lang='lat' dir='ltr'><strong>ait</strong></span> <span class='ocrx_word' id='word_1_359' title='bbox 519 3077 598 3131; x_wconf 86' lang='lat' dir='ltr'><strong>illi</strong></span> <span class='ocrx_word' id='word_1_360' title='bbox 643 3077 842 3133; x_wconf 76' lang='lat' dir='ltr'><strong>Iesus:</strong></span> <span class='ocrx_word' id='word_1_361' title='bbox 875 3079 982 3150; x_wconf 81' lang='lat' dir='ltr'><strong>Ego</strong></span> <span class='ocrx_word' id='word_1_362' title='bbox 1035 3081 1258 3146; x_wconf 86' lang='lat' dir='ltr'><strong>veniam,</strong></span> <span class='ocrx_word' id='word_1_363' title='bbox 1296 3093 1344 3135; x_wconf 87' lang='lat' dir='ltr'><strong>et</strong></span> <span class='ocrx_word' id='word_1_364' title='bbox 1391 3083 1584 3136; x_wconf 83' lang='lat' dir='ltr'><strong>curabo</strong></span> <span class='ocrx_word' id='word_1_365' title='bbox 1633 3100 1771 3140; x_wconf 89' lang='lat' dir='ltr'><strong>eum.</strong></span> 
     </span>
    </p>
   </div>
   <div class='ocr_carea' id='block_1_48' title="bbox 1878 1899 3458 1974">
    <p class='ocr_par' dir='ltr' id='par_1_48' title="bbox 1878 1899 3458 1974">
     <span class='ocr_line' id='line_1_48' title="bbox 1878 1899 3458 1974; baseline 0.003 -23"><span class='ocrx_word' id='word_1_366' title='bbox 1878 1899 2072 1952; x_wconf 82' lang='lat' dir='ltr'><strong>habens</strong></span> <span class='ocrx_word' id='word_1_367' title='bbox 2105 1900 2200 1953; x_wconf 92' lang='lat' dir='ltr'><strong>sub</strong></span> <span class='ocrx_word' id='word_1_368' title='bbox 2236 1917 2318 1955; x_wconf 87' lang='lat' dir='ltr'><strong>me</strong></span> <span class='ocrx_word' id='word_1_369' title='bbox 2351 1901 2563 1956; x_wconf 86' lang='lat' dir='ltr'><strong>milites.</strong></span> <span class='ocrx_word' id='word_1_370' title='bbox 2617 1901 2813 1974; x_wconf 85' lang='lat' dir='ltr'><strong>(Orig.)</strong></span> <span class='ocrx_word' id='word_1_371' title='bbox 2843 1903 3121 1970; x_wconf 86' lang='lat' dir='ltr'><strong>Quomodo</strong></span> <span class='ocrx_word' id='word_1_372' title='bbox 3158 1918 3188 1957; x_wconf 87' lang='lat' dir='ltr'><strong>a</strong></span> <span class='ocrx_word' id='word_1_373' title='bbox 3219 1903 3458 1957; x_wconf 79' lang='lat' dir='ltr'><strong>tenebris</strong></span> 
     </span>
    </p>
   </div>
   <div class='ocr_carea' id='block_1_49' title="bbox 1879 1990 3496 2072">
    <p class='ocr_par' dir='ltr' id='par_1_49' title="bbox 1879 1990 3496 2072">
     <span class='ocr_line' id='line_1_49' title="bbox 1879 1990 3496 2072; baseline 0.003 -30"><span class='ocrx_word' id='word_1_374' title='bbox 1879 1990 2119 2058; x_wconf 89' lang='lat' dir='ltr'><strong>gentium</strong></span> <span class='ocrx_word' id='word_1_375' title='bbox 2163 1998 2371 2045; x_wconf 88' lang='lat' dir='ltr'><strong>tantum</strong></span> <span class='ocrx_word' id='word_1_376' title='bbox 2395 1994 2660 2062; x_wconf 84' lang='lat' dir='ltr'><strong>processit</strong></span> <span class='ocrx_word' id='word_1_377' title='bbox 2693 1993 2916 2048; x_wconf 86' lang='lat' dir='ltr'><strong>lumen?</strong></span> <span class='ocrx_word' id='word_1_378' title='bbox 2966 1993 3244 2059; x_wconf 86' lang='lat' dir='ltr'><strong>Quomodo</strong></span> <span class='ocrx_word' id='word_1_379' title='bbox 3268 2007 3455 2072; x_wconf 73' lang='lat' dir='ltr'><strong>eorum</strong></span> <span class='ocrx_word' id='word_1_380' title='bbox 3479 2041 3496 2047; x_wconf 91' lang='lat'><em>_</em></span> 
     </span>
    </p>
   </div>
   <div class='ocr_carea' id='block_1_50' title="bbox 1879 2079 3457 2151">
    <p class='ocr_par' dir='ltr' id='par_1_50' title="bbox 1879 2079 3457 2151">
     <span class='ocr_line' id='line_1_50' title="bbox 1879 2079 3457 2151; baseline 0.003 -18"><span class='ocrx_word' id='word_1_381' title='bbox 1879 2079 2047 2134; x_wconf 89' lang='lat' dir='ltr'><strong>Deum</strong></span> <span class='ocrx_word' id='word_1_382' title='bbox 2084 2096 2191 2135; x_wconf 89' lang='lat' dir='ltr'><strong>non</strong></span> <span class='ocrx_word' id='word_1_383' title='bbox 2222 2084 2661 2151; x_wconf 86' lang='lat' dir='ltr'><strong>cognoscentium</strong></span> <span class='ocrx_word' id='word_1_384' title='bbox 2692 2090 2842 2137; x_wconf 89' lang='lat' dir='ltr'><strong>tanta</strong></span> <span class='ocrx_word' id='word_1_385' title='bbox 2874 2083 3220 2137; x_wconf 87' lang='lat' dir='ltr'><strong>manifestata</strong></span> <span class='ocrx_word' id='word_1_386' title='bbox 3265 2091 3349 2137; x_wconf 91' lang='lat' dir='ltr'><strong>est</strong></span> <span class='ocrx_word' id='word_1_387' title='bbox 3371 2081 3457 2151; x_wconf 83' lang='lat' dir='ltr'><strong>ju-</strong></span> 
     </span>
    </p>
   </div>
   <div class='ocr_carea' id='block_1_51' title="bbox 1878 2167 3456 2235">
    <p class='ocr_par' dir='ltr' id='par_1_51' title="bbox 1878 2167 3456 2235">
     <span class='ocr_line' id='line_1_51' title="bbox 1878 2167 3456 2235; baseline 0.002 -13"><span class='ocrx_word' id='word_1_388' title='bbox 1878 2168 2063 2222; x_wconf 86' lang='lat' dir='ltr'><strong>stitia?</strong></span> <span class='ocrx_word' id='word_1_389' title='bbox 2088 2167 2364 2235; x_wconf 86' lang='lat' dir='ltr'><strong>Quomodo</strong></span> <span class='ocrx_word' id='word_1_390' title='bbox 2390 2186 2456 2224; x_wconf 82' lang='lat' dir='ltr'><strong>ex</strong></span> <span class='ocrx_word' id='word_1_391' title='bbox 2481 2186 2577 2225; x_wconf 90' lang='lat' dir='ltr'><strong>ore</strong></span> <span class='ocrx_word' id='word_1_392' title='bbox 2606 2172 2890 2226; x_wconf 86' lang='lat' dir='ltr'><strong>stultorum</strong></span> <span class='ocrx_word' id='word_1_393' title='bbox 2921 2172 3078 2227; x_wconf 92' lang='lat' dir='ltr'><strong>idolis</strong></span> <span class='ocrx_word' id='word_1_394' title='bbox 3108 2171 3456 2227; x_wconf 87' lang='lat' dir='ltr'><strong>servientium</strong></span> 
     </span>
    </p>
   </div>
   <div class='ocr_carea' id='block_1_52' title="bbox 1881 2258 3458 2332">
    <p class='ocr_par' dir='ltr' id='par_1_52' title="bbox 1881 2258 3458 2332">
     <span class='ocr_line' id='line_1_52' title="bbox 1881 2258 3458 2332; baseline 0.002 -21"><span class='ocrx_word' id='word_1_395' title='bbox 1881 2265 1990 2312; x_wconf 89' lang='lat' dir='ltr'><strong>tam</strong></span> <span class='ocrx_word' id='word_1_396' title='bbox 2012 2258 2229 2330; x_wconf 89' lang='lat' dir='ltr'><strong>limpida</strong></span> <span class='ocrx_word' id='word_1_397' title='bbox 2251 2259 2451 2314; x_wconf 76' lang='lat' dir='ltr'><strong>eﬁ‘ulsit</strong></span> <span class='ocrx_word' id='word_1_398' title='bbox 2476 2260 2628 2316; x_wconf 88' lang='lat' dir='ltr'><strong>ﬁdes.</strong></span> <span class='ocrx_word' id='word_1_399' title='bbox 2652 2259 2865 2332; x_wconf 88' lang='lat' dir='ltr'><strong>(Beda.)</strong></span> <span class='ocrx_word' id='word_1_400' title='bbox 2893 2260 3176 2316; x_wconf 85' lang='lat' dir='ltr'><strong>Hominem</strong></span> <span class='ocrx_word' id='word_1_401' title='bbox 3201 2275 3259 2315; x_wconf 88' lang='lat' dir='ltr'><strong>se</strong></span> <span class='ocrx_word' id='word_1_402' title='bbox 3280 2268 3336 2315; x_wconf 88' lang='lat' dir='ltr'><strong>et</strong></span> <span class='ocrx_word' id='word_1_403' title='bbox 3361 2275 3458 2329; x_wconf 89' lang='lat' dir='ltr'><strong>po-</strong></span> 
     </span>
    </p>
   </div>
   <div class='ocr_carea' id='block_1_53' title="bbox 1880 2347 3458 2419">
    <p class='ocr_par' dir='ltr' id='par_1_53' title="bbox 1880 2347 3458 2419">
     <span class='ocr_line' id='line_1_53' title="bbox 1880 2347 3458 2419; baseline 0.003 -20"><span class='ocrx_word' id='word_1_404' title='bbox 1880 2348 2058 2402; x_wconf 89' lang='lat' dir='ltr'><strong>testati</strong></span> <span class='ocrx_word' id='word_1_405' title='bbox 2084 2347 2167 2402; x_wconf 90' lang='lat' dir='ltr'><strong>vel</strong></span> <span class='ocrx_word' id='word_1_406' title='bbox 2197 2349 2418 2415; x_wconf 90' lang='lat' dir='ltr'><strong>tribuni,</strong></span> <span class='ocrx_word' id='word_1_407' title='bbox 2436 2349 2519 2404; x_wconf 91' lang='lat' dir='ltr'><strong>vel</strong></span> <span class='ocrx_word' id='word_1_408' title='bbox 2548 2351 2794 2419; x_wconf 70' lang='lat' dir='ltr'><strong>praesidis</strong></span> <span class='ocrx_word' id='word_1_409' title='bbox 2824 2351 3096 2406; x_wconf 90' lang='lat' dir='ltr'><strong>subditum</strong></span> <span class='ocrx_word' id='word_1_410' title='bbox 3123 2351 3270 2416; x_wconf 78' lang='lat' dir='ltr'><strong>dieit,</strong></span> <span class='ocrx_word' id='word_1_411' title='bbox 3288 2351 3458 2418; x_wconf 89' lang='lat' dir='ltr'><strong>impe-</strong></span> 
     </span>
    </p>
   </div>
   <div class='ocr_carea' id='block_1_54' title="bbox 1879 2438 3454 2506">
    <p class='ocr_par' dir='ltr' id='par_1_54' title="bbox 1879 2438 3454 2506">
     <span class='ocr_line' id='line_1_54' title="bbox 1879 2438 3454 2506; baseline 0.001 -17"><span class='ocrx_word' id='word_1_412' title='bbox 1879 2450 2001 2490; x_wconf 89' lang='lat' dir='ltr'><strong>rare</strong></span> <span class='ocrx_word' id='word_1_413' title='bbox 2039 2443 2218 2490; x_wconf 90' lang='lat' dir='ltr'><strong>tamen</strong></span> <span class='ocrx_word' id='word_1_414' title='bbox 2264 2452 2426 2506; x_wconf 90' lang='lat' dir='ltr'><strong>posse</strong></span> <span class='ocrx_word' id='word_1_415' title='bbox 2472 2438 2806 2504; x_wconf 89' lang='lat' dir='ltr'><strong>minoribus;</strong></span> <span class='ocrx_word' id='word_1_416' title='bbox 2855 2448 2914 2493; x_wconf 91' lang='lat' dir='ltr'><strong>ut</strong></span> <span class='ocrx_word' id='word_1_417' title='bbox 2952 2439 3304 2494; x_wconf 90' lang='lat' dir='ltr'><strong>subaudiatur</strong></span> <span class='ocrx_word' id='word_1_418' title='bbox 3331 2454 3454 2494; x_wconf 90' lang='lat' dir='ltr'><strong>eum</strong></span> 
     </span>
    </p>
   </div>
   <div class='ocr_carea' id='block_1_55' title="bbox 1877 2516 3448 2599">
    <p class='ocr_par' dir='ltr' id='par_1_55' title="bbox 1877 2516 3448 2599">
     <span class='ocr_line' id='line_1_55' title="bbox 1877 2516 3448 2599; baseline 0.001 -19"><span class='ocrx_word' id='word_1_419' title='bbox 1877 2526 2047 2580; x_wconf 87' lang='lat' dir='ltr'><strong>multo</strong></span> <span class='ocrx_word' id='word_1_420' title='bbox 2080 2526 2254 2599; x_wconf 83' lang='lat' dir='ltr'><strong>magis</strong></span> <span class='ocrx_word' id='word_1_421' title='bbox 2275 2529 2365 2597; x_wconf 92' lang='lat' dir='ltr'><strong>qui</strong></span> <span class='ocrx_word' id='word_1_422' title='bbox 2386 2528 2528 2584; x_wconf 89' lang='lat' dir='ltr'><strong>Deus</strong></span> <span class='ocrx_word' id='word_1_423' title='bbox 2554 2529 2626 2584; x_wconf 88' lang='lat' dir='ltr'><strong>sit</strong></span> <span class='ocrx_word' id='word_1_424' title='bbox 2653 2538 2708 2583; x_wconf 88' lang='lat' dir='ltr'><strong>et</strong></span> <span class='ocrx_word' id='word_1_425' title='bbox 2735 2516 2902 2599; x_wconf 81' lang='lat' dir='ltr'><strong>super</strong></span> <span class='ocrx_word' id='word_1_426' title='bbox 2919 2530 3097 2584; x_wconf 89' lang='lat' dir='ltr'><strong>omnia</strong></span> <span class='ocrx_word' id='word_1_427' title='bbox 3126 2537 3335 2597; x_wconf 87' lang='lat' dir='ltr'><strong>p0tens,</strong></span> <span class='ocrx_word' id='word_1_428' title='bbox 3366 2528 3448 2582; x_wconf 83' lang='lat' dir='ltr'><strong>in-</strong></span> 
     </span>
    </p>
   </div>
   <div class='ocr_carea' id='block_1_56' title="bbox 1875 2619 3455 2690">
    <p class='ocr_par' dir='ltr' id='par_1_56' title="bbox 1875 2619 3455 2690">
     <span class='ocr_line' id='line_1_56' title="bbox 1875 2619 3455 2690; baseline 0.003 -20"><span class='ocrx_word' id='word_1_429' title='bbox 1875 2633 2158 2672; x_wconf 90' lang='lat' dir='ltr'><strong>numeram</strong></span> <span class='ocrx_word' id='word_1_430' title='bbox 2207 2619 2424 2675; x_wconf 88' lang='lat' dir='ltr'><strong>virtutis</strong></span> <span class='ocrx_word' id='word_1_431' title='bbox 2468 2620 2743 2690; x_wconf 66' lang='lat' dir='ltr'><strong>angelicae,</strong></span> <span class='ocrx_word' id='word_1_432' title='bbox 2789 2634 2909 2690; x_wconf 87' lang='lat' dir='ltr'><strong>quae</strong></span> <span class='ocrx_word' id='word_1_433' title='bbox 2947 2620 3012 2674; x_wconf 90' lang='lat' dir='ltr'><strong>ad</strong></span> <span class='ocrx_word' id='word_1_434' title='bbox 3045 2621 3300 2690; x_wconf 83' lang='lat' dir='ltr'><strong>imperata</strong></span> <span class='ocrx_word' id='word_1_435' title='bbox 3356 2621 3455 2674; x_wconf 87' lang='lat' dir='ltr'><strong>ob-</strong></span> 
     </span>
    </p>
   </div>
   <div class='ocr_carea' id='block_1_57' title="bbox 1881 2709 3454 2787">
    <p class='ocr_par' dir='ltr' id='par_1_57' title="bbox 1881 2709 3454 2787">
     <span class='ocr_line' id='line_1_57' title="bbox 1881 2709 3454 2787; baseline 0.001 -25"><span class='ocrx_word' id='word_1_436' title='bbox 1881 2715 2170 2776; x_wconf 86' lang='lat' dir='ltr'><strong>temperet,</strong></span> <span class='ocrx_word' id='word_1_437' title='bbox 2198 2709 2400 2787; x_wconf 80' lang='lat' dir='ltr'><strong>habere</strong></span> <span class='ocrx_word' id='word_1_438' title='bbox 2438 2711 2720 2775; x_wconf 87' lang='lat' dir='ltr'><strong>militiam;</strong></span> <span class='ocrx_word' id='word_1_439' title='bbox 2757 2719 2813 2765; x_wconf 91' lang='lat' dir='ltr'><strong>et</strong></span> <span class='ocrx_word' id='word_1_440' title='bbox 2849 2710 3027 2766; x_wconf 90' lang='lat' dir='ltr'><strong>dicere</strong></span> <span class='ocrx_word' id='word_1_441' title='bbox 3063 2710 3357 2764; x_wconf 86' lang='lat' dir='ltr'><strong>inﬁrmitati</strong></span> <span class='ocrx_word' id='word_1_442' title='bbox 3397 2719 3454 2766; x_wconf 90' lang='lat' dir='ltr'><strong>ut</strong></span> 
     </span>
    </p>
   </div>
   <div class='ocr_carea' id='block_1_58' title="bbox 1880 2801 3450 2871">
    <p class='ocr_par' dir='ltr' id='par_1_58' title="bbox 1880 2801 3450 2871">
     <span class='ocr_line' id='line_1_58' title="bbox 1880 2801 3450 2871; baseline 0.003 -17"><span class='ocrx_word' id='word_1_443' title='bbox 1880 2801 2115 2866; x_wconf 69' lang='lat' dir='ltr'><strong>recedat,</strong></span> <span class='ocrx_word' id='word_1_444' title='bbox 2143 2809 2197 2856; x_wconf 90' lang='lat' dir='ltr'><strong>et</strong></span> <span class='ocrx_word' id='word_1_445' title='bbox 2235 2803 2475 2870; x_wconf 89' lang='lat' dir='ltr'><strong>recedet,</strong></span> <span class='ocrx_word' id='word_1_446' title='bbox 2510 2811 2564 2859; x_wconf 92' lang='lat' dir='ltr'><strong>et</strong></span> <span class='ocrx_word' id='word_1_447' title='bbox 2593 2803 2813 2858; x_wconf 89' lang='lat' dir='ltr'><strong>sanitati</strong></span> <span class='ocrx_word' id='word_1_448' title='bbox 2844 2813 2902 2858; x_wconf 93' lang='lat' dir='ltr'><strong>ut</strong></span> <span class='ocrx_word' id='word_1_449' title='bbox 2925 2804 3124 2868; x_wconf 87' lang='lat' dir='ltr'><strong>veniat,</strong></span> <span class='ocrx_word' id='word_1_450' title='bbox 3155 2813 3212 2859; x_wconf 88' lang='lat' dir='ltr'><strong>et</strong></span> <span class='ocrx_word' id='word_1_451' title='bbox 3243 2805 3450 2871; x_wconf 86' lang='lat' dir='ltr'><strong>veniet;</strong></span> 
     </span>
    </p>
   </div>
   <div class='ocr_carea' id='block_1_59' title="bbox 1878 2893 3452 2966">
    <p class='ocr_par' dir='ltr' id='par_1_59' title="bbox 1878 2893 3452 2966">
     <span class='ocr_line' id='line_1_59' title="bbox 1878 2893 3452 2966; baseline 0.004 -20"><span class='ocrx_word' id='word_1_452' title='bbox 1878 2893 2058 2947; x_wconf 89' lang='lat' dir='ltr'><strong>omnia</strong></span> <span class='ocrx_word' id='word_1_453' title='bbox 2101 2894 2246 2948; x_wconf 92' lang='lat' dir='ltr'><strong>enim</strong></span> <span class='ocrx_word' id='word_1_454' title='bbox 2281 2903 2456 2964; x_wconf 89' lang='lat' dir='ltr'><strong>potes,</strong></span> <span class='ocrx_word' id='word_1_455' title='bbox 2505 2897 2628 2966; x_wconf 86' lang='lat' dir='ltr'><strong>quia</strong></span> <span class='ocrx_word' id='word_1_456' title='bbox 2672 2896 3012 2966; x_wconf 89' lang='lat' dir='ltr'><strong>omnipotens</strong></span> <span class='ocrx_word' id='word_1_457' title='bbox 3063 2899 3156 2952; x_wconf 81' lang='lat' dir='ltr'><strong>es?</strong></span> <span class='ocrx_word' id='word_1_458' title='bbox 3202 2896 3327 2952; x_wconf 88' lang='lat' dir='ltr'><strong>Inde</strong></span> <span class='ocrx_word' id='word_1_459' title='bbox 3368 2913 3452 2953; x_wconf 79' lang='lat' dir='ltr'><strong>se-</strong></span> 
     </span>
    </p>
   </div>
   <div class='ocr_carea' id='block_1_60' title="bbox 1876 2983 2097 3051">
    <p class='ocr_par' dir='ltr' id='par_1_60' title="bbox 1876 2983 2097 3051">
     <span class='ocr_line' id='line_1_60' title="bbox 1876 2983 2097 3051; baseline 0.023 -18"><span class='ocrx_word' id='word_1_460' title='bbox 1876 2983 2060 3051; x_wconf 89' lang='lat' dir='ltr'><strong>quitur</strong></span> <span class='ocrx_word' id='word_1_461' title='bbox 2085 3001 2097 3037; x_wconf 91' lang='lat'><strong>:</strong></span> 
     </span>
    </p>
   </div>
   <div class='ocr_carea' id='block_1_61' title="bbox 1946 3070 3452 3147">
    <p class='ocr_par' dir='ltr' id='par_1_61' title="bbox 1946 3070 3452 3147">
     <span class='ocr_line' id='line_1_61' title="bbox 1946 3070 3452 3147; baseline 0.004 -23"><span class='ocrx_word' id='word_1_462' title='bbox 1946 3070 2016 3124; x_wconf 80' lang='lat' dir='ltr'><strong>Et</strong></span> <span class='ocrx_word' id='word_1_463' title='bbox 2043 3073 2158 3126; x_wconf 86' lang='lat' dir='ltr'><strong>dico</strong></span> <span class='ocrx_word' id='word_1_464' title='bbox 2181 3074 2325 3140; x_wconf 89' lang='lat' dir='ltr'><strong>huic,</strong></span> <span class='ocrx_word' id='word_1_465' title='bbox 2354 3073 2512 3141; x_wconf 82' lang='lat' dir='ltr'><strong>Vade,</strong></span> <span class='ocrx_word' id='word_1_466' title='bbox 2543 3084 2591 3129; x_wconf 90' lang='lat' dir='ltr'><strong>et</strong></span> <span class='ocrx_word' id='word_1_467' title='bbox 2619 3075 2791 3147; x_wconf 81' lang='lat' dir='ltr'><strong>vadit;</strong></span> <span class='ocrx_word' id='word_1_468' title='bbox 2816 3086 2864 3129; x_wconf 91' lang='lat' dir='ltr'><strong>et</strong></span> <span class='ocrx_word' id='word_1_469' title='bbox 2885 3075 3014 3141; x_wconf 81' lang='lat' dir='ltr'><strong>alii,‘</strong></span> <span class='ocrx_word' id='word_1_470' title='bbox 3041 3074 3188 3143; x_wconf 87' lang='lat' dir='ltr'><strong>Veni,</strong></span> <span class='ocrx_word' id='word_1_471' title='bbox 3206 3087 3254 3132; x_wconf 84' lang='lat' dir='ltr'><strong>et</strong></span> <span class='ocrx_word' id='word_1_472' title='bbox 3283 3079 3452 3144; x_wconf 79' lang='lat' dir='ltr'><strong>venit;</strong></span> 
     </span>
    </p>
   </div>
   <div class='ocr_carea' id='block_1_62' title="bbox 200 3149 3454 3243">
    <p class='ocr_par' dir='ltr' id='par_1_62' title="bbox 200 3149 3454 3243">
     <span class='ocr_line' id='line_1_62' title="bbox 200 3149 3454 3243; baseline 0.004 -31"><span class='ocrx_word' id='word_1_473' title='bbox 200 3165 470 3241; x_wconf 58' lang='grc' dir='ltr'><strong>(Βία-οη)</strong></span> <span class='ocrx_word' id='word_1_474' title='bbox 513 3169 704 3240; x_wconf 68' lang='lat' dir='ltr'><strong>magna</strong></span> <span class='ocrx_word' id='word_1_475' title='bbox 728 3169 941 3225; x_wconf 74' lang='lat' dir='ltr'><strong>Domini</strong></span> <span class='ocrx_word' id='word_1_476' title='bbox 987 3173 1307 3238; x_wconf 59' lang='lat' dir='ltr'><strong>sublimius,</strong></span> <span class='ocrx_word' id='word_1_477' title='bbox 1337 3176 1426 3243; x_wconf 73' lang='lat' dir='ltr'><strong>qui</strong></span> <span class='ocrx_word' id='word_1_478' title='bbox 1467 3175 1580 3229; x_wconf 72' lang='grc' dir='ltr'><strong>δοιο</strong></span> <span class='ocrx_word' id='word_1_479' title='bbox 1610 3175 1775 3229; x_wconf 56' lang='lat' dir='ltr'><strong>verba</strong></span> <span class='ocrx_word' id='word_1_480' title='bbox 1803 3149 1847 3210; x_wconf 87' lang='lat' dir='ltr'><strong>C</strong></span> <span class='ocrx_word' id='word_1_481' title='bbox 1877 3170 1923 3214; x_wconf 89' lang='lat' dir='ltr'><strong>et</strong></span> <span class='ocrx_word' id='word_1_482' title='bbox 1948 3179 2092 3216; x_wconf 85' lang='lat' dir='ltr'><strong>servo</strong></span> <span class='ocrx_word' id='word_1_483' title='bbox 2114 3182 2245 3228; x_wconf 88' lang='lat' dir='ltr'><strong>meo,</strong></span> <span class='ocrx_word' id='word_1_484' title='bbox 2273 3163 2386 3218; x_wconf 85' lang='lat' dir='ltr'><strong>Fac</strong></span> <span class='ocrx_word' id='word_1_485' title='bbox 2406 3166 2524 3231; x_wconf 90' lang='lat' dir='ltr'><strong>hoc,</strong></span> <span class='ocrx_word' id='word_1_486' title='bbox 2552 3175 2597 3219; x_wconf 88' lang='lat' dir='ltr'><strong>et</strong></span> <span class='ocrx_word' id='word_1_487' title='bbox 2623 3165 2767 3234; x_wconf 80' lang='lat' dir='ltr'><strong>facit.</strong></span> <span class='ocrx_word' id='word_1_488' title='bbox 2792 3165 2990 3239; x_wconf 86' lang='lat' dir='ltr'><strong>(Hier.)</strong></span> <span class='ocrx_word' id='word_1_489' title='bbox 3023 3167 3143 3222; x_wconf 82' lang='lat' dir='ltr'><strong>Vult</strong></span> <span class='ocrx_word' id='word_1_490' title='bbox 3168 3170 3454 3225; x_wconf 87' lang='lat' dir='ltr'><strong>ostendere</strong></span> 
     </span>
    </p>
   </div>
   <div class='ocr_carea' id='block_1_63' title="bbox 197 3259 1777 3334">
    <p class='ocr_par' dir='ltr' id='par_1_63' title="bbox 197 3259 1777 3334">
     <span class='ocr_line' id='line_1_63' title="bbox 197 3259 1777 3334; baseline 0.002 -20"><span class='ocrx_word' id='word_1_491' title='bbox 197 3273 392 3314; x_wconf 88' lang='lat' dir='ltr'><strong>curare</strong></span> <span class='ocrx_word' id='word_1_492' title='bbox 415 3259 648 3326; x_wconf 87' lang='lat' dir='ltr'><strong>valebat,</strong></span> <span class='ocrx_word' id='word_1_493' title='bbox 675 3261 768 3316; x_wconf 91' lang='lat' dir='ltr'><strong>sed</strong></span> <span class='ocrx_word' id='word_1_494' title='bbox 795 3276 899 3316; x_wconf 91' lang='lat' dir='ltr'><strong>non</strong></span> <span class='ocrx_word' id='word_1_495' title='bbox 926 3261 1101 3317; x_wconf 91' lang='lat' dir='ltr'><strong>minor</strong></span> <span class='ocrx_word' id='word_1_496' title='bbox 1124 3263 1419 3328; x_wconf 88' lang='lat' dir='ltr'><strong>humilitas,</strong></span> <span class='ocrx_word' id='word_1_497' title='bbox 1446 3265 1535 3334; x_wconf 90' lang='lat' dir='ltr'><strong>qui</strong></span> <span class='ocrx_word' id='word_1_498' title='bbox 1563 3280 1777 3319; x_wconf 87' lang='lat' dir='ltr'><strong>servum</strong></span> 
     </span>
    </p>
   </div>
   <div class='ocr_carea' id='block_1_64' title="bbox 200 3349 1778 3424">
    <p class='ocr_par' dir='ltr' id='par_1_64' title="bbox 200 3349 1778 3424">
     <span class='ocr_line' id='line_1_64' title="bbox 200 3349 1778 3424; baseline 0.006 -20"><span class='ocrx_word' id='word_1_499' title='bbox 200 3349 449 3418; x_wconf 90' lang='lat' dir='ltr'><strong>dignatus</strong></span> <span class='ocrx_word' id='word_1_500' title='bbox 503 3359 584 3404; x_wconf 85' lang='lat' dir='ltr'><strong>est</strong></span> <span class='ocrx_word' id='word_1_501' title='bbox 632 3352 852 3407; x_wconf 89' lang='lat' dir='ltr'><strong>visitare</strong></span> <span class='ocrx_word' id='word_1_502' title='bbox 909 3353 1269 3424; x_wconf 87' lang='lat' dir='ltr'><strong>languentem.</strong></span> <span class='ocrx_word' id='word_1_503' title='bbox 1350 3354 1468 3411; x_wconf 86' lang='lat' dir='ltr'><strong>Non</strong></span> <span class='ocrx_word' id='word_1_504' title='bbox 1518 3356 1778 3413; x_wconf 89' lang='lat' dir='ltr'><strong>debemus</strong></span> 
     </span>
    </p>
   </div>
   <div class='ocr_carea' id='block_1_65' title="bbox 199 3439 1777 3518">
    <p class='ocr_par' dir='ltr' id='par_1_65' title="bbox 199 3439 1777 3518">
     <span class='ocr_line' id='line_1_65' title="bbox 199 3439 1777 3518; baseline 0.006 -23"><span class='ocrx_word' id='word_1_505' title='bbox 199 3439 346 3495; x_wconf 86' lang='lat' dir='ltr'><strong>enim</strong></span> <span class='ocrx_word' id='word_1_506' title='bbox 386 3441 437 3494; x_wconf 91' lang='lat' dir='ltr'><strong>in</strong></span> <span class='ocrx_word' id='word_1_507' title='bbox 465 3441 568 3497; x_wconf 91' lang='lat' dir='ltr'><strong>hoc</strong></span> <span class='ocrx_word' id='word_1_508' title='bbox 590 3441 864 3510; x_wconf 68' lang='lat' dir='ltr'><strong>iactantia:</strong></span> <span class='ocrx_word' id='word_1_509' title='bbox 914 3461 1140 3517; x_wconf 84' lang='lat' dir='ltr'><strong>arguere</strong></span> <span class='ocrx_word' id='word_1_510' title='bbox 1164 3447 1468 3513; x_wconf 91' lang='lat' dir='ltr'><strong>Dominum,</strong></span> <span class='ocrx_word' id='word_1_511' title='bbox 1501 3449 1626 3518; x_wconf 86' lang='lat' dir='ltr'><strong>quia</strong></span> <span class='ocrx_word' id='word_1_512' title='bbox 1670 3459 1777 3504; x_wconf 87' lang='lat' dir='ltr'><strong>sta—</strong></span> 
     </span>
    </p>
   </div>
   <div class='ocr_carea' id='block_1_66' title="bbox 197 3525 1773 3602">
    <p class='ocr_par' dir='ltr' id='par_1_66' title="bbox 197 3525 1773 3602">
     <span class='ocr_line' id='line_1_66' title="bbox 197 3525 1773 3602; baseline 0.01 -24"><span class='ocrx_word' id='word_1_513' title='bbox 197 3525 299 3579; x_wconf 88' lang='lat' dir='ltr'><strong>tim</strong></span> <span class='ocrx_word' id='word_1_514' title='bbox 328 3541 386 3581; x_wconf 85' lang='lat' dir='ltr'><strong>se</strong></span> <span class='ocrx_word' id='word_1_515' title='bbox 411 3528 611 3582; x_wconf 89' lang='lat' dir='ltr'><strong>iturum</strong></span> <span class='ocrx_word' id='word_1_516' title='bbox 638 3539 691 3584; x_wconf 93' lang='lat' dir='ltr'><strong>et</strong></span> <span class='ocrx_word' id='word_1_517' title='bbox 721 3540 1031 3586; x_wconf 89' lang='lat' dir='ltr'><strong>sanaturum</strong></span> <span class='ocrx_word' id='word_1_518' title='bbox 1055 3535 1336 3602; x_wconf 88' lang='lat' dir='ltr'><strong>promittit,</strong></span> <span class='ocrx_word' id='word_1_519' title='bbox 1368 3537 1556 3592; x_wconf 92' lang='lat' dir='ltr'><strong>videns</strong></span> <span class='ocrx_word' id='word_1_520' title='bbox 1586 3547 1773 3601; x_wconf 53' lang='lat' dir='ltr'><strong>centu-</strong></span> 
     </span>
    </p>
   </div>
   <div class='ocr_carea' id='block_1_67' title="bbox 198 3616 1777 3697">
    <p class='ocr_par' dir='ltr' id='par_1_67' title="bbox 198 3616 1777 3697">
     <span class='ocr_line' id='line_1_67' title="bbox 198 3616 1777 3697; baseline 0.011 -29"><span class='ocrx_word' id='word_1_521' title='bbox 198 3616 370 3671; x_wconf 84' lang='lat' dir='ltr'><strong>rionis</strong></span> <span class='ocrx_word' id='word_1_522' title='bbox 397 3617 577 3683; x_wconf 89' lang='lat' dir='ltr'><strong>ﬁdem,</strong></span> <span class='ocrx_word' id='word_1_523' title='bbox 617 3621 994 3687; x_wconf 85' lang='lat' dir='ltr'><strong>humilitatem,</strong></span> <span class='ocrx_word' id='word_1_524' title='bbox 1029 3634 1082 3677; x_wconf 91' lang='lat' dir='ltr'><strong>et</strong></span> <span class='ocrx_word' id='word_1_525' title='bbox 1105 3626 1439 3695; x_wconf 87' lang='lat' dir='ltr'><strong>prudentiam</strong></span> <span class='ocrx_word' id='word_1_526' title='bbox 1467 3648 1481 3697; x_wconf 89' lang='lat'><strong>;</strong></span> <span class='ocrx_word' id='word_1_527' title='bbox 1509 3628 1688 3696; x_wconf 89' lang='lat' dir='ltr'><strong>ﬁdem,</strong></span> <span class='ocrx_word' id='word_1_528' title='bbox 1721 3631 1777 3684; x_wconf 89' lang='lat' dir='ltr'><strong>in</strong></span> 
     </span>
    </p>
   </div>
   <div class='ocr_carea' id='block_1_68' title="bbox 196 3708 1776 3785">
    <p class='ocr_par' dir='ltr' id='par_1_68' title="bbox 196 3708 1776 3785">
     <span class='ocr_line' id='line_1_68' title="bbox 196 3708 1776 3785; baseline 0.01 -26"><span class='ocrx_word' id='word_1_529' title='bbox 196 3718 266 3759; x_wconf 87' lang='lat' dir='ltr'><strong>eu</strong></span> <span class='ocrx_word' id='word_1_530' title='bbox 303 3708 444 3775; x_wconf 91' lang='lat' dir='ltr'><strong>quod</strong></span> <span class='ocrx_word' id='word_1_531' title='bbox 481 3723 548 3762; x_wconf 82' lang='lat' dir='ltr'><strong>ex</strong></span> <span class='ocrx_word' id='word_1_532' title='bbox 593 3711 841 3779; x_wconf 86' lang='lat' dir='ltr'><strong>gentibus</strong></span> <span class='ocrx_word' id='word_1_533' title='bbox 891 3714 1120 3768; x_wconf 88' lang='lat' dir='ltr'><strong>credidit</strong></span> <span class='ocrx_word' id='word_1_534' title='bbox 1166 3732 1391 3785; x_wconf 87' lang='lat' dir='ltr'><strong>puerum</strong></span> <span class='ocrx_word' id='word_1_535' title='bbox 1427 3734 1455 3772; x_wconf 92' lang='lat' dir='ltr'><strong>a</strong></span> <span class='ocrx_word' id='word_1_536' title='bbox 1497 3718 1776 3775; x_wconf 89' lang='lat' dir='ltr'><strong>Salvatore</strong></span> 
     </span>
    </p>
   </div>
   <div class='ocr_carea' id='block_1_69' title="bbox 197 3798 1777 3877">
    <p class='ocr_par' dir='ltr' id='par_1_69' title="bbox 197 3798 1777 3877">
     <span class='ocr_line' id='line_1_69' title="bbox 197 3798 1777 3877; baseline 0.01 -28"><span class='ocrx_word' id='word_1_537' title='bbox 197 3811 359 3864; x_wconf 83' lang='lat' dir='ltr'><strong>posse</strong></span> <span class='ocrx_word' id='word_1_538' title='bbox 389 3798 602 3863; x_wconf 88' lang='lat' dir='ltr'><strong>sanari;</strong></span> <span class='ocrx_word' id='word_1_539' title='bbox 656 3800 1037 3866; x_wconf 88' lang='lat' dir='ltr'><strong>humilitatem,</strong></span> <span class='ocrx_word' id='word_1_540' title='bbox 1083 3800 1224 3877; x_wconf 86' lang='lat' dir='ltr'><strong>quod</strong></span> <span class='ocrx_word' id='word_1_541' title='bbox 1254 3805 1593 3873; x_wconf 81' lang='lat' dir='ltr'><strong>sejudicavit</strong></span> <span class='ocrx_word' id='word_1_542' title='bbox 1639 3811 1777 3865; x_wconf 83' lang='lat' dir='ltr'><strong>imii-</strong></span> 
     </span>
    </p>
   </div>
   <div class='ocr_carea' id='block_1_70' title="bbox 196 3888 1774 3969">
    <p class='ocr_par' dir='ltr' id='par_1_70' title="bbox 196 3888 1774 3969">
     <span class='ocr_line' id='line_1_70' title="bbox 196 3888 1774 3969; baseline 0.011 -33"><span class='ocrx_word' id='word_1_543' title='bbox 196 3899 386 3954; x_wconf 86' lang='lat' dir='ltr'><strong>gnum,</strong></span> <span class='ocrx_word' id='word_1_544' title='bbox 437 3888 591 3958; x_wconf 80' lang='lat' dir='ltr'><strong>Cujus</strong></span> <span class='ocrx_word' id='word_1_545' title='bbox 645 3898 842 3944; x_wconf 86' lang='lat' dir='ltr'><strong>tectum</strong></span> <span class='ocrx_word' id='word_1_546' title='bbox 893 3892 1155 3958; x_wconf 85' lang='lat' dir='ltr'><strong>intraret;</strong></span> <span class='ocrx_word' id='word_1_547' title='bbox 1217 3895 1577 3963; x_wconf 90' lang='lat' dir='ltr'><strong>prudentiam,</strong></span> <span class='ocrx_word' id='word_1_548' title='bbox 1634 3901 1774 3969; x_wconf 91' lang='lat' dir='ltr'><strong>quod</strong></span> 
     </span>
    </p>
   </div>
   <div class='ocr_carea' id='block_1_71' title="bbox 201 3976 1773 4056">
    <p class='ocr_par' dir='ltr' id='par_1_71' title="bbox 201 3976 1773 4056">
     <span class='ocr_line' id='line_1_71' title="bbox 201 3976 1773 4056; baseline 0.008 -26"><span class='ocrx_word' id='word_1_549' title='bbox 201 3976 343 4032; x_wconf 90' lang='lat' dir='ltr'><strong>ultra</strong></span> <span class='ocrx_word' id='word_1_550' title='bbox 379 3982 619 4049; x_wconf 90' lang='lat' dir='ltr'><strong>corporis</strong></span> <span class='ocrx_word' id='word_1_551' title='bbox 658 3989 870 4050; x_wconf 83' lang='lat' dir='ltr'><strong>tegmen</strong></span> <span class='ocrx_word' id='word_1_552' title='bbox 907 3984 1237 4038; x_wconf 86' lang='lat' dir='ltr'><strong>divinitatem</strong></span> <span class='ocrx_word' id='word_1_553' title='bbox 1278 3985 1530 4041; x_wconf 89' lang='lat' dir='ltr'><strong>latentem</strong></span> <span class='ocrx_word' id='word_1_554' title='bbox 1557 3991 1773 4056; x_wconf 87' lang='lat' dir='ltr'><strong>viderit,</strong></span> 
     </span>
    </p>
   </div>
   <div class='ocr_carea' id='block_1_72' title="bbox 195 4069 1771 4145">
    <p class='ocr_par' dir='ltr' id='par_1_72' title="bbox 195 4069 1771 4145">
     <span class='ocr_line' id='line_1_72' title="bbox 195 4069 1771 4145; baseline 0.008 -21"><span class='ocrx_word' id='word_1_555' title='bbox 195 4069 378 4126; x_wconf 82' lang='lat' dir='ltr'><strong>sciens</strong></span> <span class='ocrx_word' id='word_1_556' title='bbox 407 4088 513 4126; x_wconf 88' lang='lat' dir='ltr'><strong>non</strong></span> <span class='ocrx_word' id='word_1_557' title='bbox 547 4073 600 4126; x_wconf 90' lang='lat' dir='ltr'><strong>id</strong></span> <span class='ocrx_word' id='word_1_558' title='bbox 631 4073 732 4127; x_wconf 88' lang='lat' dir='ltr'><strong>sibi</strong></span> <span class='ocrx_word' id='word_1_559' title='bbox 759 4073 1097 4142; x_wconf 90' lang='lat' dir='ltr'><strong>profuturum</strong></span> <span class='ocrx_word' id='word_1_560' title='bbox 1125 4077 1267 4145; x_wconf 91' lang='lat' dir='ltr'><strong>quod</strong></span> <span class='ocrx_word' id='word_1_561' title='bbox 1296 4079 1460 4132; x_wconf 89' lang='lat' dir='ltr'><strong>etiam</strong></span> <span class='ocrx_word' id='word_1_562' title='bbox 1498 4079 1564 4135; x_wconf 89' lang='lat' dir='ltr'><strong>ab</strong></span> <span class='ocrx_word' id='word_1_563' title='bbox 1595 4080 1771 4136; x_wconf 87' lang='lat' dir='ltr'><strong>incre-</strong></span> 
     </span>
    </p>
   </div>
   <div class='ocr_carea' id='block_1_73' title="bbox 193 4159 1769 4232">
    <p class='ocr_par' dir='ltr' id='par_1_73' title="bbox 193 4159 1769 4232">
     <span class='ocr_line' id='line_1_73' title="bbox 193 4159 1769 4232; baseline 0.008 -18"><span class='ocrx_word' id='word_1_564' title='bbox 193 4159 338 4215; x_wconf 84' lang='lat' dir='ltr'><strong>dulis</strong></span> <span class='ocrx_word' id='word_1_565' title='bbox 380 4162 701 4227; x_wconf 89' lang='lat' dir='ltr'><strong>videbatur,</strong></span> <span class='ocrx_word' id='word_1_566' title='bbox 747 4164 839 4218; x_wconf 91' lang='lat' dir='ltr'><strong>sed</strong></span> <span class='ocrx_word' id='word_1_567' title='bbox 892 4165 945 4218; x_wconf 88' lang='lat' dir='ltr'><strong>id</strong></span> <span class='ocrx_word' id='word_1_568' title='bbox 986 4167 1127 4232; x_wconf 90' lang='lat' dir='ltr'><strong>quod</strong></span> <span class='ocrx_word' id='word_1_569' title='bbox 1172 4166 1373 4222; x_wconf 91' lang='lat' dir='ltr'><strong>latebat</strong></span> <span class='ocrx_word' id='word_1_570' title='bbox 1426 4169 1769 4226; x_wconf 90' lang='lat' dir='ltr'><strong>intrinsecus.</strong></span> 
     </span>
    </p>
   </div>
   <div class='ocr_carea' id='block_1_74' title="bbox 192 4252 1773 4328">
    <p class='ocr_par' dir='ltr' id='par_1_74' title="bbox 192 4252 1773 4328">
     <span class='ocr_line' id='line_1_74' title="bbox 192 4252 1773 4328; baseline 0.008 -24"><span class='ocrx_word' id='word_1_571' title='bbox 192 4252 488 4324; x_wconf 53' lang='lat' dir='ltr'><strong>(lulianus)</strong></span> <span class='ocrx_word' id='word_1_572' title='bbox 537 4253 676 4307; x_wconf 83' lang='lat' dir='ltr'><strong>Alibi</strong></span> <span class='ocrx_word' id='word_1_573' title='bbox 720 4255 785 4307; x_wconf 88' lang='lat' dir='ltr'><strong>ad</strong></span> <span class='ocrx_word' id='word_1_574' title='bbox 839 4255 1136 4309; x_wconf 89' lang='lat' dir='ltr'><strong>sanandum</strong></span> <span class='ocrx_word' id='word_1_575' title='bbox 1183 4259 1353 4328; x_wconf 92' lang='lat' dir='ltr'><strong>reguli</strong></span> <span class='ocrx_word' id='word_1_576' title='bbox 1384 4258 1550 4314; x_wconf 89' lang='lat' dir='ltr'><strong>ﬁlium</strong></span> <span class='ocrx_word' id='word_1_577' title='bbox 1588 4262 1773 4320; x_wconf 89' lang='lat' dir='ltr'><strong>venire</strong></span> 
     </span>
    </p>
   </div>
   <div class='ocr_carea' id='block_1_75' title="bbox 195 4343 1771 4416">
    <p class='ocr_par' dir='ltr' id='par_1_75' title="bbox 195 4343 1771 4416">
     <span class='ocr_line' id='line_1_75' title="bbox 195 4343 1771 4416; baseline 0.006 -19"><span class='ocrx_word' id='word_1_578' title='bbox 195 4343 402 4405; x_wconf 88' lang='lat' dir='ltr'><strong>noluit,</strong></span> <span class='ocrx_word' id='word_1_579' title='bbox 466 4357 532 4396; x_wconf 90' lang='lat' dir='ltr'><strong>ne</strong></span> <span class='ocrx_word' id='word_1_580' title='bbox 565 4344 780 4397; x_wconf 86' lang='lat' dir='ltr'><strong>divitias</strong></span> <span class='ocrx_word' id='word_1_581' title='bbox 827 4345 1120 4400; x_wconf 89' lang='lat' dir='ltr'><strong>honorasse</strong></span> <span class='ocrx_word' id='word_1_582' title='bbox 1169 4348 1442 4403; x_wconf 87' lang='lat' dir='ltr'><strong>videretur</strong></span> <span class='ocrx_word' id='word_1_583' title='bbox 1484 4369 1496 4403; x_wconf 92' lang='lat'>:</span> <span class='ocrx_word' id='word_1_584' title='bbox 1545 4353 1652 4416; x_wconf 91' lang='lat' dir='ltr'><strong>hic,</strong></span> <span class='ocrx_word' id='word_1_585' title='bbox 1705 4368 1771 4406; x_wconf 91' lang='lat' dir='ltr'><strong>ne</strong></span> 
     </span>
    </p>
   </div>
   <div class='ocr_carea' id='block_1_76' title="bbox 191 4435 1768 4503">
    <p class='ocr_par' dir='ltr' id='par_1_76' title="bbox 191 4435 1768 4503">
     <span class='ocr_line' id='line_1_76' title="bbox 191 4435 1768 4503; baseline 0.003 -13"><span class='ocrx_word' id='word_1_586' title='bbox 191 4435 556 4490; x_wconf 82' lang='lat' dir='ltr'><strong>conditionem</strong></span> <span class='ocrx_word' id='word_1_587' title='bbox 597 4435 862 4503; x_wconf 84' lang='lat' dir='ltr'><strong>sprevisse</strong></span> <span class='ocrx_word' id='word_1_588' title='bbox 909 4436 1177 4502; x_wconf 88' lang='lat' dir='ltr'><strong>servilem,</strong></span> <span class='ocrx_word' id='word_1_589' title='bbox 1215 4439 1281 4492; x_wconf 92' lang='lat' dir='ltr'><strong>ad</strong></span> <span class='ocrx_word' id='word_1_590' title='bbox 1311 4441 1641 4495; x_wconf 88' lang='lat' dir='ltr'><strong>centurionis</strong></span> <span class='ocrx_word' id='word_1_591' title='bbox 1688 4439 1768 4495; x_wconf 83' lang='lat' dir='ltr'><strong>fa-</strong></span> 
     </span>
    </p>
   </div>
   <div class='ocr_carea' id='block_1_77' title="bbox 196 4523 978 4578">
    <p class='ocr_par' dir='ltr' id='par_1_77' title="bbox 196 4523 978 4578">
     <span class='ocr_line' id='line_1_77' title="bbox 196 4523 978 4578; baseline 0 0"><span class='ocrx_word' id='word_1_592' title='bbox 196 4523 399 4578; x_wconf 85' lang='lat' dir='ltr'><strong>mulum</strong></span> <span class='ocrx_word' id='word_1_593' title='bbox 431 4539 552 4578; x_wconf 80' lang='lat' dir='ltr'><strong>mox</strong></span> <span class='ocrx_word' id='word_1_594' title='bbox 588 4525 665 4577; x_wconf 89' lang='lat' dir='ltr'><strong>ire</strong></span> <span class='ocrx_word' id='word_1_595' title='bbox 693 4525 978 4578; x_wconf 84' lang='lat' dir='ltr'><strong>consentit.</strong></span> 
     </span>
    </p>
   </div>
   <div class='ocr_carea' id='block_1_78' title="bbox 269 4613 1765 4683">
    <p class='ocr_par' dir='ltr' id='par_1_78' title="bbox 269 4613 1765 4683">
     <span class='ocr_line' id='line_1_78' title="bbox 269 4613 1765 4683; baseline 0.006 -18"><span class='ocrx_word' id='word_1_596' title='bbox 269 4613 335 4665; x_wconf 83' lang='lat' dir='ltr'><strong>Et</strong></span> <span class='ocrx_word' id='word_1_597' title='bbox 376 4614 685 4682; x_wconf 82' lang='lat' dir='ltr'><strong>respondens</strong></span> <span class='ocrx_word' id='word_1_598' title='bbox 723 4615 955 4668; x_wconf 82' lang='lat' dir='ltr'><strong>centurio</strong></span> <span class='ocrx_word' id='word_1_599' title='bbox 1010 4618 1103 4681; x_wconf 85' lang='lat' dir='ltr'><strong>ait,</strong></span> <span class='ocrx_word' id='word_1_600' title='bbox 1136 4617 1373 4683; x_wconf 87' lang='lat' dir='ltr'><strong>Domine,</strong></span> <span class='ocrx_word' id='word_1_601' title='bbox 1404 4637 1504 4673; x_wconf 85' lang='lat' dir='ltr'><strong>non</strong></span> <span class='ocrx_word' id='word_1_602' title='bbox 1530 4637 1646 4674; x_wconf 89' lang='lat' dir='ltr'><strong>sum</strong></span> <span class='ocrx_word' id='word_1_603' title='bbox 1679 4623 1765 4674; x_wconf 85' lang='lat' dir='ltr'><strong>di-</strong></span> 
     </span>
    </p>
   </div>
   <div class='ocr_carea' id='block_1_79' title="bbox 190 4703 1765 4779">
    <p class='ocr_par' dir='ltr' id='par_1_79' title="bbox 190 4703 1765 4779">
     <span class='ocr_line' id='line_1_79' title="bbox 190 4703 1765 4779; baseline 0.008 -26"><span class='ocrx_word' id='word_1_604' title='bbox 190 4718 324 4772; x_wconf 78' lang='lat' dir='ltr'><strong>gnus</strong></span> <span class='ocrx_word' id='word_1_605' title='bbox 353 4716 405 4754; x_wconf 92' lang='lat' dir='ltr'><strong>ut</strong></span> <span class='ocrx_word' id='word_1_606' title='bbox 436 4703 595 4756; x_wconf 84' lang='lat' dir='ltr'><strong>intres</strong></span> <span class='ocrx_word' id='word_1_607' title='bbox 618 4703 711 4756; x_wconf 89' lang='lat' dir='ltr'><strong>sub</strong></span> <span class='ocrx_word' id='word_1_608' title='bbox 733 4713 914 4756; x_wconf 89' lang='lat' dir='ltr'><strong>tectum</strong></span> <span class='ocrx_word' id='word_1_609' title='bbox 940 4723 1125 4759; x_wconf 87' lang='lat' dir='ltr'><strong>meum.</strong></span> <span class='ocrx_word' id='word_1_610' title='bbox 1158 4707 1369 4779; x_wconf 85' lang='lat' dir='ltr'><strong>(Beda.)</strong></span> <span class='ocrx_word' id='word_1_611' title='bbox 1400 4709 1624 4778; x_wconf 88' lang='lat' dir='ltr'><strong>Propter</strong></span> <span class='ocrx_word' id='word_1_612' title='bbox 1641 4711 1765 4766; x_wconf 65' lang='lat' dir='ltr'><strong>vita:</strong></span> 
     </span>
    </p>
   </div>
   <div class='ocr_carea' id='block_1_80' title="bbox 192 4789 1764 4870">
    <p class='ocr_par' dir='ltr' id='par_1_80' title="bbox 192 4789 1764 4870">
     <span class='ocr_line' id='line_1_80' title="bbox 192 4789 1764 4870; baseline 0.008 -26"><span class='ocrx_word' id='word_1_613' title='bbox 192 4791 409 4862; x_wconf 81' lang='lat' dir='ltr'><strong>gentilis</strong></span> <span class='ocrx_word' id='word_1_614' title='bbox 451 4789 867 4858; x_wconf 83' lang='lat' dir='ltr'><strong>conscientiam,</strong></span> <span class='ocrx_word' id='word_1_615' title='bbox 901 4798 1113 4863; x_wconf 85' lang='lat' dir='ltr'><strong>gravari</strong></span> <span class='ocrx_word' id='word_1_616' title='bbox 1149 4813 1207 4851; x_wconf 90' lang='lat' dir='ltr'><strong>se</strong></span> <span class='ocrx_word' id='word_1_617' title='bbox 1248 4799 1416 4869; x_wconf 85' lang='lat' dir='ltr'><strong>magis</strong></span> <span class='ocrx_word' id='word_1_618' title='bbox 1458 4801 1764 4870; x_wconf 88' lang='lat' dir='ltr'><strong>dignatione</strong></span> 
     </span>
    </p>
   </div>
   <div class='ocr_carea' id='block_1_81' title="bbox 191 4884 1765 4958">
    <p class='ocr_par' dir='ltr' id='par_1_81' title="bbox 191 4884 1765 4958">
     <span class='ocr_line' id='line_1_81' title="bbox 191 4884 1765 4958; baseline 0.006 -22"><span class='ocrx_word' id='word_1_619' title='bbox 191 4885 403 4954; x_wconf 88' lang='lat' dir='ltr'><strong>putavit</strong></span> <span class='ocrx_word' id='word_1_620' title='bbox 432 4884 640 4938; x_wconf 92' lang='lat' dir='ltr'><strong>Domini</strong></span> <span class='ocrx_word' id='word_1_621' title='bbox 674 4901 834 4953; x_wconf 88' lang='lat' dir='ltr'><strong>quam</strong></span> <span class='ocrx_word' id='word_1_622' title='bbox 875 4885 1076 4953; x_wconf 89' lang='lat' dir='ltr'><strong>juvari,</strong></span> <span class='ocrx_word' id='word_1_623' title='bbox 1107 4905 1204 4943; x_wconf 90' lang='lat' dir='ltr'><strong>nec</strong></span> <span class='ocrx_word' id='word_1_624' title='bbox 1244 4905 1402 4958; x_wconf 89' lang='lat' dir='ltr'><strong>posse</strong></span> <span class='ocrx_word' id='word_1_625' title='bbox 1437 4892 1634 4946; x_wconf 89' lang='lat' dir='ltr'><strong>habere</strong></span> <span class='ocrx_word' id='word_1_626' title='bbox 1672 4893 1765 4946; x_wconf 87' lang='lat' dir='ltr'><strong>ho-</strong></span> 
     </span>
    </p>
   </div>
   <div class='ocr_carea' id='block_1_82' title="bbox 193 4973 1761 5045">
    <p class='ocr_par' dir='ltr' id='par_1_82' title="bbox 193 4973 1761 5045">
     <span class='ocr_line' id='line_1_82' title="bbox 193 4973 1761 5045; baseline 0.006 -20"><span class='ocrx_word' id='word_1_627' title='bbox 193 4974 388 5042; x_wconf 88' lang='lat' dir='ltr'><strong>spitem</strong></span> <span class='ocrx_word' id='word_1_628' title='bbox 418 4973 716 5038; x_wconf 87' lang='lat' dir='ltr'><strong>Christum,</strong></span> <span class='ocrx_word' id='word_1_629' title='bbox 753 4974 922 5042; x_wconf 88' lang='lat' dir='ltr'><strong>cujus,</strong></span> <span class='ocrx_word' id='word_1_630' title='bbox 952 4977 1050 5029; x_wconf 90' lang='lat' dir='ltr'><strong>etsi</strong></span> <span class='ocrx_word' id='word_1_631' title='bbox 1083 4977 1183 5031; x_wconf 90' lang='lat' dir='ltr'><strong>ﬁde</strong></span> <span class='ocrx_word' id='word_1_632' title='bbox 1208 4979 1481 5045; x_wconf 72' lang='lat' dir='ltr'><strong>prmditus,</strong></span> <span class='ocrx_word' id='word_1_633' title='bbox 1530 4981 1761 5034; x_wconf 91' lang='lat' dir='ltr'><strong>nondum</strong></span> 
     </span>
    </p>
   </div>
   <div class='ocr_carea' id='block_1_83' title="bbox 195 5064 1809 5136">
    <p class='ocr_par' dir='ltr' id='par_1_83' title="bbox 195 5064 1809 5136">
     <span class='ocr_line' id='line_1_83' title="bbox 195 5064 1809 5136; baseline 0.007 -24"><span class='ocrx_word' id='word_1_634' title='bbox 195 5069 373 5117; x_wconf 86' lang='lat' dir='ltr'><strong>tamen</strong></span> <span class='ocrx_word' id='word_1_635' title='bbox 404 5069 520 5114; x_wconf 90' lang='lat' dir='ltr'><strong>erat</strong></span> <span class='ocrx_word' id='word_1_636' title='bbox 546 5064 897 5116; x_wconf 82' lang='lat' dir='ltr'><strong>sacramentis</strong></span> <span class='ocrx_word' id='word_1_637' title='bbox 931 5065 1184 5119; x_wconf 88' lang='lat' dir='ltr'><strong>imbutus.</strong></span> <span class='ocrx_word' id='word_1_638' title='bbox 1219 5064 1324 5118; x_wconf 85' lang='lat' dir='ltr'><strong>Sed</strong></span> <span class='ocrx_word' id='word_1_639' title='bbox 1359 5067 1481 5134; x_wconf 88' lang='lat' dir='ltr'><strong>quia</strong></span> <span class='ocrx_word' id='word_1_640' title='bbox 1511 5083 1630 5136; x_wconf 73' lang='lat' dir='ltr'><strong>qum</strong></span> <span class='ocrx_word' id='word_1_641' title='bbox 1659 5074 1757 5123; x_wconf 86' lang='lat' dir='ltr'><strong>n&#39;o-</strong></span> <span class='ocrx_word' id='word_1_642' title='bbox 1801 5079 1809 5086; x_wconf 90' lang='lat'><strong>‘</strong></span> 
     </span>
    </p>
   </div>
   <div class='ocr_carea' id='block_1_84' title="bbox 192 5149 1762 5225">
    <p class='ocr_par' dir='ltr' id='par_1_84' title="bbox 192 5149 1762 5225">
     <span class='ocr_line' id='line_1_84' title="bbox 192 5149 1762 5225; baseline 0.006 -23"><span class='ocrx_word' id='word_1_643' title='bbox 192 5157 307 5202; x_wconf 85' lang='lat' dir='ltr'><strong>stra</strong></span> <span class='ocrx_word' id='word_1_644' title='bbox 351 5149 632 5204; x_wconf 88' lang='lat' dir='ltr'><strong>inﬁrmitas</strong></span> <span class='ocrx_word' id='word_1_645' title='bbox 671 5167 775 5203; x_wconf 92' lang='lat' dir='ltr'><strong>non</strong></span> <span class='ocrx_word' id='word_1_646' title='bbox 827 5154 1098 5222; x_wconf 55' lang='lat' dir='ltr'><strong>praesumit</strong></span> <span class='ocrx_word' id='word_1_647' title='bbox 1130 5194 1144 5217; x_wconf 90' lang='lat'><strong>,</strong></span> <span class='ocrx_word' id='word_1_648' title='bbox 1195 5156 1372 5209; x_wconf 83' lang='lat' dir='ltr'><strong>divina</strong></span> <span class='ocrx_word' id='word_1_649' title='bbox 1418 5157 1588 5225; x_wconf 87' lang='lat' dir='ltr'><strong>gratia</strong></span> <span class='ocrx_word' id='word_1_650' title='bbox 1633 5159 1762 5212; x_wconf 89' lang='lat' dir='ltr'><strong>dare</strong></span> 
     </span>
    </p>
   </div>
   <div class='ocr_carea' id='block_1_85' title="bbox 195 5240 1762 5311">
    <p class='ocr_par' dir='ltr' id='par_1_85' title="bbox 195 5240 1762 5311">
     <span class='ocr_line' id='line_1_85' title="bbox 195 5240 1762 5311; baseline 0.006 -19"><span class='ocrx_word' id='word_1_651' title='bbox 195 5241 378 5292; x_wconf 88' lang='lat' dir='ltr'><strong>novit:</strong></span> <span class='ocrx_word' id='word_1_652' title='bbox 401 5249 453 5293; x_wconf 92' lang='lat' dir='ltr'><strong>et</strong></span> <span class='ocrx_word' id='word_1_653' title='bbox 477 5240 612 5293; x_wconf 87' lang='lat' dir='ltr'><strong>alius</strong></span> <span class='ocrx_word' id='word_1_654' title='bbox 639 5243 901 5306; x_wconf 89' lang='lat' dir='ltr'><strong>centurio,</strong></span> <span class='ocrx_word' id='word_1_655' title='bbox 932 5243 1040 5311; x_wconf 91' lang='lat' dir='ltr'><strong>qui,</strong></span> <span class='ocrx_word' id='word_1_656' title='bbox 1068 5244 1204 5297; x_wconf 89' lang='lat' dir='ltr'><strong>sicut</strong></span> <span class='ocrx_word' id='word_1_657' title='bbox 1228 5252 1280 5299; x_wconf 92' lang='lat' dir='ltr'><strong>et</strong></span> <span class='ocrx_word' id='word_1_658' title='bbox 1307 5245 1428 5309; x_wconf 91' lang='lat' dir='ltr'><strong>iste,</strong></span> <span class='ocrx_word' id='word_1_659' title='bbox 1458 5248 1762 5301; x_wconf 85' lang='lat' dir='ltr'><strong>credentem</strong></span> 
     </span>
    </p>
   </div>
   <div class='ocr_carea' id='block_1_86' title="bbox 193 5332 1763 5404">
    <p class='ocr_par' dir='ltr' id='par_1_86' title="bbox 193 5332 1763 5404">
     <span class='ocr_line' id='line_1_86' title="bbox 193 5332 1763 5404; baseline 0.002 -18"><span class='ocrx_word' id='word_1_660' title='bbox 193 5347 260 5386; x_wconf 85' lang='lat' dir='ltr'><strong>ex</strong></span> <span class='ocrx_word' id='word_1_661' title='bbox 287 5332 534 5401; x_wconf 87' lang='lat' dir='ltr'><strong>gentibus</strong></span> <span class='ocrx_word' id='word_1_662' title='bbox 565 5332 813 5401; x_wconf 85' lang='lat' dir='ltr'><strong>populum</strong></span> <span class='ocrx_word' id='word_1_663' title='bbox 842 5333 1168 5401; x_wconf 70' lang='lat' dir='ltr'><strong>prmﬁgurat,</strong></span> <span class='ocrx_word' id='word_1_664' title='bbox 1198 5349 1403 5404; x_wconf 61' lang='lat' dir='ltr'><strong>magnae</strong></span> <span class='ocrx_word' id='word_1_665' title='bbox 1436 5335 1553 5389; x_wconf 86' lang='lat' dir='ltr'><strong>ﬁdei</strong></span> <span class='ocrx_word' id='word_1_666' title='bbox 1587 5345 1640 5390; x_wconf 92' lang='lat' dir='ltr'><strong>et</strong></span> <span class='ocrx_word' id='word_1_667' title='bbox 1677 5336 1763 5402; x_wconf 83' lang='lat' dir='ltr'><strong>ju-</strong></span> 
     </span>
    </p>
   </div>
   <div class='ocr_carea' id='block_1_87' title="bbox 195 5424 1760 5496">
    <p class='ocr_par' dir='ltr' id='par_1_87' title="bbox 195 5424 1760 5496">
     <span class='ocr_line' id='line_1_87' title="bbox 195 5424 1760 5496; baseline -0.001 -15"><span class='ocrx_word' id='word_1_668' title='bbox 195 5425 354 5482; x_wconf 68' lang='lat' dir='ltr'><strong>stitia:</strong></span> <span class='ocrx_word' id='word_1_669' title='bbox 381 5426 589 5488; x_wconf 90' lang='lat' dir='ltr'><strong>merito,</strong></span> <span class='ocrx_word' id='word_1_670' title='bbox 624 5424 856 5494; x_wconf 85' lang='lat' dir='ltr'><strong>Spiritus</strong></span> <span class='ocrx_word' id='word_1_671' title='bbox 889 5425 1059 5478; x_wconf 88' lang='lat' dir='ltr'><strong>sancti</strong></span> <span class='ocrx_word' id='word_1_672' title='bbox 1091 5426 1284 5480; x_wconf 85' lang='lat' dir='ltr'><strong>donum</strong></span> <span class='ocrx_word' id='word_1_673' title='bbox 1319 5427 1630 5496; x_wconf 89' lang='lat' dir='ltr'><strong>priusquam</strong></span> <span class='ocrx_word' id='word_1_674' title='bbox 1666 5429 1760 5482; x_wconf 89' lang='lat' dir='ltr'><strong>ba-</strong></span> 
     </span>
    </p>
   </div>
   <div class='ocr_carea' id='block_1_88' title="bbox 197 5514 1762 5586">
    <p class='ocr_par' dir='ltr' id='par_1_88' title="bbox 197 5514 1762 5586">
     <span class='ocr_line' id='line_1_88' title="bbox 197 5514 1762 5586; baseline 0.001 -18"><span class='ocrx_word' id='word_1_675' title='bbox 197 5515 492 5586; x_wconf 82' lang='lat' dir='ltr'><strong>ptizaretur</strong></span> <span class='ocrx_word' id='word_1_676' title='bbox 518 5514 756 5581; x_wconf 83' lang='lat' dir='ltr'><strong>accepit;</strong></span> <span class='ocrx_word' id='word_1_677' title='bbox 788 5523 841 5567; x_wconf 88' lang='lat' dir='ltr'><strong>et</strong></span> <span class='ocrx_word' id='word_1_678' title='bbox 874 5514 991 5577; x_wconf 89' lang='lat' dir='ltr'><strong>iste,</strong></span> <span class='ocrx_word' id='word_1_679' title='bbox 1022 5515 1250 5569; x_wconf 87' lang='lat' dir='ltr'><strong>necdum</strong></span> <span class='ocrx_word' id='word_1_680' title='bbox 1281 5517 1677 5580; x_wconf 74' lang='lat' dir='ltr'><strong>&#39;catechizatus,</strong></span> <span class='ocrx_word' id='word_1_681' title='bbox 1706 5525 1762 5572; x_wconf 86' lang='lat' dir='ltr'><strong>et</strong></span> 
     </span>
    </p>
   </div>
   <div class='ocr_carea' id='block_1_89' title="bbox 200 5594 1760 5678">
    <p class='ocr_par' dir='ltr' id='par_1_89' title="bbox 200 5594 1760 5678">
     <span class='ocr_line' id='line_1_89' title="bbox 200 5594 1760 5678; baseline 0.003 -19"><span class='ocrx_word' id='word_1_682' title='bbox 200 5605 358 5660; x_wconf 87' lang='lat' dir='ltr'><strong>ﬁdem</strong></span> <span class='ocrx_word' id='word_1_683' title='bbox 386 5620 554 5678; x_wconf 45' lang='lat' dir='ltr'><strong>’suam</strong></span> <span class='ocrx_word' id='word_1_684' title='bbox 601 5604 804 5658; x_wconf 81' lang='lat' dir='ltr'><strong>laudari</strong></span> <span class='ocrx_word' id='word_1_685' title='bbox 853 5621 878 5658; x_wconf 87' lang='lat' dir='ltr'><strong>a</strong></span> <span class='ocrx_word' id='word_1_686' title='bbox 912 5594 1156 5660; x_wconf 43' lang='lat' dir='ltr'><strong>Domino&#39;</strong></span> <span class='ocrx_word' id='word_1_687' title='bbox 1182 5617 1231 5660; x_wconf 77' lang='lat' dir='ltr'><strong>et</strong></span> <span class='ocrx_word' id='word_1_688' title='bbox 1277 5607 1532 5661; x_wconf 87' lang='lat' dir='ltr'><strong>fanmlum</strong></span> <span class='ocrx_word' id='word_1_689' title='bbox 1569 5610 1760 5665; x_wconf 78' lang='lat' dir='ltr'><strong>salvari</strong></span> 
     </span>
    </p>
   </div>
   <div class='ocr_carea' id='block_1_90' title="bbox 201 5693 514 5762">
    <p class='ocr_par' dir='ltr' id='par_1_90' title="bbox 201 5693 514 5762">
     <span class='ocr_line' id='line_1_90' title="bbox 201 5693 514 5762; baseline -0.003 -16"><span class='ocrx_word' id='word_1_690' title='bbox 201 5693 514 5762; x_wconf 81' lang='lat' dir='ltr'><strong>promeruit.</strong></span> 
     </span>
    </p>
   </div>
   <div class='ocr_carea' id='block_1_91' title="bbox 1792 4489 1845 4548">
    <p class='ocr_par' dir='ltr' id='par_1_91' title="bbox 1792 4489 1845 4548">
     <span class='ocr_line' id='line_1_91' title="bbox 1792 4489 1845 4548; baseline 0 0"><span class='ocrx_word' id='word_1_691' title='bbox 1792 4489 1845 4548; x_wconf 92' lang='lat' dir='ltr'><strong>D</strong></span> 
     </span>
    </p>
   </div>
   <div class='ocr_carea' id='block_1_92' title="bbox 1879 3256 3454 3331">
    <p class='ocr_par' dir='ltr' id='par_1_92' title="bbox 1879 3256 3454 3331">
     <span class='ocr_line' id='line_1_92' title="bbox 1879 3256 3454 3331; baseline 0.005 -22"><span class='ocrx_word' id='word_1_692' title='bbox 1879 3256 2162 3310; x_wconf 87' lang='lat' dir='ltr'><strong>Dominum</strong></span> <span class='ocrx_word' id='word_1_693' title='bbox 2203 3256 2416 3328; x_wconf 88' lang='lat' dir='ltr'><strong>quoque</strong></span> <span class='ocrx_word' id='word_1_694' title='bbox 2445 3275 2551 3315; x_wconf 90' lang='lat' dir='ltr'><strong>non</strong></span> <span class='ocrx_word' id='word_1_695' title='bbox 2580 3275 2678 3328; x_wconf 89' lang='lat' dir='ltr'><strong>per</strong></span> <span class='ocrx_word' id='word_1_696' title='bbox 2702 3260 2989 3315; x_wconf 86' lang='lat' dir='ltr'><strong>adventum</strong></span> <span class='ocrx_word' id='word_1_697' title='bbox 3018 3268 3225 3314; x_wconf 89' lang='lat' dir='ltr'><strong>tantum</strong></span> <span class='ocrx_word' id='word_1_698' title='bbox 3265 3277 3454 3331; x_wconf 83' lang='lat' dir='ltr'><strong>corpo-</strong></span> 
     </span>
    </p>
   </div>
   <div class='ocr_carea' id='block_1_93' title="bbox 1878 3348 3454 3421">
    <p class='ocr_par' dir='ltr' id='par_1_93' title="bbox 1878 3348 3454 3421">
     <span class='ocr_line' id='line_1_93' title="bbox 1878 3348 3454 3421; baseline 0.003 -20"><span class='ocrx_word' id='word_1_699' title='bbox 1878 3349 1974 3412; x_wconf 91' lang='lat' dir='ltr'><strong>ris,</strong></span> <span class='ocrx_word' id='word_1_700' title='bbox 2023 3350 2114 3402; x_wconf 90' lang='lat' dir='ltr'><strong>sed</strong></span> <span class='ocrx_word' id='word_1_701' title='bbox 2167 3365 2263 3417; x_wconf 88' lang='lat' dir='ltr'><strong>per</strong></span> <span class='ocrx_word' id='word_1_702' title='bbox 2309 3350 2620 3420; x_wconf 88' lang='lat' dir='ltr'><strong>angelorum</strong></span> <span class='ocrx_word' id='word_1_703' title='bbox 2669 3349 2968 3404; x_wconf 86' lang='lat' dir='ltr'><strong>ministeria</strong></span> <span class='ocrx_word' id='word_1_704' title='bbox 3019 3351 3242 3420; x_wconf 91' lang='lat' dir='ltr'><strong>implere</strong></span> <span class='ocrx_word' id='word_1_705' title='bbox 3295 3348 3454 3421; x_wconf 85' lang='lat' dir='ltr'><strong>posse</strong></span> 
     </span>
    </p>
   </div>
   <div class='ocr_carea' id='block_1_94' title="bbox 1876 3440 3452 3509">
    <p class='ocr_par' dir='ltr' id='par_1_94' title="bbox 1876 3440 3452 3509">
     <span class='ocr_line' id='line_1_94' title="bbox 1876 3440 3452 3509; baseline 0.005 -19"><span class='ocrx_word' id='word_1_706' title='bbox 1876 3440 2215 3507; x_wconf 84' lang='lat' dir='ltr'><strong>quodvellet.</strong></span> <span class='ocrx_word' id='word_1_707' title='bbox 2251 3440 2590 3509; x_wconf 76' lang='lat' dir='ltr'><strong>Repellendze</strong></span> <span class='ocrx_word' id='word_1_708' title='bbox 2626 3443 2770 3496; x_wconf 87' lang='lat' dir='ltr'><strong>enim</strong></span> <span class='ocrx_word' id='word_1_709' title='bbox 2798 3450 2958 3498; x_wconf 84' lang='lat' dir='ltr'><strong>erant</strong></span> <span class='ocrx_word' id='word_1_710' title='bbox 2983 3442 3066 3498; x_wconf 89' lang='lat' dir='ltr'><strong>vel</strong></span> <span class='ocrx_word' id='word_1_711' title='bbox 3111 3443 3452 3498; x_wconf 85' lang='lat' dir='ltr'><strong>infirmitates</strong></span> 
     </span>
    </p>
   </div>
   <div class='ocr_carea' id='block_1_95' title="bbox 1875 3529 3452 3602">
    <p class='ocr_par' dir='ltr' id='par_1_95' title="bbox 1875 3529 3452 3602">
     <span class='ocr_line' id='line_1_95' title="bbox 1875 3529 3452 3602; baseline 0.003 -20"><span class='ocrx_word' id='word_1_712' title='bbox 1875 3542 2179 3598; x_wconf 89' lang='lat' dir='ltr'><strong>corporum,</strong></span> <span class='ocrx_word' id='word_1_713' title='bbox 2215 3530 2300 3584; x_wconf 90' lang='lat' dir='ltr'><strong>vel</strong></span> <span class='ocrx_word' id='word_1_714' title='bbox 2329 3529 2672 3585; x_wconf 81' lang='lat' dir='ltr'><strong>fortitudines</strong></span> <span class='ocrx_word' id='word_1_715' title='bbox 2707 3533 3014 3596; x_wconf 53' lang='lat' dir='ltr'><strong>contrariae,</strong></span> <span class='ocrx_word' id='word_1_716' title='bbox 3058 3531 3251 3602; x_wconf 88' lang='lat' dir='ltr'><strong>quibus</strong></span> <span class='ocrx_word' id='word_1_717' title='bbox 3288 3533 3452 3586; x_wconf 91' lang='lat' dir='ltr'><strong>homo</strong></span> 
     </span>
    </p>
   </div>
   <div class='ocr_carea' id='block_1_96' title="bbox 1874 3621 3453 3692">
    <p class='ocr_par' dir='ltr' id='par_1_96' title="bbox 1874 3621 3453 3692">
     <span class='ocr_line' id='line_1_96' title="bbox 1874 3621 3453 3692; baseline 0.001 -17"><span class='ocrx_word' id='word_1_718' title='bbox 1874 3621 1941 3675; x_wconf 92' lang='lat' dir='ltr'><strong>ad</strong></span> <span class='ocrx_word' id='word_1_719' title='bbox 1978 3621 2304 3676; x_wconf 87' lang='lat' dir='ltr'><strong>debilitatem</strong></span> <span class='ocrx_word' id='word_1_720' title='bbox 2335 3637 2475 3692; x_wconf 63' lang='lat' dir='ltr'><strong>saepe</strong></span> <span class='ocrx_word' id='word_1_721' title='bbox 2512 3623 2847 3688; x_wconf 89' lang='lat' dir='ltr'><strong>conceditur,</strong></span> <span class='ocrx_word' id='word_1_722' title='bbox 2880 3630 2933 3677; x_wconf 90' lang='lat' dir='ltr'><strong>et</strong></span> <span class='ocrx_word' id='word_1_723' title='bbox 2957 3622 3118 3676; x_wconf 89' lang='lat' dir='ltr'><strong>verbo</strong></span> <span class='ocrx_word' id='word_1_724' title='bbox 3146 3623 3354 3676; x_wconf 88' lang='lat' dir='ltr'><strong>Domini</strong></span> <span class='ocrx_word' id='word_1_725' title='bbox 3396 3629 3453 3676; x_wconf 90' lang='lat' dir='ltr'><strong>et</strong></span> 
     </span>
    </p>
   </div>
   <div class='ocr_carea' id='block_1_97' title="bbox 1875 3711 3446 3781">
    <p class='ocr_par' dir='ltr' id='par_1_97' title="bbox 1875 3711 3446 3781">
     <span class='ocr_line' id='line_1_97' title="bbox 1875 3711 3446 3781; baseline -0.001 -16"><span class='ocrx_word' id='word_1_726' title='bbox 1875 3711 2190 3765; x_wconf 89' lang='lat' dir='ltr'><strong>ministeriis</strong></span> <span class='ocrx_word' id='word_1_727' title='bbox 2221 3711 2553 3781; x_wconf 88' lang='lat' dir='ltr'><strong>angelorum.</strong></span> <span class='ocrx_word' id='word_1_728' title='bbox 2589 3711 2770 3781; x_wconf 65' lang='grc' dir='ltr'><strong>(ΗΑΒ.)</strong></span> <span class='ocrx_word' id='word_1_729' title='bbox 2800 3711 2973 3765; x_wconf 81' lang='lat' dir='ltr'><strong>Aliter</strong></span> <span class='ocrx_word' id='word_1_730' title='bbox 3003 3711 3199 3765; x_wconf 88' lang='lat' dir='ltr'><strong>milites</strong></span> <span class='ocrx_word' id='word_1_731' title='bbox 3227 3719 3281 3764; x_wconf 91' lang='lat' dir='ltr'><strong>et</strong></span> <span class='ocrx_word' id='word_1_732' title='bbox 3305 3711 3446 3764; x_wconf 90' lang='lat' dir='ltr'><strong>servi</strong></span> 
     </span>
    </p>
   </div>
   <div class='ocr_carea' id='block_1_98' title="bbox 1875 3800 3443 3870">
    <p class='ocr_par' dir='ltr' id='par_1_98' title="bbox 1875 3800 3443 3870">
     <span class='ocr_line' id='line_1_98' title="bbox 1875 3800 3443 3870; baseline -0.001 -16"><span class='ocrx_word' id='word_1_733' title='bbox 1875 3801 1965 3870; x_wconf 91' lang='lat' dir='ltr'><strong>qui</strong></span> <span class='ocrx_word' id='word_1_734' title='bbox 2021 3801 2321 3855; x_wconf 89' lang='lat' dir='ltr'><strong>centurioni</strong></span> <span class='ocrx_word' id='word_1_735' title='bbox 2385 3800 2644 3855; x_wconf 89' lang='lat' dir='ltr'><strong>obediunt</strong></span> <span class='ocrx_word' id='word_1_736' title='bbox 2691 3801 2918 3855; x_wconf 89' lang='lat' dir='ltr'><strong>virtutes</strong></span> <span class='ocrx_word' id='word_1_737' title='bbox 2973 3809 3098 3853; x_wconf 87' lang='lat' dir='ltr'><strong>sunt</strong></span> <span class='ocrx_word' id='word_1_738' title='bbox 3151 3800 3443 3863; x_wconf 90' lang='lat' dir='ltr'><strong>naturales,</strong></span> 
     </span>
    </p>
   </div>
   <div class='ocr_carea' id='block_1_99' title="bbox 1874 3887 3446 3961">
    <p class='ocr_par' dir='ltr' id='par_1_99' title="bbox 1874 3887 3446 3961">
     <span class='ocr_line' id='line_1_99' title="bbox 1874 3887 3446 3961; baseline -0.001 -17"><span class='ocrx_word' id='word_1_739' title='bbox 1874 3887 2101 3961; x_wconf 84' lang='lat' dir='ltr'><strong>quarum</strong></span> <span class='ocrx_word' id='word_1_740' title='bbox 2149 3907 2254 3945; x_wconf 91' lang='lat' dir='ltr'><strong>non</strong></span> <span class='ocrx_word' id='word_1_741' title='bbox 2303 3892 2578 3944; x_wconf 89' lang='lat' dir='ltr'><strong>minimam</strong></span> <span class='ocrx_word' id='word_1_742' title='bbox 2608 3891 2817 3958; x_wconf 90' lang='lat' dir='ltr'><strong>copiam</strong></span> <span class='ocrx_word' id='word_1_743' title='bbox 2854 3890 3006 3943; x_wconf 91' lang='lat' dir='ltr'><strong>multi</strong></span> <span class='ocrx_word' id='word_1_744' title='bbox 3051 3890 3117 3943; x_wconf 90' lang='lat' dir='ltr'><strong>ad</strong></span> <span class='ocrx_word' id='word_1_745' title='bbox 3149 3890 3314 3942; x_wconf 89' lang='lat' dir='ltr'><strong>Deum</strong></span> <span class='ocrx_word' id='word_1_746' title='bbox 3355 3903 3446 3942; x_wconf 90' lang='lat' dir='ltr'><strong>ve-</strong></span> 
     </span>
    </p>
   </div>
   <div class='ocr_carea' id='block_1_100' title="bbox 1874 3970 3446 4050">
    <p class='ocr_par' dir='ltr' id='par_1_100' title="bbox 1874 3970 3446 4050">
     <span class='ocr_line' id='line_1_100' title="bbox 1874 3970 3446 4050; baseline -0.003 -14"><span class='ocrx_word' id='word_1_747' title='bbox 1874 3972 2082 4037; x_wconf 86' lang='lat' dir='ltr'><strong>nientes</strong></span> <span class='ocrx_word' id='word_1_748' title='bbox 2107 3970 2286 4036; x_wconf 83' lang='lat' dir='ltr'><strong>secum</strong></span> <span class='ocrx_word' id='word_1_749' title='bbox 2311 3982 2579 4044; x_wconf 83' lang='lat' dir='ltr'><strong>deferunt.</strong></span> <span class='ocrx_word' id='word_1_750' title='bbox 2610 3981 2684 4034; x_wconf 90' lang='lat' dir='ltr'><strong>De</strong></span> <span class='ocrx_word' id='word_1_751' title='bbox 2706 3981 2902 4050; x_wconf 87' lang='lat' dir='ltr'><strong>quibus</strong></span> <span class='ocrx_word' id='word_1_752' title='bbox 2928 3981 2980 4034; x_wconf 91' lang='lat' dir='ltr'><strong>in</strong></span> <span class='ocrx_word' id='word_1_753' title='bbox 3004 3980 3235 4034; x_wconf 91' lang='lat' dir='ltr'><strong>Cornelii</strong></span> <span class='ocrx_word' id='word_1_754' title='bbox 3265 3988 3446 4034; x_wconf 86' lang='lat' dir='ltr'><strong>centu-</strong></span> 
     </span>
    </p>
   </div>
   <div class='ocr_carea' id='block_1_101' title="bbox 1875 4066 3442 4139">
    <p class='ocr_par' dir='ltr' id='par_1_101' title="bbox 1875 4066 3442 4139">
     <span class='ocr_line' id='line_1_101' title="bbox 1875 4066 3442 4139; baseline -0.004 -13"><span class='ocrx_word' id='word_1_755' title='bbox 1875 4071 2043 4126; x_wconf 90' lang='lat' dir='ltr'><strong>rionis</strong></span> <span class='ocrx_word' id='word_1_756' title='bbox 2083 4071 2236 4124; x_wconf 90' lang='lat' dir='ltr'><strong>laude</strong></span> <span class='ocrx_word' id='word_1_757' title='bbox 2271 4070 2469 4124; x_wconf 91' lang='lat' dir='ltr'><strong>dicitur</strong></span> <span class='ocrx_word' id='word_1_758' title='bbox 2493 4069 2617 4139; x_wconf 90' lang='lat' dir='ltr'><strong>quia</strong></span> <span class='ocrx_word' id='word_1_759' title='bbox 2645 4077 2754 4121; x_wconf 86' lang='lat' dir='ltr'><strong>erat</strong></span> <span class='ocrx_word' id='word_1_760' title='bbox 2782 4069 2960 4137; x_wconf 87' lang='lat' dir='ltr'><strong>justus</strong></span> <span class='ocrx_word' id='word_1_761' title='bbox 2997 4077 3044 4122; x_wconf 87' lang='lat' dir='ltr'><strong>et</strong></span> <span class='ocrx_word' id='word_1_762' title='bbox 3071 4067 3254 4120; x_wconf 84' lang='lat' dir='ltr'><strong>timens</strong></span> <span class='ocrx_word' id='word_1_763' title='bbox 3282 4066 3442 4119; x_wconf 86' lang='lat' dir='ltr'><strong>Deum</strong></span> 
     </span>
    </p>
   </div>
   <div class='ocr_carea' id='block_1_102' title="bbox 1873 4154 3440 4228">
    <p class='ocr_par' dir='ltr' id='par_1_102' title="bbox 1873 4154 3440 4228">
     <span class='ocr_line' id='line_1_102' title="bbox 1873 4154 3440 4228; baseline -0.004 -16"><span class='ocrx_word' id='word_1_764' title='bbox 1873 4176 1989 4212; x_wconf 87' lang='lat' dir='ltr'><strong>cum</strong></span> <span class='ocrx_word' id='word_1_765' title='bbox 2013 4161 2150 4212; x_wconf 88' lang='lat' dir='ltr'><strong>omni</strong></span> <span class='ocrx_word' id='word_1_766' title='bbox 2171 4159 2322 4211; x_wconf 86' lang='lat' dir='ltr'><strong>domo</strong></span> <span class='ocrx_word' id='word_1_767' title='bbox 2345 4175 2462 4223; x_wconf 88' lang='lat' dir='ltr'><strong>sua,</strong></span> <span class='ocrx_word' id='word_1_768' title='bbox 2486 4159 2682 4228; x_wconf 80' lang='lat' dir='ltr'><strong>faciens</strong></span> <span class='ocrx_word' id='word_1_769' title='bbox 2706 4157 3270 4225; x_wconf 85' lang='lat' dir='ltr'><strong>eleemosynasmultas</strong></span> <span class='ocrx_word' id='word_1_770' title='bbox 3286 4154 3440 4224; x_wconf 83' lang='lat' dir='ltr'><strong>plebi,</strong></span> 
     </span>
    </p>
   </div>
   <div class='ocr_carea' id='block_1_103' title="bbox 1872 4247 2908 4320">
    <p class='ocr_par' dir='ltr' id='par_1_103' title="bbox 1872 4247 2908 4320">
     <span class='ocr_line' id='line_1_103' title="bbox 1872 4247 2908 4320; baseline 0.001 -20"><span class='ocrx_word' id='word_1_771' title='bbox 1872 4257 1918 4301; x_wconf 86' lang='lat' dir='ltr'><strong>et</strong></span> <span class='ocrx_word' id='word_1_772' title='bbox 1945 4251 2224 4317; x_wconf 85' lang='lat' dir='ltr'><strong>deprecans</strong></span> <span class='ocrx_word' id='word_1_773' title='bbox 2247 4247 2415 4301; x_wconf 87' lang='lat' dir='ltr'><strong>Deum</strong></span> <span class='ocrx_word' id='word_1_774' title='bbox 2444 4265 2642 4317; x_wconf 86' lang='lat' dir='ltr'><strong>semper</strong></span> <span class='ocrx_word' id='word_1_775' title='bbox 2667 4247 2803 4320; x_wconf 80' lang='lat' dir='ltr'><strong>(Act.</strong></span> <span class='ocrx_word' id='word_1_776' title='bbox 2830 4247 2908 4318; x_wconf 70' lang='grc' dir='ltr'><strong>Χ).</strong></span> 
     </span>
    </p>
   </div>
   <div class='ocr_carea' id='block_1_104' title="bbox 1943 4335 3445 4392">
    <p class='ocr_par' dir='ltr' id='par_1_104' title="bbox 1943 4335 3445 4392">
     <span class='ocr_line' id='line_1_104' title="bbox 1943 4335 3445 4392; baseline 0 -2"><span class='ocrx_word' id='word_1_777' title='bbox 1943 4339 2173 4392; x_wconf 81' lang='lat' dir='ltr'><strong>Audiens</strong></span> <span class='ocrx_word' id='word_1_778' title='bbox 2228 4337 2424 4392; x_wconf 59' lang='lat' dir='ltr'><strong>autem&#39;.</strong></span> <span class='ocrx_word' id='word_1_779' title='bbox 2456 4337 2612 4392; x_wconf 83' lang='lat' dir='ltr'><strong>Jesus</strong></span> <span class='ocrx_word' id='word_1_780' title='bbox 2657 4341 2878 4391; x_wconf 88' lang='lat' dir='ltr'><strong>miratus</strong></span> <span class='ocrx_word' id='word_1_781' title='bbox 2922 4346 3016 4392; x_wconf 86' lang='lat' dir='ltr'><strong>est.</strong></span> <span class='ocrx_word' id='word_1_782' title='bbox 3087 4335 3307 4390; x_wconf 79' lang='lat' dir='ltr'><strong>Miratus</strong></span> <span class='ocrx_word' id='word_1_783' title='bbox 3361 4346 3445 4390; x_wconf 88' lang='lat' dir='ltr'><strong>est</strong></span> 
     </span>
    </p>
   </div>
   <div class='ocr_carea' id='block_1_105' title="bbox 1873 4429 3439 4502">
    <p class='ocr_par' dir='ltr' id='par_1_105' title="bbox 1873 4429 3439 4502">
     <span class='ocr_line' id='line_1_105' title="bbox 1873 4429 3439 4502; baseline 0.001 -19"><span class='ocrx_word' id='word_1_784' title='bbox 1873 4433 2013 4500; x_wconf 86' lang='lat' dir='ltr'><strong>quod</strong></span> <span class='ocrx_word' id='word_1_785' title='bbox 2036 4433 2167 4486; x_wconf 89' lang='lat' dir='ltr'><strong>vidit</strong></span> <span class='ocrx_word' id='word_1_786' title='bbox 2186 4432 2555 4486; x_wconf 88' lang='lat' dir='ltr'><strong>centurionem</strong></span> <span class='ocrx_word' id='word_1_787' title='bbox 2583 4448 2732 4487; x_wconf 90' lang='lat' dir='ltr'><strong>suam</strong></span> <span class='ocrx_word' id='word_1_788' title='bbox 2763 4431 3059 4502; x_wconf 87' lang='lat' dir='ltr'><strong>intelligere</strong></span> <span class='ocrx_word' id='word_1_789' title='bbox 3083 4429 3439 4498; x_wconf 78' lang='lat' dir='ltr'><strong>maiestatem.</strong></span> 
     </span>
    </p>
   </div>
   <div class='ocr_carea' id='block_1_106' title="bbox 1875 4509 3442 4594">
    <p class='ocr_par' dir='ltr' id='par_1_106' title="bbox 1875 4509 3442 4594">
     <span class='ocr_line' id='line_1_106' title="bbox 1875 4509 3442 4594; baseline -0.002 -15"><span class='ocrx_word' id='word_1_790' title='bbox 1875 4523 1977 4579; x_wconf 90' lang='lat' dir='ltr'><strong>Sed</strong></span> <span class='ocrx_word' id='word_1_791' title='bbox 2009 4524 2128 4592; x_wconf 91' lang='lat' dir='ltr'><strong>quis</strong></span> <span class='ocrx_word' id='word_1_792' title='bbox 2165 4524 2217 4577; x_wconf 93' lang='lat' dir='ltr'><strong>in</strong></span> <span class='ocrx_word' id='word_1_793' title='bbox 2251 4523 2340 4578; x_wconf 94' lang='lat' dir='ltr'><strong>illo</strong></span> <span class='ocrx_word' id='word_1_794' title='bbox 2371 4523 2571 4579; x_wconf 83' lang='lat' dir='ltr'><strong>fecerat</strong></span> <span class='ocrx_word' id='word_1_795' title='bbox 2605 4525 2772 4594; x_wconf 87' lang='lat' dir='ltr'><strong>ipsam</strong></span> <span class='ocrx_word' id='word_1_796' title='bbox 2811 4524 2993 4589; x_wconf 88' lang='lat' dir='ltr'><strong>ﬁdem,</strong></span> <span class='ocrx_word' id='word_1_797' title='bbox 3027 4523 3109 4576; x_wconf 85' lang='lat' dir='ltr'><strong>vel</strong></span> <span class='ocrx_word' id='word_1_798' title='bbox 3147 4509 3442 4593; x_wconf 55' lang='lat' dir='ltr'><strong>intelligen-</strong></span> 
     </span>
    </p>
   </div>
   <div class='ocr_carea' id='block_1_107' title="bbox 1872 4613 3441 4685">
    <p class='ocr_par' dir='ltr' id='par_1_107' title="bbox 1872 4613 3441 4685">
     <span class='ocr_line' id='line_1_107' title="bbox 1872 4613 3441 4685; baseline 0.003 -20"><span class='ocrx_word' id='word_1_799' title='bbox 1872 4614 2026 4676; x_wconf 86' lang='lat' dir='ltr'><strong>tiam,</strong></span> <span class='ocrx_word' id='word_1_800' title='bbox 2056 4614 2156 4667; x_wconf 90' lang='lat' dir='ltr'><strong>nisi</strong></span> <span class='ocrx_word' id='word_1_801' title='bbox 2186 4613 2298 4681; x_wconf 89' lang='lat' dir='ltr'><strong>ipse</strong></span> <span class='ocrx_word' id='word_1_802' title='bbox 2325 4615 2417 4684; x_wconf 93' lang='lat' dir='ltr'><strong>qui</strong></span> <span class='ocrx_word' id='word_1_803' title='bbox 2446 4629 2565 4668; x_wconf 88' lang='lat' dir='ltr'><strong>eam</strong></span> <span class='ocrx_word' id='word_1_804' title='bbox 2597 4614 2932 4685; x_wconf 83' lang='lat' dir='ltr'><strong>mirabatur?</strong></span> <span class='ocrx_word' id='word_1_805' title='bbox 2963 4615 3114 4681; x_wconf 86' lang='lat' dir='ltr'><strong>Quod</strong></span> <span class='ocrx_word' id='word_1_806' title='bbox 3148 4613 3194 4669; x_wconf 91' lang='lat' dir='ltr'><strong>si</strong></span> <span class='ocrx_word' id='word_1_807' title='bbox 3220 4622 3276 4669; x_wconf 90' lang='lat' dir='ltr'><strong>et</strong></span> <span class='ocrx_word' id='word_1_808' title='bbox 3305 4615 3441 4669; x_wconf 91' lang='lat' dir='ltr'><strong>alius</strong></span> 
     </span>
    </p>
   </div>
   <div class='ocr_carea' id='block_1_108' title="bbox 1871 4704 3440 4773">
    <p class='ocr_par' dir='ltr' id='par_1_108' title="bbox 1871 4704 3440 4773">
     <span class='ocr_line' id='line_1_108' title="bbox 1871 4704 3440 4773; baseline 0.001 -15"><span class='ocrx_word' id='word_1_809' title='bbox 1871 4719 1990 4758; x_wconf 89' lang='lat' dir='ltr'><strong>eam</strong></span> <span class='ocrx_word' id='word_1_810' title='bbox 2012 4704 2226 4759; x_wconf 84' lang='lat' dir='ltr'><strong>fecisset</strong></span> <span class='ocrx_word' id='word_1_811' title='bbox 2255 4705 2380 4773; x_wconf 91' lang='lat' dir='ltr'><strong>quid</strong></span> <span class='ocrx_word' id='word_1_812' title='bbox 2412 4705 2721 4769; x_wconf 87' lang='lat' dir='ltr'><strong>miraretur,</strong></span> <span class='ocrx_word' id='word_1_813' title='bbox 2749 4705 2839 4773; x_wconf 92' lang='lat' dir='ltr'><strong>qui</strong></span> <span class='ocrx_word' id='word_1_814' title='bbox 2869 4705 3120 4772; x_wconf 76' lang='lat' dir='ltr'><strong>prmscius</strong></span> <span class='ocrx_word' id='word_1_815' title='bbox 3146 4705 3299 4758; x_wconf 86' lang='lat' dir='ltr'><strong>erat?</strong></span> <span class='ocrx_word' id='word_1_816' title='bbox 3333 4704 3440 4759; x_wconf 84' lang='lat' dir='ltr'><strong>No—</strong></span> 
     </span>
    </p>
   </div>
   <div class='ocr_carea' id='block_1_109' title="bbox 1873 4795 3441 4865">
    <p class='ocr_par' dir='ltr' id='par_1_109' title="bbox 1873 4795 3441 4865">
     <span class='ocr_line' id='line_1_109' title="bbox 1873 4795 3441 4865; baseline 0.002 -18"><span class='ocrx_word' id='word_1_817' title='bbox 1873 4795 2090 4848; x_wconf 90' lang='lat' dir='ltr'><strong>tandum</strong></span> <span class='ocrx_word' id='word_1_818' title='bbox 2119 4811 2246 4865; x_wconf 88' lang='lat' dir='ltr'><strong>ergo</strong></span> <span class='ocrx_word' id='word_1_819' title='bbox 2271 4796 2394 4864; x_wconf 87' lang='lat' dir='ltr'><strong>quia</strong></span> <span class='ocrx_word' id='word_1_820' title='bbox 2424 4797 2565 4864; x_wconf 81' lang='lat' dir='ltr'><strong>quod</strong></span> <span class='ocrx_word' id='word_1_821' title='bbox 2597 4797 2820 4850; x_wconf 91' lang='lat' dir='ltr'><strong>miratur</strong></span> <span class='ocrx_word' id='word_1_822' title='bbox 2847 4795 3123 4861; x_wconf 87' lang='lat' dir='ltr'><strong>Dominus,</strong></span> <span class='ocrx_word' id='word_1_823' title='bbox 3155 4797 3309 4850; x_wconf 86' lang='lat' dir='ltr'><strong>nobis</strong></span> <span class='ocrx_word' id='word_1_824' title='bbox 3343 4799 3441 4850; x_wconf 83' lang='lat' dir='ltr'><strong>mi-</strong></span> 
     </span>
    </p>
   </div>
   <div class='ocr_carea' id='block_1_110' title="bbox 1872 4885 3440 4954">
    <p class='ocr_par' dir='ltr' id='par_1_110' title="bbox 1872 4885 3440 4954">
     <span class='ocr_line' id='line_1_110' title="bbox 1872 4885 3440 4954; baseline 0.002 -16"><span class='ocrx_word' id='word_1_825' title='bbox 1872 4887 2096 4940; x_wconf 91' lang='lat' dir='ltr'><strong>randum</strong></span> <span class='ocrx_word' id='word_1_826' title='bbox 2139 4899 2257 4941; x_wconf 89' lang='lat' dir='ltr'><strong>esse</strong></span> <span class='ocrx_word' id='word_1_827' title='bbox 2303 4887 2589 4954; x_wconf 88' lang='lat' dir='ltr'><strong>signiﬁcat,</strong></span> <span class='ocrx_word' id='word_1_828' title='bbox 2631 4887 2824 4954; x_wconf 87' lang='lat' dir='ltr'><strong>quibus</strong></span> <span class='ocrx_word' id='word_1_829' title='bbox 2866 4885 3041 4939; x_wconf 91' lang='lat' dir='ltr'><strong>adhuc</strong></span> <span class='ocrx_word' id='word_1_830' title='bbox 3069 4886 3147 4939; x_wconf 90' lang='lat' dir='ltr'><strong>sic</strong></span> <span class='ocrx_word' id='word_1_831' title='bbox 3185 4901 3319 4954; x_wconf 92' lang='lat' dir='ltr'><strong>opus</strong></span> <span class='ocrx_word' id='word_1_832' title='bbox 3355 4895 3440 4941; x_wconf 88' lang='lat' dir='ltr'><strong>est</strong></span> 
     </span>
    </p>
   </div>
   <div class='ocr_carea' id='block_1_111' title="bbox 1869 4975 3439 5040">
    <p class='ocr_par' dir='ltr' id='par_1_111' title="bbox 1869 4975 3439 5040">
     <span class='ocr_line' id='line_1_111' title="bbox 1869 4975 3439 5040; baseline 0.002 -13"><span class='ocrx_word' id='word_1_833' title='bbox 1869 4976 2069 5029; x_wconf 89' lang='lat' dir='ltr'><strong>moveri</strong></span> <span class='ocrx_word' id='word_1_834' title='bbox 2093 4989 2325 5040; x_wconf 89' lang='lat' dir='ltr'><strong>,-omnes</strong></span> <span class='ocrx_word' id='word_1_835' title='bbox 2365 4976 2508 5030; x_wconf 92' lang='lat' dir='ltr'><strong>enim</strong></span> <span class='ocrx_word' id='word_1_836' title='bbox 2551 4976 2682 5029; x_wconf 87' lang='lat' dir='ltr'><strong>tales</strong></span> <span class='ocrx_word' id='word_1_837' title='bbox 2713 4984 2921 5040; x_wconf 89' lang='lat' dir='ltr'><strong>motus,</strong></span> <span class='ocrx_word' id='word_1_838' title='bbox 2955 4991 3076 5029; x_wconf 89' lang='lat' dir='ltr'><strong>cum</strong></span> <span class='ocrx_word' id='word_1_839' title='bbox 3109 4975 3174 5029; x_wconf 90' lang='lat' dir='ltr'><strong>de</strong></span> <span class='ocrx_word' id='word_1_840' title='bbox 3201 4976 3310 5030; x_wconf 93' lang='lat' dir='ltr'><strong>Deo</strong></span> <span class='ocrx_word' id='word_1_841' title='bbox 3338 4977 3439 5030; x_wconf 79' lang='lat' dir='ltr'><strong>du-</strong></span> 
     </span>
    </p>
   </div>
   <div class='ocr_carea' id='block_1_112' title="bbox 1869 5066 3438 5137">
    <p class='ocr_par' dir='ltr' id='par_1_112' title="bbox 1869 5066 3438 5137">
     <span class='ocr_line' id='line_1_112' title="bbox 1869 5066 3438 5137; baseline 0.002 -17"><span class='ocrx_word' id='word_1_842' title='bbox 1869 5075 2082 5131; x_wconf 90' lang='lat' dir='ltr'><strong>cuntur,</strong></span> <span class='ocrx_word' id='word_1_843' title='bbox 2113 5082 2216 5121; x_wconf 91' lang='lat' dir='ltr'><strong>non</strong></span> <span class='ocrx_word' id='word_1_844' title='bbox 2241 5066 2535 5137; x_wconf 90' lang='lat' dir='ltr'><strong>perturbati</strong></span> <span class='ocrx_word' id='word_1_845' title='bbox 2567 5067 2730 5120; x_wconf 91' lang='lat' dir='ltr'><strong>animi</strong></span> <span class='ocrx_word' id='word_1_846' title='bbox 2766 5068 2915 5137; x_wconf 86' lang='lat' dir='ltr'><strong>signa</strong></span> <span class='ocrx_word' id='word_1_847' title='bbox 2944 5075 3084 5131; x_wconf 89' lang='lat' dir='ltr'><strong>sunt,</strong></span> <span class='ocrx_word' id='word_1_848' title='bbox 3115 5067 3438 5136; x_wconf 7' lang='lat' dir='ltr'><strong>sedgvlocen-</strong></span> 
     </span>
    </p>
   </div>
   <div class='ocr_carea' id='block_1_113' title="bbox 1871 5157 3451 5227">
    <p class='ocr_par' dir='ltr' id='par_1_113' title="bbox 1871 5157 3451 5227">
     <span class='ocr_line' id='line_1_113' title="bbox 1871 5157 3451 5227; baseline 0.001 -17"><span class='ocrx_word' id='word_1_849' title='bbox 1871 5160 1936 5211; x_wconf 91' lang='lat' dir='ltr'><strong>tis</strong></span> <span class='ocrx_word' id='word_1_850' title='bbox 1964 5158 2225 5227; x_wconf 84' lang='lat' dir='ltr'><strong>magistri.</strong></span> <span class='ocrx_word' id='word_1_851' title='bbox 2738 5220 2740 5224; x_wconf 24' lang='grc' dir='ltr'><strong><em>τ</em></strong></span> <span class='ocrx_word' id='word_1_852' title='bbox 3449 5157 3451 5159; x_wconf 70' lang='grc'><strong>’</strong></span> 
     </span>
    </p>
   </div>
   <div class='ocr_carea' id='block_1_114' title="bbox 1943 5227 3438 5316">
    <p class='ocr_par' dir='ltr' id='par_1_114' title="bbox 1943 5227 3438 5316">
     <span class='ocr_line' id='line_1_114' title="bbox 1943 5227 3438 5316; baseline 0.003 -18"><span class='ocrx_word' id='word_1_853' title='bbox 1943 5246 2006 5298; x_wconf 84' lang='lat' dir='ltr'><strong>Et</strong></span> <span class='ocrx_word' id='word_1_854' title='bbox 2032 5247 2356 5316; x_wconf 84' lang='lat' dir='ltr'><strong>sequentibus</strong></span> <span class='ocrx_word' id='word_1_855' title='bbox 2380 5263 2434 5299; x_wconf 86' lang='lat' dir='ltr'><strong>se</strong></span> <span class='ocrx_word' id='word_1_856' title='bbox 2458 5247 2610 5312; x_wconf 71' lang='lat' dir='ltr'><strong>dixit,</strong></span> <span class='ocrx_word' id='word_1_857' title='bbox 2637 5227 2797 5300; x_wconf 80' lang='lat' dir='ltr'><strong>Amen</strong></span> <span class='ocrx_word' id='word_1_858' title='bbox 2823 5248 2939 5300; x_wconf 73' lang='lat' dir='ltr'><strong>dico</strong></span> <span class='ocrx_word' id='word_1_859' title='bbox 2966 5247 3102 5302; x_wconf 79' lang='lat' dir='ltr'><strong>vobis</strong></span> <span class='ocrx_word' id='word_1_860' title='bbox 3133 5265 3237 5302; x_wconf 87' lang='lat' dir='ltr'><strong>non</strong></span> <span class='ocrx_word' id='word_1_861' title='bbox 3269 5250 3438 5302; x_wconf 81' lang='lat' dir='ltr'><strong>inveni</strong></span> 
     </span>
    </p>
   </div>
   <div class='ocr_carea' id='block_1_115' title="bbox 1868 5332 3438 5406">
    <p class='ocr_par' dir='ltr' id='par_1_115' title="bbox 1868 5332 3438 5406">
     <span class='ocr_line' id='line_1_115' title="bbox 1868 5332 3438 5406; baseline 0.004 -21"><span class='ocrx_word' id='word_1_862' title='bbox 1868 5343 2067 5386; x_wconf 82' lang='lat' dir='ltr'><strong>tantum</strong></span> <span class='ocrx_word' id='word_1_863' title='bbox 2089 5335 2244 5402; x_wconf 78' lang='lat' dir='ltr'><strong>ﬁdem</strong></span> <span class='ocrx_word' id='word_1_864' title='bbox 2273 5336 2324 5385; x_wconf 87' lang='lat' dir='ltr'><strong>in</strong></span> <span class='ocrx_word' id='word_1_865' title='bbox 2353 5332 2541 5387; x_wconf 84' lang='lat' dir='ltr'><strong>Israel.</strong></span> <span class='ocrx_word' id='word_1_866' title='bbox 2599 5334 2867 5406; x_wconf 84' lang='lat' dir='ltr'><strong>(Hierou.)</strong></span> <span class='ocrx_word' id='word_1_867' title='bbox 2896 5335 3010 5389; x_wconf 84' lang='lat' dir='ltr'><strong>Non</strong></span> <span class='ocrx_word' id='word_1_868' title='bbox 3037 5337 3102 5391; x_wconf 85' lang='lat' dir='ltr'><strong>de</strong></span> <span class='ocrx_word' id='word_1_869' title='bbox 3132 5337 3438 5392; x_wconf 84' lang='lat' dir='ltr'><strong>hominibus</strong></span> 
     </span>
    </p>
   </div>
   <div class='ocr_carea' id='block_1_116' title="bbox 1871 5427 3435 5498">
    <p class='ocr_par' dir='ltr' id='par_1_116' title="bbox 1871 5427 3435 5498">
     <span class='ocr_line' id='line_1_116' title="bbox 1871 5427 3435 5498; baseline 0.002 -18"><span class='ocrx_word' id='word_1_870' title='bbox 1871 5438 2014 5480; x_wconf 88' lang='lat' dir='ltr'><strong>retro</strong></span> <span class='ocrx_word' id='word_1_871' title='bbox 2050 5428 2368 5495; x_wconf 85' lang='lat' dir='ltr'><strong>patriarchis</strong></span> <span class='ocrx_word' id='word_1_872' title='bbox 2397 5435 2452 5480; x_wconf 90' lang='lat' dir='ltr'><strong>et</strong></span> <span class='ocrx_word' id='word_1_873' title='bbox 2479 5427 2776 5498; x_wconf 89' lang='lat' dir='ltr'><strong>prophetis,</strong></span> <span class='ocrx_word' id='word_1_874' title='bbox 2815 5429 2908 5482; x_wconf 89' lang='lat' dir='ltr'><strong>sed</strong></span> <span class='ocrx_word' id='word_1_875' title='bbox 2937 5429 3003 5482; x_wconf 90' lang='lat' dir='ltr'><strong>de</strong></span> <span class='ocrx_word' id='word_1_876' title='bbox 3030 5429 3311 5496; x_wconf 65' lang='lat' dir='ltr'><strong>prasscnlis</strong></span> <span class='ocrx_word' id='word_1_877' title='bbox 3335 5430 3435 5483; x_wconf 66' lang='lat' dir='ltr'><strong>aavi</strong></span> 
     </span>
    </p>
   </div>
   <div class='ocr_carea' id='block_1_117' title="bbox 1869 5517 3435 5585">
    <p class='ocr_par' dir='ltr' id='par_1_117' title="bbox 1869 5517 3435 5585">
     <span class='ocr_line' id='line_1_117' title="bbox 1869 5517 3435 5585; baseline 0.001 -16"><span class='ocrx_word' id='word_1_878' title='bbox 1869 5518 2104 5585; x_wconf 89' lang='lat' dir='ltr'><strong>loquitur</strong></span> <span class='ocrx_word' id='word_1_879' title='bbox 2149 5517 2475 5572; x_wconf 89' lang='lat' dir='ltr'><strong>hominibus.</strong></span> <span class='ocrx_word' id='word_1_880' title='bbox 2528 5517 2730 5581; x_wconf 90' lang='lat' dir='ltr'><strong>Quibus</strong></span> <span class='ocrx_word' id='word_1_881' title='bbox 2774 5517 2894 5570; x_wconf 89' lang='lat' dir='ltr'><strong>ideo</strong></span> <span class='ocrx_word' id='word_1_882' title='bbox 2936 5517 3262 5570; x_wconf 88' lang='lat' dir='ltr'><strong>centurionis</strong></span> <span class='ocrx_word' id='word_1_883' title='bbox 3301 5517 3435 5572; x_wconf 85' lang='lat' dir='ltr'><strong>lldes</strong></span> 
     </span>
    </p>
   </div>
   <div class='ocr_carea' id='block_1_118' title="bbox 1874 5601 3433 5677">
    <p class='ocr_par' dir='ltr' id='par_1_118' title="bbox 1874 5601 3433 5677">
     <span class='ocr_line' id='line_1_118' title="bbox 1874 5601 3433 5677; baseline 0.001 -17"><span class='ocrx_word' id='word_1_884' title='bbox 1874 5606 2170 5660; x_wconf 85' lang='lat' dir='ltr'><strong>antefertur</strong></span> <span class='ocrx_word' id='word_1_885' title='bbox 2223 5607 2343 5676; x_wconf 90' lang='lat' dir='ltr'><strong>quia</strong></span> <span class='ocrx_word' id='word_1_886' title='bbox 2382 5607 2452 5660; x_wconf 92' lang='lat' dir='ltr'><strong>illi</strong></span> <span class='ocrx_word' id='word_1_887' title='bbox 2497 5607 2627 5676; x_wconf 87' lang='lat' dir='ltr'><strong>legis</strong></span> <span class='ocrx_word' id='word_1_888' title='bbox 2682 5601 3172 5677; x_wconf 86' lang='lat' dir='ltr'><strong>prophetarumque</strong></span> <span class='ocrx_word' id='word_1_889' title='bbox 3215 5608 3433 5662; x_wconf 90' lang='lat' dir='ltr'><strong>monitis</strong></span> 
     </span>
    </p>
   </div>
   <div class='ocr_carea' id='block_1_119' title="bbox 1905 5697 3433 5766">
    <p class='ocr_par' dir='ltr' id='par_1_119' title="bbox 1905 5697 3433 5766">
     <span class='ocr_line' id='line_1_119' title="bbox 1905 5697 3433 5766; baseline -0.001 -15"><span class='ocrx_word' id='word_1_890' title='bbox 1905 5697 2073 5760; x_wconf 81' lang='lat' dir='ltr'><strong>docti,</strong></span> <span class='ocrx_word' id='word_1_891' title='bbox 2127 5697 2210 5750; x_wconf 87' lang='lat' dir='ltr'><strong>hic</strong></span> <span class='ocrx_word' id='word_1_892' title='bbox 2269 5705 2475 5759; x_wconf 88' lang='lat' dir='ltr'><strong>autem,</strong></span> <span class='ocrx_word' id='word_1_893' title='bbox 2532 5697 2744 5751; x_wconf 77' lang='lat' dir='ltr'><strong>nomine</strong></span> <span class='ocrx_word' id='word_1_894' title='bbox 2793 5697 3048 5762; x_wconf 87' lang='lat' dir='ltr'><strong>docente,</strong></span> <span class='ocrx_word' id='word_1_895' title='bbox 3099 5707 3286 5766; x_wconf 82' lang='lat' dir='ltr'><strong>sponte</strong></span> <span class='ocrx_word' id='word_1_896' title='bbox 3316 5712 3433 5751; x_wconf 84' lang='lat' dir='ltr'><strong>cre-</strong></span> 
     </span>
    </p>
   </div>
  </div>
