3938 6376
506 331 608 388 859

1208 327 1267 382 Β.
1311 327 1559 384 RABANI
1597 326 1811 383 MAUKI
1848 323 2164 380 ARClllEP.
2205 321 2512 380 MOGUNT.
2555 321 2839 381 OPERUM
2874 321 3053 383 PARS
3093 326 3132 380 l.

3658 328 3770 387 860

505 445 658 498 didit.
697 443 848 498 Unde
879 450 931 496 et
964 458 1017 495 m
1050 443 1361 497 centurione
1390 442 1520 496 ﬁdes
1544 439 1776 508 gentium
1805 436 2069 506 prteponi—
2103 440 2148 496 Α
2175 434 2268 501 ﬁat
2291 435 2402 488 tibi.
2447 433 2735 506 (Mximas)
2761 436 2907 491 Fidei
2937 437 3128 492 merito
3158 439 3393 493 ostendit
3422 452 3549 494 eum
3581 439 3758 510 impe-

507 547 593 589 l'.tr
624 533 895 588 incredula
925 533 1127 587 lsraeli.

581 623 705 675 Ilico
743 630 913 674 autent
955 622 1093 674 vobis
1131 620 1267 687 quod
1313 619 1458 671 multi
1490 616 1553 669 ab
1582 616 1792 669 Oriente
1831 625 1878 667 et
1920 613 2073 666 Occi-

510 719 657 767 drntc
696 715 918 769 venient.
961 712 1155 784 (0rig.)
1197 712 1323 763 Dico
1351 709 1509 772 robis,
1551 715 1720 762 testor
1761 706 1931 768 vobis,
1983 721 2075 758 an~

511 808 698 860 nuntio
742 807 921 869 vobis,
953 804 1181 875 praedico
1208 801 1385 864 vobis;
1433 797 1582 851 multi
1633 799 1851 860 venient,
1907 796 1977 848 illi
2011 797 2075 850 de

510 896 706 965 quibus
736 897 936 951 dictum
966 904 1048 948 est
1076 910 1086 944 :
1121 889 1186 944 Ut
1214 898 1265 942 et
1290 888 1381 942 ﬁlii
1410 889 1523 952 Dei,
1552 889 1642 958 qui
1669 887 1895 957 dispersi
1931 895 2077 950 sunt,

512 996 967 1057 congregarentur
1011 986 1061 1037 in
1099 998 1278 1036 unum.
1337 982 1426 1036 Isti
1464 998 1592 1051 ergo
1625 995 1812 1036 omnes
1840 980 2076 1033 venient.

515 1078 667 1133 Unde
702 1077 950 1132 venient?
987 1073 1067 1127 Ab
1095 1072 1312 1127 Oriente
1339 1081 1393 1126 et
1419 1071 1727 1132 Occidente,
1760 1071 1861 1124 hoc
1901 1078 1981 1124 est
2011 1070 2079 1122 ab

514 1169 657 1222 omni
693 1176 848 1238 gente
875 1180 990 1233 qua:
1031 1172 1114 1217 est
1151 1165 1251 1217 sub
1291 1163 1423 1228 sole,
1463 1163 1530 1216 ab
1558 1161 1777 1217 Oriente
1815 1176 1984 1230 usque
2015 1159 2081 1213 ad

515 1260 873 1314 Occidentem.
928 1255 1076 1308 Sicut
1127 1254 1270 1308 enim
1317 1268 1412 1322 per
1459 1267 1648 1306 omnes
1691 1259 1877 1324 gentes
1921 1250 2082 1303 habet

516 1352 616 1404 hoc
643 1346 980 1416 Evangelium
1008 1345 1308 1413 praedicari,
1342 1346 1418 1399 sic
1457 1360 1521 1398 ex
1553 1344 1799 1398 omnibus
1833 1341 2084 1410 gentibus

515 1439 723 1493 venturi
777 1444 899 1489 sunt
948 1435 1013 1489 ad
1062 1451 1284 1504 regnum
1334 1431 1738 1488 coelorumzvel
1792 1430 1965 1483 adhuc
2015 1429 2082 1482 ab

515 1533 731 1587 Oriente
772 1529 826 1582 hi
866 1529 972 1597 qui
1005 1528 1190 1582 statim
1237 1527 1516 1581 illuminati
1574 1529 1885 1584 transeunt,
1921 1529 1978 1574 et
2016 1519 2084 1574 ab

513 1624 795 1678 Occidente
831 1623 885 1676 hi
916 1621 1006 1691 qui
1044 1622 1321 1690 passiones
1369 1628 1421 1674 et
1468 1619 1868 1689 persecutiones
1918 1631 2086 1684 usque

515 1716 578 1768 ad
613 1721 840 1767 mortem
876 1713 1244 1789 toleraverunt
1277 1727 1373 1779 pro
1403 1710 1526 1763 ﬁde.

2179 537 2349 600 trasse
2383 527 2608 582 salutem
2638 544 2812 594 servo,
2839 540 2897 584 ut
2933 530 3054 586 inde
3081 533 3250 602 magis
3279 534 3557 604 magisque
3590 536 3765 589 robur

2179 614 2298 671 ﬁdei
2340 618 2390 670 in
2436 633 2500 671 eo
2547 628 2879 674 accresceret
2918 636 3022 688 quo
3053 624 3384 691 perspiceret
3415 639 3763 696 quzecunque

2177 709 2352 771 vellet,
2397 725 2492 777 per
2534 711 2704 780 ipsam
2748 727 2805 767 se
2847 714 3132 781 impetrare
3161 729 3338 786 posse.
3383 689 3662 785 (Πῖενοη.)
3698 714 3759 770 Si

2178 801 2320 854 enim
2367 800 2458 856 fiet
2497 818 2621 857 vere
2663 804 2948 872 unicuique
2991 804 3191 857 homini
3240 803 3381 857 sicut
3425 803 3760 865 crediderit,

2179 892 2472 946 secundum
2505 909 2811 947 mensuram
2843 893 2966 947 ﬁdei
2993 894 3244 948 metietur
3286 895 3336 947 ei
3374 903 3430 948 et
3459 895 3559 948 ista
3594 911 3623 947 a
3655 891 3762 947 Do-

2181 981 2325 1034 mino
2354 982 2542 1050 gratia.
2572 983 2803 1050 Ideoque
2827 982 2962 1036 dixit
3000 983 3066 1037 ad
3093 983 3240 1036 illum
3275 983 3533 1037 Dominus
3560 1001 3574 1035 :
3607 980 3762 1036 Sicut

2182 1070 2445 1123 credidisti
2466 1071 2710 1138 ﬁattibi.
2753 1071 3039 1126 Credidisti
3064 1073 3188 1141 quia
3221 1087 3319 1142 ego
3352 1087 3609 1141 possum;
3640 1085 3760 1127 cro-

2183 1159 2361 1214 didisti
2389 1160 2512 1229 quia
2549 1175 2647 1230 ego
2675 1161 2932 1217 Dominus
2957 1175 3072 1215 sum
3102 1161 3364 1215 omnium.
3397 1159 3550 1216 Sicut
3583 1160 3761 1216 credi.

2183 1251 2327 1316 disti,
2364 1252 2439 1306 ita
2467 1252 2558 1306 ﬁet
2586 1253 2678 1307 tibi

2254 1339 2320 1394 Et
2355 1352 2570 1396 sanatus
2606 1352 2679 1396 est
2717 1359 2848 1412 puer
2887 1359 2941 1396 ιη
2971 1342 3061 1396 illa
3089 1343 3240 1396 hora.
3282 1343 3462 1414 (Aug.)
3489 1342 3761 1397 Probatur

2184 1429 2316 1484 ﬁdes
2361 1430 2588 1494 domini,
2643 1439 2698 1485 et
2752 1431 2902 1485 servi
2950 1432 3152 1486 sanitas
3208 1434 3515 1486 roboratur.
3577 1431 3760 1487 Potest

2183 1536 2310 1590 ergo
2370 1521 2624 1576 meritum
2674 1521 2874 1574 domini
2939 1521 3102 1574 etiam
3173 1521 3386 1576 famulis
3452 1520 3757 1590 suffragari,

2186 1626 2291 1664 non
2321 1610 2493 1665 solum
2523 1608 2643 1664 ﬁdei
2673 1611 2883 1676 merito,
2914 1610 3008 1664 sed
3035 1612 3197 1664 etiam
3230 1611 3406 1665 studio
3441 1611 3757 1680 disciplima.

2188 1700 2398 1775 (Beda.)
2452 1701 2692 1773 Mystice,
2726 1710 2932 1766 autem,
2985 1711 3042 1756 ut
3087 1702 3218 1766 dixi,
3273 1703 3562 1768 centurio,
3612 1702 3760 1770 cujus

587 1803 648 1856 Et
675 1803 965 1855 recumbent
1010 1785 1126 1853 cunt
1151 1800 1435 1863 Abraham,
1470 1807 1515 1851 ct
1553 1797 1729 1861 Isaac,
1758 1805 1801 1850 et
1827 1794 2010 1859 Iacob,
2034 1795 2088 1846 in
2116 1785 2164 1844 B
2192 1792 2325 1847 ﬁdes
2361 1792 2544 1847 Israeli
2574 1791 2876 1861 praefertur,
2907 1791 3105 1846 electos
3135 1792 3390 1845 nimirum
3420 1808 3487 1847 ex
3515 1793 3762 1862 gentibus

515 1915 670 1968 regno
693 1896 960 1950 caelorum.
989 1892 1272 1965 (Marsus)
1297 1892 1631 1948 Recumbent
1662 1907 1768 1947 non
1795 1889 2086 1968 carpaliter

513 1996 773 2064 jacentes,
795 1989 897 2042 sed.
918 1985 1231 2057 spiritaliter
1263 1986 1698 2054 requiescentes;
1736 1997 1843 2035 non
1874 1954 2084 2047 t’empo-

519 2085 702 2138 raliter
732 2089 997 2150 potantes,
1031 2076 1121 2131 sed
1161 2075 1388 2130 feliciter
1437 2074 1734 2145 epulantes.
1782 2070 1915 2138 Quia
1947 2069 2087 2122 Deus

515 2173 800 2233 Abraham,
833 2169 950 2224 coeli
976 2166 1236 2230 conditor,
1271 2166 1428 2218 Pater
1455 2172 1538 2219 est
1565 2171 1618 2218 et
1638 2161 1860 2230 Christi,
1889 2159 2089 2214 idcirco

519 2265 569 2317 in
603 2239 765 2332 regno
789 2261 1044 2315 ccelorum
1075 2266 1156 2311 est
1184 2266 1238 2312 et
1265 2258 1559 2317 Abraham,
1591 2269 1710 2309 cum
1741 2267 1847 2322 quo
1876 2251 2092 2306 accubi-

520 2364 652 2407 tnrte
685 2359 802 2405 sunt
840 2358 1026 2419 gentes
1054 2363 1172 2416 qua:
1193 2389 1196 2392 .
1219 2347 1562 2401 crediderunt
1608 2347 1660 2398 in
1683 2343 1974 2405 Christum,
1999 2339 2089 2394 Fi-

522 2443 646 2494 lium
675 2429 965 2495 Creatoris.
1007 2439 1074 2490 Et
1111 2437 1200 2491 ille
1239 2436 1439 2504 pariter
1484 2448 1676 2488 sensus
1722 2429 1992 2500 impletur,
2024 2427 2090 2481 de

521 2545 624 2595 quo
669 2543 829 2595 supra
882 2530 1136 2592 diximus,
1188 2529 1241 2580 in
1294 2525 1631 2580 centurionis
1675 2521 1800 2582 ﬁde.
1849 2516 2089 2587 gentium

523 2616 633 2674 ﬁeri
681 2618 1095 2687 prterogativam
1125 2659 1138 2683 ,
1204 2619 1331 2671 dum
1403 2617 1543 2669 illius
1596 2609 1963 2666 credulitatem
2011 2605 2094 2688 ~de

518 2704 736 2761 Oriente
789 2716 843 2762 et
886 2707 1173 2763 Occidente
1219 2705 1475 2760 credituri
1531 2699 1712 2770 populi
1767 2712 2093 2753 commemo-

523 2803 728 2852 rantur.

591 2885 635 2937 Ρ
639 2886 719 2939 itii
748 2895 920 2940 autem
953 2884 1097 2953 regni
1127 2882 1405 2952 ejicientttr
1432 2883 1485 2934 in
1521 2880 1755 2934 tenebras
1789 2888 2088 2944 exteriores,

518 2975 588 3030 ibi
618 2977 714 3030 erit
737 2977 886 3044 fletus
908 2984 954 3028 et
981 2974 1176 3027 stridor
1199 2973 1454 3025 dentium.
1505 2969 1774 3040 (Hieron.)
1801 2968 1967 3023 Filios
1996 2984 2091 3022 au-

519 3070 626 3121 tem
661 3066 810 3135 regni
833 3056 1056 3128 Iudaeos
1073 3063 1359 3134 signiﬁcat,
1392 3063 1444 3116 in
1472 3062 1666 3131 quibus
1694 3069 1818 3116 ante
1847 3059 2090 3130 regnavit

2188 1885 2440 1949 ostendit,
2472 1885 2562 1953 qui
2590 1883 2742 1952 quasi
2786 1884 3094 1937 centenario
3135 1883 3306 1938 milite
3353 1885 3561 1953 stipati,
3599 1885 3758 1938 virtu-

2150 1985 2162 2000 ‘
2190 1984 2304 2028 tum
2343 1973 2866 2044 spiritualiumsunt
2896 1972 3222 2042 perfectione
3259 1972 3548 2037 sublimes,
3583 1972 3761 2044 nilquo

2191 2081 2221 2120 a
2248 2064 2480 2119 Domino
2509 2072 2797 2127 terrenum,
2837 2063 2929 2117 sed
2965 2062 3075 2117 sola
3102 2070 3316 2117 interna:
3351 2062 3543 2117 salutis
3568 2061 3756 2132 gaudia

2194 2156 2294 2210 sibi
2328 2155 2543 2222 suisque
2583 2154 2881 2221 requirunt.
2925 2152 3188 2209 Numerus
3220 2154 3363 2209 enim
3395 2153 3756 2212 centonarius,

2193 2247 2300 2319 qui
2319 2263 2349 2303 e
2376 2248 2504 2302 laeva
2532 2245 2854 2301 transfertur
2880 2247 2944 2301 ad
2970 2247 3266 2311 dexteram,
3298 2250 3351 2302 in
3379 2247 3620 2303 caelestis
3645 2247 3759 2302 vita:

2191 2339 2580 2410 signiﬁcatione
2627 2337 2753 2408 poni
2799 2339 3109 2393 consuevit:
3152 2340 3292 2393 unde
3331 2348 3416 2394 est
3463 2341 3612 2407 quod
3640 2354 3755 2393 arca

2193 2430 2304 2485 Noe
2347 2438 2558 2485 centum
2607 2431 2763 2483 annis
2815 2429 3104 2484 fabricatur
3150 2428 3440 2501 (Gemvr):
3489 2429 3756 2487 Abraham

2195 2520 2535 2574 centonarius
2575 2518 2740 2572 ﬁlium
2771 2519 3139 2588 promissionis
3173 2521 3383 2588 accepit
3416 2519 3570 2591 (Gen.
3599 2520 3756 2588 xvn);

2152 2612 2330 2686 (sevit
2356 2610 2530 2666 lsaac.
2557 2619 2611 2665 et
2647 2611 2848 2664 invenit
2883 2610 2934 2663 in
2961 2611 3074 2680 ipso
3105 2626 3244 2665 anno
3271 2611 3579 2680 centuplum
3610 2607 3754 2679 (Cen.

2191 2704 2375 2773 xxvr);
2415 2705 2613 2758 atrium
2663 2703 2992 2758 tabernaculi
3041 2712 3252 2758 centum
3304 2703 3503 2757 cubitis
3548 2701 3756 2770 longum

2197 2802 2275 2849 est
2303 2793 2498 2865 (Exod.
2530 2793 2734 2866 xxvii);
2766 2795 2818 2849 in
2845 2796 3133 2853 centesimo
3163 2796 3367 2864 psalmo
3393 2793 3755 2848 misericordia

2193 2894 2248 2941 et
2271 2885 2532 2954 judicium
2565 2887 2792 2942 Domino
2845 2896 3090 2942 cantatur
3135 2886 3303 2959 (Psal.
3337 2889 3424 2960 c),
3468 2899 3525 2942 et
3571 2897 3753 2942 caetera

2193 2977 2520 3046 hujusmodi.
2558 2978 2702 3034 Talis
2749 2994 2876 3050 ergo
2913 2979 3091 3034 meriti
3135 2979 3234 3032 viri
3280 2994 3374 3048 pro
3417 2980 3499 3034 his
3544 2972 3754 3033 necesse

2194 3077 2278 3124 est
2306 3069 2534 3124 Domino
2576 3069 2898 3138 supplicent,
2925 3070 3017 3138 qui
3045 3069 3218 3124 adhuc
3258 3069 3450 3138 spiritu
3490 3068 3756 3122 servitutis

519 3157 795 3211 Dominus.
837 3154 1095 3209 Tenebrae
1140 3166 1351 3222 semper
1376 3152 1657 3206 interiores
1682 3159 1829 3215 sunt,
1860 3165 1964 3205 non
2000 3165 2093 3204 ex-
2119 3149 2164 3211 C
2196 3158 2250 3214 in
2293 3159 2486 3214 timore
2533 3167 2883 3231 premuntur,
2927 3168 3210 3229 quatenus,
3259 3159 3339 3231 είξ
3389 3157 3644 3228 paulatim
3693 3156 3757 3212 ad

519 3247 761 3300 teriores.
812 3245 919 3299 Sed
966 3242 1264 3316 [quoniam]
1312 3243 1405 3314 qui
1449 3259 1481 3296 a
1531 3243 1770 3298 Domino.
1810 3241 2095 3311 expellitur

521 3336 685 3402 foras,
723 3334 977 3404 relinquit
1025 3335 1226 3399 lumen,
1275 3333 1476 3388 idcirco
1523 3335 1820 3388 exteriores
1858 3333 2095 3388 tenebras

520 3427 811 3496 nominatas
865 3434 1009 3481 sunt.
1067 3425 1152 3479 Ibi
1190 3426 1286 3479 erit
1321 3426 1472 3494 ﬂetus
1519 3434 1572 3478 et»
1606 3425 1802 3477 stridor
1840 3423 2092 3478 dentium.

521 3519 577 3572 Si
600 3516 783 3572 'ﬁetus.
807 3516 1093 3571 oculorum
1117 3523 1220 3579 est,
1266 3521 1323 3569 et
1350 3513 1551 3568 stridor
1575 3513 1816 3568 dentium
1854 3527 1978 3568 ossa
2005 3513 2097 3567 de-

521 3615 826 3673 monstrat;
885 3620 1016 3660 vora
1061 3612 1316 3674 estergo
1346 3618 1629 3672 corporum
1681 3612 1737 3658 et
1785 3603 2095 3666 eorumdem

523 3701 888 3754 membrorum
923 3711 1042 3767 quae
1089 3695 1434 3761 ceciderant,
1491 3696 1831 3750 resurrectio.
1892 3693 2092 3768 (Greg.)

504 3789 676 3846 .Unde
702 3799 757 3844 et
781 3804 879 3858 per
907 3788 1278 3856 metaphoram
1300 3785 1613 3855 magnitudo
1637 3785 1958 3854 exprimitur
1987 3793 2096 3840 tor-

523 3889 844 3935 mentorum.
890 3879 1174 3934 lnteriores
1213 3878 1408 3948 quippe
1447 3875 1699 3931 tenebras
1726 3876 1954 3931 dicimus
1995 3891 2096 3931 cae-

524 3973 742 4026 citatem
789 3969 982 4033 cordis,
1014 3968 1312 4023 exteriores
1339 3983 1468 4022 vero
1521 3966 1798 4031 tenebras,
1837 3973 2094 4022 aeternam

525 4069 735 4117 noctem
777 4051 1156 4114 damnatiOnis.
1204 4058 1356 4113 Tunc
1396 4073 1518 4113 cum
1556 4058 1841 4112 damnatur
1869 4057 2097 4126 quisque

526 4168 633 4207 non
669 4151 722 4205 in
754 4151 1052 4215 interiores,
1087 4149 1179 4203 sed
1214 4150 1268 4204 in
1298 4150 1595 4204 exteriores
1637 4149 1887 4203 tenebras
1923 4147 2095 4202 mitti-

525 4254 614 4298 tur
647 4242 810 4312 :quia
853 4241 959 4295 illic
996 4241 1196 4305 invitus
1219 4239 1500 4310 projicitur
1542 4240 1595 4294 in
1634 4249 1845 4295 noctem
1875 4239 2096 4293 damna-

526 4335 704 4396 tionis,
753 4333 845 4402 qui
893 4332 980 4386 hic
1022 4341 1210 4400 sponte
1254 4331 1449 4386 cecidit
1483 4331 1535 4383 in
1569 4331 1860 4385 czecitatem
1895 4328 2092 4383 cordis.

528 4425 611 4479 Ibi
634 4427 786 4494 ﬂetus
814 4403 1026 4492 quoque
1058 4429 1105 4474 et
1128 4421 1324 4476 stridor
1345 4421 1575 4474 dentium
1606 4435 1724 4474 esse
1753 4420 2092 4488 perhibetur:

527 4527 584 4570 nt
611 4490 718 4570 im.-
755 4490 944 4568 dentes
975 4512 1257 4576 strideant,
1284 4512 1373 4583 qui
1399 4512 1486 4567 hic
1511 4511 1578 4566 de
1606 4511 1868 4566 edacitate
1897 4511 2096 4581 gaude-
2121 4490 2174 4548 D

525 4609 673 4670 bant,
701 4601 810 4662 illic
837 4604 978 4664 oculi
1013 4602 1263 4667 deﬂeant,
1289 4603 1378 4672 qui
1408 4603 1497 4657 hic
1529 4617 1632 4672 per
1656 4601 1869 4656 illicitas
1899 4617 2095 4657 concu-

528 4698 817 4768 piscentiae
850 4695 1251 4750 versabantur:
1295 4703 1556 4762 quatenus
1614 4691 1821 4761 singula
1871 4707 2095 4761 quaeque

532 4771 771 4846 membra
800 4785 1061 4858 supplicio
1099 4785 1435 4854 subiaceant,
1467 4798 1586 4852 qua:
1613 4783 1701 4837 hic
1731 4783 1954 4852 singulis
1979 4783 2094 4851 qui-

529 4887 735 4952 busque
764 4880 907 4936 vitiis
944 4880 1183 4949 subjecta
1214 4863 1538 4954 serviebant.
1580 4876 1759 4932 Fletus
1785 4879 1850 4932 de
1879 4879 2092 4942 ardore,

530 4975 732 5030 stridor
754 4968 989 5026 dentium
1014 4970 1148 5025 solet
1171 4968 1395 5025 excitari
1423 4967 1488 5023 de
1516 4965 1733 5038 frigore.
1758 4967 1972 5038 (Βεὶίιι.)
1992 4967 2094 5023 Ubi

529 5061 1058 5136 duplexostenditur
1083 5061 1348 5130 gehenna,
1378 5060 1431 5115 id
1457 5067 1558 5124 est,
1591 5059 1741 5114 nimii
1781 5059 2013 5130 frigoris,
2043 5069 2094 5116 et

533 5152 884 5215 intolerabilis
928 5164 1046 5205 esse
1093 5149 1335 5206 fervoris.
1383 5150 1480 5205 Cui
1529 5149 1672 5204 beati
1707 5147 1806 5203 Job
1835 5151 2094 5204 sententia

530 5246 819 5310 consentit,
842 5243 1073 5298 dicens:
1098 5241 1178 5295 Ad
1201 5241 1422 5294 calorem
1463 5242 1680 5293 nimium
1711 5239 1999 5293 transibunt
2032 5241 2095 5292 ab

530 5336 679 5409 aqua
714 5337 909 5391 nivium
941 5332 1062 5406 (Job
1089 5331 1260 5403 xxiv).
1306 5323 1403 5386 Vel
1442 5341 1588 5387 certe
1631 5331 1832 5387 stridor
1857 5331 2094 5388 dentium

453 5496 456 5499 Χ
530 5430 708 5506 prodit
753 5426 1078 5496 indignantis
1128 5422 1409 5487 affectum,
1450 5437 1513 5476 eo
1554 5423 1695 5491 quod
1736 5437 2092 5501 sero‘unum-

530 5535 794 5589 eriemque
831 5519 1107 5589 pcenileat,
1143 5531 1264 5571 sero
1302 5515 1638 5585 ingemiscat,
1668 5529 1789 5569 sero
1825 5515 2096 5586 irascatur
2132 5505 2141 5520 ’

532 5609 652 5674 sibi,
679 5610 818 5677 quod
848 5598 1242 5678 tam.pervicaci
1279 5605 1624 5674 improbitate
1648 5593 1950 5673 deliquerit.

610 5697 672 5756 fit
696 5699 826 5754 dixit
851 5699 1002 5754 Je‘sus
1029 5697 1336 5759 centurioni,
1378 5696 1542 5759 Vade,
1574 5704 1619 5750 et
1648 5697 1779 5749 sicut
1812 5697 2093 5766 credidisti,

2196 3247 2511 3304 sublimiora
2548 3250 2846 3317 provectis,
2886 3248 3111 3317 perfecta
3150 3248 3360 3302 dilectio
3403 3247 3547 3316 foras
3591 3249 3756 3300 mittat

2198 3338 2435 3393 timorem
2475 3337 2525 3409 (I
2549 3336 2709 3392 Joan.
2741 3337 2836 3410 tv).
3770 3398 3776 3404 ,

2271 3425 2404 3498 [ιιι]
2439 3427 2506 3481 Et
2537 3445 2654 3482 cum
2681 3430 2897 3484 venisset
2917 3429 3071 3495 lctus
3104 3431 3170 3483 in-
3189 3429 3401 3483 domum
3427 3427 3595 3494 Patri,
3637 3427 3759 3482 vidit

2197 3533 2403 3571 socrum
2451 3518 2864 3596 ejus_jacentem
2905 3530 2954 3574 et
2986 3500 3384 3590 febricitantem.
3431 3518 3609 3596 (ᾼιις.)
3653 3517 3758 3574 Hoc

2197 3608 2414 3677 quando
2448 3593 2646 3662 factum
2685 3610 2776 3675 sit,
2810 3610 2861 3664 id
2899 3619 3006 3674 est,
3037 3618 3159 3680 post
3194 3611 3322 3680 quid
3351 3610 3436 3665 vel
3465 3593 3590 3666 ante
3613 3607 3755 3679 quid,

2197 3711 2304 3750 non
2326 3697 2592 3766 expressit
2618 3696 2918 3754 Matthteus.
2949 3698 3064 3754 Non
3091 3701 3235 3755 enim
3260 3708 3384 3770 post
3407 3701 3550 3769 quod
3577 3715 3756 3754 nam-

2198 3797 2308 3854 tur,
2334 3799 2456 3858 post
2484 3792 2586 3846 hoc
2609 3790 2776 3845 etiam
2800 3790 3012 3855 factum
3043 3805 3265 3847 necesse
3298 3799 3382 3847 est
3418 3789 3754 3860 intelligatur,

2198 3895 2319 3936 cum
2369 3880 2582 3937 Marcus
2611 3882 2894 3952 Lucasque
2943 3882 3090 3951 prius
3135 3880 3264 3936 illud
3301 3889 3524 3936 narrent
3565 3880 3754 3936 factum

2199 3986 2360 4042 quam
2390 3971 2456 4026 de
2494 3971 2704 4041 leproso
2734 3973 2934 4026 dicant.
2979 3970 3085 4027 Sed
3122 3971 3254 4026 nihil
3293 3971 3475 4027 obstat
3514 3970 3757 4026 narrandl

2199 4061 2510 4128 diversitas;
2545 4063 2634 4117 ubi
2679 4062 2866 4117 eadem
2916 4078 3003 4118 res
3046 4051 3344 4128 nuntiatur,
3384 4063 3616 4118 maxime
3642 4077 3755 4118 ωιι

2198 4155 2568 4225 unusquisque
2605 4157 3162 4228 evangelistarum‘eo
3205 4173 3266 4213 sc
3310 4157 3500 4213 ordine
3544 4155 3759 4212 credidit

2198 4246 2448 4304 debuisse
2495 4264 2737 4315 narrare,
2766 4266 2872 4320 quo
2912 4250 3164 4306 voluisset
3204 4249 3347 4305 Deus
3387 4264 3452 4304 ea
3496 4251 3606 4319 ipsa
3643 4262 3754 4319 qu:

2200 4339 2458 4394 narrabat
2481 4340 2596 4410 ejus
2625 4339 2982 4395 recordationi
3015 4355 3303 4412 suggerere

2224 4431 2340 4484 'Et
2387 4432 2553 4501 tetigit
2597 4447 2808 4484 manum
2857 4430 3002 4499 ejus,
3061 4440 3108 4483 et
3163 4431 3360 4484 dimisit
3415 4447 3530 4484 eam
3587 4430 3752 4500 febris.

2203 4520 2413 4594 (Beda.)
2451 4519 2508 4574 In
2535 4520 2824 4590 Evangelio
2849 4511 3006 4574 Luca:
3047 4520 3305 4589 scriptum
3342 4527 3426 4574 est
3459 4519 3584 4589 quia
3613 4533 3757 4588 roga-

2201 4621 2395 4667 verunt
2429 4627 2554 4666 eum
2579 4626 2688 4682 pro
2710 4611 2816 4675 illa,
2845 4619 2900 4666 et
2928 4619 3274 4680 stanssuper
3302 4610 3446 4665 illam
3485 4609 3756 4679 imperavit
3804 4661 3809 4667 ,

2169 4763 2172 4767 ἴ
2201 4702 2357 4758 febri.
2397 4702 2552 4757 Modo
2585 4702 2728 4756 enim
2759 4702 3004 4757 Salvator
3035 4712 3272 4774 rogatur,
3303 4701 3460 4756 modo
3491 4701 3632 4755 ultro
3666 4715 3750 4754 cu-

2201 4801 2287 4848 rat
2320 4801 2568 4863 :egrotos,
2603 4793 2892 4847 ostendens
2933 4807 2992 4846 se
3041 4800 3228 4861 contra
3275 4790 3528 4845 vitiorum
3557 4802 3755 4858 quoque

2201 4885 2481 4955 passiones
2519 4891 2574 4938 et
2610 4885 2861 4954 precibus
2907 4897 3122 4953 semper
3157 4896 3394 4936 annucrc
3433 4879 3682 4958 ﬁdelium,
3707 4887 3756 4934 et

2203 4990 2266 5029 ea
2304 4989 2684 5043 nonnunquam
2719 4990 2839 5043 qua:
2873 4973 2979 5043 ipsi
3017 4973 3237 5028 minime
3271 4973 3324 5026 in
3350 4987 3410 5026 se
3439 4959 3754 5041 intelligunt,

2203 5056 2286 5118 vel
2326 5063 2668 5133 intelligenda
2715 5062 2867 5127 dare,
2894 5061 2978 5116 vel
3008 5062 3091 5132 pie
3115 5060 3423 5130 petentibus
3465 5060 3628 5115 etiam
3657 5074 3753 5114 non

2204 5153 2473 5208 intellecta
2519 5153 2816 5218 dimittere;
2846 5151 3000 5219 juxta
3031 5151 3170 5222 quod
3195 5150 3476 5205 Psalmista
3501 5149 3752 5220 postulat:

2205 5242 2407 5296 Delicta
2447 5243 2562 5314 quis
2599 5241 2971 5312 intelligityab
2999 5242 3211 5296 occultis
3253 5241 3379 5296 meis
3427 5241 3624 5294 munda
3664 5256 3752 5305 me,

2205 5333 2424 5388 Domine
2445 5332 2614 5405 (Psal.
2647 5334 2818 5404 xvm).

2273 5423 2336 5476 Et
2366 5427 2617 5490 surrexit,
2646 5434 2692 5478 et
2725 5424 3052 5478 ministrabat
3086 5424 3181 5478 eis.
3215 5421 3484 5494 (Hierom)
3513 5420 3756 5477 Naturale

2203 5523 2285 5566 est
2317 5513 2744 5572 febricitantibus
2791 5513 3078 5582 incipiente
3122 5513 3355 5567 sanitate
3395 5509 3692 5590 lassescere
3708 5518 3757 5563 et

2201 5603 2562 5672 :cgrotalionis
2591 5604 2794 5658 sentire
2831 5603 3154 5658 molestiam.
3186 5601 3380 5655 Verum
3422 5600 3627 5655 sanitas
3649 5614 3757 5664 qua

2207 5694 2412 5747 honuni
2471 5693 2744 5747 confertur
2772 5693 3016 5761 imperio,
3074 5691 3231 5747 simul
3284 5699 3393 5746 tota
3426 5688 3617 5751 redit;
3667 5699 3754 5742 nec
