3938 6310
215 270 321 325 δοι

1185 269 1527 329 COMMENT.
1567 242 1634 325 tu
1676 269 2108 326 MATTIIAEL‘M.
2149 302 2214 312 -
2254 269 2382 326 me.
2425 271 2512 340 ut.

3371 274 3471 329 363

215 385 396 442 solum
437 398 549 453 ipsa
571 359 742 447 (redit,
774 383 865 437 sed
897 379 1134 436 et'tauto
1165 385 1357 436 robore
1384 381 1694 444 comitante,
1727 389 1785 432 ut
1814 385 1860 443 Λ
1889 380 2039 435 litate
2064 381 2277 436 'virium
2325 381 2485 438 ferre‘
2515 396 2620 437 non
2665 390 3004 451 poteramus,
3045 399 3142 452 pro
3191 383 3349 438 nobis
3384 382 3476 439 ille

210 477 302 530 eis
329 478 580 530 continuo
609 476 695 543 qui
725 490 784 528 se
825 474 1159 543 adjuverantt,
1191 473 1500 526 ministrare
1529 470 1787 535 suiliciat;

212 577 272 621 et
314 568 466 637 juxta
516 567 657 637 leges
706 566 983 634 theologiae
1032 565 1270 618 membra
1315 579 1434 633 qua:
1486 563 1794 618 serviebant

214 654 576 710 inmunditia:
597 666 650 711 et
673 654 935 726 iniquitati
965 654 1030 707 ad
1058 654 1390 722 iniquitatem
1420 661 1478 706 ut
1505 652 1793 707 fructiﬁda-

216 758 346 804 rent
399 751 579 813 morti,
639 750 874 804 serviant
920 747 1148 815 iustitiae
1208 748 1269 800 in.
1317 747 1481 800 vitam
1537 754 1791 799 aeternam

213 839 401 909 (Rom.
439 856 486 894 vt
517 853 564 896 et
591 842 706 909 vn).
757 839 1044 911 (MAURUS.)
1083 839 1380 909 Allcgorice
1428 853 1558 892 vero
1605 837 1793 891 domus

219 928 368 987 Petri
396 932 736 986 circumcisio
764 940 874 995 est,
911 932 1035 1000 quia
1074 931 1171 998 ipsi
1203 929 1534 998 apostolatus
1565 929 1793 982 traditus

216 1038 303 1081 est
341 1026 766 1081 circumcisionis
802 1023 942 1096 (Gal.
971 1025 1062 1095 tt);
1116 1040 1304 1100 socrus
1342 1025 1484 1076 enim
1515 1023 1659 1076 Petri
1689 1021 1792 1090 Sy-

216 1133 426 1188 nagoga
456 1125 556 1182 est,
585 1119 717 1187 quia.
741 1118 826 1171 illa
870 1115 1265 1184 quodammodo
1295 1121 1468 1167 mater
1503 1123 1587 1166 est
1611 1109 1794 1166 Eccle-

215 1209 334 1270 six,
372 1202 491 1277 ([ιιιιι
534 1226 561 1262 a
593 1222 720 1276 vero
747 1206 953 1275 Sponso
983 1205 1142 1259 Petro
1182 1206 1282 1259 fuit
1326 1204 1697 1259 commendata
1728 1203 1795 1255 ad

212 1299 646 1355 custodiendum.
686 1296 781 1350 Cui
824 1297 935 1364 ipse
975 1297 1048 1350 ita
1074 1297 1148 1349 ait
1176 1315 1188 1350 :
1218 1295 1293 1348 Tu
1314 1312 1365 1348 es
1394 1292 1602 1356 Petrus,
1637 1301 1682 1346 et
1706 1309 1795 1345 su-

212 1405 310 1457 per
350 1389 482 1440 hanc
520 1399 718 1457 petram
758 1386 1028 1453 wdiﬁcabo
1052 1385 1340 1438 Ecclesium
1382 1399 1549 1436 meam
1577 1381 1790 1453 (Matth.

214 1479 366 1548 ut);
402 1487 456 1531 et
487 1477 610 1531 alibi
639 1495 651 1528 :
680 1474 863 1540 Pasce,
897 1476 1090 1545 inquit,
1116 1491 1277 1545 agnos
1304 1489 1474 1537 meos;
1506 1481 1561 1528 et
1586 1487 1602 1526 :
1629 1471 1795 1524 Pasce

216 1586 339 1622 cnes
363 1584 502 1622 meas
527 1567 704 1636 (Joan.
739 1567 870 1635 xxi).
919 1566 1283 1620 Febricitabat
1317 1579 1444 1634 ergo
1483 1578 1673 1618 socrus
1694 1562 1794 1617 Pe-

219 1657 316 1722 tri,
367 1658 494 1727 quia
553 1656 832 1726 Synagoga
886 1655 1189 1710 invidentite
1231 1655 1448 1709 mstibus
1489 1652 1792 1717 laborabat,

1892 482 2136 543 portaret
2160 475 2250 541 qui
2280 489 2375 528 sua
2426 475 2697 529 voluntate
2726 489 2825 544 pro
2869 473 3024 528 nobis
3051 490 3245 544 passus
3278 484 3395 540 est,
3423 482 3478 530 et

1894 565 1984 632 qui
2013 565 2172 617 morti
2201 564 2276 617 nil
2298 565 2508 630 debuit,
2537 582 2634 634 pro
2660 566 2815 620 nobis
2839 565 3078 620 debitum
3108 567 3474 630 morti-solvit.

1966 653 2100 726 [lV.]
2141 652 2334 707 Videns
2352 665 2528 706 autem
2555 655 2588 706 Ι
2594 673 2709 709 esus
2740 655 2919 708 turbas
2947 656 3140 708 multas
3165 657 3359 709 circum
3390 673 3475 722 sc,

1885 752 2047 821 jussit
2105 749 2387 819 discipulos
2437 766 2556 802 suos
2604 751 2679 803 ire
2717 762 2860 802 trans
2891 751 3101 819 fretum.
3139 749 3324 822 (Λιιθ.)
3381 749 3478 806 llic

1895 841 2344 896 manifestum-est
2371 839 2534 893 alium
2565 839 2706 893 diem
2735 841 3024 894 recoluisse
3044 882 3057 905 ,
3084 856 3193 910 quo
3221 839 3480 907 irejussit

1896 917 2044 988 trans
2072 932 2296 996 fretum,
2332 948 2436 986 non
2464 947 2583 986 eum
2609 930 2700 999 qui
2730 931 2972 998 sequitur
2995 932 3134 984 diem
3157 946 3263 999 quo
3287 945 3480 985 socrus

1894 1023 2040 1077 Petri
2081 1031 2267 1076 sanata
2311 1029 2392 1076 est
2424 1038 2434 1074 :
2466 1037 2571 1090 quo
2605 1021 2814 1074 Marcus
2846 1019 2931 1075 die
2959 1019 3238 1089 Lucasquc
3267 1037 3387 1074 cum
3426 1020 3478 1074 in

1894 1114 2163 1168 desertum
2190 1111 2386 1165 exiisse
2401 1110 2682 1164 afﬁrmant.
2711 1111 2851 1181 (Eliso
2861 1109 3001 1178 nus.)
3021 1109 3336 1163 Exhortatio
3350 1127 3480 1180 ergo

1894 1201 2018 1256 Jcsu
2066 1210 2147 1254 est
2189 1210 2245 1254 ut
2290 1216 2505 1254 amaros
2548 1201 2727 1254 δευουιί
2761 1200 2954 1255 ﬂuetus
2982 1201 3304 1255 inconcusso
3355 1200 3483 1256 ﬁdei.

1895 1293 2108 1360 navigio
2158 1289 2528 1355 transeamus,
2584 1307 2689 1361 quo
2740 1292 2805 1344 ad
2849 1292 2998 1346 littus
3046 1291 3315 1360 paradisi,
3366 1291 3482 1360 ipso

1894 1385 2257 1455 gubernante,
2290 1382 2688 1453 perveniamus.

1965 1478 2032 1533 Et
2063 1479 2312 1532 accedens
2340 1494 2477 1531 unus
2501 1477 2706 1541 scribat,
2729 1477 2803 1530 ait
2834 1477 2943 1541 illi,
2975 1475 3246 1545 Magister,
3291 1493 3481 1548 sequar

1894 1566 2312 1641 te,‘quocunque
2353 1569 2498 1622 ieris.
2543 1567 2727 1639 (Αιιθ.)
2785 1567 2937 1634 Quod
2974 1576 3153 1622 autem
3199 1567 3481 1623 Mattluuus

1898 1659 2028 1714 dicit
2073 1668 2200 1713 tunc
2244 1657 2387 1712 istud
2417 1665 2626 1726 gestum
2659 1672 2778 1712 esse
2819 1658 3032 1726 quando
3076 1658 3213 1712 dixit
3252 1667 3308 1713 ut
3340 1660 3481 1714 irent

220 1763 548 1819 persequens
577 1747 902 1811 Ecclesiam;
956 1747 1098 1802 unde
1143 1756 1197 1801 et
1243 1761 1436 1815 sponsa
1489 1746 1541 1799 in
1571 1743 1796 1799 Caulico
1826 1735 1872 1793 Β
1900 1759 2051 1806 trans
2077 1749 2307 1814 fretum,
2337 1751 2510 1805 Lucas
2537 1767 2666 1805 vero
2696 1750 3098 1805 ambulantibus
3123 1750 3244 1805 aliis
3274 1752 3327 1805 in
3356 1752 3476 1816 via;

218 1839 560 1896 Canticorum
601 1839 728 1893 dicit
783 1855 793 1889 :
850 1836 981 1890 Filii
1036 1839 1219 1891 matris
1269 1853 1395 1890 mea:
1435 1843 1792 1906 pugnaverunt

214 1938 404 1982 contra
431 1945 508 1981 me
539 1926 714 1987 (Cant.
745 1927 806 1997 ι).
846 1925 1008 1995 Cujus
1039 1943 1256 1981 manum
1303 1927 1478 1997 attigit
1509 1926 1789 1988 Dominus,

213 2018 431 2089 quando
462 2019 696 2072 carnalia
721 2019 836 2088 ejus
863 2033 1026 2088 opera
1065 2018 1117 2070 in
1148 2017 1440 2087 spiritalem
1474 2031 1626 2070 usum
1659 2030 1791 2069 con-

215 2110 400 2164 vertit.
448 2109 587 2175 Quae
624 2109 848 2162 surrexit
889 2118 936 2161 et
983 2107 1312 2160 ministrabat
1339 2106 1433 2169 eis,
1485 2105 1616 2174 quia
1641 2113 1790 2173 post-

214 2214 380 2268 quam
423 2207 626 2252 attactu
670 2198 861 2252 divinae
888 2195 1101 2265 pictatis
1136 2212 1166 2248 a
1196 2195 1396 2249 carnali
1424 2193 1792 2252 observantia.

215 2290 268 2343 in
301 2305 401 2360 qua
448 2289 706 2364 inutiliter
747 2288 1011 2358 torpebat,
1048 2296 1236 2341 erecta
1269 2296 1381 2350 est,
1427 2303 1526 2356 per
1553 2286 1793 2355 spiritale

211 2381 447 2434 cilicium
474 2382 697 2435 Domino
727 2381 964 2450 quotidie
998 2381 1292 2436 ministrat.
1314 2379 1586 2434 Moralitcr
1612 2388 1790 2432 autem

213 2488 553 2542 unaquaeque
605 2473 780 2527 anima
831 2487 949 2542 quae
993 2472 1173 2526 camis
1212 2470 1661 2540 concupiscentiis
1688 2468 1790 2523 mi-

215 2563 358 2627 litat,
389 2565 537 2633 quasi
570 2564 812 2618 febribus
837 2570 1059 2627 aestuat;
1103 2563 1384 2616 scd‘manu
1410 2560 1793 2615 misericordia:

212 2654 412 2709 divinae
441 2661 639 2708 at-tacta
686 2652 1028 2717 convalescit,
1060 2660 1114 2707 et
1139 2667 1234 2721 per
1257 2651 1604 2705 continentia}
1642 2649 1792 2703 frena

212 2744 398 2798 carnis
450 2744 726 2798 lasciviam
757 2743 1094 2812 constringit,
1124 2743 1190 2797 ne
1215 2757 1310 2811 per
1339 2741 1624 2795 illecebras
1643 2741 1794 2794 volu-
1829 2735 1833 2738 ’

213 2844 423 2902 ptatum
463 2834 733 2905 gradiens,
761 2833 1189 2898 fornicationem,
1223 2831 1638 2896 immunditiam,
1666 2830 1791 2884 libi-

209 2928 418 2992 dinem,
462 2926 950 2994 concupiscentiam
996 2924 1189 2978 malam
1239 2928 1304 2978 et
1337 2921 1642 2985 avaritiam,
1675 2937 1793 2991 quae

209 3024 303 3071 est
329 3015 738 3070 simulacrorum
783 3015 1032 3079 servitus,
1065 3013 1218 3084 quasi
1268 3013 1506 3067 membra
1536 3012 1802 3081 pestifera-

1897 1857 2004 1897 non
2034 1851 2118 1897 est
2145 1841 2507 1905 contrarium,
2533 1841 2661 1910 quia
2691 1841 2776 1895 via
2807 1840 2990 1909 utique
3015 1840 3390 1916 ambuJabant,
3425 1849 3485 1895 ut

1895 1935 2142 1990 venirent
2183 1936 2251 1988 ad
2294 1933 2488 1988 fretum
2527 1931 2819 2003 (Hierom).
2853 1923 3044 1988 Scriba
3075 1933 3176 1987 iste
3200 1932 3355 2003 legis,
3388 1933 3483 2001 qui

1895 2035 2105 2080 tantum
2157 2024 2392 2079 litteram
2441 2033 2664 2078 noverat
2713 2024 3082 2098 occidentem,
3136 2022 3179 2077 si
3227 2023 3479 2084 dixisset,

1895 2116 2116 2170 Domine
2134 2157 2148 2181 ,
2173 2132 2363 2186 sequar
2385 2126 2432 2170 te
2452 2132 2758 2186 quocunque
2779 2117 2902 2169 ieris
2919 2157 2933 2180 ,
2961 2131 3066 2170 non
3091 2114 3283 2171 fuisset
3309 2115 3484 2186 repul-

1895 2223 1986 2262 sus
2017 2224 2047 2260 ει
2074 2208 2330 2270 Domino,
2360 2206 2600 2277 sedlquia
2624 2206 2938 2277 magistrum
2964 2221 3126 2260 unum
3149 2206 3215 2260 de.
3242 2206 3483 2280 pluribus

1893 2299 2214 2365 mstimabat’,
2230 2308 2283 2353 ct
2297 2298 2564 2352 litterator
2577 2307 2714 2362 erat,
2729 2296 2868 2366 quod
2883 2296 3277 2367 signiﬁcantius
3293 2296 3483 2351 Cra-cc

1895 2391 2092 2444 dicitur
2119 2392 2485 2466 γραμματεύς,
2541 2397 2599 2444 ρι·
2641 2404 2747 2443 non
2785 2387 3044 2458 spiritalis
3072 2388 3310 2451 auditor,
3359 2387 3480 2441 ideo

1896 2496 2002 2537 non
2033 2481 2195 2535 habet
2216 2481 2391 2535 locum
2422 2481 2474 2534 in
2505 2495 2612 2548 quo
2643 2489 2815 2548 potest
2842 2478 3110 2533 reclinare
3133 2475 3294 2533 Jesus
3317 2487 3481 2546 caput

1895 2586 2071 2626 suum.
2580 2626 2584 2630 ,
2835 2592 2841 2596 ⁸

1964 2663 2058 2715 A'it
2077 2659 2154 2714 illi
2173 2660 2365 2715 Iesus:
2395 2659 2581 2731 Vulpes
2604 2662 2779 2730 foveas
2804 2663 3013 2715 habent.
3045 2673 3091 2714 et
3110 2660 3347 2714 volucres
3368 2659 3481 2714 τιείὶ

1895 2751 2076 2816 nidos,
2103 2751 2188 2803 ubi
2217 2744 2534 2821 requiesCat't
2549 2769 2566 2815 ;
2595 2751 2740 2820 ﬁlius
2758 2759 2930 2804 autem
2957 2750 3183 2805 hominis
3205 2768 3306 2804 non
3329 2751 3482 2804 habet

1893 2843 1981 2896 ubi
2009 2853 2162 2912 caput
2185 2859 2338 2896 suum
2369 2843 2596 2896 reclinet.
2633 2841 2714 2896 Ex
2740 2841 2952 2896 Domini
2977 2841 3154 2898 verbis
3177 2842 3482 2896 ostenditur

1895 2933 2037 2986 hunc
2066 2933 2156 3000 qui
2199 2931 2522 3002 obsequium
2561 2929 2828 3002 promittit
2869 2933 2937 2987 ob
2986 2932 3086 2987 hoc
3138 2932 3477 3002 repudiatum

1896 3023 2068 3092 quod",
2102 3022 2378 3092 signorum
2410 3023 2596 3078 videns
2625 3021 3086 3093 magnitudinem.
3115 3021 3267 3091 sequi
3293 3016 3475 3075 volue-

210 3120 280 3161 26
307 3106 624 3162 moribunda
655 3112 863 3171 ῑθηθτιις
914 3105 1009 3160 Sed
1054 3105 1226 3174 ηιθείε
1271 3105 1323 3157 in
1370 3104 1500 3183 ipsis
1526 3083 1861 3159 membrisc
1895 3112 1966 3166 rit
2007 3112 2373 3178 Salvatoreio‘,
2404 3122 2459 3166 ut
2488 3111 2635 3165 lucra
2670 3083 2746 3166 esi
2764 3125 2989 3179 operum
3023 3109 3303 3164 miraculis
3332 3123 3479 3174 qua!-

210 3209 338 3250 cum
379 3196 573 3266 quibus
595 3196 744 3266 prius
770 3195 1034 3251 servierat
1070 3194 1421 3249 immunditiis
1444 3195 1517 3249 ad:
1534 3194 1789 3264 iniquita-

211 3293 324 3337 tem
355 3290 414 3337 ut
442 3281 791 3338 fructiﬁcaret
838 3283 1021 3348 morti,
1061 3278 1500 3351 serviatjustiti'ae
1533 3283 1586 3337 in
1624 3282 1788 3337 vitam

210 3377 492 3426 :cternam.

299 3459 515 3529 Vespere
536 3470 708 3514 autem
729 3460 888 3529 facto,
922 3461 1215 3516 obtulerunt
1245 3464 1292 3517 ei
1317 3462 1506 3518 ntultos
1528 3464 1789 3518 dwmonia

209 3548 491 3614 habentes,
524 3559 579 3604 et
610 3550 846 3620 ejiciebat
887 3551 1103 3628 spiritus
1145 3551 1323 3618 verbo,
1359 3562 1407 3607 et
1444 3569 1621 3606 omnes
1653 3551 1791 3607 male

209 3637 462 3692 habentes
483 3639 702 3692 curavit.
753 3637 1020 3711 (ιὶὶενοη.)
1051 3639 1249 3698 Omnes
1304 3656 1410 3697 non
1454 3658 1631 3707 mane,
1679 3658 1820 3699 non-

212 3727 458 3794 meridie,
487 3729 587 3784 sed
611 3729 683 3783 ad
711 3743 991 3802 vesperam
1028 3740 1309 3804 curantur,
1337 3734 1550 3802 quando
1575 3733 1653 3790 sol
1690 3748 1784 3789 oe-

1890 3211 2064 3269 rcrer;
2109 3203 2212 3257 hoc
2261 3202 2403 3256 idem
2447 3201 2764 3256 desiderans
2801 3201 2944 3268 quod
2980 3198 3168 3255 Simon
3215 3199 3402 3270 Magus
3449 3216 3478 3254 ει

1892 3291 2050 3346 Petro
2083 3305 2263 3346 emere
2279 3292 2527 3346 voluerat
2551 3289 2691 3361 (Att.
2721 3290 2860 3362 vni).
2875 3288 3022 3345 Talis
3036 3304 3166 3360 ergo
3182 3289 3314 3345 ﬁdes
3328 3290 3477 3361 justo

1890 3381 2159 3436 sententia
2184 3380 2414 3435 homini
2465 3379 2858 3436 condemnatur
2883 3389 2938 3435 et
2985 3380 3184 3435 dicitur
3208 3379 3257 3434 ei
3287 3398 3300 3432 :
3334 3379 3474 3447 Quid

1890 3485 1985 3524 me
2006 3463 2226 3540 propter
2250 3469 2533 3525 divitiasct
2554 3465 2908 3526 saeculilucra
2933 3470 3087 3541 cupis
3122 3472 3274 3541 sequi
3295 3511 3310 3533 ,
3351 3477 3474 3526 cuiu

1891 3567 2056 3614 tanta:
2105 3558 2206 3638 situ
2254 3560 2619 3630 paupertatis,
2669 3569 2729 3615 ut
2771 3569 2838 3616 ne
2865 3560 3208 3631 hospitiolum
3256 3560 3475 3631 quidem

1892 3649 2158 3716 habeam,
2184 3656 2240 3706 et
2268 3665 2375 3706 non
2402 3653 2534 3706 tneo"
2549 3660 2672 3707 utar
2692 3651 2874 3707 tecto?
2896 3651 2956 3722 (Α
2968 3655 3078 3724 ag.)
3099 3652 3286 3719 Aliter,
3321 3653 3476 3708 intel-

1890 3737 2084 3809 ligitur-
2109 3738 2387 3796 miraculis
2414 3740 2628 3796 Domini
2660 3751 2965 3798 commotus
2994 3751 3219 3812 propter
3254 3743 3474 3798 inanem

210 3817 494 3875 cubiturus
523 3828 627 3884 est,
654 3819 866 3889 quando
895 3836 1120 3890 granum
1153 3823 1317 3877 tritici
1359 3824 1412 3878 in
1450 3832 1592 3879 terra
1625 3826 1793 3880 morl-
1881 3828 2347 3899 iactantiam-cum
2363 3827 2514 3902 sequi
2539 3833 2789 3898 voluisse,
2808 3849 2969 3903 quam
2989 3833 3472 3904 signiﬁcantaves;

215 3916 328 3973 tur,
367 3916 435 3962 ιιι-
457 3909 660 3964 ‘multos
687 3908 902 3966 fructus.
920 3909 1130 3966 afferat.
1186 3912 1326 3968 Solis
1355 3915 1789 3984 occuhitus'pas-

209 3999 420 4054 sionem
451 4009 507 4054 et
536 4008 760 4057 mortem
789 4001 928 4056 illius
965 4002 1250 4074 signiﬁcat,
1279 3995 1368 4074 qui
1395 4005 1527 4058 dixit
1552 4025 1565 4058 :
1599 4005 1788 4072 Quan-

211 4089 308 4144 diu
353 4087 408 4143 in
434 4091 634 4145 mundo
681 4105 831 4156 sum,
868 4091 961 4146 lux
1001 4107 1120 4148 sum
1154 4095 1356 4149 mundi.
1396 4095 1602 4175 Et'solc
1639 4097 1786 4152 occi-

213 4178 393 4244 dente,
416 4179 600 4250 plures
624 4181 936 4236 dtemoniaci
957 4198 1120 4252 quam
1147 4193 1288 4250 ante,
1316 4185 1497 4256 plures
1521 4187 1789 4242 ‘sauantur

215 4270 406 4341 κει-οιὶ
427 4288 440 4324 :
464 4272 589 4340 quia
617 4273 708 4342 qui
744 4274 1113 4343 temporaliter
1142 4275 1195 4329 in
1225 4292 1388 4331 carne
1416 4278 1624 4345 vivens,
1655 4296 1787 4348 pau-

212 4374 310 4415 cos
334 4359 640 4417 Iudaeorum
687 4364 864 4418 docuit
884 4405 898 4429 ,
941 4366 1145 4421 calcato
1175 4382 1340 4438 regno
1372 4370 1583 4437 mortis,
1612 4372 1792 4426 omni-'

209 4452 314 4506 bus
344 4467 441 4521 per
462 4455 648 4508 orbem
677 4457 923 4524 gentibus
949 4456 1068 4511 ﬁdei
1110 4458 1402 4532 salutisque
1425 4460 1564 4515 dona
1613 4471 1788 4520 trans-

209 4542 379 4598 misit.
411 4542 576 4612 Cujus
603 4545 866 4599 ministris
904 4546 1057 4614 quasi
1090 4547 1211 4602 vitae
1257 4547 1499 4618 lucisque
1524 4552 1788 4620 prteconi-

205 4634 316 4713 lius
343 4634 624 4690 Psalmista
656 4637 838 4691 canit:
869 4635 986 4691 Iter
1003 4637 1160 4708 facile
1185 4640 1233 4693 ei
1260 4641 1348 4709 qui
1374 4642 1608 4695 ascendit
1631 4659 1788 4713 super

208 4742 456 4782 occasum
481 4727 650 4799 (Psal.
679 4729 868 4801 van).
909 4730 1357 4800 Superi-oeeasum
1383 4735 1580 4805 quippe
1601 4736 1798 4790 Domi-

210 4829 316 4871 nus
346 4821 605 4887 ascendit,
655 4823 746 4891 qui
799 4823 941 4878 unde
979 4823 1036 4877 in
1060 4823 1308 4894 passione
1357 4826 1629 4893 occubuit,
1661 4827 1786 4883 inde

209 4911 470 4981 majorem
507 4924 656 4964 suam
687 4911 912 4982 gloriam
943 4916 1271 4984 resurgendo
1299 4914 1678 4972 manifestavit.

287 4993 354 5047 Ut
388 4995 759 5068 adimpleretur
791 5003 931 5072 quod
959 5004 1156 5058 dictum
1184 5015 1260 5060 est
1291 5023 1383 5077 per
1412 5007 1614 5062 Isaiam
1658 5027 1779 5080 pro-

208 5082 421 5155 phetam
440 5085 591 5157 (Cap.
640 5092 757 5160 ιιιι)
780 5091 1073 5148 dicentem:
1096 5093 1216 5164 Ipse
1233 5096 1562 5165 inﬁrmitates
1582 5109 1786 5154 nostras

210 5175 453 5243 accepit,
480 5185 528 5230 et
570 5179 928 5248 wgrotationes
959 5184 1198 5252 portavit.
1232 5183 1525 5257 (Μιιιιιιιιε.)
1562 5186 1786 5258 Accepit

209 5277 345 5338 ergo
383 5266 631 5327 Salvator
676 5281 858 5328 noster
891 5283 1105 5329 nostras
1151 5276 1526 5343 inﬁrmitates,
1580 5296 1687 5336 non
1727 5291 1788 5337 ut

210 5358 317 5413 sibi
360 5359 618 5430 haberet,
666 5365 759 5420 sed
789 5373 848 5419 ut
894 5367 1048 5422 nobis
1091 5359 1353 5425 auferret:
1377 5371 1512 5438 Quia
1543 5373 1657 5444 ipse
1703 5387 1784 5432 cst

210 5463 380 5518 agnus
426 5453 519 5521 qui
556 5453 689 5508 tollit
729 5467 939 5524 peccata
980 5459 1161 5512 mundi
1205 5460 1385 5532 (Joan.
1425 5463 1485 5535 ι).
1525 5464 1782 5522 Dominus

208 5554 369 5610 ergo,
418 5544 707 5599 secundum
751 5549 995 5603 eumdem
1027 5555 1370 5620 prophetam,
1402 5558 1580 5625 posuit
1619 5559 1672 5613 in
1716 5575 1780 5613 eo

207 5629 547 5701 iniquitatem
576 5639 814 5698 omnium
847 5653 1119 5710 nostrum,
1151 5654 1207 5699 ut
1235 5647 1373 5716 quod
1407 5664 1506 5717 pro
1543 5650 1778 5706 imbecil-

1892 3927 2112 3982 ﬁnxisse
2129 3935 2309 3983 autem
2323 3926 2568 3999 discipuli
2580 3929 2895 3998 obsequium
2907 3969 2920 3994 ,
2935 3943 3054 3998 qum
3073 3926 3220 3982 ﬁctio
3230 3926 3469 3995 vulpium

1891 4017 2109 4072 nontinc
2138 4018 2440 4087 signiﬁcata
2475 4029 2601 4085 est;
2623 4019 2977 4076 reclinationc
2997 4033 3127 4074 vero
3155 4017 3348 4088 capitis
3374 4018 3474 4072 lur-

1891 4107 2177 4165 militatcm
2221 4125 2376 4166 suam
2402 4110 2754 4182 signiﬁcavit,
2785 4126 2906 4182 quae
2943 4111 2995 4166 in
3032 4110 3123 4166 illo
3157 4109 3474 4167 simulatore

1891 4214 1956 4256 ac
1984 4201 2351 4269 superbonon
2380 4201 2612 4257 habebat
2636 4200 2832 4259 locum.
2865 4199 3156 4273 (Maenas)
3189 4199 3472 4269 ltem'pos-

1891 4304 2079 4346 sumus
2112 4305 2222 4346 non
2259 4292 2581 4361 incongrue,
2614 4291 2780 4360 juxta
2807 4291 3119 4362 allegoriam
3158 4305 3257 4361 per
3283 4289 3471 4358 vulpes

1869 4380 2262 4460 .limreticos-et
2286 4380 2536 4437 volucres
2561 4381 2684 4437 caeli
2717 4381 2980 4450 malignos
3016 4381 3240 4452 spiritus
3270 4379 3475 4450 signiti-

1890 4479 2047 4548 catos
2066 4473 2342 4543 accipere,
2370 4474 2461 4542 qui
2494 4474 2546 4528 in
2572 4474 2736 4529 corde
2761 4466 2968 4538 Judaici
3006 4473 3186 4544 populi
3215 4472 3396 4528 foveas
3421 4481 3474 4527 ct

1889 4561 2075 4627 nidos,
2108 4563 2162 4616 id
2193 4571 2279 4618 est
2302 4563 2598 4629 domicilia,
2635 4565 2902 4626 habeant;
2934 4563 3122 4634 vulpes
3164 4563 3309 4618 enim
3340 4563 3472 4617 nihil

1889 4667 2012 4706 cum
2044 4653 2276 4719 virtute,
2306 4653 2400 4708 sed
2433 4655 2617 4709 omnia
2647 4670 2771 4711 cum
2799 4655 2996 4710 astutia
3025 4652 3164 4725 agit';
3198 4654 3278 4709 sic
3301 4655 3473 4709 hatre—

1887 4743 1982 4797 tici
2027 4759 2134 4797 non
2175 4744 2227 4798 in
2259 4743 2550 4800 virtutibus
2598 4745 2836 4820 Christi,
2866 4745 2959 4800 sed
3004 4745 3059 4799 in
3083 4745 3325 4800 versutia
3372 4761 3470 4806 sua

1888 4830 2222 4887 conﬁdentes
2240 4873 2255 4896 ,
2285 4832 2422 4888 dolis
2446 4833 2693 4889 instructi
2722 4842 2776 4887 et
2805 4833 3086 4888 dialectica
3113 4841 3233 4888 arte
3259 4833 3477 4901 callidi,

1889 4938 2240 4992 quoscunque
2287 4935 2514 4992 possunt
2557 4923 2815 4978 seducere
2879 4931 3132 4993 satagunt
3183 4943 3196 4978 :
3235 4934 3322 4995 eL
3352 4925 3478 4980 ideo

1887 5013 2031 5082 ﬁlius
2055 5014 2279 5068 hominis
2304 5031 2408 5068 non
2429 5013 2579 5068 habet
2605 5014 2693 5067 ubi
2713 5025 2868 5086 caput
2891 5032 3047 5072 suum
3070 5015 3314 5081 reclinet;
3343 5017 3486 5086 quia

1887 5103 1943 5157 in
1971 5103 2156 5158 talium
2183 5104 2456 5160 mentibus
2481 5103 2734 5160 Christus
2756 5105 3025 5161 divinitati
3053 5121 3165 5162 sum
3190 5106 3474 5164 habitacu-

1885 5197 1995 5252 lum
2020 5213 2124 5252 non
2150 5199 2372 5253 invenit.
2395 5197 2703 5268 Caput-vero
2719 5196 2945 5262 Christi,
2971 5199 3110 5256 Deus
3133 5198 3185 5270 (Ι
3212 5199 3333 5254 Ger.
3367 5201 3467 5270 xi).

1956 5287 2106 5342 Alius
2132 5298 2305 5342 autem
2330 5288 2394 5342 de
2423 5288 2696 5358 discipulis
2724 5290 2838 5359 ejus
2868 5291 2942 5360 ait
2968 5287 3326 5355 illi,Damine,
3354 5306 3473 5360 per-

1885 5381 2029 5446 mitte
2081 5397 2159 5433 me
2178 5380 2405 5450 primum
2454 5381 2530 5435 ire
2556 5391 2604 5436 et
2631 5381 2848 5450 sepelire
2897 5390 3098 5453 patrem
3126 5398 3317 5435 meum.
3351 5380 3470 5438 Non

1883 5471 2261 5541 discipulatum
2313 5473 2548 5542 respuit,
2599 5473 2690 5528 sed
2736 5473 2945 5542 expleta
2977 5475 3214 5544 primum
3253 5474 3465 5544 paterni

1883 5563 2087 5618 funeris
2142 5564 2344 5634 pietate
2404 5565 2628 5620 liberior
2684 5567 2825 5620 hunc
2895 5567 3108 5637 assequi
3168 5567 3464 5623 desiderat.

1885 5654 2084 5725 Dignus
2116 5672 2208 5726 per
2237 5657 2414 5725 omnia
2447 5657 2497 5710 in
2526 5671 2631 5726 quo
2661 5657 2802 5712 ﬁlius
2833 5658 3064 5714 hominis
3103 5667 3264 5729 caput
3309 5657 3462 5719 recli-
