3938 6376
501 317 609 374 865

1149 318 1212 373 Β.
1253 316 1504 374 ΒΑΒΑΝ]
1546 316 1761 372 MAURI
1797 310 2112 370 ARCHIEP.
2139 308 2460 366 ‘MOGUNT.
2504 306 2786 364 OPERUM
2825 307 3001 363 PARS
3035 310 3074 362 l.

501 440 624 497 net,
656 431 759 486 hoc
783 439 887 496 est,
918 430 969 484 in
1001 430 1152 498 cujus
1187 432 1374 486 humili
1403 438 1619 499 pectore
1641 426 1896 482 divinitas
1922 424 2073 478 fami-
2101 422 2154 481 Α
2178 436 2296 475 esse
2338 423 2544 476 cunctis
2587 422 2912 476 ostenderet.
2949 421 3223 491 Ingressus
3277 438 3407 493 ergo
3455 418 3778 477 naviculam

503 520 625 576 liari
655 522 886 590 quadam
919 523 1195 576 mansione
1225 522 1486 588 quiescat.

571 613 728 667 Jesus
748 622 924 666 autem
946 615 1018 666 ait
1046 612 1158 666 illi:
1181 610 1402 681 Sequere
1423 627 1503 664 me
1521 651 1536 676 ,
1560 619 1606 663 et
1629 611 1830 664 dimitte
1851 618 2081 663 mortuos

502 702 718 772 sepelire
735 711 966 756 mortuos
987 718 1126 755 suos.
1153 702 1170 769 (
1179 699 1350 770 Hier.)
1376 699 1618 754 Mortuus
1645 701 1950 769 quicunque
1972 715 2080 754 non

503 794 704 860 credit;
735 794 781 849 si
809 803 986 847 autem
1019 800 1288 849 mortuum
1334 792 1523 860 sepelit
1550 800 1814 870 mortuus,
1856 808 1961 845 non
1993 792 2082 845 dc-

503 888 696 940 bemus
722 899 905 939 curam
932 883 1130 937 habere
1154 891 1508 946 mortuorum,
1541 884 1635 938 sed
1663 883 1954 936 viventium
1971 922 1986 946 ,
2015 897 2083 936 ne

505 975 631 1028 dum
662 971 877 1027 solliciti
904 987 1092 1026 sumus
1118 972 1183 1026 de
1207 973 1463 1038 mortuis,
1499 987 1596 1026 nos
1624 986 1838 1040 quoque
1884 971 2082 1025 mortui

503 1061 853 1131 appellemur.
905 1060 1058 1126 Quod
1087 1076 1215 1131 ergo
1246 1061 1297 1114 in
1339 1061 1482 1115 Luca
1513 1060 1747 1126 additur,
1792 1060 1871 1114 Tu
1909 1068 2084 1114 autem

502 1151 631 1204 vade
670 1159 717 1204 et
757 1151 1016 1204 annuntia
1056 1166 1268 1220 regnum
1310 1147 1431 1212 Dei,
1459 1165 1565 1204 non
1617 1150 1735 1204 sine
1788 1136 1954 1203 causai
1982 1149 2085 1203 hoc

502 1241 556 1294 iu
587 1239 707 1295 loco
749 1241 984 1310 positum
1005 1241 1014 1247 '
1038 1248 1136 1293 est.
1175 1237 1478 1293 Notandum
1505 1254 1634 1308 ergo
1665 1240 1715 1292 in
1747 1239 1847 1293 hac
1876 1247 2088 1293 senten-

504 1330 578 1384 tia
605 1331 730 1400 quia
759 1328 1048 1399 aliquando
1075 1328 1129 1381 in
1154 1328 1458 1383 actionibus
1477 1329 1680 1382 nostris
1713 1329 1920 1382 minora
1943 1328 2084 1381 bona

502 1421 959 1491 praztermittenda
1009 1427 1135 1474 sunt
1178 1434 1277 1489 pro
1321 1419 1555 1473 utilitate
1607 1419 1894 1489 majorum.
1947 1418 2092 1473 Nam

503 1515 622 1583 quis
681 1514 891 1583 ignoret
940 1525 1063 1566 esse
1092 1511 1237 1567 boni
1288 1509 1467 1580 operis
1519 1510 1773 1564 meritum
1812 1515 2083 1563 mortuum

428 1625 435 1632 ι
503 1603 758 1674 sepelire,
789 1610 844 1657 et
875 1609 1056 1656 tamen
1092 1601 1139 1656 ei
1169 1601 1258 1670 qui
1290 1601 1356 1654 ad
1382 1599 1743 1670 sepeliendum
1773 1609 1981 1669 patrem
2027 1615 2087 1655 se

502 1693 699 1746 dimitti
740 1699 1080 1762 poposcerat,
1109 1691 1313 1745 dictum
1333 1699 1451 1756 est,
1485 1690 1610 1757 Sine
1639 1701 1692 1744 ut
1724 1691 1916 1743 mortui
1937 1707 2082 1759 sepe-

2180 512 2312 567 fecit
2363 513 2570 566 turbari
2613 529 2802 578 mare,
2855 514 3142 567 commovit
3190 523 3378 569 ventos
3407 556 3422 578 ,
3475 510 3786 568 concitavit

2179 603 2391 660 ﬂuctus.
2425 604 2534 659 Cur
2562 605 2696 659 hoc?
2725 605 2848 658 Ideo
2891 615 2950 657 ut
2987 605 3277 674 discipulos
3321 608 3578 660 mitteret
3620 606 3677 656 in
3713 603 3779 654 ti-

2182 709 2383 750 morem
2405 702 2458 749 et
2482 711 2636 748 suum
2654 693 2907 748 auxiilum
2920 694 3273 763 postulavi-ml,
3292 710 3568 765 suamque
3589 701 3783 764 poten-

2182 787 2310 840 tiam
2345 786 2661 855 rogantibus
2692 784 3089 839 manil‘estarct.
3115 783 3206 836 llla
3234 791 3532 852 tempestas
3567 798 3684 837 non
3718 798 3780 834 es

2181 893 2239 932 se
2268 877 2458 932 oborta
2484 885 2599 940 est,
2643 878 2734 930 sed
2776 876 3031 945 potestati
3058 877 3234 945 paruit
3265 876 3595 943 imperantis
3628 874 3780 943 ejus,

2181 969 2269 1036 qui
2317 967 2486 1020 educit
2527 975 2699 1018 ventos
2739 966 2801 1017 de
2848 966 3106 1018 thesauris
3150 966 3258 1018 suis
3301 964 3477 1035 (Psal.
3519 967 3779 1035 ωηεν),

2181 1059 2270 1127 qui
2307 1057 2583 1110 terminum
2627 1056 2761 1107 mari
2814 1071 3028 1108 arenam
3070 1055 3379 1117 constituit;
3443 1055 3585 1107 dixit
3641 1054 3783 1106 enim

2183 1149 2229 1199 ei
2263 1161 2280 1196 :
2331 1145 2505 1215 Usque
2551 1145 2651 1198 huc
2679 1145 2864 1208 venies,
2895 1154 2940 1198 et
2983 1161 3085 1197 non
3124 1146 3553 1215 supergredieris,
3589 1144 3690 1196 sed
3729 1145 3784 1196 in

2184 1237 2447 1306 temetipso
2511 1236 2904 1304 confringentur
2949 1237 3139 1305 ﬂuctus
3195 1235 3272 1288 tui
3336 1235 3470 1306 (Job
3513 1234 3779 1304 xxxviii).

2184 1329 2353 1398 llujus
2380 1343 2507 1398 ergo
2527 1326 2768 1395 jussione
2797 1337 2852 1382 et
2879 1337 3145 1397 przecepto
3175 1337 3294 1382 orta
3341 1336 3426 1382 est
3474 1336 3781 1397 tempestas

2186 1425 2238 1479 in
2295 1422 2432 1476 mari
2479 1431 2700 1491 propter
2743 1423 3050 1477 occasiones
3082 1424 3328 1492 superius
3373 1431 3722 1478 monstratas
3757 1442 3769 1475 :

2186 1516 2329 1570 facta
2351 1525 2431 1570 est
2455 1523 2746 1584 tempestas
2767 1531 2978 1586 magna,
3003 1525 3057 1570 et
3071 1511 3174 1570 non
3195 1517 3406 1587 pusilla,
3433 1527 3490 1570 ut
3515 1533 3777 1588 magnum

2185 1621 2340 1674 opus,
2392 1614 2444 1660 et
2474 1620 2581 1659 non
2613 1605 2862 1674 pusillum
2889 1609 3293 1672 ostenderetur;
3337 1618 3654 1677 quantoque
3685 1623 3780 1662 ve-

2186 1694 2493 1749 hementius
2521 1693 2712 1749 ﬂuctus
2754 1696 3009 1750 navicula:
3055 1697 3354 1762 irruebant,
3399 1706 3552 1752 tanto
3599 1697 3778 1768 magis

502 1785 891 1838 liantmortuos
910 1783 1850 1847 suos:tuautemvade,etannuntia
1870 1799 2083 1852 regnum
2113 1755 2158 1813 Β
2189 1783 2352 1838 timor
2403 1783 2784 1853 discipulorum
2835 1786 3288 1849 conturbabatur,
3359 1795 3419 1840 ut
3471 1802 3538 1841 eo
3597 1787 3777 1857 magis

504 1873 623 1926 Dei.
681 1873 1118 1948 Postponendum
1155 1888 1390 1943 namque
1418 1881 1539 1928 erat
1570 1875 1887 1942 obsequium
1929 1872 2087 1942 hujus

506 1962 794 2017 ministerii
820 1961 996 2017 oﬁicio
1018 1963 1440 2032 prtedicationis,
1465 1963 1591 2032 quia
1615 1963 1721 2027 illo,
1750 1978 1913 2018 carne
1943 1980 2090 2019 mor-

470 2045 474 2054 ’
503 2062 623 2108 tuos
655 2054 706 2106 in
738 2060 936 2107 terram
961 2053 1239 2118 conderet,
1272 2054 1375 2108 isto
1415 2061 1596 2107 autem
1625 2054 1806 2106 anima
1848 2063 2089 2108 mortuos

504 2145 572 2197 ad
619 2145 785 2198 vitam
867 2144 1234 2198 resuscitaret.
1305 2143 1596 2215 (Μριυιιυε.)
1660 2143 1937 2210 Quomodo
1988 2159 2088 2198 au-

508 2241 613 2286 tem
663 2233 862 2286 mortui
914 2241 1160 2288 mortuos
1214 2233 1442 2302 sepelire
1485 2241 1722 2303 queunt,
1770 2233 1872 2288 nisi
1923 2233 2090 2304 gemi-

506 2341 630 2378 nam
655 2324 921 2394 intelligas
944 2334 1190 2388 mortem,
1215 2340 1375 2378 unam
1395 2333 1620 2391 naturae,
1643 2324 1866 2379 alteram
1886 2324 2093 2394 culpze?

508 2426 692 2475 unam,
726 2427 831 2479 qna
858 2413 1034 2465 anima
1066 2429 1094 2465 a
1126 2427 1313 2477 carne,
1343 2413 1598 2479 alteram,
1630 2429 1734 2482 qua
1765 2413 1907 2470 Deus
1933 2429 2090 2483 sepa-

510 2509 660 2554 ratur
692 2502 760 2555 ab
792 2501 1005 2555 anima?
1033 2500 1159 2556 Sive
1186 2511 1448 2569 mortuos,
1489 2520 1596 2559 non
1641 2505 1925 2560 credentes
1945 2546 1959 2570 ,
2005 2504 2093 2560 vel

510 2599 631 2659 post
667 2591 827 2646 ﬁdem
856 2592 1154 2646 servientes
1184 2595 1438 2662 peccatis,
1471 2594 1626 2660 dicit,
1677 2606 1920 2650 mortuos
1964 2611 2094 2651 suos

509 2688 690 2735 autem
710 2722 723 2744 ,
781 2681 873 2749 qui
925 2681 1270 2736 nihilominus
1293 2682 1409 2736 sine
1426 2682 1548 2736 ‘ﬁde
1575 2692 1630 2737 et
1657 2686 1813 2739 bonis
1838 2686 2095 2752 operibus

501 2757 579 2826 de
602 2785 829 2840 corpore
855 2770 1105 2824 exierunt
1130 2789 1141 2824 :
1173 2780 1384 2841 oportet
1412 2773 1554 2826 enim
1581 2782 1639 2828 ut
1659 2775 1750 2843 qui
1777 2775 1889 2829 suis
1910 2782 2097 2829 carent

507 2865 747 2934 peccatis
804 2878 910 2917 non
944 2864 1285 2920 consentiant
1314 2864 1503 2919 alienis
1539 2884 1552 2918 :
1591 2867 1714 2934 quia
1766 2882 1874 2920 non
1919 2867 2092 2922 solum

509 2955 601 3022 qui
626 2961 848 3023 peccata
885 2951 1113 3016 faciunt,
1161 2952 1253 3007 sed
1278 2962 1332 3007 et
1354 2954 1445 3022 qui
1470 2956 1817 3009 consentiunt
1847 2955 2094 3011 facienti—

507 3047 640 3111 bus,
694 3055 906 3100 realum
959 3061 1141 3100 coram
1191 3045 1337 3114 justo
1368 3044 1550 3114 judice
1582 3047 1780 3101 habent
1827 3045 1998 3115 (Rom.
2028 3047 2090 3116 ι).

512 3139 754 3193 Mortuos
779 3139 922 3192 enim
965 3138 1226 3207 sepelire,
1267 3146 1582 3206 peccatores
1610 3138 1664 3191 in
1713 3137 1827 3192 suis
1856 3139 2094 3207 peccatis

512 3229 698 3286 fovere
721 3239 822 3294 est,
850 3230 993 3299 quod
1020 3229 1094 3282 illi
1118 3228 1323 3283 faciunt
1345 3231 1433 3299 qui
1445 3230 1746 3299 justiﬁcant
1763 3231 1978 3300 impium
2000 3247 2094 3299 pro

512 3319 834 3385 muneribus,
879 3330 924 3372 et
956 3319 1174 3372 laudant
1201 3330 1494 3390 peccatores
1521 3320 1577 3372 in
1603 3321 1874 3374 desideriis
1904 3321 2094 3375 animm

513 3426 644 3474 sum,
676 3419 725 3462 et
757 3411 938 3479 iniqua
963 3419 1192 3478 gerentes
1223 3410 1525 3463 benedicunt
1551 3409 1687 3481 (Isa.
1718 3427 1781 3474 v;
1811 3407 1960 3464 Psal.
1994 3410 2092 3483 ix).

589 3501 655 3555 Et
697 3501 1004 3554 ascendente
1033 3518 1091 3554 eo
1129 3503 1182 3554 in
1229 3499 1554 3565 naviculam‘,
1605 3502 1767 3555 secuti
1810 3510 1931 3555 sunt
1977 3519 2094 3554 eum

515 3580 758 3659 discipuli
794 3591 927 3660 ejus.
959 3589 1152 3661 (θήῃ.)
1212 3591 1327 3645 Νοη
1370 3591 1667 3645 imbecilles
1689 3635 1703 3658 ,
1749 3592 1842 3646 sed
1874 3591 2012 3645 ﬁrmi
2043 3599 2096 3646 et

516 3683 737 3739 stabiles
760 3685 812 3737 in
831 3683 953 3748 ﬁde,
979 3684 1268 3747 mansueti,
1286 3684 1448 3752 etpii,
1474 3692 1789 3751 spernentes
1813 3683 2093 3746 mundum,

516 3790 624 3828 non
659 3773 856 3842 duplici
903 3774 1089 3838 corde,
1130 3773 1221 3828 sed
1253 3774 1502 3842 simplici.
1537 3773 1749 3843 (Beda.)
1783 3774 1838 3827 ln
1871 3776 1974 3828 hac
2001 3789 2098 3826 na-

517 3865 788 3935 vigatione
815 3865 1072 3920 Dominus
1095 3873 1397 3934 utramque,
1432 3867 1588 3920 unius
1611 3866 1957 3936 ejusdemque
1987 3881 2097 3921 suae

518 3970 761 4025 persona:
782 3995 797 4020 ,
847 3964 1095 4009 naturam
1135 3955 1390 4026 dignatur
1413 3957 1729 4021 ostendere,
1755 3957 1879 4012 dum
1912 3958 1958 4011 is
1982 3957 2096 4026 qui,

521 4055 581 4101 ut
632 4049 817 4113 homo,
851 4048 1049 4103 dormit
1078 4049 1131 4103 in
1164 4049 1310 4115 navi,
1338 4049 1576 4104 furorem
1614 4052 1805 4117 maris,
1834 4061 1891 4106 ut
1933 4051 2094 4116 Deus,

524 4139 688 4193 verbo
724 4148 955 4193 coercet.
991 4139 1159 4193 Porro
1200 4139 1354 4208 juxta
1399 4140 1730 4210 allegoriam,
1778 4157 1955 4207 mare,
1987 4142 2099 4196 sive

523 4232 794 4298 stagnum,
822 4229 961 4297 quod
985 4244 1104 4283 cum
1128 4231 1239 4284 suis
1270 4232 1497 4285 transire
1526 4231 1816 4296 desiderat,
1850 4233 2101 4286 tenebro—

520 4306 616 4374 sus
633 4332 956 4396 amarusque
973 4318 1148 4372 saeculi
1167 4321 1427 4389 accipitur
1442 4330 1623 4375 aestus.
1647 4320 1902 4375 Navicula
1921 4331 2098 4375 autem

2186 1875 2558 1930 desiderarent
2584 1891 2650 1945 se,
2677 1877 2741 1929 ad
2781 1875 3113 1931 liberandum
3144 1878 3410 1932 mirabilia
3441 1877 3768 1933 Salvatoris.

2258 1963 2379 2035 Ipse
2411 1981 2527 2019 vero
2555 1965 2862 2019 dormiebat.
2900 1966 2944 2022 Ο
2975 1982 3062 2031 res
3097 1968 3357 2022 mirabilis
3387 1976 3442 2022 et
3465 1967 3768 2040 (stupenda!

2189 2054 2234 2108 is
2264 2053 2356 2123 qui
2389 2069 2663 2123 nunquam
2708 2055 3008 2119 obdormit,
3045 2056 3242 2110 dormit
3272 2075 3283 2108 :
3319 2072 3447 2126 ergo
3471 2057 3775 2111 dormiebat

2174 2159 2444 2215 corpore,
2492 2144 2586 2198 sed
2612 2145 2866 2214 vigilabat
2895 2144 3113 2199 deitate.
3143 2146 3456 2202 Dormiebat
3496 2149 3678 2216 itaque
3714 2157 3775 2199 ut

2190 2231 2467 2302 apostolos
2495 2233 2781 2288 suscitaret
2823 2243 2878 2288 et
2925 2235 3179 2304 evigilare
3223 2237 3454 2300 laceret,
3503 2239 3772 2307 praecipue

2191 2330 2370 2377 autem
2414 2338 2602 2378 omnes
2650 2339 2777 2388 nos,
2825 2339 2892 2379 ne
2922 2341 3153 2393 unquam
3192 2328 3372 2380 animo
3401 2327 3771 2391 dormiamus,

2190 2429 2325 2469 neve
2358 2414 2633 2468 intellectu
2661 2415 3056 2484 aut-prudentia
3075 2457 3089 2479 ,
3144 2417 3238 2471 sed
3266 2416 3488 2487 vigilare
3539 2417 3593 2470 in
3622 2417 3770 2472 omni

2192 2510 2451 2572 tempore,
2483 2510 2537 2557 et
2552 2501 2784 2570 jubilare
2812 2504 3036 2558 Domino
3056 2545 3070 2569 ,
3098 2514 3154 2559 et
3184 2506 3410 2559 salutem
3456 2507 3523 2560 ab
3565 2521 3629 2560 eo
3673 2521 3772 2575 po-

2194 2596 2392 2650 stulare
2436 2597 2765 2650 studeamus.
2803 2595 3013 2667 (Beda.)
3043 2596 3261 2668 Mystice
3291 2609 3470 2652 autem
3496 2597 3770 2667 discipulis

2198 2684 2580 2754 navigantibus
2607 2683 2854 2738 Christus
2900 2685 3239 2751 obdormivit,
3271 2687 3397 2756 quia
3442 2687 3774 2740 calcantibus

2195 2775 2449 2831 szeculum
2505 2775 2748 2830 ﬁdelibus
2799 2774 3070 2845 futurique
3116 2779 3267 2847 regni
3303 2779 3541 2846 quietem
3593 2779 3773 2833 animo

2194 2866 2599 2929 meditantibus,
2645 2875 2718 2930 et,
2764 2864 2846 2919 vel
2880 2867 3114 2919 secundo
3144 2867 3315 2920 sancti
3341 2866 3573 2936 Spiritus
3613 2866 3769 2932 ﬂatu,

2194 2954 2280 3008 vel
2304 2955 2503 3024 proprii
2536 2954 2760 3024 remigio
2785 2964 2999 3019 conatu,
3031 2954 3220 3010 inﬁdos
3251 2957 3434 3009 mundi
3461 2956 3631 3011 fastus
3652 2973 3775 3011 cer-

2199 3046 2349 3099 tatim
2374 3053 2494 3114 post
2521 3054 2667 3115 terga
2685 3044 3033 3113 iactantibus,
3053 3054 3263 3115 tempus
3285 3047 3463 3100 subito
3486 3048 3779 3102 Dominica:

2196 3137 2463 3205 passionis
2495 3136 2746 3190 advenit:
2771 3137 2911 3192 unde
2932 3138 3067 3192 bene
3090 3137 3300 3193 Marcus
3325 3139 3426 3193 hoc
3451 3139 3765 3194 imminente

2197 3229 2369 3283 noctis
2393 3237 2633 3297 tempore
2658 3237 2866 3299 gestum
2896 3229 3061 3284 fuisse
3088 3232 3366 3298 perhibet,
3395 3240 3454 3285 ut
3484 3233 3596 3287 veri
3637 3233 3770 3289 solis

2195 3319 2498 3375 occubitum
2514 3335 2621 3373 non
2645 3320 2757 3374 sola
2784 3321 2995 3374 Domini
3018 3320 3289 3387 dormitio,
3319 3323 3414 3377 sed
3442 3331 3498 3377 et
3527 3324 3641 3394 ipsa
3672 3323 3772 3378 de-

2197 3411 2437 3466 cedentis
2469 3411 2605 3465 lucis
2634 3413 2763 3466 hora
2795 3412 3079 3481 signiﬁcet.

2268 3503 2335 3557 Et
2392 3514 2716 3558 accesserunt
2742 3545 2756 3568 ,
2811 3515 2859 3558 et
2889 3507 3266 3558 suscitaverunt
3307 3522 3424 3557 eum
3447 3545 3462 3569 ,
3507 3486 3732 3559 dicenies
3757 3547 3771 3569 ,

2198 3591 2450 3655 Domine,
2504 3592 2648 3646 salua
2695 3609 2785 3646 nos
2817 3634 2832 3656 ,
2883 3593 3125 3662 perimus.
3179 3591 3376 3663 (Θήρ.)
3417 3592 3590 3646 Tanto
3653 3594 3772 3648 fue-

2198 3690 2319 3736 rant
2369 3690 2514 3736 metu
2545 3683 2843 3747 conterriti,
2871 3693 2923 3736 et
2947 3698 3081 3751 pene
3110 3683 3289 3736 animo
3319 3683 3562 3745 alienati,
3593 3692 3651 3735 ut
3697 3683 3772 3736 ir-

2197 3779 2416 3825 ruerent
2459 3773 2510 3825 in
2569 3787 2689 3824 eum
2717 3812 2730 3835 ,
2780 3780 2967 3826 etnon
3002 3773 3242 3826 modeste
3291 3780 3383 3825 aut
3423 3771 3615 3825 leviter
3643 3787 3774 3841 sug-

2198 3867 2466 3929 gererent,
2495 3861 2588 3914 sed
2611 3860 2944 3914 turbulenter
2969 3862 3296 3915 suscitarent
3323 3877 3466 3927 eum,
3489 3861 3730 3917 dicentes
3757 3881 3768 3914 :

2201 3949 2441 4014 Domine,
2482 3950 2625 4003 salva
2672 3967 2792 4016 nos,
2819 3952 3066 4019 perimus.
3096 3951 3139 4006 Ο
3162 3953 3326 4015 beati,
3369 3968 3402 4007 0
3428 3969 3647 4008 veraces
3681 3953 3773 4008 Dei

2202 4040 2476 4109 discipuli,
2543 4041 2826 4094 Dominum
2896 4041 3228 4096 Salvatorem
3275 4044 3551 4097 vobiscum
3612 4044 3776 4098 babe-

2201 4131 2292 4193 tis,
2325 4140 2380 4184 et
2413 4130 2708 4199 periculum
2748 4131 2974 4196 timetis;
3013 4133 3122 4187 vita
3155 4133 3428 4187 vobiscum
3469 4141 3551 4186 est
3605 4141 3660 4188 et
3712 4134 3777 4188 de

2202 4231 2377 4275 morte
2431 4221 2643 4275 solliciti
2690 4222 2837 4284 estis.
2865 4221 3137 4277 Suscitant
3183 4223 3466 4276 Dominum
3507 4223 3775 4292 discipuli,

2205 4327 2271 4365 ne
2309 4327 2372 4366 eo
2401 4312 2697 4365 dormiente
2752 4309 3003 4367 ﬂuctuum
3051 4313 3265 4369 feritate
3310 4325 3537 4385 pereant
3590 4334 3602 4368 :
3651 4317 3775 4384 quia

523 4425 684 4478 quam
719 4409 1013 4468 ascendunt
1046 4409 1186 4462 nulla
1223 4410 1415 4465 melius
1442 4425 1603 4480 quam
1639 4410 1931 4466 Dominicm
1971 4428 2099 4481 pas-
2131 4451 2181 4510 D
2206 4402 2358 4471 cujus
2379 4410 2605 4455 mortem
2628 4403 2889 4467 viderant,
2910 4405 3156 4458 maximis
3173 4406 3309 4472 votis
3327 4408 3776 4462 resurrectionem

490 4500 693 4554 ,sionis
744 4499 1060 4568 intelligitur
1128 4501 1329 4566 arbor,
1395 4503 1545 4571 cujus
1591 4501 1852 4556 beneﬁcio
1905 4503 2102 4571 quique

529 4589 712 4644 ﬁdeles
740 4589 933 4659 adjuti,
963 4591 1199 4643 emensis
1225 4591 1409 4644 mundi
1437 4591 1687 4646 ﬂuctibus
1713 4591 2102 4646 habitationem

528 4683 712 4752 patrize
740 4683 1168 4752 cmleslis,~quasi
1191 4684 1536 4737 stabilitatem
1561 4684 1733 4739 securi
1758 4684 1972 4746 littoris,
2005 4684 2102 4737 ob-

531 4773 720 4827 tinent.
748 4772 896 4840 Quod
920 4783 1098 4829 autem
1124 4777 1236 4845 ipse
1259 4775 1312 4829 in
1337 4791 1495 4828 unam
1523 4775 1819 4830 naviculam
1843 4790 1965 4828 cum
1995 4775 2102 4828 dis-

530 4865 723 4934 cipulis
745 4864 991 4920 Salvator
1012 4868 1308 4932 descendit,
1333 4867 1456 4921 alibi
1472 4869 1600 4935 quid
1620 4868 1882 4938 signiﬁcet
1909 4869 2098 4935 aperit,

532 4971 654 5008 cum
699 4957 1059 5025 praenuntiato
1108 4973 1215 5011 sua:
1266 4956 1534 5026 passionis
1585 4958 2103 5025 resurrectionisque

534 5048 809 5117 mysterio,
836 5062 961 5100 mox
988 5045 1198 5100 dicebat
1222 5049 1286 5101 ad
1308 5064 1496 5103 omnes
1528 5067 1540 5102 :
1572 5047 1629 5103 Si
1652 5050 1767 5119 quis
1796 5048 1904 5101 vult
1934 5048 2105 5101 venire

532 5148 644 5208 post
673 5155 779 5200 me,
817 5137 1030 5206 abneget
1061 5139 1416 5205 semetipsum,
1459 5150 1507 5193 et
1537 5138 1686 5192 tollat
1716 5153 1922 5192 crucem
1954 5153 2105 5190 suam

533 5227 761 5296 quotidie
781 5237 828 5280 et
853 5236 1102 5295 sequatur
1130 5243 1210 5278 me
1240 5225 1450 5297 (Matth.
1476 5228 1609 5300 xvn).

606 5313 722 5387 [VX]
752 5313 820 5368 Et
849 5331 962 5368 ecce
987 5324 1156 5368 motus
1184 5332 1400 5385 magnus
1427 5301 1594 5385 factu‘s
1621 5328 1694 5372 est
1722 5300 1776 5371 in
1815 5320 1948 5372 mari
1973 5359 1985 5380 ,
2033 5320 2106 5371 ita

544 5413 598 5456 ut
655 5402 896 5456 navicula
940 5405 1228 5473 operiretur
1251 5404 1513 5473 ﬂuctibus.
1562 5404 1758 5478 (0rig.)
1787 5407 1922 5462 Cum
1963 5408 2104 5461 enim

539 5495 703 5548 multa
732 5510 922 5565 magna
944 5504 1000 5550 et
1019 5496 1258 5550 miranda
1281 5497 1604 5551 ostendisset
1631 5497 1680 5550 in
1708 5509 1869 5562 terra,
1896 5499 2111 5553 transiit

540 5587 605 5638 ad
638 5601 807 5651 mare,
859 5596 917 5641 ut
968 5589 1165 5643 ibidem
1196 5590 1370 5644 adhuc
1398 5588 1776 5644 excellentiora
1816 5603 1978 5657 opera
2019 5591 2109 5644 de-

540 5683 897 5740 monstraret,
948 5689 1211 5746 quatenus
1245 5689 1397 5736 terrm
1430 5680 1699 5750 marisque
1732 5679 2010 5735 Dominum
2055 5695 2110 5732 sc

2207 4493 2546 4560 quaerebant,
2576 4508 2642 4545 ne
2665 4493 2707 4545 si
2736 4490 2937 4547 diutius
2958 4494 3072 4562 ipse
3093 4505 3261 4547 morte
3281 4497 3462 4549 carnis
3486 4498 3778 4564 sopiretur,

2207 4598 2395 4638 eorum
2441 4599 2593 4637 mens
2622 4583 2882 4651 spirituali
2918 4584 2969 4636 in
2994 4585 3318 4652 'perpetuum
3350 4595 3525 4639 morte
3557 4588 3776 4656 periret.

2280 4674 2348 4727 Et
2375 4675 2446 4727 ait
2476 4673 2580 4727 illis
2605 4673 2759 4727 Jesus
2784 4690 2800 4726 :
2831 4673 2971 4739 Quid
2997 4676 3168 4728 timidi
3199 4677 3340 4740 estis,
3372 4676 3592 4730 modica:
3619 4678 3780 4746 ﬁdei?

2211 4766 2391 4837 (Aug.)
2407 4765 2558 4830 Quod
2574 4765 2851 4820 Matthzeus
2865 4766 2993 4820 dicit
3010 4765 3210 4821 dixisse
3227 4767 3508 4821 Dominum
3532 4785 3543 4818 :
3567 4766 3780 4830 Quidti—

2209 4856 2337 4910 midi
2353 4859 2494 4919 estis,
2521 4858 2736 4909 modij
2755 4856 2918 4924 ﬁdei?
2941 4857 3148 4911 Marcus
3169 4859 3240 4912 ita
3264 4857 3424 4910 dicit:
3453 4856 3592 4921 Quid
3615 4857 3781 4908 timidi

2205 4948 2346 5008 estis,
2372 4947 2586 5000 necdum
2609 4947 2801 4998 habetis
2830 4946 3241 5014 ﬁdem?(Marc-
3273 4946 3367 5016 iv.)
3396 4946 3546 4998 lllam
3577 4946 3777 5001 scilicet

2209 5035 2523 5104 perfectam,
2547 5037 2690 5090 velut
2709 5051 2929 5104 granum
2950 5036 3169 5106 sinapis.
3194 5037 3305 5091 Hoc
3331 5052 3458 5106 ergo
3483 5045 3540 5089 et
3567 5037 3654 5089 ille
3684 5038 3773 5097 ait,

2211 5128 2425 5180 modica:
2476 5127 2617 5193 ﬁdei.
2679 5126 2850 5180 Lucas
2896 5136 3072 5180 autem
3111 5147 3121 5180 :
3165 5126 3262 5194 Ubi
3308 5137 3378 5180 est
3407 5129 3538 5196 ﬁdes
3570 5129 3777 5180 uestra?

2214 5218 2359 5288 (Luc.
2414 5218 2554 5288 vm.)
2614 5218 2678 5270 Et
2724 5225 2892 5271 totum
2939 5219 3155 5287 quidem
3201 5220 3303 5273 dici
3342 5219 3518 5287 potuit
3565 5235 3576 5269 ;
3641 5217 3775 5282 Quid

2212 5309 2381 5361 timidi
2409 5309 2549 5371 estis,
2569 5309 2654 5361 ubi
2683 5318 2754 5361 est
2777 5307 2906 5375 ﬁdes
2933 5318 3117 5373 vestra,
3151 5309 3366 5361 modicw
3396 5307 3564 5374 ﬁdei?
3585 5305 3773 5378 (Θήῃ.)

2214 5401 2365 5455 Unde
2387 5409 2440 5453 ct
2467 5401 2608 5453 aliud
2638 5400 2742 5464 hic,
2774 5400 2916 5454 aliud
2947 5400 3032 5452 ille
3059 5407 3467 5454 commemorat.
3494 5397 3550 5452 Si
3590 5410 3771 5467 poten-

2214 5505 2320 5550 tem
2352 5511 2437 5549 me
2460 5510 2621 5562 super
2651 5505 2845 5547 terram
2875 5495 3222 5563 cognovistis,
3249 5509 3415 5562 quare
3437 5509 3542 5548 non
3568 5491 3774 5546 creditis

2213 5588 2352 5657 quod
2381 5597 2433 5642 et
2479 5588 2530 5639 in
2581 5587 2711 5639 mari
2751 5594 2940 5654 potens
2970 5587 3125 5639 sum?
3166 5585 3224 5639 Si
3266 5586 3432 5639 Deum
3466 5600 3552 5637 me
3582 5596 3697 5636 esse
3723 5592 3773 5638 Ct

2215 5691 2511 5732 creatorem
2553 5677 2787 5730 omnium
2835 5676 3176 5745 suscepistis,
3209 5691 3374 5744 quare
3408 5691 3516 5728 non
3569 5673 3778 5728 creditis

3674 303 3777 360 εει
3865 303 3870 362 Ἰ
