3938 6358
226 288 342 346 εδδ

1193 283 1543 365 ΟΟΜῌΕΝΤ.
1581 288 1647 343 lN
1682 286 2117 346 MATTllA-JUM.
2157 286 2227 335 4—-
2266 295 2390 351 ΜΒ.
2430 297 2514 352 lll.

3368 304 3478 363 866

227 402 379 473 quod
403 416 465 457 ea
496 415 613 471 qua:
642 415 673 454 a
698 412 783 453 me
821 398 961 453 facta
991 407 1116 454 sunt
1156 398 1213 453 in
1250 415 1368 455 mea
1395 399 1621 454 habeam
1635 408 1770 469 pote
1826 404 1879 462 Α
1904 406 2269 470 terpretantur
2303 476 2311 485 .
2341 406 2394 459 in
2454 406 2660 460 ‘mundo
2730 406 3156 476 persccutionem
3191 404 3206 415 ’
3233 408 3479 467 ﬁdelibus

226 494 407 550 state?
427 492 603 559 Quare
629 503 756 559 ergo
778 488 1011 555 dubitas,
1027 488 1217 558 pusille
1245 489 1403 543 ﬁdei?
1430 489 1530 556 Qui
1550 489 1800 558 pusillum

226 572 428 649 credit,
464 582 737 653 arguitur;
774 589 829 634 et
868 581 959 650 qui
996 580 1127 634 nihil
1161 580 1363 647 credit,
1410 581 1801 646 contemnitur;

223 674 450 746 fragiles
494 673 548 727 in
590 670 693 725 ﬁde
720 670 1101 740 corripiuntur,
1132 676 1189 724 et
1213 669 1371 725 alieni
1395 672 1615 727 omnino
1643 685 1675 725 a
1700 669 1804 727 ﬁde

176 798 179 801 η
219 765 573 835 puniuntur:
613 762 744 817 tales
769 761 985 818 fuerunt
1012 758 1181 815 Judzei
1206 769 1261 815 et
1298 762 1533 832 pagani,
1575 761 1805 831 ideoque

221 855 287 909 in
312 852 469 907 malis
490 852 602 908 suis
624 859 992 915 evanuerunt;
1013 844 1158 907 'tales
1176 850 1340 904 etiam
1366 850 1627 915 haeretici,
1666 850 1805 905 ideo-

220 957 337 1013 que
368 944 422 997 in
452 943 537 997 die
558 941 744 1011 judicii
769 940 1182 995 damnabuntur.
1207 939 1372 994 Recte
1390 948 1691 1010 arguuntur
1711 942 1803 1010 qui

222 1042 493 1103 prasente
518 1031 734 1087 Christo
760 1031 1039 1095 timebant,
1066 1046 1188 1085 cum
1214 1030 1399 1100 utique
1421 1031 1515 1101 qui
1546 1030 1596 1085 ei
1626 1031 1805 1086 adhae-

223 1126 368 1178 serit
412 1124 591 1203 perire
636 1138 741 1177 non
782 1122 970 1191 possit.
1025 1121 1337 1187 Cuisimile
1382 1131 1466 1177 est
1497 1122 1640 1192 quod
1680 1131 1804 1191 post

200 1216 424 1272 .mortis
462 1230 707 1270 somnum
754 1214 1027 1283 discipulis
1063 1229 1326 1284 apparens
1352 1213 1676 1284 exprobravit
1718 1213 1802 1266 in-

225 1305 587 1360 credulitatem
624 1303 832 1357 illorum
860 1314 906 1357 et
943 1303 1190 1355 duritiam
1238 1304 1408 1356 cordis
1426 1303 1587 1373 ,‘quia
1607 1302 1687 1356 his
1715 1302 1805 1372 qui

228 1396 471 1448 viderant
515 1410 631 1447 eum
666 1395 1007 1447 resurrearisse
1031 1394 1055 1457 ,‘
1082 1409 1184 1446 non
1230 1393 1557 1446 crediderunt
1608 1391 1802 1463 (Marc.

227 1482 367 1553 xw).
399 1482 636 1551 Itemque
668 1481 802 1536 dixit
831 1483 897 1535 ad
934 1496 1028 1536 eos
1054 1497 1067 1534 :
1098 1480 1141 1535 0
1178 1480 1357 1545 stulti,
1396 1491 1442 1534 et
1486 1480 1624 1534 tardi
1652 1481 1805 1535 corde

227 1570 303 1623 ad
329 1570 643 1623 credendum
672 1571 725 1623 iu
753 1570 988 1641 omnibus
1018 1586 1131 1641 qua:
1170 1568 1326 1623 locuti
1363 1579 1485 1622 sunt
1522 1570 1803 1640 prophetes.

232 1658 429 1716 Nonne
453 1663 562 1716 ha'c
606 1663 829 1732 oportuit
857 1663 965 1731 pati
992 1660 1288 1724 Christum,
1316 1671 1362 1714 et
1393 1662 1467 1715 ita
1513 1661 1711 1733 intrare
1750 1662 1805 1715 in

230 1754 456 1824 gloriam
483 1756 672 1807 suam?
703 1753 850 1825 (Luc.
891 1753 1063 1825 xxrv.)
1106 1755 1185 1809 Ac
1231 1754 1275 1808 si
1305 1767 1399 1823 per
1436 1753 1803 1823 metaphoram
1836 1739 1881 1797 Β

236 1848 438 1917 navigii
488 1847 712 1910 diceret,
747 1844 931 1901 Nonne
954 1846 1192 1916 oportuit
1232 1845 1502 1900 Christum
1526 1844 1805 1913 soporari,

230 1940 395 1994 undis
438 1954 629 1993 navem
660 1938 711 1991 in
738 1953 840 2007 qua
873 1937 1339 2007 quiescebathinc
1386 1937 1513 1997 inde
1540 1924 1808 1992 verrenti-

229 2030 356 2095 bus,
383 2040 439 2084 et
469 2031 539 2082 ita
560 2070 575 2095 ,
598 2028 801 2083 sedatis
849 2028 1123 2097 extemplo
1163 2027 1381 2082 tumidis
1409 2026 1678 2097 gurgitum
1706 2041 1806 2080 cu-

236 2121 423 2187 mulis,
453 2119 748 2174 divinitatis
769 2133 881 2174 sua:
908 2118 1118 2183 cunctis
1141 2116 1450 2188 patefacere
1478 2115 1809 2186 potentiam?

311 2210 455 2265 Tunc
466 2226 679 2281 surgens
692 2208 956 2279 imperavit
970 2218 1083 2263 vent
1089 2208 1131 2262 is
1144 2219 1189 2262 et
1204 2194 1337 2261 mari
1345 2246 1359 2271 ,
1372 2216 1419 2261 et
1432 2207 1571 2276 facta
1584 2214 1656 2260 est
1670 2215 1809 2271 tran-

231 2301 466 2373 quillitas
479 2317 691 2371 magna.
709 2298 904 2370 (θήρ.)
922 2299 997 2355 De
1012 2314 1203 2370 magno
1214 2290 1424 2367 quoque
1434 2304 1597 2351 vento
1609 2303 1666 2351 et
1678 2303 1809 2350 tem-

229 2398 444 2461 pestate
467 2405 679 2461 magna,
714 2389 850 2444 mari
879 2388 1196 2443 conturbato
1222 2396 1276 2442 et
1300 2386 1542 2451 tumenti,
1569 2385 1708 2441 facta
1724 2392 1809 2439 est

230 2497 431 2553 magna
446 2482 821 2552 tranquillitas.
844 2482 1009 2537 Decet
1023 2481 1167 2535 enim
1192 2482 1597 2550 lnuncmagnum
1617 2483 1807 2550 magna

236 2586 291 2633 st
306 2576 545 2635 miranda
559 2575 757 2641 facere,
778 2576 1003 2644 ideoque
1016 2574 1171 2643 paulo
1185 2583 1307 2629 ante
1320 2588 1514 2644 magna
1536 2572 1808 2628 accinctus

227 2666 470 2737 potentia
512 2664 795 2736 magniﬁce
818 2664 1162 2735 conturbavit
1179 2663 1503 2733 profundum
1524 2662 1710 2723 maris.
1740 2662 1808 2716 Et

234 2771 379 2810 nunc
394 2756 611 2820 iterum,
630 2756 683 2809 in
708 2770 772 2810 eo
794 2755 909 2825 ipso
921 2755 1206 2810 ostendens
1225 2769 1333 2809 sua:
1355 2748 1807 2824 magniﬁcentiam

229 2847 541 2915 potestatis,
560 2846 1001 2916 tranquillitatem
1019 2860 1261 2916 magnam
1279 2845 1424 2900 fecit.
1442 2843 1653 2915 (Beda.)
1668 2844 1809 2899 \ien-

203 2941 350 2988 "tum
366 2935 560 3004 quippe
580 2948 806 3005 surgens
821 2934 1138 3003 increpavit.
1160 2933 1295 3001 Quia
1312 2933 1708 2989 resurrectione
1719 2947 1808 2987 cc-

230 3022 459 3089 lebrata,
484 3023 688 3081 diaboli,
706 3024 1010 3092 superbiam
1038 3022 1257 3087 stravit,
1296 3023 1423 3077 dum
1451 3037 1549 3093 per
1576 3031 1805 3077 mortem

229 3114 502 3169 destruxit
541 3114 789 3189 eumqui
816 3114 1045 3169 habebat
1084 3113 1273 3169 mortis
1312 3112 1613 3182 imperium.
1647 3112 1805 3167 Tem-

227 3212 498 3273 pestatem
532 3219 743 3274 quoque
769 3196 919 3273 aqua:
964 3217 1190 3274 surgens
1217 3218 1431 3258 cessare
1482 3202 1640 3265 fecit,
1682 3202 1807 3271 quia

229 3305 486 3347 vesanam
516 3291 823 3347 Judaeorum
853 3291 1086 3357 rabiem,
1137 3306 1284 3361 qum,
1333 3299 1494 3360 caput
1519 3290 1766 3359 quatiens
1788 3330 1803 3354 ,

228 3380 562 3436 clantaverat
587 3398 606 3434 ι
648 3382 709 3445 Si
750 3380 920 3435 Filius
954 3380 1049 3435 Dei
1095 3391 1201 3445 est,
1232 3380 1508 3433 descendat
1539 3396 1692 3444 nunc
1743 3380 1807 3433 de

227 3486 428 3537 cruce,
468 3477 517 3526 et
559 3472 816 3525 credimus
857 3474 904 3527 ei
954 3472 1167 3544 (Matth.
1204 3470 1392 3541 xxvn),
1450 3471 1517 3525 de
1558 3470 1805 3539 sepulcro

231 3560 506 3631 surgendo
554 3544 821 3616 labefecit.
882 3562 981 3617 Ubi
1024 3559 1177 3629 juxta
1210 3544 1459 3613 litteram
1512 3560 1806 3613 notandum

230 3651 377 3721 quod
427 3664 614 3707 omnes
654 3662 917 3706 creaturae
967 3652 1200 3707 sentiant
1227 3650 1560 3705 Creatorem.
1600 3649 1806 3716 Quibus

228 3743 376 3797 ettim
402 3742 709 3812 increpatur
728 3752 781 3797 et
804 3742 1119 3813 imperatur,
1145 3742 1384 3796 sentiunt
1409 3742 1761 3812 imperantem
1788 3759 1800 3794 ε

233 3846 343 3885 non
373 3844 559 3885 errore
585 3829 983 3897 hmreticorum,
1012 3833 1098 3901 qui
1129 3833 1306 3887 omnia
1338 3841 1530 3901 putant
1554 3832 1803 3887 animan-

230 3921 311 3974 tia
336 3932 395 3984 εις
422 3922 513 3975 sed
539 3919 818 3989 majestate
845 3923 1155 3986 conditoris,
1186 3937 1303 3992 quae
1327 3923 1468 3992 apud
1498 3937 1597 3991 nos
1622 3922 1805 3979 insen-

230 4013 434 4081 sibilia,
468 4016 539 4070 illi
570 4014 853 4072 scnsibilia'
876 4026 1021 4072 sunt.

306 4101 475 4159 Porro
503 4106 733 4160 homines
753 4106 929 4160 mirati
957 4118 1098 4179 sunt,
1124 4108 1348 4162 dicentes
1373 4123 1391 4161 :
1419 4106 1603 4173 Qualis
1625 4118 1697 4163 est
1720 4109 1803 4163 hic

229 4200 356 4269 quia
384 4202 518 4254 venti
544 4211 589 4253 et
618 4217 760 4275 mare
790 4200 1031 4255 obediunt
1062 4202 1148 4255 ei?
1179 4202 1447 4273 (Hieron.)
1477 4200 1593 4257 Non
1644 4202 1805 4257 disci-

228 4289 366 4360 puli,
391 4290 486 4344 sed
531 4298 739 4354 nautas,
772 4291 1035 4345 ct’czetcri
1079 4292 1169 4361 qui
1199 4291 1251 4344 in
1296 4291 1417 4344 navi
1444 4299 1599 4346 erant
1641 4293 1803 4346 mira-

1900 490 2195 548 excitantes
2222 513 2234 547 :
2262 496 2336 548 ita
2361 504 2415 548 ut
2447 496 2686 550 navicula
2720 498 3007 566 operiretur
3033 500 3303 569 ﬂuctibus,
3352 504 3478 571 quia

1902 578 2008 634 hoc
2034 581 2343 639 desiderant
2373 585 2610 654 Spiritus
2637 586 2923 652 immundi,
2949 590 3061 644 hoc
3088 590 3335 645 homines
3374 593 3478 647 ini-
3523 586 3530 595 ’

1903 667 2017 737 qui,
2048 677 2110 723 ut
2137 668 2399 738 Ecclesia,
2429 672 2683 743 gravibus
2707 675 2978 745 pressuris
3004 686 3253 746 superata
3274 718 3290 744 ,
3333 695 3478 733 mer-

1903 766 2082 827 gatur.
2130 757 2237 813 Sed
2280 758 2405 814 licet
2440 761 2599 818 Jesus
2626 748 2882 818 auxilium
2910 765 2977 819 ad
3017 774 3228 835 tempus
3271 769 3482 824 subtra-

1904 850 2082 905 hendo
2132 850 2372 905 dormire
2418 853 2689 921 videatur,
2734 857 2987 925 precibus
3032 847 3211 913 tamen
3243 858 3480 913 honestis

1904 943 2199 997 suscitatur
2253 952 2310 998 et
2351 935 2706 1013 malignorum
2763 948 3045 1017 spirituum
3110 947 3478 1004 incitationem

1904 1033 2222 1100 compescit,
2252 1040 2308 1086 et
2338 1042 2743 1102 persecutorum
2775 1036 2947 1090 minas
2987 1037 3273 1092 mitescere
3307 1036 3470 1102 facit;

1903 1123 1979 1177 ita
2009 1132 2068 1177 ut
2111 1123 2203 1177 ﬁat
2230 1125 2590 1194 tranquillitas
2617 1142 2809 1197 magna
2834 1168 2850 1193 ,
2895 1143 3028 1196 pace
3073 1129 3327 1185 Ecclesia:
3372 1145 3484 1185 sua:

1903 1212 2111 1266 reddita
2134 1253 2149 1277 ,
2194 1224 2463 1282 quatenus
2490 1230 2747 1285 prospero
2771 1232 2931 1272 cursu
2956 1216 3117 1283 ﬂante
3148 1233 3277 1272 aura
3313 1209 3483 1290 Spirin

1905 1308 1991 1354 tus
2035 1302 2227 1367 sancti,
2253 1302 2319 1356 ad
2342 1310 2579 1371 optatum
2603 1310 2816 1358 aeterna:
2839 1305 3037 1374 quietis
3061 1314 3276 1375 portum
3314 1308 3482 1376 possit

1906 1404 2096 1445 secura
2139 1392 2446 1460 pervenire.
2492 1391 2674 1463 (ΒΑΕ.)
2724 1392 3045 1462 Theologice
3085 1402 3265 1449 autem
3292 1403 3347 1447 et
3385 1411 3483 1448 nos

1906 1483 2101 1554 singuli
2146 1482 2412 1538 catholica
2454 1481 2559 1538 ﬁde
2592 1483 2874 1562 instructi,
2922 1492 2975 1537 et
3007 1482 3162 1554 signo
3190 1470 3487 1539 Dotuinicm

1907 1575 2085 1630 crucis
2107 1575 2321 1642 i’mbuti,
2353 1574 2479 1629 dum
2509 1574 2761 1629 saaculum
2784 1575 3090 1644 relinquere
3116 1574 3447 1645 disponimus
3466 1616 3482 1641 ,

1907 1680 2099 1720 navem
2123 1650 2364 1734 profecto
2388 1678 2508 1718 cum
2532 1663 2666 1719 Jesu
2684 1665 3115 1729 conscendimus,
3134 1679 3283 1719 mare
3309 1674 3485 1721 trans-

1904 1757 1989 1812 ire
2046 1771 2325 1811 conamur.
2369 1754 2475 1809 Sed
2502 1755 2589 1825 qui
2619 1769 2722 1807 non
2750 1739 3052 1807 dormitabit
3093 1770 3254 1825 neque
3291 1753 3482 1808 obdor-

1906 1847 2027 1901 miet
2078 1844 2250 1900 Israel
2295 1844 2589 1899 custodiens
2635 1841 2812 1915 (Psal.
2857 1842 2983 1914 cn)
3034 1858 3281 1913 semper,
3329 1843 3485 1899 nobis

1907 1950 2090 1995 tamen
2118 1951 2259 2009 saepe
2292 1929 2666 2008 navigantibus
2688 1922 2840 2004 quasi
2864 1935 3007 1989 inter
3034 1934 3277 2008 mquoris
3294 1933 3483 1989 fremi-

1908 2038 1994 2083 tus
2055 2027 2361 2092 obdormit,
2413 2025 2629 2095 quando
2671 2025 3048 2079 crebrescente
3090 2024 3235 2077 inter
3276 2017 3524 2078 medios.

1907 2120 2163 2174 virtutum
2196 2120 2346 2172 nisus
2370 2116 2453 2171 vel
2490 2116 2885 2171 immundorum
2921 2115 3228 2185 spirituum,
3257 2115 3343 2171 vel
3390 2116 3486 2171 ho-
3526 2176 3535 2183 ,

1906 2210 2112 2264 minum
2136 2223 2445 2279 pravorum,
2484 2206 2569 2261 vel
2610 2206 2726 2275 ipso
2765 2216 3073 2261 nostrarum
3099 2207 3483 2277 cogitationum

1907 2299 2142 2369 impetu,
2190 2297 2313 2353 ﬁdei
2342 2296 2596 2366 splendor
2617 2296 3032 2361 obtenebrescit,
3081 2298 3195 2368 spei
3221 2297 3484 2353 celsitudo

1907 2387 2261 2453 contabescit,
2290 2388 2492 2442 amoris
2518 2386 2735 2441 flamma
2762 2387 3078 2457 refrigescit.
3112 2388 3307 2443 Verum
3342 2388 3483 2443 inter

1906 2478 2275 2549 hujuscemodi
2298 2477 2563 2547 procellas
2586 2480 2653 2533 ad
2676 2476 2825 2531 illum
2857 2491 3077 2533 necesse
3104 2484 3188 2532 est
3216 2478 3485 2547 guberna-

1907 2580 2081 2627 torem
2122 2585 2405 2627 curramus
2430 2610 2446 2635 ,
2487 2569 2641 2626 illum
2670 2568 2855 2625 sedulo
2883 2569 3209 2639 excitemus,
3235 2568 3328 2638 qui
3374 2583 3481 2622 non

1906 2661 2106 2716 serviat
2130 2659 2224 2715 sed
2251 2660 2477 2729 imperet
2522 2659 2696 2713 ventis
2719 2699 2733 2723 ,
2764 2672 2887 2713 mox
2931 2666 3279 2727 tempestates
3314 2672 3485 2714 com-

1904 2757 2119 2820 pescet,
2160 2748 2409 2804 refundet
2430 2748 2893 2819 tranquillitatem,
2924 2755 3137 2817 portum
3180 2747 3368 2803 salutis
3396 2748 3482 2802 in--

1906 2841 2164 2911 dulgebit.
2180 2839 2392 2913 (Beda.)
2406 2839 2749 2896 Admiremur
2772 2848 2828 2895 et
2848 2855 2965 2905 nos,
2992 2840 3208 2909 quando
3230 2838 3481 2908 benigni-

1906 2943 2045 2990 tates
2071 2943 2127 2988 et
2164 2931 2563 2987 benevolentias
2602 2931 2841 2989 ostendit
2864 2931 3010 2986 circa
3035 2945 3167 2996 nos,
3197 2930 3411 3001 quando
3447 2946 3481 2986 a

1908 3025 2163 3096 periculis
2187 3040 2287 3080 nos
2298 3020 2518 3079 ’salvare
2540 3023 2809 3093 dignatur,
2841 3022 3054 3093 quando
3075 3022 3141 3078 de
3166 3010 3491 3078 tumultibus

1910 3128 2010 3168 nos
2042 3112 2258 3180 liberat,
2285 3112 2501 3183 quando
2526 3111 2594 3166 ab
2622 3112 2857 3167 inimicis
2884 3112 3027 3168 eruit
3060 3126 3158 3167 nos
3177 3151 3194 3178 ,
3221 3112 3484 3167 miremur

1908 3214 1964 3261 et
1990 3204 2249 3259 mirantes
2271 3202 2474 3273 gratias
2495 3217 2735 3273 agamus.
2769 3202 3052 3272 Sequitur:

1978 3293 2045 3347 Et
2072 3309 2189 3347 cum
2216 3293 2432 3369 venisset
2460 3302 2606 3346 trans
2631 3292 2817 3361 fretum
2836 3332 2852 3357 ,
2878 3293 2932 3346 in
2972 3293 3231 3362 regionem
3262 3290 3485 3365 Cerase:

1907 3399 2114 3438 norunt.
2170 3380 2306 3455 [VL]
2355 3381 2558 3437 Gerasa
2603 3381 2732 3437 urbs
2777 3382 3003 3453 insignis
3046 3381 3297 3448 Arabiae,
3329 3374 3501 3437 transi.

1904 3477 2194 3533 Iordanem
2217 3516 2231 3543 ,
2258 3473 2445 3544 juncta
2474 3475 2641 3529 monti
2669 3473 2892 3542 Calaad,
2919 3489 3077 3543 quem
3108 3476 3278 3529 tenuit
3304 3475 3504 3540 tribus.

1904 3567 2209 3631 Manasses,
2242 3580 2349 3620 non
2396 3564 2553 3634 longe
2579 3578 2611 3617 a
2641 3571 2831 3634 stagno
2872 3563 3209 3629 Tiber-india,
3254 3564 3307 3618 in
3338 3564 3479 3633 quod

1902 3660 2053 3731 porci
2103 3658 2420 3729 praecipitati
2471 3664 2617 3733 sunt.
2668 3655 2947 3727 Signiﬁcat
2998 3664 3177 3710 autem
3229 3656 3478 3711 nationes

1904 3752 2176 3824 gentium,
2225 3764 2360 3819 quas
2388 3755 2508 3817 post
2548 3745 2815 3817 passionis
2841 3761 3086 3801 somnum
3122 3746 3476 3800 resurrectio-

1904 3843 2095 3911 nisque
2120 3854 2231 3895 sua:
2256 3838 2504 3908 gloriam,
2534 3836 2713 3890 missis
2736 3833 3200 3903 praedicatoribus,
3231 3831 3480 3888 Salvator

1894 3941 1988 3988 est
2014 3930 2232 3985 visitare
2258 3928 2528 3997 dignatus.
2556 3924 2707 3980 Unde
2734 3925 2868 3978 bene
2892 3922 3093 3978 Gerasa
3116 3922 3201 3977 vel
3229 3922 3476 3993 Gergesi,

1902 4031 1963 4078 ut
1991 4020 2210 4091 quidam
2233 4017 2437 4081 volunt,
2468 4015 2705 4093 colonum
2740 4015 2971 4083 ejiciens,
3011 4013 3098 4069 vel
3125 4014 3323 4068 advena
3349 4030 3474 4083 pro-

1900 4117 2159 4186 pinquans
2201 4112 2584 4180 interpretatur
2633 4128 2646 4164 :
2702 4108 2982 4172 videlicet,
3030 4108 3309 4163 insinuans
3348 4108 3475 4177 quia

1900 4204 2141 4275 gentium
2167 4200 2394 4271 populus
2423 4207 2480 4255 et
2503 4214 2625 4255 eum
2658 4213 2688 4252 a
2729 4213 2836 4268 quo
2864 4197 3111 4267 nequiter
3143 4196 3479 4252 incolebatur

1902 4295 2113 4350 hostem
2156 4292 2269 4347 suis
2300 4292 2364 4346 de
2392 4290 2646 4345 cordibus
2672 4286 2910 4357 ejecerit,
2937 4296 2993 4342 et
3021 4287 3112 4357 qui
3136 4296 3256 4342 erat
3298 4287 3473 4358 longe,

230 4381 449 4436 bantur.
485 4378 580 4433 Sin
608 4387 784 4433 autem
811 4380 931 4448 quis
968 4380 1302 4435 contentiose
1331 4379 1559 4435 voluerit
1587 4394 1681 4434 eos
1706 4379 1798 4450 qui
1825 4418 1877 4477 Β
1904 4383 2079 4438 factus
2102 4381 2171 4435 sit
2195 4394 2358 4450 prope
2386 4379 2439 4433 in
2473 4378 2731 4449 sanguine
2760 4377 2978 4432 Christi.

232 4474 573 4528 mirabantur
598 4472 762 4528 fuisse
789 4474 1109 4542 discipulos,
1161 4470 1597 4544 rcSpondebimus
1648 4484 1795 4530 recte

231 4563 480 4619 homines
498 4563 809 4633 appellatos,
832 4564 957 4633 quia
973 4564 1199 4618 necdum
1222 4564 1514 4633 potentiam
1538 4565 1796 4618 noverant

233 4652 563 4709 Salvatoris.’
585 4652 915 4707 Mirabanlur
958 4652 1214 4718 dicentes,
1243 4652 1425 4720 Qualis
1454 4661 1537 4707 est
1560 4653 1660 4707 iste
1702 4653 1795 4721 qui

232 4744 371 4803 sicut
395 4744 555 4817 homo
572 4743 802 4808 videtur,
824 4751 878 4797 et
903 4744 1042 4798 sicut
1063 4742 1206 4797 Deus
1224 4743 1519 4811 potentiam
1540 4743 1791 4807 ostendit;

230 4833 373 4889 sicut
400 4849 540 4887 unus
569 4832 857 4886 carnalium
888 4840 1105 4901 putatur
1134 4847 1283 4897 esse,
1328 4842 1403 4887 et.
1426 4847 1588 4903 super
1614 4833 1793 4887 omnia

230 4923 466 4977 carnalia
493 4922 726 4977 ostendit
765 4922 1030 4977 mirabilia
1077 4941 1089 4973 :
1121 4922 1318 4977 dormit
1343 4922 1481 4976 sicut
1519 4922 1713 4987 homo,
1740 4931 1796 4978 et

230 5014 463 5083 imperat
488 5014 623 5067 mari
646 5022 701 5066 et
720 5012 892 5067 ventis
911 5013 1050 5067 sicut
1071 5013 1242 5077 Deus;
1271 5012 1323 5066 in
1348 5012 1593 5067 navicula
1619 5012 1801 5076 sedet,-

232 5112 281 5159 el
332 5118 546 5158 omnem
604 5110 904 5157 creaturam
950 5101 1192 5170 jussione
1247 5101 1469 5159 inclinat
1515 5102 1606 5155 ubi
1639 5100 1794 5154 vult?

233 5189 521 5259 (Blaesus)
571 5188 705 5243 Sunt
753 5191 844 5258 qui
887 5191 1025 5245 hanc
1066 5191 1366 5261 naviculam
1430 5206 1593 5259 quam
1637 5188 1792 5245 Iesus

233 5294 354 5334 cum
380 5280 653 5348 discipulis
675 5281 786 5333 suis
808 5281 1140 5347 conscendit,
1171 5279 1453 5352 allegorice
1475 5289 1790 5351 prmsentem

233 5368 528 5423 Ecclesiam
574 5368 861 5439 signiﬁcari
904 5370 1116 5435 volunt,
1168 5371 1218 5424 in
1246 5386 1351 5441 qua
1395 5370 1641 5425 Salvator
1669 5386 1790 5441 cum

235 5457 509 5526 discipulis
556 5459 665 5514 suis
717 5473 864 5514 mare
914 5460 1066 5514 istius
1113 5462 1289 5515 saeculi
1340 5463 1589 5516 transire.
1623 5462 1787 5532 cupit.

236 5547 437 5604 Ventos
461 5549 514 5603 in
544 5564 690 5604 mare
718 5558 1087 5619 tempestatem
1117 5551 1393 5615 facientes,
1427 5553 1693 5607 daemones
1713 5554 1794 5606 in-

1975 4471 2325 4526 Occurrerunt
2348 4471 2396 4524 ei
2422 4470 2526 4523 duo
2548 4469 2791 4523 habentes
2815 4468 3092 4523 dwmonia.
3117 4468 3300 4540 (Aug.)
3322 4469 3472 4536 Quod

1902 4576 2030 4617 vero
2056 4560 2335 4615 Mattheus
2364 4560 2499 4615 duos
2526 4560 2657 4616 dicit
2688 4575 2719 4613 a
2746 4559 3046 4617 daemonum
3078 4559 3286 4628 legione
3310 4575 3473 4615 cura-

1902 4660 2015 4717 tos,
2046 4651 2257 4706 Marcus
2299 4658 2476 4705 autem
2520 4658 2576 4704 et
2618 4650 2791 4704 Lucas
2817 4664 2981 4704 unum
3011 4659 3467 4715 commemorant,

1901 4743 2169 4813 intelligas
2197 4757 2363 4797 unum
2402 4757 2588 4798 eorum
2617 4741 2782 4798 fuisse
2822 4756 3068 4817 persona:
3097 4736 3335 4810 alicujus
3363 4743 3471 4797 cla—

1900 4834 2062 4890 rioris
2088 4841 2144 4890 et
2181 4832 2516 4899 famosioris,
2561 4847 2720 4903 quem
2764 4832 2912 4903 regio
2940 4832 3029 4887 illa
3060 4831 3294 4888 maxime
3321 4832 3470 4887 dole-

1900 4924 2016 4989 bat,
2053 4932 2109 4980 et
2137 4940 2236 4996 pro
2268 4924 2422 4994 cujus
2465 4924 2638 4987 salute
2676 4923 2964 4992 plurimum
3006 4922 3303 4992 satagebat.
3356 4921 3470 4977 Hoc

1899 5013 2141 5069 volentes
2169 5013 2473 5084 signiﬁcare
2498 5014 2603 5068 duo
2631 5011 2998 5082 evangelista,
3031 5010 3204 5065 solum
3231 5024 3467 5064 comme—

1897 5102 2218 5157 morandum
2244 5100 2660 5169 iudicaverunt,
2707 5101 2771 5155 de
2814 5114 2920 5169 quo
2961 5098 3087 5154 facti
3124 5098 3280 5167 hujus
3322 5097 3463 5153 fama

1897 5190 2057 5245 latius
2085 5190 2500 5260 praeclariusque
2523 5190 2854 5261 ﬂagraverat.
2886 5186 3096 5259 (Beda.)
3122 5186 3231 5241 Sed
3249 5195 3306 5253 et
3331 5187 3465 5241 alle-

1897 5280 2061 5352 goria:
2089 5295 2296 5335 summa
2332 5281 2621 5336 concordat
2651 5299 2663 5333 :
2698 5281 2828 5351 quia
2859 5281 2996 5335 sicut
3022 5294 3162 5333 unus
3189 5293 3220 5332 a
3270 5278 3471 5333 dtemo-
3554 5314 3559 5320 .

1894 5370 1985 5423 nio
2012 5383 2312 5438 possessus,
2354 5369 2431 5423 sic
2458 5376 2512 5422 et
2544 5368 2649 5423 duo
2675 5368 2887 5439 gentilis
2914 5368 3093 5438 pepuli
3130 5375 3315 5437 typum
3357 5381 3463 5421 non

1896 5460 2335 5515 inconvenienter
2361 5458 2685 5526 exprimunt.
2717 5456 2849 5511 Nam
2878 5471 3000 5511 cum
3030 5464 3141 5510 tres
3170 5454 3307 5509 ﬁlios
3352 5453 3461 5507 Noe

1895 5553 2269 5622 generaverit,
2315 5550 2473 5609 unius
2522 5549 2693 5605 solum
2725 5546 2925 5603 familia
2970 5547 3022 5602 in
3071 5544 3464 5617 possessionem

308 5673 334 5704 ι
358 5663 574 5721 Addunt
598 5664 811 5734 quidam
842 5680 971 5724 mss.
1004 5665 1264 5731 sensibilia
1304 5682 1414 5721 esse
1437 5684 1456 5732 ;
1486 5666 1573 5721 alii
1609 5682 1639 5720 c
1668 5666 1961 5735 contrario,
1993 5665 2309 5724 insensibilia
2329 5681 2459 5721 esse.
