3938 6356
423 302 524 358 867

1088 298 1147 349 Β.
1189 294 1440 349 ΠὲὶῑῖΛΝΙ
1479 291 1693 348 MAURI
1733 287 1994 343 AllClllEl

2095 288 2387 344 ilOGUNT.
2431 286 2708 343 OPERUM
2748 288 2924 343 PARS
2958 289 2997 342 1.

3550 295 3656 348 85.9

396 412 691 466 adscitaest
721 406 834 459 Dei.
869 407 943 459 Ex
974 406 1179 457 duobus
1206 404 1425 473 reliquis
1450 402 1780 455 diversarum
1813 398 1982 449 natio-
2011 402 2056 455 Α
2088 406 2207 462 post
2230 397 2449 449 nutltum
2494 397 2749 466 temporis
2773 399 3046 476 dominum
3077 415 3233 453 suum
3260 400 3493 461 videant.
3528 407 3659 458 nihil

422 516 568 563 nutu,
601 512 717 567 qum
749 496 901 550 idolis
928 495 1381 564 manciparemur,
1428 488 1696 560 procreati
1726 492 1853 541 sunt
1897 499 1989 553 po-

420 590 547 657 pi‘ii.
1646 662 1651 669 ι

489 680 565 732 De
589 680 932 733 monumentis
956 687 1195 730 exeuntes
1219 672 1535 739 satvionimis.
1562 666 1851 742 (Mutuus)
1880 667 1991 721 Hoc

416 780 500 824 est
549 770 811 823 malorum
856 784 1076 838 operum
1124 766 1420 821 foeditatem
1476 776 1572 832 per
1618 774 1843 827 corpora
1895 772 1989 812 sua

417 860 784 913 ostendentes.
834 858 967 923 Quid
1011 856 1154 909 enim
1198 862 1324 908 sunt
1370 865 1595 923 corpora
1627 849 1985 919 perﬁdorum,

420 952 520 1005 nisi
553 952 793 1020 quasdam
823 948 1197 1003 defunctorum
1229 945 1497 1014 sepulcra,
1548 943 1600 996 in
1641 941 1832 1009 quibus
1883 952 1987 991 non

421 1040 511 1095 Dei
547 1039 750 1094 habitat
791 1052 1004 1101 sermo,
1036 1036 1127 1090 scd
1155 1034 1330 1088 anima
1377 1031 1612 1102 peccatis
1650 1035 1861 1081 mortua
1906 1041 1988 1079 re-

420 1128 697 1182 cluditur?

490 1220 573 1272 Ita
606 1229 660 1271 ut
693 1235 840 1273 nemo
889 1226 1055 1287 posset
1086 1216 1310 1269 transire
1336 1230 1425 1283 per
1454 1211 1600 1265 illam
1649 1211 1804 1263 viam.
1853 1207 1990 1261 Ante

418 1311 705 1363 adventum
735 1323 863 1379 ergo
894 1306 1217 1369 Salvatoris,
1251 1302 1531 1373 prophetis
1561 1309 1615 1355 et
1654 1297 1856 1361 sanctis
1891 1298 1986 1351 do-
2012 1362 2027 1380 .

418 1401 660 1454 oloribus
714 1399 855 1452 invia
912 1396 1185 1467 gentilitas
1228 1395 1357 1458 fuit,
1408 1392 1534 1462 quia
1562 1390 1765 1446 stevitia
1793 1387 1990 1442 furoris

418 1492 533 1558 ejus
559 1490 807 1557 'cuiquam
836 1501 1020 1541 eonim
1046 1485 1264 1540 obedire
1294 1482 1582 1539 recusavit.
1612 1480 1719 1535 Sed
1765 1494 1863 1533 nec
1890 1478 1991 1532 hu-

418 1580 590 1633 manis
620 1578 822 1648 legibus
848 1577 1222 1644 obtemperare
1250 1573 1484 1628 volebat.
1522 1570 1672 1639 Unde
1698 1578 1752 1624 et
1778 1569 1991 1622 Marcus

418 1670 546 1723 dicit
591 1668 733 1738 quod
769 1682 943 1738 neque
976 1667 1183 1721 catenis
1213 1664 1325 1733 jam
1353 1664 1639 1735 quisquam
1667 1661 1839 1729 ipsum
1883 1659 1989 1713 dte-

2090 484 2230 538 aliud
2271 485 2372 538 nisi
2406 484 2472 538 de
2514 487 2823 540 verberibus
2853 488 3237 557 deprecantur;
3280 492 3359 544 sic
3384 500 3441 546 et
3465 493 3653 549 ἀπαιο-

2090 589 2203 638 nes,
2247 585 2528 630 cernentes
2574 576 2855 631 Dominum
2888 578 2940 631 in
2985 580 3140 633 terris
3168 591 3387 651 repente
3434 583 3654 643 versari,

2090 667 2155 720 ad
2189 666 2508 733 judicandos
2536 683 2594 723 se
2621 670 2832 724 venisse
2861 670 3168 725 credebant.
3202 672 3491 727 Prmsentia
3542 672 3655 727 Sal-

2089 755 2289 808 vatoris
2325 764 2586 811 tormenta
2626 765 2749 812 sunt
2788 759 3108 821 daemonum.
3156 761 3501 833 Ridiculeque
3553 779 3653 833 pu-

2091 850 2205 896 tant
2231 844 2442 911 quidam
2473 845 2741 901 dzemones
2780 848 2920 902 scire
2947 846 3140 903 Filium
3177 852 3269 905 Dei
3310 860 3365 905 ct
3390 850 3651 906 diabolum

2089 934 2358 1002 ignorare,
2401 950 2467 989 eo
2502 934 2645 1005 quod
2688 938 2913 993 minoris
2958 939 3175 997 malitia:
3204 941 3316 996 sint
3356 942 3444 995 isti
3496 957 3651 1012 quam

2090 1022 2198 1085 ille,
2245 1023 2396 1091 cujus
2444 1026 2702 1081 satellites
2750 1035 2877 1081 sunt
2909 1046 2921 1081 :
2953 1043 3076 1084 cum
3114 1030 3290 1084 omnis
3332 1031 3554 1085 scientia
3588 1032 3652 1086 ad

2089 1113 2401 1181 magistrum
2433 1114 2709 1169 referenda
2736 1119 2805 1169 sit
2834 1117 3210 1186 discipulorum
3240 1128 3295 1172 et
3322 1128 3431 1172 tam
3460 1120 3652 1174 daemo—

2091 1215 2186 1255 nes
2214 1216 2372 1269 quant
2399 1202 2641 1257 diabolus
2666 1205 2926 1273 suspicari
2955 1208 3125 1276 magis
3153 1208 3345 1261 Filium
3379 1208 3473 1264 Dei
3499 1226 3653 1280 quam

2089 1305 2245 1345 nosse
2272 1291 2598 1363 intelligendi
2625 1302 2768 1348 sunt.
2797 1294 2966 1349 Nemo
2992 1297 3125 1350 enim
3152 1298 3289 1350 novit
3318 1295 3535 1352 Patrem
3559 1301 3655 1352 nisi

2090 1380 2282 1445 Filius,
2309 1391 2356 1436 et
2381 1385 2466 1436 cui
2493 1381 2541 1433 F
2544 1382 2666 1437 ilius
2699 1383 2912 1439 voluerit
2940 1384 3181 1439 revelare.
3214 1385 3356 1450 Quid
3378 1389 3546 1451 nobis,
3576 1389 3654 1443 in-

2088 1471 2299 1539 quiunt,
2336 1479 2386 1525 et
2419 1471 2533 1537 tibi,
2562 1471 2689 1526 Jesu
2719 1471 2826 1527 Fili
2853 1473 2950 1527 Dei
2984 1487 3002 1525 :
3037 1474 3238 1529 clarum
3278 1475 3332 1528 in
3370 1476 3455 1529 his
3481 1478 3658 1532 verbis

2090 1566 2231 1634 quod
2254 1567 2305 1619 in
2328 1567 2408 1621 eis
2431 1574 2633 1621 tantum
2658 1567 2883 1622 scientia
2908 1577 3026 1622 erat
3050 1578 3103 1623 et
3127 1569 3365 1625 Charitas
3387 1586 3493 1625 non
3520 1581 3651 1626 erat-

2090 1656 2312 1712 Pmnam
2340 1673 2489 1713 suam
2513 1660 2708 1729 quippe
2736 1659 3095 1716 formidabant
3124 1662 3192 1715 ab
3216 1663 3327 1730 illo,
3357 1678 3460 1719 non
3491 1666 3545 1719 in
3572 1666 3653 1719 illo

417 1762 719 1816 moniacum
745 1768 955 1830 poterat
981 1758 1182 1831 ligare,
1209 1756 1332 1826 quia
1372 1768 1513 1823 saepe
1552 1749 1897 1820 compedibus
1929 1756 1985 1803 et
2014 1742 2057 1801 B
2078 1743 2344 1813 justitiam
2373 1741 2693 1819 diligebant.-
2696 1749 2924 1804 Tantum
2951 1760 3078 1825 ergo
3104 1754 3183 1808 eis
3213 1754 3459 1819 innotuit,
3488 1771 3653 1824 quan—

416 1853 622 1908 eatenis
671 1852 885 1906 vinctus
936 1848 1253 1919 disrupisset
1298 1854 1556 1908 catenas,
1603 1852 1658 1900 et
1702 1840 1986 1912 compedes

417 1942 847 2008 comminuisset,
870 1948 925 1996 et
948 1954 1106 1995 nemo
1129 1944 1339 2009 poterat
1361 1952 1481 1992 eum
1510 1936 1747 1991 domare.
1772 1932 1989 1988 Catenis

416 2044 468 2089 et
512 2024 859 2103 compedibus
908 2045 1101 2103 graves
1144 2038 1201 2084 et
1243 2029 1390 2085 dura:
1430 2027 1577 2097 leges
1617 2024 1987 2111 signiﬁcantur

410 2124 876 2199 gentium,quibus
891 2128 946 2176 et
961 2122 1011 2175 in
1031 2133 1219 2176 eorum
1237 2118 1399 2173 rebus
1416 2114 1644 2186 publicis
1660 2120 1883 2181 peccata
1898 2125 1989 2165 co-

411 2218 688 2273 hibentur.
712 2213 1013 2282 Raptisque
1034 2208 1272 2274 catenis,
1291 2217 1350 2262 ut
1367 2206 1541 2261 Lucas
1558 2202 1771 2287 scribit,
1793 2199 1991 2269 ageba-

415 2311 577 2354 tura
609 2301 871 2355 daemonio
918 2302 973 2355 in
1018 2301 1251 2355 deserto.
1285 2298 1386 2367 Qui
1431 2299 1593 2353 etiam
1638 2299 1987 2372 transgressis

414 2390 621 2460 legibus
649 2390 714 2444 ad
740 2404 803 2443 ea
832 2388 1035 2444 scelera
1058 2389 1354 2459 cupiditate
1376 2388 1692 2452 ducebatur,
1719 2403 1838 2458 quae
1874 2388 1985 2458 jam

332 2480 333 2483 “
414 2480 687 2549 vulgarem
721 2480 1164 2535 consuetudinem
1191 2480 1529 2536 excederent.
1559 2477 1741 2551 (Aug.)
1770 2478 1879 2535 Nec
1908 2480 1984 2534 in-

416 2569 798 2623 eonvenienter
827 2569 930 2624 dici
959 2577 1163 2639 potest,
1205 2570 1349 2641 quod
1383 2572 1488 2625 duo
1514 2570 1600 2625 isti
1626 2570 1871 2625 homines
1896 2570 1987 2640 qui

416 2674 444 2712 a
475 2660 806 2715 dmmOnibus
850 2660 1207 2724 vexabantur,
1257 2660 1482 2730 ﬁguram
1522 2668 1717 2730 gerunt
1761 2659 1988 2715 duorum

366 2808 371 2813 ἢ
418 2748 737 2817 populorum
788 2747 1092 2803 Iudaeorum
1122 2756 1177 2802 et
1222 2749 1461 2819 gentium
1510 2748 1680 2818 :quia
1712 2763 1882 2819 usque
1920 2747 1989 2802 ad

417 2847 659 2908 tempora
705 2838 997 2893 Dominicze
1051 2838 1473 2903 incarnationis,
1511 2837 1791 2892 diabolicis
1848 2835 1985 2891 illusi

413 2929 711 2999 doctrinis',
758 2937 944 2999 gentes
972 2928 1112 2983 idola
1155 2927 1402 2983 colebant
1429 2941 1529 2996 pro
1564 2925 1706 2992 Deo,
1736 2934 1790 2981 et
1819 2925 1990 2981 Judaei

415 3027 814 3087 contemptores
836 3026 892 3073 et
927 3019 1369 3088 praivaricatores
1396 3017 1589 3072 divina:
1617 3016 1751 3086 legis
1778 3031 1990 3087 semper

2092 1845 2202 1890 tum
2225 1836 2411 1892 voluit.
2442 1837 2669 1894 Tantum
2695 1848 2871 1899 autem
2887 1842 3084 1909 voluit,
3116 1854 3375 1914 quantum
3403 1846 3650 1914 oportuit.

2092 1925 2198 1983 Sed
2227 1928 2458 1984 innotuit
2498 1928 2774 1986 non'sicut
2808 1933 3011 2005 angelis
3050 1936 3270 2000 sanctis,
3301 1936 3392 2006 qui
3421 1937 3538 2008 ejus
3570 1953 3652 1993 se-

2089 2019 2322 2074 cundum
2359 2020 2414 2074 id
2442 2023 2583 2091 quod
2611 2022 2705 2078 Dei
2732 2022 2966 2078 Verbum
2990 2035 3072 2081 est
3106 2027 3421 2099 participata
3447 2031 3652 2086 tutemi-

2090 2115 2201 2164 tate
2224 2109 2592 2179 perfruuntur,
2634 2113 2727 2167 sed
2753 2113 2892 2169 sicut
2921 2116 3000 2170 eis
3033 2119 3299 2173 terrendis
3324 2118 3653 2176 innotescen-

2026 2200 2037 2220 '
2089 2196 2215 2253 dum
2260 2197 2392 2263 fuit,
2442 2216 2509 2255 ex
2566 2216 2794 2271 quorum
2846 2207 3120 2277 tyrannica
3174 2215 3441 2278 potestate
3488 2208 3654 2266 fuerat

2088 2290 2412 2347 liberaturus
2440 2294 2847 2361 prtedestinatos
2869 2296 2924 2350 in
2968 2312 3121 2373 suum
3165 2314 3411 2370 regnum,
3457 2307 3512 2356 et
3552 2299 3654 2372 glo-

2092 2381 2228 2435 riam
2274 2397 2485 2452 semper
2527 2397 2797 2452 veracem,
2842 2395 2899 2442 et
2941 2388 3207 2445 veraciter
3255 2390 3651 2468 sempiternam.

2088 2471 2320 2527 lnnotuit
2358 2488 2487 2545 ergo
2514 2474 2839 2555 daemonibus
2869 2492 2974 2533 non
3017 2494 3116 2549 per
3157 2479 3209 2535 id
3247 2480 3391 2549 quod
3430 2480 3655 2546 estvita

2090 2570 2287 2617 aeterna
2308 2570 2364 2616 et
2388 2562 2564 2620 lumen
2588 2565 3041 2635 incommutabile,
3066 2570 3207 2638 quod
3230 2569 3496 2624 illuminat
3518 2569 3653 2641 pios,

2090 2651 2176 2707 cui
2207 2652 2458 2719 videndo,
2485 2669 2584 2725 per
2612 2655 2771 2712 ﬁdem
2790 2697 2805 2721 ,
2826 2672 2952 2727 quas
2979 2658 3033 2714 in
3061 2659 3151 2714 illo
3174 2668 3289 2726 est,
3317 2661 3481 2716 corda
3508 2676 3658 2717 mun-

2090 2744 2305 2809 dantur,
2357 2745 2451 2800 sed
2499 2760 2598 2815 per
2640 2747 2883 2817 quadam
2934 2749 3245 2819 temporalia
3292 2765 3405 2805 suae
3450 2752 3659 2807 virtutis

2090 2831 2299 2900 effecta,
2331 2843 2385 2889 ct
2408 2836 2783 2892 occultissima!
2814 2838 2967 2909 signa
2999 2841 3271 2910 potentite,
3302 2857 3424 2912 qua:
3456 2842 3656 2917 angeli-

2091 2921 2170 2976 cis
2222 2922 2468 2979 sensibus
2523 2925 2683 2980 etiam
2738 2926 3096 2998 malignorum
3152 2930 3435 3000 spirituum
3485 2932 3659 3004 potius

2093 3027 2253 3081 quam
2299 3013 2597 3070 inﬁrmitati
2630 3016 2906 3072 hominum
2943 3027 3162 3088 possent
3193 3036 3311 3076 esse
3350 3023 3656 3092 conspicua.

414 3110 756 3165 exstiterant.
787 3109 940 3165 llnde
970 3110 1169 3164 factum
1197 3109 1341 3177 quod
1368 3108 1421 3162 in
1452 3108 1611 3162 domo
1636 3124 1742 3163 non
1780 3108 1993 3162 habita-
2018 3091 2063 3153 (ἶ
2095 3101 2232 3158 Hinc
2253 3105 2506 3177 perpendi
2547 3115 2726 3176 potest
2749 3117 2945 3178 quanta
2987 3111 3059 3165 sit
3095 3110 3210 3165 Arii
3241 3113 3454 3167 vesania
3477 3091 3657 3169 testam

417 3202 569 3263 bant,
598 3202 651 3255 id
676 3208 760 3256 est
788 3200 841 3255 in
891 3201 1218 3256 conscientia
1267 3215 1363 3255 sua
1409 3214 1516 3254 non
1559 3199 1989 3275 requieseebant.

418 3288 569 3356 Quod
599 3290 652 3343 in
684 3290 1042 3344 monumentis
1063 3290 1373 3353 manebant,
1396 3290 1623 3344 mortuis
1638 3291 1910 3360 operibus,
1939 3290 1992 3344 id

419 3390 501 3435 est
542 3380 778 3448 peccatis
810 3379 1238 3435 delectabantur.
1264 3378 1402 3446 Quid
1429 3380 1575 3434 enim
1619 3390 1745 3435 sunt
1766 3395 1993 3450 corpora

418 3470 751 3541 perﬁdorum
779 3470 883 3524 nisi
935 3470 1177 3540 quaedam
1225 3469 1599 3525 defunctorum
1626 3468 1887 3539 sepulcra,
1938 3470 1993 3524 in

418 3560 614 3629 quibus
658 3575 764 3613 non
809 3560 902 3614 Dei
946 3560 1153 3614 habitat
1176 3574 1374 3623 sermo,
1421 3560 1514 3614 sed
1540 3560 1717 3614 anima
1760 3561 1995 3629 peccatis

419 3657 632 3704 mortua
697 3649 1009 3704 recluditur.
1066 3649 1204 3705 Servi
1260 3650 1433 3703 annis.
1479 3649 1629 3715 Quod
1671 3650 1817 3705 enim
1867 3651 1994 3705 szevi

419 3740 583 3794 nimis
603 3749 777 3805 erant,
796 3740 895 3794 hoc
918 3739 1251 3810 signiﬁcatus,
1278 3740 1404 3809 quia
1427 3748 1579 3795 tanto
1599 3740 1835 3795 deterius
1855 3741 1909 3795 in
1935 3756 1994 3796 se

421 3832 505 3887 vel
551 3831 603 3885 in
649 3831 770 3885 aliis
822 3831 1069 3887 furebant
1114 3839 1315 3900 quanto
1354 3830 1564 3886 divinas
1604 3831 1689 3887 vel
1732 3832 1995 3888 humanas

422 3922 585 3990 leges,
603 3938 721 3991 qum
737 3937 831 3992 per
844 3922 1053 3977 vincula
1069 3922 1110 3976 si
1117 3922 1400 3993 gnificatte,
1416 3933 1513 3993 pro
1526 3923 1693 3977 nihilo
1707 3922 1989 3977 ducebant.

427 4013 511 4066 Ita
563 4024 615 4066 ut
654 4030 800 4067 nemo
822 4016 1049 4068 transire
1087 4025 1257 4083 posset
1305 4031 1396 4084 per
1441 4013 1587 4068 illam
1633 4016 1785 4069 riam.
1834 4015 1995 4070 Juxta

428 4104 776 4175 tropologiam
805 4146 819 4169 ,
869 4106 953 4158 via
990 4106 1088 4160 ista
1117 4104 1362 4161 Christus
1386 4115 1489 4172 est,
1517 4106 1608 4175 qui
1653 4107 1790 4160 dixit
1820 4125 1832 4160 :
1882 4107 1995 4177 Ego

426 4214 540 4249 sum
581 4198 683 4259 via,
723 4198 910 4250 renitas
952 4205 999 4250 et
1025 4198 1127 4250 rita
1164 4196 1344 4268 (Joan.
1376 4196 1513 4269 xw),
1543 4205 1597 4253 et
1626 4198 1690 4253 de
1718 4213 1822 4267 qua
1868 4199 1997 4254 dicit

429 4284 687 4341 Jcrctnias
715 4286 969 4355 propheta
1001 4304 1014 4338 :
1044 4286 1213 4351 State,
1237 4298 1285 4339 et
1314 4288 1499 4352 videte,
1520 4295 1568 4340 et
1593 4287 1906 4357 interrogate
1933 4288 2004 4343 de.

429 4377 622 4430 semitis
662 4377 909 4440 antiquis,
942 4393 1056 4446 qua:
1089 4378 1156 4429 sit
1186 4378 1269 4429 via
1297 4376 1450 4442 bena,
1472 4385 1520 4430 et
1547 4377 1809 4431 ambulate
1837 4379 1889 4431 in
1912 4394 1994 4443 ea,

2094 3205 2399 3251 creaturam
2432 3204 2488 3252 et
2515 3211 2620 3265 non
2664 3197 2831 3273 Deum
2860 3200 3115 3267 credere;
3144 3217 3302 3273 quem
3329 3202 3524 3258 Filium
3566 3203 3660 3260 Dei

2094 3285 2341 3341 altissimi
2385 3287 2655 3344 daemones
2682 3290 2907 3351 credunt
2950 3299 3004 3346 et
3050 3294 3503 3359 contremiscunt;
3545 3308 3661 3365 qum

2092 3376 2341 3447 impietas
2369 3375 2673 3435 Iudaeorum
2695 3396 2823 3436 ausa
2850 3390 2936 3436 est
2956 3396 3079 3437 eum
3110 3384 3288 3439 dicere
3326 3385 3381 3439 in
3423 3386 3661 3462 principe

2093 3467 2481 3524 daemoniorum
2512 3469 2733 3539 eiecisse
2755 3473 3037 3539 daemonia,
3068 3488 3226 3543 quem
3257 3475 3373 3545 ipsa
3402 3476 3661 3531 damonis

2092 3556 2333 3613 fatentur
2373 3560 2507 3615 nihil
2555 3576 2736 3617 secum
2780 3563 2995 3619 habere
3021 3579 3335 3630 commune;
3400 3581 3521 3637 qua:
3564 3567 3664 3622 hoc

2094 3645 2266 3715 ipsum
2294 3648 2435 3717 quod
2464 3657 2592 3705 tunc
2618 3666 2716 3719 per
2743 3652 3055 3708 dtemoniaci
3084 3654 3385 3712 clamavere
3406 3654 3663 3721 furorem,

2094 3738 2433 3805 postmodum
2461 3739 2514 3793 in
2541 3739 2777 3796 delubris
2818 3741 3081 3798 idolorum
3108 3744 3287 3800 dicere
3326 3753 3384 3801 et
3423 3745 3666 3801 conﬁteri

2096 3846 2200 3885 non
2228 3842 2530 3899 cessarunt,
2557 3832 2738 3889 Iesum
2763 3835 3011 3892 videlicet
3035 3851 3156 3893 esse
3179 3836 3450 3894 Christum
3471 3838 3664 3897 Filium

2095 3921 2190 3976 Dei
2216 3921 2482 3988 altissimi,
2516 3939 2615 3979 nec
2640 3939 2698 3980 se
2724 3925 2922 3995 aliquid
2950 3940 3072 3982 cum
3101 3927 3192 3984 illo
3217 3929 3369 3999 pacis
3394 3937 3488 3985 aut
3514 3940 3669 4000 pote-,

2095 4014 2247 4068 statis
2282 4015 2500 4069 habere.

2176 4100 2369 4157 Venisti
2413 4115 2532 4158 ante
2577 4116 2777 4176 tempus
2817 4116 3054 4179 torquere
3095 4126 3209 4164 nos.
3260 4108 3477 4166 Sciebat
3521 4112 3663 4167 enim

2096 4193 2336 4248 diabolus
2373 4201 2426 4249 et
2468 4195 2700 4251 ministri
2746 4197 2861 4266 ejus
2896 4206 3108 4253 certam
3146 4198 3248 4254 sibi
3286 4212 3409 4256 esse
3446 4200 3666 4255 damna-

2096 4280 2294 4335 tionem
2326 4282 2378 4335 in
2416 4282 2620 4351 judicio
2660 4278 2754 4339 Dei
2798 4276 3063 4353 futuram,
3084 4288 3170 4344 cui
3202 4301 3301 4356 per
3326 4287 3521 4344 Isaiam
3546 4304 3669 4360 pro-

2097 4370 2530 4439 phetam‘dicitur
2557 4391 2571 4426 :
2609 4371 2701 4427 γω
2719 4376 2809 4444 qui
2829 4377 3107 4445 prwdaris,
3133 4393 3302 4431 nonne
3327 4389 3377 4432 et
3404 4380 3515 4449 ipse
3535 4394 3669 4450 prte-

430 4480 477 4521 et
522 4468 785 4521 invenietis
820 4469 1042 4537 requiem
1071 4468 1344 4521 animabus
1374 4470 1553 4522 vestris
1607 4469 1739 4540 (Jer.
1783 4470 1878 4541 νι).
1938 4471 1994 4525 In

2100 4458 2305 4513 daberis
2321 4461 2403 4514 ?et
2414 4464 2503 4531 qui
2512 4465 2729 4531 spernis,
2747 4472 2914 4520 nonne
2926 4476 2972 4519 et
2983 4466 3093 4537 ipse
3105 4468 3360 4538 sperneris
3376 4468 3403 4522 .’
3413 4436 3667 4524 eamcon-

432 4560 532 4611 hac
564 4559 677 4621 via,
736 4557 788 4611 id
815 4566 895 4611 est
926 4556 978 4610 in
1007 4558 1119 4627 ipsa
1175 4556 1276 4611 ﬁde
1309 4556 1602 4612 Salvatoris
1641 4556 1769 4613 Jesu
1799 4559 1999 4614 Christi

432 4647 642 4699 Domini
673 4647 859 4711 nostri,
890 4646 1102 4717 quando
1129 4646 1305 4700 adhuc
1334 4656 1451 4702 erat
1501 4648 1825 4715 incredulus,
1854 4659 2001 4706 uter-

432 4750 535 4805 que
557 4737 803 4806 populus,
833 4737 1045 4791 diabolo
1070 4738 1121 4790 in
1168 4752 1223 4791 sc
1272 4736 1512 4805 furente,
1543 4748 1686 4794 recte
1712 4742 2000 4810 gradienti-

436 4827 555 4889 bus,
586 4825 637 4878 id
668 4841 752 4884 en
772 4834 919 4891 recte
948 4827 1310 4892 credentibus,
1333 4837 1493 4897 atque
1519 4830 1759 4883 eamdem
1792 4830 2000 4887 Domini

437 4915 592 4967 ﬁdem
638 4917 780 4983 pned
833 4925 1078 4979 antibus,
1110 4916 1471 4981 obsistebant,
1503 4919 1629 4973 dum
1661 4936 1759 4975 nec
1789 4923 1886 4989 ipsi
1912 4923 2003 4976 de-

437 5006 684 5060 clinando
711 5022 739 5058 a
765 5000 928 5068 malo,
965 5007 1105 5073 viam
1138 5022 1296 5059 mam.
1318 5023 1511 5061 uOl‘Ul’ll
1559 5009 1653 5063 Dei
1678 5050 1691 5071 ,
1735 5011 2003 5067 credendo

394 5100 397 5101 ⁷
437 5104 598 5163 atque
630 5098 831 5147 recltmi
879 5112 1011 5164 opus
1047 5096 1308 5160 faciendo,
1339 5110 1555 5150 currere
1580 5098 1921 5161 festinabant,
1954 5111 2007 5154 et

436 5204 529 5241 eos
557 5186 645 5255 qui
686 5201 901 5239 currere
934 5187 1236 5241 nitebantur
1267 5187 1387 5241 ﬁdei
1437 5188 1576 5240 viam
1610 5191 1871 5244 acerrime
1909 5192 2005 5245 im-

438 5279 767 5345 pugnabant.

511 5366 575 5419 Et
599 5368 1012 5421 exclamaverunt
1040 5368 1260 5421 dicentes
1282 5386 1300 5419 .'
1334 5368 1471 5433 Quid
1502 5369 1647 5422 nobis
1666 5379 1712 5421 et
1742 5372 1853 5432 tibi,
1876 5370 2002 5423 Jesu

444 5456 550 5509 Fili
595 5457 727 5509 Dei?
776 5456 889 5510 Non
922 5456 1209 5510 voluntatis
1258 5458 1353 5509 ista
1399 5456 1666 5511 confessio
1694 5466 1808 5519 est,
1842 5454 2002 5525 quam

442 5548 715 5616 prmniium
762 5545 1494 5615 non‘sequiturconfitentis,
1529 5548 1619 5600 sed
1670 5548 2005 5601 necessitatis

441 5641 697 5703 extorsio,
731 5655 847 5707 qua:
893 5641 1031 5708 cogit
1079 5638 1289 5690 invitos.
1324 5635 1475 5690 Velut
1518 5640 1562 5691 st
1613 5640 1748 5692 servi
1798 5637 2004 5707 lugitixi

2055 4550 2059 4556 ’
2100 4552 2437 4603 summaaeris
2453 4551 2885 4621 depra'datiouem
2902 4556 3281 4624 deprwdaberis
3296 4556 3428 4627 (Isa.
3443 4561 3664 4629 xum);

2101 4638 2195 4692 sed
2219 4638 2671 4707 dispensationem
2702 4641 2866 4697 divini
2892 4645 3121 4709 consilii,
3150 4661 3269 4715 qua:
3297 4647 3668 4704 incarnatione

2101 4728 2300 4787 Christi
2341 4733 2495 4788 nobis
2527 4734 2917 4791 manifestanda
2951 4746 3096 4803 erat,
3142 4740 3279 4793 scire
3324 4756 3431 4795 non
3460 4743 3665 4811 potuit;

2102 4820 2227 4888 quia
2272 4822 2586 4891 sapientiam
2629 4825 2755 4891 Dei,
2799 4828 3092 4883 secundum
3135 4828 3477 4899 Apostolum,
3511 4849 3672 4889 nemo

2100 4909 2401 4993 principum
2441 4911 2598 4980 hujus
2626 4916 2805 4970 seculi
2834 4919 3101 4987 cognovit.
3143 4918 3201 4974 Si
3233 4924 3369 4975 enim
3398 4926 3671 4993 cognouis-

2100 4989 2230 5065 senl,
2260 5019 2522 5072 nunquam
2549 5004 2829 5061 Dominum
2854 5008 3033 5079 gloria:
3058 5012 3433 5081 cruciﬁxis‘sent
3466 5014 3518 5085 (1
3542 5012 3667 5069 Cor.

2103 5090 2183 5159 ιι).
2211 5090 2511 5148 Potentiam
2540 5108 2668 5165 ergo
2698 5106 2823 5152 tunc
2853 5099 3061 5155 Domini
3087 5104 3364 5171 adventus,
3386 5119 3548 5173 quam
3576 5108 3674 5160 mi-

2104 5181 2377 5245 rabantur,
2404 5184 2470 5238 ad
2511 5200 2663 5239 suam
2707 5188 3159 5255 pertimescebant
3201 5193 3676 5249 tendere-damna-

2107 5272 2321 5325 tionem.
2358 5272 2605 5343 ldeoque,
2637 5275 2781 5331 Luca
2819 5286 3123 5346 attestante,
3159 5281 3418 5350 rogabant
3445 5298 3568 5337 eum
3606 5300 3677 5339 ne

2109 5363 2393 5430 imperaret
2424 5366 2501 5418 eis
2527 5375 2583 5420 ut
2609 5366 2662 5419 in
2692 5366 2938 5437 abyssum
2965 5369 3121 5423 irent.

2179 5452 2307 5505 Erat
2338 5466 2507 5508 autent
2536 5473 2636 5509 non
2664 5456 2811 5527 longe
2839 5459 2900 5511 ab
2931 5459 3002 5513 eis
3026 5477 3151 5529 grea:
3176 5477 3450 5529 porcorum
3477 5461 3675 5512 multo-

2110 5562 2223 5597 rum
2250 5561 2483 5615 pascens,
2510 5548 2765 5601 dremones
2792 5558 2962 5602 autem
2988 5550 3233 5619 rogabant
3261 5564 3384 5613 eum,
3403 5547 3631 5602 dicentes
3657 5560 3675 5598 :

2113 5636 2168 5688 Si
2199 5639 2340 5703 ejieis
2368 5656 2483 5699 nos,
2520 5640 2661 5692 mitte
2700 5656 2792 5693 nos
2833 5642 2885 5693 in
2927 5656 3125 5709 gregem
3161 5656 3452 5708 portormr.
3486 5638 3673 5709 (ειυς.)
