3938 6306
151 253 260 306 36‘.)

1101 243 1449 300 COMMENT.
1493 241 1559 299 1N
1600 239 2029 297 MATTII/EUM.
2068 269 2134 278 -—
2172 238 2296 292 l.lll.
2337 238 2419 292 111.

3281 246 3383 297 8το

149 364 298 432 lirgo
342 360 614 414 sciendum
658 365 738 411 cst
773 355 910 424 quod
944 353 1100 407 verba
1144 355 1440 408 dsemonum
1487 366 1606 421 qua:
1637 353 1719 404 'di-
1749 354 1797 412 Λ
1826 346 2168 401 nihilominus
2198 361 2254 400 se
2294 346 2497 412 putavit
2525 347 2802 414 praiseiztia
2833 349 3061 414 gravari.
3096 349 3233 412 Quid
3263 354 3386 404 mihi

147 469 310 507 verse
335 453 401 505 ah
426 449 760 517 evangelistis
788 448 887 501 hoc
911 448 960 500 in
990 446 1105 500 loco
1134 447 1272 500 dicta
1300 453 1451 508 sunt,
1484 458 1587 496 non
1619 443 1716 495 ha-

147 545 278 598 bent
308 538 503 608 aliquid
545 537 808 605 scrupuli,
841 551 958 590 cum
989 534 1071 587 vel
1107 534 1172 586 ad
1207 549 1362 586 unam
1397 532 1601 600 possint
1630 543 1715 582 re-

143 613 256 700 digi
281 627 621 690 sententiam,
647 626 728 679 vel
751 626 926 679 omnia
949 625 1089 677 dicta
1115 623 1318 693 possint
1345 621 1583 689 intelligi.
1609 618 1717 672 Nec

143 721 276 789 quia
324 717 599 788 pluraliter
641 716 777 784 apud
828 715 1147 776 Matthmum,
1193 714 1331 782 apud
1377 713 1493 766 illos
1537 720 1712 765 autem

143 809 495 880 singulariter
522 807 771 877 loquitur,
819 820 938 858 cum
978 813 1033 857 et
1069 804 1164 871 ipsi
1214 810 1434 855 narrant
1463 801 1598 870 quod
1636 802 1714 854 in-

142 908 449 971 terrogatus
478 900 563 968 qui
593 901 895 957 vocaretur,
942 894 1202 963 legionem
1243 907 1298 946 se
1338 906 1456 946 esse
1497 906 1713 959 respon-

143 992 248 1053 dit,
276 1006 341 1045 eo
384 990 521 1058 quod
563 987 726 1041 multa
755 993 932 1038 essent
957 982 1232 1037 dmmonia.
1265 982 1374 1036 Nec
1409 982 1547 1049 quod
1578 981 1712 1034 Mar—

142 1095 245 1134 cus
289 1079 422 1133 dixit
467 1079 609 1132 circa
659 1082 890 1128 montem
939 1072 1102 1127 fuisse
1145 1086 1357 1140 gregem
1404 1084 1708 1138 porcorum,

141 1170 321 1224 Lucas
360 1181 535 1224 autem
581 1167 633 1220 in
677 1172 885 1229 monte,
918 1163 1205 1232 quidquam
1253 1169 1551 1230 repugnat:
1583 1175 1710 1229 grex

138 1259 289 1313 enim
318 1272 601 1328 porcorum
641 1266 746 1308 tam
773 1268 993 1322 magnus
1015 1252 1132 1318 fuit,
1165 1261 1223 1306 ut
1252 1251 1412 1320 aliqui
1435 1253 1625 1303 essent
1657 1250 1709 1302 in

139 1359 351 1410 monte.
377 1348 460 1401 alii
488 1346 575 1415 qui
605 1345 747 1399 circa
775 1352 1027 1397 montem.
1055 1342 1220 1395 Erant
1250 1341 1390 1394 enim
1415 1339 1520 1393 duo
1546 1339 1707 1392 millia

134 1455 448 1511 porcorum,
477 1439 618 1492 sicut
640 1437 848 1490 Marcus
872 1435 1132 1502 expressit
1157 1433 1161 1435 “

212 1530 284 1584 Et
331 1529 402 1581 ait
443 1527 615 1592 Jesus,
663 1525 762 1578 Ite.
809 1523 1070 1595 (Hic-ron.)
1120 1523 1241 1576 [deo
1284 1521 1526 1590 permisit
1566 1521 1707 1588 quod

134 1620 396 1690 petebant
429 1617 775 1680 daemonibus,
817 1624 875 1668 ut
915 1629 1010 1683 per
1050 1611 1471 1667 interfectionem
1516 1625 1708 1680 porco-

1821 450 1869 493 el
1910 440 2034 501 tibi,
2089 437 2287 505 inquit,
2333 438 2409 489 rir
2450 436 2584 488 Dei?
2623 438 2879 504 ingressus
2916 455 2964 490 es
3005 440 3072 490 ad
3120 457 3195 490 me
3227 453 3278 492 ut
3311 460 3386 493 re—

1820 538 2230 581 memorarcntur
2285 528 2578 596 iniquitates
2631 544 2754 578 Hlt’tl?
2805 538 2849 579 ct
2904 531 3158 582 occideres
3218 531 3384 596 [illum

1819 633 1985 669 meum
2008 618 2030 668 ζ)
2053 615 2167 685 (III
2193 615 2316 685 Reg.
2345 617 2497 684 xm.)
2523 605 2739 684 Mystice
2769 626 2942 669 autem
2967 619 3104 684 quoi
3131 618 3384 671 (leraseni

1817 707 2077 776 prodeunt
2101 707 2282 761 videre
2314 709 2452 774 quod
2479 707 2677 759 factum
2707 717 2808 772 est,
2836 717 2889 760 et
2913 709 3188 762 inveniunt
3221 711 3386 764 humi.

1817 812 1936 850 nem
1966 797 2246 859 vestitum,
2291 807 2344 849 et
2385 805 2558 849 mente.
2599 812 2722 847 sana
2757 797 2944 850 sedere
2973 798 3036 851 ad
3068 798 3226 865 pedes
3261 799 3382 852 Jcsu

1819 885 1896 956 (ut
1927 886 2094 951 Lucas
2125 887 2292 956 dicit),
2323 896 2376 939 et
2407 897 2784 954 cognoscentes
2813 889 2937 955 quid
2984 889 3178 940 factum
3210 890 3277 941 sit
3307 906 3385 942 ro-

1817 986 1940 1044 gant
1963 975 2141 1030 Jcsum
2191 986 2248 1028 ut
2276 976 2342 1027 ah
2371 977 2448 1028 eis
2478 976 2772 1028 discederet
2818 993 3008 1045 magno
3038 979 3228 1031 timore
3272 995 3385 1048 pcr-

1817 1065 1968 1128 culsi,
1998 1064 2261 1131 signiﬁcat
2305 1065 2697 1117 multitudinem
2734 1075 2993 1118 vetustam
3039 1083 3130 1120 sua
3164 1068 3271 1120 vita
3298 1070 3362 1121 de

1817 1153 2061 1206 lectatam
2088 1154 2350 1205 honorare
2374 1155 2715 1222 quidem,scd
2739 1155 2876 1207 nolle
2897 1157 3005 1222 pati
3023 1139 3384 1210 Christianam

1816 1239 1983 1309 legem
2004 1279 2018 1302 ,
2048 1241 2171 1292 dum
2213 1241 2395 1294 dicunt
2423 1243 2561 1309 quod
2600 1258 2716 1295 eam
2748 1243 2969 1310 implere
3000 1259 3100 1296 non
3140 1254 3380 1312 possunt,

1815 1326 2143 1380 admirantes
2188 1337 2361 1381 tamen
2410 1327 2615 1381 ﬁdelem
2660 1330 2906 1399 populum
2944 1346 2971 1381 a
3019 1331 3238 1398 pristina
3271 1346 3382 1398 per-

1815 1416 1922 1469 dita
1952 1417 2357 1471 conversatione
2387 1428 2650 1471 sanatum.

2418 1548 2640 1602 CAPUT
2679 1549 2766 1603 lX.

1816 1639 1984 1695 Sanat
2009 1639 2162 1710 Iesus
2191 1640 2555 1710 paralytirum,
2596 1641 2863 1693 mulierem
2901 1659 2930 1694 a
2968 1645 3216 1710 profluvio
3257 1661 3379 1697 san-

137 1727 260 1765 ι-υηι
318 1710 620 1764 hominibus
678 1707 864 1761 salutis
909 1705 1119 1760 occasio
1171 1705 1516 1772 pratheretnr.
1568 1704 1706 1756 Eru-
1736 1701 1781 1759 B
1877 1708 2067 1782 guinis.
2106 1701 2263 1762 Vocat
2293 1701 2617 1771 Matt/mium,
2644 1711 2856 1764 suscitat
2885 1701 3380 1782 ﬁliam'arcltisyna-

108 1799 326 1854 "bescat
370 1798 688 1852 Manichazus
729 1813 742 1849 :
793 1797 835 1851 si
877 1796 941 1849 de
973 1784 1160 1849 eadem
1208 1796 1502 1849 substantia
1549 1803 1602 1847 ct
1642 1809 1707 1848 ex

132 1889 330 1946 eodem
358 1897 575 1943 auctore
599 1887 874 1940 hominum
902 1885 1298 1952 bestiarumque
1346 1893 1469 1937 sunt
1497 1885 1704 1946 animm,

135 1981 409 2050 quomodo
441 1979 511 2032 ob
537 1977 694 2031 unius
729 1975 959 2031 hominis
997 1974 1220 2029 salutem
1257 1975 1360 2028 duo
1396 1974 1558 2028 millia
1589 1990 1710 2044 por-

136 2085 329 2123 corum
367 2066 728 2122 snﬂ‘ocantur?
763 2063 972 2135 (Beda.)
1015 2063 1072 2117 ln
1107 2078 1331 2132 quorum
1370 2073 1545 2117 tamen
1578 2064 1710 2116 inte-

137 2157 251 2211 ritu
284 2155 575 2226 ﬁguraliter
618 2154 861 2209 homines
902 2153 1159 2206 immundi
1206 2154 1349 2206 vocis
1388 2162 1442 2207 ct
1487 2153 1708 2222 rationis

134 2255 392 2316 expertes
417 2245 741 2310 indicantur,
768 2244 880 2314 qui,
911 2244 964 2298 in
992 2250 1172 2298 monte
1194 2243 1457 2311 superbiae
1485 2256 1708 2310 pascen-

137 2347 243 2401 tes,
277 2335 550 2390 lutulentis
578 2334 912 2390 obiectantur:
949 2335 1002 2388 in
1036 2333 1265 2395 actibus.
1306 2332 1522 2387 Talibus
1560 2333 1705 2394 enim

133 2441 234 2496 per
257 2425 431 2480 cultus
451 2425 710 2480 idolorum
737 2432 960 2495 possunt
980 2424 1239 2486 daemonia
1263 2424 1543 2479 dominari.
1574 2423 1705 2480 Nam

135 2518 243 2572 nisi
274 2517 393 2586 quis
418 2515 568 2585 porci
612 2529 761 2569 more
804 2513 1033 2579 vixerit,
1080 2529 1187 2568 non
1234 2514 1286 2568 in
1315 2528 1437 2568 eum
1467 2512 1706 2569 diabolus

133 2609 369 2678 accipiet
395 2615 735 2676 potestatem,
767 2614 858 2659 aut
887 2605 951 2673 ad
976 2603 1305 2674 probandum
1343 2610 1569 2666 tantum,
1597 2617 1723 2656 non»

130 2707 317 2753 autem
349 2694 415 2750 ad
439 2695 767 2764 perdendum
793 2693 1037 2763 accipiet.

210 2785 279 2838 Et
305 2784 384 2838 illi
422 2793 663 2838 exeuntes
697 2785 932 2838 abierunt
969 2783 1022 2836 in
1057 2787 1258 2852 porcos,
1294 2792 1341 2836 et
1378 2798 1491 2836 ecce
1519 2797 1704 2852 magno

131 2879 330 2947 impetu
359 2877 483 2930 abiit
513 2885 648 2928 totus
673 2891 797 2945 grex
817 2891 909 2943 per
934 2890 1158 2944 prreceps
1191 2873 1246 2926 in
1275 2889 1417 2926 mare
1440 2881 1486 2926 et
1515 2871 1706 2925 mortui

131 2979 256 3023 sunt
284 2970 342 3022 in
371 2966 536 3038 aquis.
563 2965 742 3037 (Aug.)
773 2965 922 3032 Quod
949 2973 1127 3020 autem
1159 2965 1210 3018 in
1241 2971 1488 3034 stagnum
1517 2962 1705 3031 praeci-

1882 1779 2000 1848 gogi
2015 1819 2030 1843 ,
2062 1787 2164 1832 etc.

1884 1884 1972 1957 [1.]
2015 1885 2083 1938 Et
2111 1886 2393 1939 ascendens
2424 1886 2715 1940 naviculam
2754 1889 3140 1958 transfretavit,
3170 1899 3216 1944 et
3249 1894 3380 1944 venit

1807 1977 1864 2029 in
1904 1977 2161 2029 civitatem
2201 1993 2387 2029 suarm
2417 1975 2601 2030 Oritur
2644 1978 2807 2048 igitur
2852 1978 2941 2032 hic
2983 1981 3203 2047 qumstio
3245 1980 3383 2034 inter

1811 2064 2048 2119 Marcum
2075 2074 2129 2118 et
2152 2064 2478 2130 Matthzeum,
2503 2068 2770 2134 quomodo
2795 2066 3074 2121 Mattheus
3099 2069 3172 2122 ita
3197 2069 3386 2123 scribit

1812 2161 2062 2222 tanquam
2111 2153 2164 2206 in
2201 2153 2417 2208 civitate
2466 2154 2675 2210 Domini
2707 2155 2904 2210 factum
2935 2157 3038 2223 sit,
3069 2173 3230 2226 quam
3277 2158 3378 2213 Na-

1811 2245 1997 2298 zareth
2023 2260 2141 2299 esse
2166 2245 2382 2313 quidam
2405 2245 2610 2311 volunt,
2634 2246 2845 2301 Marcus
2866 2257 3040 2301 autem
3070 2249 3123 2301 in
3148 2247 3381 2318 Caphar-

1810 2350 1991 2389 naum.
2030 2334 2157 2401 Quae
2187 2333 2452 2390 diﬁicilius
2481 2336 2798 2402 solveretur,
2835 2337 2879 2391 si
2916 2337 3194 2395 Matthaeus
3219 2338 3384 2392 etiam
3434 2391 3439 2395 .

1810 2424 2077 2481 Nazareth
2115 2426 2462 2481 nominasset.
2498 2427 2648 2482 Nunc
2673 2443 2799 2482 vero
2832 2443 2952 2483 cum
2991 2431 3226 2499 potuerit
3268 2430 3381 2498 ipsa

1809 2517 2027 2574 Galilaza
2061 2520 2165 2573 dici
2198 2519 2388 2573 civitas
2409 2519 2629 2586 Christi,
2657 2521 2780 2589 quia
2809 2521 2862 2574 in
2891 2520 3107 2575 Galilaaa
3134 2529 3253 2575 erat
3280 2519 3382 2575 Na-

1809 2610 2018 2674 zareth,
2061 2608 2199 2663 sicut
2239 2610 2550 2663 universum
2590 2625 2813 2680 regnum
2858 2611 2912 2664 in
2954 2618 3034 2667 tot
3076 2609 3382 2665 civitatibus

1807 2702 2157 2757 constitutum
2195 2700 2389 2756 dicitur
2416 2701 2659 2756 Romana
2689 2703 2877 2756 civitas
2910 2721 2922 2755 :
2957 2704 3184 2770 cu’mque
3220 2702 3272 2755 in
3304 2709 3383 2755 tot

1806 2789 2054 2860 gentibus
2092 2789 2380 2844 constituta
2407 2790 2478 2844 sit
2511 2790 2706 2845 civitas
2733 2791 2800 2845 de
2828 2805 2931 2859 qua
2960 2791 3216 2859 scriptum
3250 2798 3331 2845 est
3364 2808 3376 2842 :

1808 2877 2193 2934 Gloriosissima
2206 2879 2343 2933 dicta
2356 2889 2475 2933 sunt
2489 2881 2553 2932 de
2567 2889 2634 2943 te,
2649 2880 2829 2940 civitas
2840 2880 2938 2933 Dei
2953 2877 3120 2951 (Psal.
3138 2879 3380 2951 Lxxxvt);

1807 2975 2004 3023 etcum
2033 2969 2144 3037 ipse
2171 2969 2316 3038 prior
2341 2969 2568 3038 populus
2593 2970 2684 3024 Dei
2715 2970 2767 3023 in
2798 2977 2874 3026 tot
2898 2969 3202 3025 civitatibus
3225 2971 3378 3024 habi-

132 3058 294 3128 pitati
323 3032 447 3112 sunt
471 3032 638 3125 porci,
671 3032 941 3123 significat
965 3051 1108 3122 quod
1148 3051 1259 3120 jam
1289 3032 1577 3106 clariﬁcata
1607 3051 1707 3105 Ec—
1732 3032 1776 3093 Ο
1812 3067 1946 3121 tans,
1981 3032 2141 3113 etiam
2168 3032 2272 3114 una
2305 3032 2496 3115 donius
2517 3059 2694 3114 dictus
2721 3061 2794 3116 sit
2826 3060 3011 3116 domus
3043 3060 3229 3127 Israel,
3260 3061 3382 3130 quis

133 3147 338 3211 clesia,
384 3154 439 3201 et
487 3145 712 3200 liberato
756 3143 950 3217 populo
984 3142 1219 3212 gentium
1270 3157 1302 3194 a
1345 3141 1706 3205 dominatione

132 3229 546 3300 da-moniorum,
576 3237 627 3288 in
655 3233 848 3288 abditis
878 3240 1042 3302 agunt
1081 3231 1369 3302 sacrilegos
1398 3232 1530 3285 ritus
1555 3246 1701 3294 suos,

135 3327 230 3398 qui
261 3325 476 3380 Christo
517 3324 739 3379 credere
784 3322 1099 3385 noluerunt,
1147 3336 1286 3375 cmca
1337 3329 1393 3375 et
1443 3319 1704 3389 profunda

134 3416 451 3473 curiositate
500 3413 784 3469 submersi.
839 3412 905 3467 Et
959 3412 1248 3467 notandum
1297 3411 1436 3479 quod
1487 3410 1705 3478 spiritus

139 3507 404 3562 immundi
433 3521 532 3560 nec
557 3505 609 3558 in
635 3518 826 3574 porcos
857 3503 1013 3566 irent,
1047 3502 1149 3556 nisi
1184 3503 1285 3556 hoc
1317 3501 1419 3554 illis
1443 3501 1705 3570 benignus

135 3601 256 3670 ipse
301 3597 547 3672 Salvator
597 3594 928 3664 petentibus,
978 3608 1114 3662 quos
1158 3600 1305 3648 recte
1348 3593 1401 3646 in
1453 3592 1705 3662 abyssum

132 3695 317 3756 posset
360 3685 624 3754 relegare,
666 3682 980 3736 concederet
1015 3699 1028 3735 :
1070 3695 1182 3735 rem
1213 3681 1576 3741 necessariam.
1606 3682 1702 3736 do‘

139 3792 266 3834 cere
291 3792 387 3831 nos
412 3775 614 3838 volens,
647 3783 705 3827 ut
733 3772 938 3827 scilicet
965 3772 1270 3843 noverimus
1295 3785 1388 3829 eos
1414 3769 1582 3824 multo
1609 3771 1706 3824 mi-

137 3883 243 3922 nus
266 3881 424 3937 posse
462 3879 557 3919 sua
601 3870 863 3932 potestate
890 3875 1085 3936 nocere
1113 3861 1437 3936 hominibus,
1468 3861 1560 3929 qui
1605 3874 1703 3914 nec

135 3957 422 4027 pecm'ibus
471 3953 925 4023 qualibuscunque
966 3958 1272 4019 potuerunt.
1320 3949 1470 4004 Hanc
1524 3957 1704 4005 autem

135 4054 458 4117 potestatem
492 4045 630 4098 Deus
656 4043 826 4096 bonus
853 4042 1060 4095 occulta
1081 4038 1288 4119 iustitia
1314 4041 1367 4094 in
1397 4040 1550 4095 nobis
1574 4039 1703 4094 dare

134 4145 337 4207 potest,
367 4133 558 4201 iniusta
583 4148 685 4187 non
712 4138 904 4202 potest.
994 4119 1060 4200 o'
1149 4189 1158 4198 _

211 4225 457 4278 Pastores
487 4232 657 4276 autem
693 4221 962 4291 fugerunt,
989 4223 1042 4273 et
1075 4221 1326 4274 venientes
1354 4220 1423 4273 in.
1446 4220 1701 4274 civitatem

137 4315 504 4369 nuntiaverunt
533 4311 727 4375 omnia,
751 4320 799 4364 et
823 4311 884 4364 de
903 4310 982 4364 his
1001 4309 1090 4380 qui
1111 4309 1364 4363 dazmonia
1387 4310 1698 4364 habuerunt.

135 4403 292 4472 Quod
321 4409 563 4472 pastores
588 4415 871 4469 porcorum
899 4400 1160 4469 fugientes
1183 4400 1284 4455 ista
1311 4400 1590 4465 nuntiant,
1623 4401 1700 4455 si-

139 4491 363 4561 gniﬁcat
411 4489 665 4556 quosdam
719 4488 879 4544 etiam
929 4489 1184 4557 primates
1235 4489 1557 4557 impiorum,
1610 4491 1700 4558 qui

137 4597 446 4655 quanquam
473 4580 828 4635 Christianam
856 4580 1024 4648 legem
1055 4579 1271 4650 fugiant,
1307 4582 1596 4650 potentiam
1629 4589 1704 4636 ta-

140 4687 263 4728 men
291 4671 408 4740 eius
430 4683 526 4739 per
551 4675 734 4738 gentes
769 4669 1028 4737 stupenda
1053 4677 1106 4722 et
1135 4669 1376 4724 mirando
1407 4670 1700 4739 praedicare

140 4780 248 4820 non
279 4769 508 4818 cessant.
541 4760 607 4814 Et
636 4774 748 4814 ecce
773 4768 879 4813 tota
907 4759 1083 4812 civitas
1101 4759 1225 4812 exiit
1254 4759 1450 4813 obviam
1478 4759 1626 4824 Iesu,
1651 4770 1698 4814 et

141 4857 247 4910 viso
266 4871 327 4908 eo
347 4852 594 4923 rogabant
617 4860 673 4903 ut
694 4852 935 4904 transiret
958 4867 989 4903 α
1007 4849 1195 4918 ﬁnibus
1215 4866 1410 4903 eorum.
1434 4849 1507 4918 (11
1514 4849 1701 4919 ieron.)

140 4945 246 5012 Qui
271 4949 462 5013 rogant
487 4949 547 4994 ut
575 4948 812 4994 transeat
836 4939 969 4993 ﬁnes
995 4953 1198 5001 eorum,
1226 4955 1333 4993 non
1359 4939 1425 4993 de
1457 4939 1703 5009 superbia

140 5044 246 5095 hoc.
276 5037 495 5098 faciunt,
530 5043 590 5089 ut
621 5034 856 5090 nonnulli
892 5035 1243 5099 arbitrantur,
1274 5036 1366 5089 sed
1392 5035 1457 5089 de
1483 5035 1700 5088 humili-

142 5140 276 5194 tate,
305 5126 505 5183 conscii
543 5124 845 5192 fragilitatis
871 5139 998 5179 sum.
1041 5123 1296 5180 Geraseni
1335 5126 1614 5193 prmseutia
1645 5140 1703 5180 se

142 5218 352 5274 Domini
393 5215 701 5286 judicabant
739 5214 998 5283 indignos,
1046 5228 1148 5268 non
1179 5214 1448 5284 capientes
1478 5215 1700 5268 verbum

144 5309 260 5372 Dei,
291 5322 391 5362 nec
418 5303 626 5360 inﬁrma
656 5304 828 5357 adhuc
851 5311 1028 5356 mente
1063 5303 1270 5371 pondus
1306 5304 1576 5373 sapientiae
1613 5320 1700 5358 su-

144 5404 343 5458 stinere
370 5397 626 5450 valentes.
671 5392 819 5460 Quod
860 5401 912 5448 ct
953 5394 1111 5448 Petro
1156 5395 1274 5464 ipsi,
1323 5396 1436 5449 viso
1475 5395 1700 5465 piscium

145 5487 422 5550 miraculo,
453 5485 738 5550 contigisse
763 5483 956 5537 dicitur
979 5483 1125 5554 (Luc.
1160 5484 1232 5554 v).
1261 5483 1326 5536 Et
1352 5485 1507 5537 vidua
1539 5483 1699 5539 Sare-

145 5581 341 5647 pthana
369 5569 511 5626 beati
539 5567 681 5629 Elite,
715 5565 864 5634 cujus
889 5585 945 5625 se.
971 5573 1137 5626 sensit
1169 5573 1403 5643 hospitio
1436 5574 1696 5641 benedici,

1809 3149 2132 3204 dubitaverit
2159 3149 2213 3203 in
2243 3151 2460 3204 civitate
2505 3166 2602 3204 sua
2646 3151 2748 3207 hoc
2792 3149 2984 3206 fecisse
3023 3149 3227 3234 Iesum,
3257 3168 3379 3207 cum

1807 3239 1910 3293 hoc
1931 3237 2144 3308 Efecerit
2189 3239 2245 3293 in
2288 3238 2663 3308 Capharnaum
2705 3240 2921 3295 civitate
2963 3239 3218 3306 Galilaaae,
3271 3257 3377 3310 quo

1775 3329 2170 3392 transfretando
2212 3329 2443 3384 redierat
2490 3330 2557 3383 de
2599 3330 2814 3400 regione
2847 3329 3273 3405 Gerasenorum,
3319 3339 3378 3384 ut

1805 3419 2026 3472 veniens
2050 3419 2102 3472 in
2131 3407 2404 3472 Galilaeam
2423 3457 2445 3482 ,
2468 3427 2615 3473 recte
2637 3419 2905 3474 diceretur
2926 3421 3135 3476 venisse
3160 3422 3214 3474 in
3244 3420 3374 3476 civi-
3413 3473 3426 3479 -

1805 3515 1969 3563 tatem
2015 3523 2188 3574 suam,
2241 3508 2295 3560 in
2337 3523 2655 3578 quocunque
2697 3510 2891 3578 oppido
2931 3520 3079 3565 esset
3123 3510 3373 3575 Galilteze,

1803 3597 2099 3665 praesertim
2132 3597 2253 3666 quia
2280 3606 2334 3652 et
2357 3599 2472 3668 ipsa
2497 3596 2873 3666 Capharnaum
2901 3599 2971 3656 ita
2995 3600 3302 3655 excellebat.
3318 3601 3372 3654 in

1804 3687 2040 3751 Galiltca,
2071 3695 2130 3740 ut
2158 3696 2408 3756 tanquam
2448 3688 2755 3756 metropolis
2785 3688 3094 3744 haberetur.
3206 3684 3208 3687 ’

1876 3775 1945 3829 Et
1973 3793 2088 3830 ecce
2110 3770 2405 3830 obtulerunt
2426 3777 2472 3830 ei
2495 3777 2840 3847 paralyticum
2858 3778 3120 3847 jacentem
3143 3781 3197 3834 in
3218 3777 3389 3838 lecto.

1805 3866 2018 3938 (Βεάα.)
2047 3867 2264 3922 Curatio
2288 3867 2568 3939 paralytiei
2599 3869 2759 3936 hujus
2783 3870 2975 3925 animm
3006 3880 3128 3940 post
3160 3872 3368 3927 diutur-
3401 3858 3403 3860 ’

1802 3975 1928 4014 nam
1975 3959 2238 4014 illecebras
2266 3959 2496 4014 carnalis
2524 3960 2773 4014 inertiam
2808 3961 2874 4015 ad
2899 3960 3170 4016 Christum
3197 3966 3370 4034 suspi-

1803 4051 1993 4114 rantis,
2021 4049 2371 4104 salvationem
2401 4049 2621 4103 indicat.
2653 4049 2781 4116 Quae
2810 4051 2982 4120 primo
3004 4052 3242 4106 omnium
3270 4054 3371 4106 mi-

1803 4140 1986 4193 nistris
2019 4139 2106 4208 qui
2146 4154 2262 4192 eam
2302 4139 2580 4194 sublevcnt
2606 4148 2660 4195 et
2683 4139 2898 4195 Christo
2922 4140 3180 4208 aﬂ'erant,
3212 4143 3263 4196 id
3287 4153 3372 4198 est

1802 4227 1957 4282 bonis
1982 4227 2304 4290 doctoribus,
2333 4227 2424 4296 qui
2473 4242 2621 4296 spem
2668 4229 2960 4284 sanationis
2997 4244 3257 4299 opemque
3286 4232 3369 4286 in-

1805 4318 2145 4372 tercessionis
2191 4325 2507 4388 suggerant,
2555 4317 2770 4387 indiget.
2822 4317 2922 4385 Qui
2975 4319 3141 4384 bene,
3189 4317 3368 4375 Marco

1806 4418 2075 4472 narrante,
2119 4418 2348 4478 quatuor
2364 4407 2542 4462 \fuisse
2566 4409 2921 4478 reperiuntur,
2953 4411 3064 4464 sive
3087 4410 3208 4480 quia
3236 4427 3367 4481 qua—

1807 4507 1928 4554 tuor
1951 4499 2252 4568 Evangeliis
2275 4498 2450 4552 omnis
2488 4498 2888 4566 praedicandum
2918 4499 3087 4554 virtus
3111 4507 3166 4556 et
3191 4502 3366 4557 omnis

1805 4602 1983 4643 sermo
2017 4586 2274 4648 ﬁrmatur,
2303 4587 2415 4640 sive
2441 4587 2566 4654 quia
2595 4593 2825 4654 quatuor
2849 4594 2972 4640 sunt
2999 4587 3223 4642 virtutes
3249 4589 3366 4656 qui-

1805 4677 1905 4732 bus
1931 4676 1996 4729 ad
2023 4675 2392 4730 remcrcndam
2423 4676 2729 4744 sospitatem
2772 4675 2961 4730 ﬁducia
2992 4678 3184 4732 mentis
3208 4679 3366 4747 erigi—

1807 4777 1912 4822 tur.
1959 4766 2034 4827 De
2071 4768 2265 4836 quibus
2296 4767 2347 4819 in
2378 4765 2904 4836 mternanSapientia:
2939 4767 3094 4822 laude
3121 4769 3315 4829 dicitur
3347 4812 3360 4825 .

1809 4854 2145 4910 Sobrietatcm
2176 4855 2311 4907 enim
2340 4864 2386 4908 et
2410 4855 2715 4924 sapientiam
2745 4855 2911 4920 docet,
2938 4865 2986 4910 et
3004 4857 3286 4926 justitiam,
3315 4869 3362 4911 ct

1804 4948 2072 5008 virtutem,
2112 4944 2294 5014 quibus
2335 4943 2513 4997 utilius
2555 4943 2685 4997 nihil
2717 4953 2812 5019 est‘
2836 4945 2892 4997 in
2927 4945 3033 4996 vita
3073 4945 3361 4999 hominibus

1806 5032 2122 5105 (Sap.vm);
2153 5048 2286 5098 quas
2315 5025 2568 5094 nonnulli,
2599 5033 2767 5086 versis
2791 5032 3115 5097 nominibus,
3141 5034 3362 5103 pruden-

1806 5126 1957 5190 tiam,
1988 5124 2371 5187 fortitudinem,
2403 5122 2803 5191 temperantiam
2826 5131 2878 5178 et
2897 5121 3160 5195 justitiam
3187 5123 3361 5192 appel-

1802 5216 1928 5270 lant.

1875 5308 1940 5361 Et
1991 5307 2160 5360 ridens
2201 5306 2354 5360 Jesus
2400 5306 2552 5373 ﬁdem
2596 5306 2826 5370 illorum,
2866 5306 2998 5359 diait
3036 5305 3353 5375 paralytico.

1773 5383 2038 5464 .Conﬁde,
2078 5397 2176 5463 ﬁli,
2212 5398 2539 5461 remittuntur
2573 5396 2664 5448 tibi
2703 5404 2911 5460 peccata
2951 5403 3062 5448 tua.
3095 5392 3359 5462 (Ηὶρνοη.)

1802 5483 1846 5540 Ο
1873 5491 2006 5538 mira
2044 5483 2345 5537 humilitas!
2389 5481 2735 5551 Despectam,
2763 5491 2819 5536 et
2845 5481 3098 5543 debilem,
3131 5481 3363 5548 totisque

1804 5577 1962 5630 mch
1986 5589 2164 5626 rorum
2201 5572 2543 5642 compagibus
2585 5572 2926 5634 dissolutum,
2976 5569 3142 5624 ﬁlium
3183 5580 3357 5631 vocat,
