3938 6342
528 296 623 360 871

1170 288 1231 343 Β.
1272 285 1534 362 RABANl
1564 285 1779 342 MAURI
1821 284 2134 339 ARCHIEP.
2177 282 2484 340 MOGUNT.
2523 281 2806 339 OPERUM
2839 279 3015 334 PARS
3055 280 3094 332 l.

3660 284 3763 340 δτι
3863 82 3891 348 l

3660 284 3763 340 δτι

520 391 678 474 quem
725 403 1030 460 sacerdotes
1085 417 1188 454 non
1239 390 1599 470 dignabantur
1649 400 1930 467 attingere.
1989 400 2088 451 Aut
2116 406 2164 460 Α
2193 399 2414 452 dimissa
2449 397 2596 450 solus
2629 400 2852 448 noverat
2883 394 2975 460 qui
3012 394 3329 447 dimittebat.
3378 393 3549 461 Surge
3586 404 3763 449 autem

519 506 664 551 certe
695 495 814 549 ideo
843 493 1005 546 filium
1035 501 1222 556 vocat,
1263 493 1387 561 quia
1423 492 1764 544 dimittuntur
1790 490 1836 542 ei
1867 499 2086 558 peccata

517 606 633 642 sua.
665 587 846 660 (Aug.)
875 587 1024 652 Quod
1048 602 1175 656 ergo
1203 585 1484 638 Matth-acus
1507 584 1635 636 dicit
1659 581 1824 636 Deum
1848 583 2084 638 dixisse:

517 674 754 742 Con/ide,
785 676 883 744 ﬁli,
924 675 1256 728 remittuntur
1284 673 1374 724 tibi
1402 679 1610 740 peccata
1642 679 1757 734 tua,
1785 671 1954 725 Lucas
1983 689 2087 726 non

516 769 671 831 dixit,
699 767 795 835 ﬁli,
826 767 940 820 sed.
972 767 1140 825 homo,
1173 764 1240 816 ad
1267 761 1591 816 sententiam
1635 761 1847 814 Domini
1870 778 2091 831 expres-

521 872 633 913 3tus
664 858 1032 914 insinuandam
1065 854 1204 908 valet
1233 872 1244 906 :
1278 855 1404 922 quia
1440 852 1648 907 homini
1686 852 2092 908 dimittebantur

518 958 758 1021 peccata,
803 947 888 1014 qui
931 946 1032 998 hoc
1063 945 1177 1013 ipso
1205 943 1344 1011 quod
1379 947 1540 996 homo
1579 950 1730 1006 erat,
1763 958 1867 995 non
1913 951 2092 1010 posset

518 1042 697 1096 dicere
737 1037 850 1090 Non
886 1034 1136 1104 peccavi,
1168 1033 1324 1087 simul
1364 1033 1526 1087 etiam
1558 1041 1618 1085 ut
1651 1032 1738 1085 ille
1766 1032 1856 1099 qui
1887 1033 2087 1085 homini

517 1129 818 1184 dimittebat
842 1125 1227 1194 intelligeretur
1259 1125 1413 1176 Deus.
1445 1123 1548 1175 Sed
1578 1130 1632 1174 et
1654 1122 1697 1174 si
1725 1137 1884 1189 quem
1912 1131 2093 1174 movet

516 1231 696 1274 utrum
725 1218 983 1272 Dominus
1008 1216 1202 1270 dixerit
1226 1215 1365 1282 quod
1394 1212 1693 1276 Matthaus,
1723 1229 1789 1266 an
1819 1213 1959 1280 quod
1993 1212 2092 1265 Lu-

515 1326 630 1373 cas,
659 1309 822 1370 dixit,
860 1308 995 1362 sciat
1021 1313 1305 1372 utrumque
1333 1302 1483 1356 illum
1523 1301 1682 1356 simul
1709 1302 1885 1356 dicere
1915 1315 2087 1368 posse,

518 1409 632 1459 aut,
659 1397 879 1466 conﬁde,
907 1404 1081 1457 homo,
1104 1394 1439 1446 dimittuntur
1465 1393 1557 1445 tibi
1584 1402 1815 1461 peccata,
1838 1392 1948 1460 ﬁli;
1977 1402 2089 1455 aut,

516 1493 738 1560 conﬁde,
785 1489 885 1556 ﬁli,
927 1487 1262 1540 dimittuntur
1299 1487 1391 1538 tibi
1432 1495 1660 1552 peccata,
1687 1483 1859 1535 homo.
1907 1482 2088 1552 (Joan.

517 1579 810 1648 Chrysost.)
853 1575 1169 1630 Intuendum
1212 1589 1340 1629 sane
1367 1581 1626 1643 quantum
1667 1573 1881 1640 propria
1921 1571 2096 1639 cuius-

516 1685 619 1736 que
640 1669 770 1723 fides
791 1667 929 1737 apud
952 1667 1120 1720 Deum
1142 1666 1337 1728 valeat,
1361 1664 1448 1719 ubi
1481 1671 1685 1717 tantum
1708 1664 1875 1717 valuit
1895 1664 2086 1727 aliena,

2191 499 2238 541 et
2264 489 2494 550 ambula,
2527 497 2633 540 tam
2663 486 2707 538 is
2732 485 2820 551 qui
2853 483 3118 552 surgebat,
3146 500 3305 552 quam
3336 484 3513 554 bi.qui
3546 500 3764 554 surgen-

2193 591 2298 634 tem
2328 578 2597 639 videbant,
2635 574 2930 643 approbare
2959 582 3218 641 poterant.
3248 575 3333 627 Fit
3362 575 3526 644 igitur
3549 575 3764 628 carnale

2193 671 2399 737 signum
2450 675 2508 720 ut
2555 667 2810 735 probetur
2855 663 3125 732 spiritale,
3168 679 3475 734 quanquam
3525 666 3761 733 ejusdem

2193 760 2405 812 virtutis
2433 760 2503 812 sit
2527 769 2582 811 et
2616 756 2858 824 corporis
2896 764 2948 809 et
2981 755 3172 808 anima
3199 756 3325 808 vitia
3363 757 3652 810 dimittere.
3699 756 3761 811 Et

2192 852 2344 904 datur
2375 849 2530 903 nobis
2573 847 2919 916 intelligentia
2960 855 3176 914 propter
3217 855 3436 914 peccata
3483 847 3764 916 plerasque

2190 940 2407 994 evenire
2456 953 2738 1006 corporum
2791 935 3110 991 debilitates.
3167 933 3233 988 Et
3288 936 3489 990 idcirco
3539 936 3762 992 forsitan

2192 1031 2341 1099 prius
2364 1029 2705 1083 dimittuntur
2726 1034 2947 1095 peccata
2981 1033 3066 1087 ut,
3092 1025 3265 1080 causis
3293 1025 3585 1082 debilitatis
3621 1027 3763 1081 abla-

2195 1123 2281 1184 tis,
2311 1121 2511 1173 sanitas
2536 1117 2866 1172 restituatur.

2264 1212 2577 1279 distamus.)
2604 1205 2856 1272 Quadam
2876 1204 3138 1273 siquidem
3161 1213 3283 1258 sunt
3304 1203 3618 1258 differentia
3639 1222 3761 1260 can-

2193 1315 2396 1363 sarum,
2424 1315 2522 1368 pro
2551 1299 2744 1367 quibus
2769 1299 2821 1351 in
2849 1298 2952 1350 hac
2976 1297 3084 1349 vita
3113 1295 3372 1350 molestiis
3396 1298 3764 1364 corporalibus

2194 1389 2498 1459 affligimur.
2541 1389 2648 1441 Aut
2674 1388 2817 1442 enim
2853 1386 2918 1439 ad
2953 1385 3140 1438 merita
3171 1384 3409 1454 augenda
3438 1399 3534 1452 per
3561 1386 3763 1451 patien-

2196 1479 2325 1532 tiam
2366 1477 2498 1546 justi
2541 1475 2782 1543 corporis
2824 1473 3134 1527 infirmitate
3172 1483 3483 1542 gravantur,
3521 1482 3581 1525 ut
3625 1474 3759 1527 beati

2193 1567 2380 1619 Patres
2409 1565 2508 1618 Job
2533 1573 2588 1617 et
2620 1563 2834 1627 Tobias,
2864 1572 2918 1616 et
2950 1563 3214 1615 innumeri
3246 1572 3512 1631 martyres
3543 1562 3599 1614 in
3621 1571 3762 1616 utro-

2194 1673 2296 1726 que
2321 1658 2693 1721 Testamento;
2728 1665 2820 1709 aut
2865 1654 2932 1708 ad
2973 1654 3269 1709 custodiam
3298 1653 3555 1705 virtutum
3587 1668 3764 1722 perce-

515 1767 572 1813 ut
602 1768 748 1813 totus
781 1759 942 1812 homo
969 1764 1209 1825 repente,
1242 1756 1342 1810 hoc
1368 1764 1450 1809 est
1477 1743 1712 1809 exterius
1742 1741 2090 1823 interiusque,
2197 1759 2428 1818 ptarum,
2458 1764 2527 1803 ne
2557 1748 2808 1818 superbia
2836 1755 3072 1802 tentante
3096 1747 3400 1814 dispeream
3432 1763 3444 1798 :
3477 1744 3619 1799 sicut
3642 1761 3765 1815 apo.

512 1849 622 1919 jam
659 1850 894 1905 salvatus
924 1856 1254 1918 exsurgeret,
1283 1845 1617 1913 aliorumque
1647 1846 1839 1900 merito
1862 1845 1980 1900 aliis
2010 1862 2094 1900 re-

516 1940 829 1995 laxarentur
851 1947 1049 1992 errata.
1076 1937 1239 1990 Audit
1260 1936 1472 1990 veniam
1497 1943 1550 1989 et
1579 1943 1721 1990 tacet
1743 1935 2091 2006 paralyticus,

517 2046 616 2085 nec
661 2030 820 2082 ullam
856 2027 1145 2096 respondet
1187 2026 1414 2095 gratiam
1455 2043 1468 2077 :
1516 2026 1641 2092 quia
1690 2026 1808 2095 plus
1852 2017 2095 2095 corporis

513 2135 676 2189 quam
725 2119 914 2180 anima
963 2117 1218 2171 tendebat
1274 2116 1339 2169 ad
1394 2130 1617 2180 curam,
1669 2124 1723 2170 et
1775 2116 2095 2186 temporales

515 2227 783 2266 arumnas
812 2210 1029 2265 resoluti
1076 2209 1316 2277 corporis
1357 2209 1435 2264 sic
1475 2209 1730 2275 deﬂebat,
1772 2219 1829 2263 ut
1865 2220 2094 2264 atemas

513 2318 705 2373 poenas
749 2300 1082 2355 resolutioris
1125 2299 1318 2352 anima
1363 2314 1465 2352 non
1510 2298 1760 2363 defieret,
1806 2301 2094 2370 gratiorem

518 2393 619 2446 sibi
663 2397 982 2460 prasentem
1011 2389 1176 2442 vitam
1210 2385 1457 2454 judicans
1483 2401 1644 2457 quam
1681 2387 1936 2443 futuram.
1983 2388 2096 2442 Me-

517 2480 623 2533 rito
652 2479 899 2533 Christus
937 2475 1278 2550 offerentium
1323 2475 1478 2530 fidem
1527 2477 1779 2546 respicit,
1823 2486 1877 2532 et
1910 2493 2097 2533 vecor-

517 2568 660 2622 diam
699 2569 778 2622 sic
812 2566 1042 2634 jacentis
1083 2565 1333 2634 respicit,
1365 2573 1423 2618 ut
1465 2565 1588 2620 tldei
1620 2565 1808 2621 aliena
1845 2564 2096 2636 suffragio

518 2656 798 2726 paralytici
822 2656 1004 2710 anima
1033 2662 1154 2708 ante
1181 2663 1466 2708 curaretur
1489 2670 1651 2723 quam
1678 2671 1892 2726 corpus.

589 2748 657 2802 Et
683 2763 798 2801 ecce
835 2747 1046 2817 quidam
1077 2747 1139 2799 de
1169 2747 1352 2800 scribis
1390 2747 1631 2816 dixerunt
1671 2748 1811 2801 intra
1847 2766 1900 2803 se
1934 2763 1953 2801 :
1994 2746 2097 2804 Hic
2141 2738 2148 2754 ’

519 2838 858 2907 blasphemat.
893 2833 1162 2905 (Hieron)
1206 2833 1359 2900 Quod
1403 2844 1583 2889 autem
1611 2837 1843 2891 dixerint
1877 2838 1948 2892 illi
1979 2852 2100 2893 esse

446 2965 451 2970 κ
517 2925 924 2996 blasphemiam,
955 2924 1167 2978 Marcus
1193 2933 1587 2992 consequenter
1613 2928 1852 2995 exponit,
1881 2927 2095 2982 dicens:

520 3018 675 3083 Quis,
723 3016 1000 3085 inquiunt,
1049 3024 1211 3084 potest
1261 3015 1517 3068 dimittere
1554 3026 1764 3085 peccata
1813 3017 1912 3070 nisi
1954 3016 2096 3071 solus

2193 1841 2330 1895 stolo
2356 1839 2541 1904 Paulo,
2569 1840 2680 1903 cui,
2708 1854 2773 1892 ne
2800 1838 3163 1908 magnitudine
3187 1835 3578 1890 revelationum
3603 1836 3762 1889 extol~

2193 1932 2409 1995 leretur,
2433 1931 2587 1984 datus
2609 1940 2680 1983 est
2706 1930 2948 1984 stimulus
2976 1929 3146 1981 carnis
3176 1943 3285 1980 sua:
3310 1925 3527 1994 angelus
3557 1923 3760 1978 Scitantia

2192 2026 2278 2094 qui
2303 2040 2418 2077 eum
2445 2021 2788 2092 colapliizaret
2813 2019 2896 2090 (II
2919 2018 3042 2073 Cor.
3067 2019 3194 2087 xu);
3223 2025 3314 2070 aut
3335 2017 3401 2070 ad
3423 2015 3759 2084 intelligenda

2193 2123 2248 2167 et
2268 2113 2579 2182 corrigenda
2602 2119 2820 2178 peccata
2845 2117 3047 2172 nostra,
3067 2109 3202 2162 sicut
3224 2105 3388 2158 Maria
3413 2119 3572 2159 soror
3589 2105 3760 2156 Aaron

2195 2206 2248 2258 in
2273 2218 2454 2258 eremo
2479 2204 2547 2257 ob
2571 2203 2734 2256 verba
2763 2201 3080 2256 temeritatis
3109 2208 3160 2253 et
3190 2196 3453 2266 superbia
3480 2195 3630 2263 lepra
3658 2211 3765 2264 per-

2195 2308 2351 2348 cussa
2385 2300 2469 2346 est
2501 2291 2689 2364 (Num.
2716 2290 2815 2360 xu)
2849 2308 2861 2342 :
2893 2290 3031 2343 sicut
3060 2287 3385 2357 paralyticus
3413 2285 3482 2338 de
3522 2301 3633 2353 quo
3669 2293 3766 2337 tra-

2193 2364 2402 2440 ctamus
2421 2385 2533 2453 qui,
2551 2398 2653 2437 non
2676 2382 2776 2436 nisi
2801 2382 3031 2436 dimissis
3051 2381 3220 2449 primo
3243 2377 3498 2447 peccatis,
3514 2377 3688 2444 potuit
3704 2375 3767 2429 ab

2196 2473 2506 2528 infirmitate
2538 2473 2747 2536 curari;
2789 2480 2880 2525 aut
2909 2471 2972 2525 ad
3001 2471 3222 2539 gloriam
3251 2468 3343 2522 Dei
3371 2466 3637 2521 salvantis
3663 2466 3767 2520 sive

2195 2579 2292 2634 per
2318 2565 2576 2633 seipsum,
2607 2565 2718 2618 sive
2744 2578 2840 2631 per
2867 2561 3090 2616 famulos
3127 2575 3272 2623 suos,
3301 2559 3443 2613 sicut
3471 2573 3649 2611 cacus
3673 2573 3764 2610 na-

2198 2667 2283 2712 tus
2309 2657 2364 2711 in
2394 2657 2685 2726 Evangelio
2715 2655 2893 2727 (Joan.
2920 2655 3015 2724 ix).
3046 2654 3134 2723 qui
3163 2667 3334 2721 neque
3368 2653 3484 2721 ipse
3503 2649 3764 2719 peccavit,

2197 2763 2371 2817 neque
2398 2756 2651 2816 parentes
2690 2747 2824 2816 ejus,
2867 2745 2960 2799 sed
2998 2755 3055 2798 ut
3094 2741 3575 2797 manifestarentur
3612 2753 3766 2808 opera

2199 2839 2293 2893 Dei
2324 2837 2378 2892 in
2407 2838 2496 2894 illo
2525 2857 2536 2891 :
2570 2841 2707 2893 sicut
2747 2838 3000 2900 Lazarus,
3033 2835 3183 2902 cujus
3224 2835 3514 2889 infirmitas
3543 2849 3649 2888 non
3675 2833 3769 2888 fuit

2200 2931 2268 2986 ad
2295 2939 2542 2994 mortem,
2574 2930 2665 2985 sed
2693 2944 2791 2999 pro
2816 2929 2982 2999 gloria
3012 2928 3130 2992 Dei,
3165 2935 3225 2980 ut
3256 2924 3656 2997 glorificaretur
3684 2923 3766 2978 Fi-

2177 3023 2303 3076 ‘lius
2330 3022 2424 3076 Dei
2471 3037 2566 3091 per
2606 3036 2729 3075 eum
2761 3019 2939 3090 (Joan.
2971 3017 3082 3088 xt);
3129 3027 3220 3070 aut
3262 3017 3329 3071 ad
3376 3017 3767 3071 inchoationem

518 3081 697 3160 Deus?
732 3081 986 3175 Legimus
1023 3081 1077 3158 in
1119 3105 1379 3176 propheta
1415 3081 1625 3160 dicente
1659 3124 1670 3158 :
1712 3105 1824 3176 Ego
1855 3124 1967 3161 sum
2008 3110 2096 3178 qui
2125 3081 2169 3142 Ο
2201 3081 2561 3168 damnatiohis
2581 3081 2814 3173 aterna,
2835 3110 2974 3179 quod
2995 3081 3340 3179 reproborum
3360 3114 3444 3162 est
3464 3108 3766 3176 proprium:

519 3198 664 3252 deleo
697 3197 991 3266 iniquitates
1019 3205 1137 3250 tuas
1169 3195 1304 3263 (Isa.
1334 3195 1507 3265 xuu).
1539 3195 1941 3265 Consequenter
1969 3213 2098 3267 ergo

519 3287 712 3341 scriba
735 3287 864 3356 quia
897 3285 1167 3340 hominem
1202 3285 1464 3354 putabant
1498 3293 1553 3340 et
1581 3286 1743 3340 verba
1783 3287 1875 3339 Dei
1907 3287 2102 3340 intelli-

516 3378 738 3447 gebant,
765 3383 994 3446 arguunt
1015 3389 1138 3429 eum
1162 3374 1529 3442 blasphemia.
1560 3373 1686 3438 Sed,
1709 3374 1834 3430 licet
1860 3376 2100 3430 nescien-

516 3479 620 3532 tes,
647 3483 832 3523 verum
874 3467 1137 3530 dicebant,
1176 3467 1300 3536 quia
1337 3479 1493 3519 nemo
1539 3466 1810 3521 dimittere
1853 3475 2094 3535 peccata,

521 3559 625 3612 nisi
654 3559 816 3622 Deus,
847 3564 1028 3627 potest
1057 3573 1069 3608 :
1103 3557 1191 3624 qui
1222 3571 1320 3624 per
1343 3570 1435 3610 eos
1462 3555 1674 3624 quoque
1701 3555 1950 3621 dimittit,
1983 3557 2100 3625 qui-

522 3652 622 3702 bus
664 3646 963 3702 dimittendi
1007 3646 1153 3700 dedit
1195 3655 1534 3714 potestatem.
1586 3646 1652 3699 Et
1699 3646 1817 3700 ideo
1853 3645 2098 3701 Christus

520 3755 647 3794 vere
698 3739 839 3794 Deus
887 3751 1005 3793 esse
1048 3736 1338 3806 probatur,
1388 3737 1513 3805 quia
1565 3737 1835 3791 dimittere
1880 3746 2100 3806 peccata

483 3846 489 3852 ·
517 3828 676 3897 quasi
699 3829 840 3882 Deus
864 3833 1062 3896 potest.
1096 3824 1294 3879 Verum
1325 3824 1434 3878 Deo
1459 3825 1822 3878 testimonium
1850 3825 2099 3891 reddunt,

521 3918 615 3972 sed
665 3929 952 3985 personam
997 3913 1195 3968 Christi
1245 3913 1527 3982 negando,
1579 3913 1852 3967 falluntur.
1903 3914 2100 3967 Errant

523 4011 703 4076 itaque
731 4007 897 4062 Judai
935 4006 1060 4076 qui,
1102 4021 1221 4059 cum
1259 4005 1531 4060 Christum
1563 4015 1617 4060 et
1659 4006 1826 4062 Deum
1855 4021 2004 4071 esse,
2047 4016 2102 4061 et

521 4105 742 4167 peccata
769 4096 1038 4150 dimittere
1067 4111 1221 4166 posse
1249 4095 1494 4160 credant,
1529 4094 1713 4150 .Iesum
1744 4103 1920 4150 tamen
1947 4096 2102 4152 Chri-

522 4197 663 4245 stum
692 4201 809 4241 esse
839 4201 943 4239 non
970 4186 1215 4239 credunt.
1247 4185 1363 4239 Sed"
1384 4185 1552 4239 multo
1588 4186 1890 4239 dementius
1917 4197 2102 4255 errant

521 4279 741 4341 Ariani,
768 4278 858 4346 qui
885 4291 1008 4331 cum
1045 4273 1227 4330 Jcsum
1265 4284 1321 4330 et
1355 4274 1628 4330 Christum
1657 4290 1774 4330 esse
1803 4285 1856 4330 et
1881 4270 2098 4345 peccata

521 4383 680 4439 posse
707 4366 994 4429 dimittere,
1025 4364 1299 4434 Evangelii
1323 4364 1504 4418 verbis
1530 4364 1745 4430 devicti,
1776 4379 1970 4433 negare
1993 4380 2095 4419 non

523 4460 760 4522 audent,
799 4455 1144 4510 nihilominus
1187 4456 1356 4509 Deum
1396 4467 1593 4524 negare
1633 4471 1739 4510 non
1780 4457 1988 4511 timent.
2029 4459 2100 4513 At

525 4551 636 4617 ipse
675 4545 908 4618 perfidos
946 4545 1151 4599 salvare
1189 4545 1525 4610 desiderans,
1559 4553 1614 4599 et
1653 4546 1982 4600 occultorum
2013 4563 2103 4603 co-

524 4639 760 4709 gnitione
813 4644 868 4691 et
918 4637 1114 4691 virtute
1161 4643 1398 4706 Operam.
1433 4636 1602 4690 Deum
1653 4650 1710 4690 se
1760 4649 1878 4691 esse
1934 4638 2105 4691 maui-

527 4730 704 4784 festat.
806 4766 809 4768 -
1169 4721 1173 4726 ’

598 4822 664 4875 Et
707 4819 822 4880 cum
864 4821 1069 4875 vidisset
1112 4817 1267 4872 Iesus
1313 4806 1649 4889 cogitationes
1683 4832 1880 4884 eorum,
1919 4821 2054 4873 dixit
2081 4833 2102 4874 .'

534 4909 722 4979 thuid
748 4910 981 4978 cogitatis
1007 4907 1149 4961 mala
1178 4909 1234 4961 in
1263 4909 1503 4982 cordibus
1531 4909 1745 4962 vestris?
1769 4908 2016 4964 Ostendit
2045 4924 2104 4964 se

531 5000 716 5061 Deum,
743 4999 832 5066 qui
867 5007 1041 5066 potest
1069 4997 1249 5052 cordis
1275 4997 1483 5052 occulta
1522 5012 1866 5065 cognoscere,
1889 5008 1942 5052 et
1971 5013 2104 5067 quo-

529 5086 813 5142 dammodo
842 5094 1022 5140 tacens
1051 5087 1290 5154 loquitur
1324 5103 1335 5138 :
1372 5084 1569 5138 Eadem
1614 5085 1893 5154 majestate
1923 5094 1979 5139 et
2012 5101 2104 5154 po-

532 5179 693 5232 tentia
735 5189 840 5244 qua
881 5176 1228 5245 cegitationes
1268 5183 1480 5230 vestras
1521 5175 1753 5239 intueor,
1794 5190 2011 5243 possum
2051 5184 2106 5228 et

531 5267 834 5321 hominibus
856 5265 1048 5320 delicta
1073 5266 1358 5320 dimittere.
1385 5267 1459 5319 Ex
1486 5267 1637 5320 vobis
1667 5265 1944 5334 intelligite
1975 5266 2102 5333 quid

531 5357 856 5426 paralyticus
885 5362 1267 5422 consequatur.

605 5447 742 5512 Quid
782 5447 989 5516 facilius
1019 5454 1094 5499 est
1131 5445 1322 5508 dicere,
1365 5446 1707 5498 Dimittuntur
1741 5446 1833 5498 tibi
1870 5453 2101 5511 peccata,

533 5548 624 5591 aut
653 5539 839 5603 dicere,
870 5538 1034 5608 Surge
1067 5547 1115 5590 et
1145 5536 1397 5589 ambula?
1435 5539 1579 5591 lnter
1606 5539 1784 5593 dicere
1812 5545 1866 5591 et
1903 5536 2102 5600 facere,

537 5626 700 5682 multa
738 5629 988 5683 distantia
1025 5637 1123 5682 est.
1168 5627 1358 5682 Utrum
1403 5627 1511 5680 sint
1550 5625 1845 5696 paralytico
1883 5635 2103 5689 peccata

2123 4415 2176 4474 D

2199 3205 2336 3257 sicut
2355 3202 2651 3256 Antiochus
2665 3199 2748 3270 (11
2765 3199 2937 3254 Maeli.
2955 3200 3032 3269 1x)
3053 3208 3106 3253 et
3125 3198 3364 3253 Herodes
3389 3198 3529 3264 (Act.
3543 3197 3666 3268 xu),
3683 3199 3769 3267 qui

2198 3301 2425 3360 uterque
2465 3305 2562 3344 suo
2607 3299 2846 3358 tempore
2888 3289 3143 3342 adversus
3180 3289 3346 3342 Deum
3393 3299 3769 3359 repugnantes,

2199 3389 2330 3450 quot
2375 3387 2764 3434 tormentorum
2802 3379 2856 3432 in
2897 3381 3137 3448 gehenna
3166 3389 3428 3447 perpetuo
3452 3379 3667 3446 passuri
3693 3395 3771 3432 es-

2201 3478 2338 3534 sent,
2367 3471 2710 3538 prasentium
2745 3467 3090 3523 afflictionum
3118 3468 3332 3522 miseria
3362 3469 3574 3522 cunctis
3600 3477 3770 3522 osten-

2201 3564 2397 3618 debant
2430 3581 2442 3616 :
2476 3563 2671 3632 quibus
2698 3562 2944 3617 convenit
2973 3561 3103 3614 illud
3128 3561 3407 3629 Propheta
3439 3579 3452 3613 :
3489 3560 3557 3614 Et
3585 3560 3771 3629 duplici

2199 3653 2508 3706 contritione
2536 3662 2738 3704 contere
2761 3668 2846 3704 eos
2879 3649 3008 3721 (Jer.
3040 3650 3190 3720 xvtt).
3325 3650 3340 3659 ”

2274 3742 2425 3797 Unde
2456 3756 2674 3796 necesse
2695 3750 2777 3795 est
2806 3741 2858 3794 in
2887 3741 3134 3795 omnibus
3161 3742 3251 3810 qui
3284 3740 3654 3808 temporalitcr
3681 3741 3768 3793 ad-

2201 3849 2355 3890 versa
2388 3833 2644 3901 patimur,
2675 3847 2795 3885 cum
2829 3831 3131 3885 humilitate
3153 3830 3379 3884 Domino
3409 3831 3617 3898 gratias
3657 3845 3771 3899 aga-

2201 3939 2353 3986 mus;
2385 3927 2441 3975 et
2470 3920 2796 3974 infirmitatis
2821 3929 3018 3974 nostra
3045 3920 3266 3983 conscii,
3297 3921 3362 3974 de
3391 3919 3604 3973 collatis
3628 3919 3771 3972 nobis

2203 4010 2453 4064 remediis
2482 4009 2812 4078 gratulemur
2838 4023 3056 4064 necesse
3079 4017 3182 4074 est,
3209 4019 3266 4063 ut
3295 4009 3360 4062 ad
3389 4010 3768 4062 conscientiam

2202 4110 2444 4155 nostram
2477 4099 2680 4153 reversi
2703 4098 2932 4154 solerter
2961 4084 3122 4168 opera
3147 4108 3327 4153 nostra
3354 4099 3516 4152 simul
3548 4109 3602 4153 et
3631 4099 3770 4169 cogi-

2205 4193 2434 4244 tationes
2475 4188 2834 4256 exploremus,
2869 4198 2924 4242 et
2963 4189 3215 4259 quidquid
3237 4181 3350 4243 ‘uos
3394 4205 3654 4260 peccasse
3685 4189 3771 4243 de.

2201 4278 2582 4349 prehendimus
2608 4279 2765 4348 digna
2793 4279 3140 4349 castigatione
3169 4293 3485 4348 purgemus;
3518 4279 3769 4348 Quidquid

2203 4369 2270 4424 de
2295 4370 2377 4423 his
2401 4386 2518 4439 qua
2544 4385 2642 4424 nos
2674 4378 2816 4424 recte
2847 4369 3036 4424 fecisse
3065 4369 3429 4433 credebamus,
3460 4369 3592 4422 vitio
3623 4369 3770 4422 nobis

2203 4459 2454 4514 elationis
2493 4459 2696 4528 perisse
2734 4458 3113 4527 comperimus,
3159 4466 3211 4512 et
3256 4455 3355 4511 hoc
3383 4457 3574 4511 humili
3613 4458 3766 4510 satis-

2206 4549 2439 4605 factione
2486 4549 2808 4618 castigemus
2858 4567 2870 4601 :
2923 4547 3036 4602 hac
3081 4547 3222 4601 enim
3270 4547 3423 4600 nobis
3467 4546 3666 4613 sapius
3716 4545 3769 4597 fit

2207 4660 2369 4699 causa
2398 4642 2744 4712 flagellorum.
2783 4642 3044 4697 Caterum
3074 4643 3382 4695 innocentes
3411 4651 3462 4694 et
3501 4642 3682 4707 justus
3705 4642 3768 4694 ad

2208 4741 2492 4803 augmenta
2522 4731 2859 4801 pramiorum
2889 4730 3140 4801 ﬂagellari
3172 4729 3528 4798 perfectorum
3561 4740 3646 4784 est
3679 4732 3772 4785 do-

2209 4837 2337 4876 num
2373 4821 2601 4891 speciale
2636 4821 2871 4874 virorum
2902 4838 2913 4872 :
2945 4818 3258 4874 verberibus
3291 4827 3466 4873 autem
3505 4831 3770 4888 tempora-

2205 4910 2344 4965 libus
2371 4911 2436 4963 ad
2466 4917 2664 4964 aterna
2712 4917 2972 4963 tormenta
2999 4909 3274 4978 compelli,
3322 4910 3769 4979 impauitentium

2205 5010 2288 5054 est
2313 5015 2470 5070 pana
2499 5000 2863 5068 reproborum.

2281 5089 2344 5142 Ut
2383 5089 2559 5142 sciatis
2602 5101 2772 5142 autem
2799 5091 3037 5159 quoniam
3068 5091 3207 5156 ﬁlius
3236 5089 3457 5142 hominis
3493 5089 3645 5144 habet
3679 5107 3772 5160 ρο·

2207 5187 2438 5231 testatem
2466 5177 2523 5238 in
2555 5187 2694 5230 terra
2720 5177 3009 5230 dimittendi
3041 5188 3271 5246 peccata,
3301 5188 3424 5231 tunc
3460 5181 3533 5232 ait
3560 5181 3771 5251 paraly-

2207 5269 2352 5320 tico:
2395 5265 2579 5336 Surge,
2611 5265 2734 5320 tolle
2772 5266 2955 5319 lectum
2993 5277 3167 5330 tuum,
3212 5278 3259 5320 et
3295 5269 3423 5322 vade
3464 5269 3517 5321 in
3558 5270 3772 5323 domum

2207 5365 2370 5408 ruam.
2403 5354 2614 5425 (Beda.)
2647 5356 2702 5409 Si
2732 5364 2786 5408 et
2815 5355 2950 5409 Deus
2977 5365 3057 5410 est
3081 5355 3234 5421 juxta
3267 5356 3603 5410 l’salmistam
3626 5397 3641 5422 ,
3680 5359 3769 5424 qui

2205 5453 2454 5511 quantum
2496 5444 2653 5495 distat
2685 5444 2854 5497 oriens
2893 5444 2956 5496 ab
2997 5461 3214 5507 occasu,
3257 5443 3512 5513 elongarit
3553 5463 3584 5498 a
3628 5447 3771 5499 nobis

2208 5537 2504 5606 iniquitates
2539 5546 2742 5590 nostras
2770 5535 2935 5607 (Psal.
2972 5536 3091 5605 cu),
3131 5545 3183 5591 et
3207 5536 3349 5601 [ilius
3379 5537 3603 5591 hominis
3627 5547 3766 5605 pote-

2207 5634 2391 5680 statem
2424 5625 2573 5678 habet
2605 5627 2658 5679 in
2689 5636 2821 5679 terra
2860 5625 3149 5678 dimittendi
3169 5635 3382 5696 peccata
3419 5640 3436 5676 :
3479 5641 3608 5695 ergo
3633 5626 3767 5680 idem
