3938 6336
154 305 258 388 x73

1100 307 1451 365 COMRIENT.
1493 308 1557 361 ΙΝ
1593 302 2030 362 ΜᾹΤΤΙΙεΕΙΕΜ.
2070 339 2139 349 -
2181 306 2306 363 Lm.
2351 309 2432 364 lli.

3262 361 3281 375 ρ
3315 309 3414 364 87s

293 438 346 483 et
372 427 514 482 Deus
546 434 600 480 et
635 425 772 479 ﬁlius
799 425 1035 479 hominis
1066 433 1177 488 est;
1217 434 1270 476 ut
1302 427 1361 477 et‘
1383 408 1542 477 homb
1568 420 1724 476 Chri-
1754 427 1799 485 Λ
1831 421 1998 476 monis
2023 415 2201 491 (Prov.
2235 424 2386 490 xvm)
2408 438 2420 485 ;
2446 429 2496 472 et
2523 420 2571 472 in
2601 420 2704 472 alio
2725 419 2840 473 lor-o
2863 438 2872 470 :
2897 419 3277 487 Ilictnprrrata
3303 431 3416 486 tur,

151 533 262 578 stus
287 537 381 594 per
407 518 708 576 divinitatis
735 532 843 573 sua:
876 517 1169 588 potentiam
1211 523 1428 584 peccata
1461 515 1731 569 dimittere

149 615 343 684 possit,
381 619 436 665 et
467 611 606 664 idem
653 608 793 664 Deus
825 607 1073 664 Christus
1118 623 1214 677 per
1243 607 1593 660 humanitatis
1621 623 1733 662 sua:
1771 672 1776 677 ἢ

150 701 492 775 fragilitatem
543 715 642 771 pro
686 696 1063 772 peccatoribus
1112 697 1271 751 mori.
1325 695 1519 770 (Joan.
1569 694 1731 765 Chr.)

151 797 428 854 Scrutator
452 795 751 849 animarum
781 793 1042 865 praevenit
1070 792 1328 847 mentium
1373 806 1566 861 magna
1599 807 1728 846 con-

150 890 285 944 silia.
335 887 402 942 Et
429 887 646 959 deitatis
673 902 784 941 sua:
829 884 1120 956 potentiam
1167 884 1345 953 operis
1388 885 1734 939 attestatione

150 959 499 1042 monstravit,
526 978 654 1032 dum
690 976 933 1046 dissipati
961 975 1206 1044 corporis
1246 975 1483 1029 membra
1517 989 1734 1043 compo-

149 1072 260 1136 nit,
303 1085 500 1126 nervos
545 1069 796 1138 stringit,
841 1082 962 1124 ossa
996 1067 1246 1137 complet,
1284 1066 1491 1121 viscera
1531 1066 1731 1128 ﬁrtnal,

148 1163 395 1218 virtutem
426 1171 480 1218 et
505 1161 720 1231 gressus
748 1160 815 1214 ad
844 1175 1059 1214 cursum
1087 1161 1312 1214 suscitat
1338 1160 1390 1212 in
1420 1159 1539 1214 vivo
1569 1158 1730 1212 cada-

149 1267 270 1307 vere
283 1244 404 1320 jam
432 1251 689 1322 sepultos.
725 1249 888 1314 Tolle,
917 1250 1024 1314 ait,
1058 1249 1247 1302 lectttm
1271 1259 1419 1300 tuum
1449 1263 1465 1298 :
1496 1249 1598 1302 hoc
1627 1257 1730 1308 cst,

146 1353 297 1413 porta
322 1350 644 1413 portantem,
680 1341 862 1396 oneris
893 1348 1039 1394 muta
1065 1339 1234 1403 vices,
1264 1347 1320 1390 ut
1351 1338 1491 1407 quod
1524 1338 1622 1390 fuit
1651 1340 1730 1390 in-

148 1434 416 1488 firmitatis
443 1431 842 1494 testimonium,
885 1431 956 1484 sit
998 1429 1244 1498 probatio
1279 1429 1543 1482 sanitatis.
1591 1425 1742 1480 Vade.

145 1525 198 1577 in
227 1525 436 1578 domum
462 1536 608 1577 tuam
645 1536 662 1574 :
705 1537 772 1578 ne
805 1521 1112 1576 Christiana
1151 1521 1254 1576 ﬁde
1290 1529 1509 1575 curatus
1549 1522 1599 1574 in
1633 1521 1731 1574 viis

143 1612 380 1668 Iudaica:
411 1613 650 1683 perﬁdia:
668 1610 781 1680 jam
813 1611 1040 1665 moreris
1112 1678 1114 1680 ν

216 1703 543 1774 Spiritaliter
564 1711 766 1770 autem,
791 1717 1012 1772 surgere
1038 1701 1104 1754 de
1135 1701 1273 1754 lecto
1293 1709 1383 1755 est
1411 1699 1644 1753 animam
1671 1715 1730 1754 se

1836 511 2218 580 utjustiﬁceris
2253 511 2385 578 (lsa.
2435 510 2608 580 sun).
2653 511 2957 565 Slatthreum
2988 527 3044 566 se
3083 520 3137 564 et
3174 512 3416 582 publica-

1835 620 1964 664 num
1994 605 2255 669 nominat,
2279 613 2338 658 ut
2359 605 2607 660 ostendat
2633 603 2951 674 legentibus,
2970 633 2975 638 α
2991 604 3196 658 nullum
3222 603 3418 660 debere

1833 693 2058 764 salutem
2118 695 2426 763 desperare,
2480 696 2523 746 si
2574 696 2640 748 ad
2694 696 2913 748 meliora
2959 710 3254 750 conversus
3273 681 3280 686 ’Δ
3305 694 3416 760 sit,

1834 801 1954 839 cum
1992 787 2103 855 ipse
2142 789 2207 839 de
2243 787 2531 857 publicano
2589 787 2640 839 in
2700 787 3011 856 Apostolum
3068 789 3139 842 sit
3193 796 3415 854 repente

1835 885 2089 929 mutatus.
2136 876 2349 945 (Bede)
2398 877 2514 930 Levi
2541 879 2685 931 enim
2732 880 3116 946 interpretatur
3163 879 3374 930 additus
3403 921 3414 939 ,

1835 967 1949 1019 sive
1979 979 2296 1037 assumptus.
2324 969 2476 1034 Quod
2501 970 2660 1022 etiam
2687 985 2879 1023 notnen
2906 970 3078 1024 eidem
3110 971 3194 1024 cui
3235 970 3415 1022 datum

1833 1065 1943 1117 est,
1982 1059 2348 1112 testimonium
2389 1059 2654 1128 perhibet.
2694 1058 2973 1126 Signiﬁcat
3024 1075 3254 1128 namque
3291 1061 3413 1127 quia

1835 1158 2143 1219 assumptus
2181 1159 2262 1202 est
2306 1165 2402 1218 per
2444 1151 2762 1204 electionem
2801 1167 2828 1204 ιι
2878 1153 3117 1214 Domino,
3171 1161 3224 1206 «ξι
3260 1151 3413 1204 addi-

1835 1247 1924 1290 tus
1965 1239 2032 1291 ad
2071 1255 2352 1300 numerum
2398 1243 2598 1311 gradus
2640 1243 2940 1311 apostolici.
2990 1242 3169 1312 (Aug.)
3219 1241 3417 1296 Nutan-

1834 1327 1959 1379 dum
1989 1337 2168 1382 autem
2199 1329 2342 1399 quod
2384 1331 2523 1385 hanc
2562 1331 2896 1386 mentionem
2939 1347 3090 1386 suam
3137 1331 3416 1385 Matthains

1835 1418 2046 1472 videtur
2097 1422 2519 1489 praetermissam
2574 1424 2660 1476 hic
2708 1417 3001 1478 recordari.
3048 1423 3184 1489 Quia
3235 1423 3416 1491 utique

1833 1515 1958 1561 ante
1995 1507 2140 1560 illum
2176 1522 2478 1564 sermooem
2507 1512 2749 1565 habitum
2778 1514 2828 1565 in
2861 1522 3060 1576 monte,
3092 1512 3416 1585 credendum

1833 1605 1918 1649 est
1970 1605 2220 1651 vocatum
2272 1611 2390 1652 csse
2429 1599 2752 1653 Matthavum.
2803 1601 2857 1654 ln
2902 1617 2966 1654 eo
3009 1603 3201 1670 quippe
3239 1611 3420 1657 meme

1835 1699 1961 1742 tunc
1989 1689 2164 1742 Lucas
2192 1678 2580 1745 cummemorat
2623 1706 2812 1746 omnes
2840 1691 3120 1744 duodecim
3149 1708 3213 1761 ex
3253 1693 3416 1760 pluri-

143 1808 174 1849 τι
197 1796 502 1850 carnalibus
522 1793 820 1856 desideriis,
847 1792 936 1846 ubi
967 1808 1105 1862 πενίῃ
1129 1792 1367 1861 jacebal,
1391 1792 1726 1856 abstrahere,
1761 1797 1806 1856 Β
1838 1785 1939 1836 mis
1999 1783 2277 1852 discipulis
2321 1780 2521 1841 electos
2548 1826 2561 1848 ,
2611 1801 2744 1853 quos
2807 1796 2861 1838 Cl
2918 1786 3185 1856 apostolos
3248 1789 3418 1840 muni-

140 1887 365 1944 Lectum
400 1885 529 1943 vero
559 1887 768 1961 tollere,
806 1894 891 1941 est
913 1887 1085 1956 ipsam
1113 1899 1326 1955 quoque
1354 1901 1606 1948 carnem,
1638 1900 1733 1953 per

141 1979 487 2034 continentia:
534 1977 685 2033 frena
718 1985 1058 2047 correptam,
1110 1992 1204 2046 Spe
1251 1977 1550 2054 cmlestinm
1599 1991 1731 2046 pra:-

139 2070 374 2125 miorum
404 2086 434 2124 a
474 2069 682 2125 deliciis
706 2083 988 2140 segregare
1016 2063 1265 2123 terrenis.
1302 2067 1526 2122 Sublato
1554 2077 1730 2124 autem

138 2160 280 2228 lecto
319 2162 535 2217 domum
583 2161 682 2225 ire,
737 2162 802 2215 ad
852 2161 1161 2230 paradisum
1211 2160 1386 2214 redire
1431 2168 1511 2214 est
1555 2178 1566 2213 :
1618 2161 1733 2216 haec

137 2245 352 2323 etenim
371 2267 497 2307 vera
530 2261 612 2306 est
644 2252 836 2306 domus
862 2260 1071 2316 nostra,
1100 2267 1218 2321 qua:
1248 2251 1516 2304 hominem
1559 2252 1731 2320 prima

138 2345 401 2414 suscepit,
433 2361 539 2402 non
565 2342 687 2414 jure
713 2346 934 2408 amissa,
967 2343 1059 2399 sed
1088 2343 1294 2406 fraude,
1325 2343 1541 2397 tandem
1573 2344 1732 2398 resti-

139 2444 257 2490 tuta
289 2422 389 2507 per
410 2452 534 2491 eum
564 2437 655 2505 qui
685 2435 1023 2491 fraudulento
1050 2435 1189 2489 hosti
1219 2434 1352 2488 nihil
1384 2433 1584 2487 debuit.
1617 2434 1726 2487 Ali-

138 2536 247 2594 ter,
305 2545 468 2584 sanus
504 2529 595 2599 qui
638 2527 917 2597 languerat
957 2527 1173 2582 domum
1221 2534 1462 2594 reportat
1506 2525 1728 2590 lectum,

140 2633 269 2671 cum
302 2619 509 2684 anima,
545 2602 861 2674 remissione
892 2625 1110 2686 accepta
1139 2602 1484 2687 peccatorum
1504 2658 1520 2682 ,
1551 2619 1617 2672 ad
1654 2619 1731 2672 in-

141 2717 354 2763 ternam
379 2709 462 2764 sui
492 2709 791 2767 custodiam
819 2723 946 2767 cum.
970 2708 1093 2777 ipso
1110 2722 1167 2762 se
1197 2722 1422 2776 corpore
1446 2706 1630 2771 refert,
1649 2695 1733 2762 ne

140 2787 274 2866 quid
300 2797 560 2867 perversi,
585 2798 727 2852 unde
757 2797 974 2861 iterum,
1002 2795 1150 2864 juste
1177 2794 1425 2862 feriatur,
1459 2796 1728 2851 admittat.

215 2886 286 2940 Et
315 2890 578 2953 surrexit,
609 2873 656 2942 et
684 2889 808 2942 abiit
837 2888 890 2942 in
919 2889 1129 2943 demum
1159 2905 1329 2942 suam.
1365 2888 1637 2962 (Πίθωνι.)
1668 2891 1735 2945 Et

137 2978 322 3032 anima
360 2979 654 3050 paralytica
696 2980 740 3034 si
780 2979 1113 3043 surrexerit,
1157 2980 1201 3034 si
1243 2967 1416 3035 robur~
1443 2981 1734 3051 pristinum

139 3071 578 3139 recuperaverit,
617 3078 800 3149 portat
836 3070 1034 3125 lectum
1076 3086 1231 3125 suum
1278 3073 1332 3125 in
1375 3088 1480 3142 quo
1518 3071 1735 3142 iacebat

1835 1875 2002 1928 navit.

1907 1964 1972 2018 Et
2019 1983 2235 2036 surgens
2297 1979 2510 2022 secutus!
2547 1980 2621 2022 est
2673 1988 2809 2024 ειιιη.
2852 1973 2903 2025 ιιι
2943 1972 3227 2042 Evangelio
3264 1974 3420 2027 Lara:

1834 2060 2096 2128 scriptum
2138 2070 2221 2114 est
2264 2060 2474 2129 plenius
2529 2080 2540 2114 :
2588 2063 2651 2115 Et
2695 2065 2884 2118 relictis
2940 2067 3177 2120 ancilibus
3214 2078 3418 2120 secutus

1834 2160 1907 2203 est
1935 2166 2074 2203 eum.
2109 2151 2421 2224 intelligens
2445 2169 2574 2225 ergo
2605 2153 2910 2220 Matthtens,
2943 2157 3070 2225 quid
3115 2158 3185 2212 sit
3215 2155 3418 2214 veraci-
3476 2227 3479 2230 η

1833 2253 1920 2297 ter
1969 2245 2137 2300 Deum
2182 2248 2369 2317 sequi,
2406 2247 2610 2302 relictis
2650 2248 2900 2303 omnibus
2940 2249 3223 2319 sequitur:
3266 2253 3420 2320 sequi

1834 2339 1977 2393 enim
2031 2340 2232 2394 imitari
2273 2349 2374 2394 est.
2432 2341 2662 2413 Ideoque
2710 2353 2768 2398 nt
2814 2360 3104 2413 pauperem
3147 2346 3420 2400 Christum

1833 2444 1940 2482 non
1974 2439 2082 2484 tam
2130 2432 2316 2500 gressu
2352 2447 2512 2501 quam
2545 2433 2736 2498 all‘ectu
2782 2436 2932 2504 sequi
2977 2435 3261 2505 potuisset,
3296 2436 3424 2490 reli-

1835 2522 1953 2591 quit
1975 2524 2216 2592 propria,
2241 2525 2332 2593 qui
2380 2539 2569 2594 rapere
2610 2527 2819 2580 solebat
2848 2526 3023 2580 aliena
3056 2545 3066 2579 :
3100 2525 3421 2596 perlectam-

1834 2628 1939 2684 que
1966 2614 2122 2668 nobis
2168 2615 2655 2672 abrenuntiationis
2685 2617 2864 2673 saeculi
2906 2618 3133 2672 formam
3183 2619 3454 2676 tribuens,

1836 2719 1943 2759 non
1978 2705 2151 2759 solum
2187 2705 2334 2760 lucra
2374 2707 2590 2777 reliquit
2619 2708 2984 2778 vectigalium,
3015 2710 3108 2764 sed
3136 2719 3190 2765 et
3212 2712 3424 2780 pericu-

1835 2794 1947 2849 lum
1975 2793 2323 2865 contempsit
2349 2798 2492 2867 quod
2521 2799 2737 2853 evenire
2777 2806 2989 2868 poterat
3030 2815 3058 2853 a
3091 2800 3424 2870 principibus

1836 2888 2042 2948 somnii.
2074 2889 2199 2958 quia
2226 2889 2833 2961 vectigalium-rationes
2882 2889 3231 2962 imperfectas
3258 2901 3422 2963 atque

1839 2979 2223 3051 incompositae
2275 2983 2587 3053 reliquerit;
2632 2991 2779 3037 tanta
2825 2984 2970 3038 enim
2998 2984 3291 3053 cupiditate
3331 3000 3420 3039 se-

1839 3074 2036 3144 quendi
2063 3071 2231 3128 Deum
2257 3075 2450 3129 ductus
2490 3083 2595 3142 est,
2629 3083 2685 3128 ut
2716 3074 2770 3128 in
2819 3073 2964 3129 nullo
2993 3085 3218 3145 promus
3261 3074 3421 3144 hujus

140 3151 273 3214 ante
299 3159 556 3216 dissoluta
583 3177 597 3214 :
627 3148 684 3216 et
716 3168 896 3231 portat
922 3160 1072 3215 illum
1114 3162 1169 3216 in
1217 3162 1433 3217 domum
1474 3165 1732 3220 virtutum
1762 3148 1806 3210 (ἶ
1842 3165 1965 3219 vita:
1991 3167 2294 3234 respectum
2326 3164 2411 3218 vel
2443 3164 2822 3236 cogitationem
2867 3165 3084 3220 sibimet
3111 3177 3419 3220 reservave-

141 3265 390 3304 suarum.

225 3338 476 3398 Videntes
498 3351 672 3396 autem
703 3343 868 3398 turbae
899 3345 1204 3410 timuerunt,
1237 3356 1283 3400 et
1308 3347 1732 3418 gloriﬁcaverunt

136 3430 336 3516 Deum,
365 3431 456 3502 qui
479 3432 620 3488 dedit
641 3422 950 3516 potestatem
982 3434 1137 3500 talem
1167 3436 1482 3491 hominibus.
1507 3437 1730 3508 ,(Beda.)

135 3513 320 3589 Quam
371 3523 617 3578 miranda
669 3513 864 3580 divinae
905 3528 1159 3595 potentia:
1204 3529 1406 3591 virtus,
1455 3530 1544 3583 ubi
1592 3528 1734 3584 nulla

137 3601 405 3680 temporis
436 3613 828 3669 interveniente
866 3631 1036 3681 mora,
1071 3618 1226 3687 jussu
1265 3617 1561 3674 Salvator-is
1591 3621 1735 3674 salus

138 3701 344 3756 festina
361 3704 652 3759 comitatur
669 3705 681 3756 ε
703 3705 933 3776 Ideoque
955 3708 1150 3762 merito
1169 3710 1257 3779 qui
1284 3708 1566 3777 affuerant,
1586 3707 1735 3765 dam-

135 3795 288 3848 natis
312 3794 664 3866 blaSphemite
679 3797 894 3876 jaculis,
918 3801 983 3855 ad
1009 3801 1221 3856 laudem
1251 3812 1411 3858 tanta:
1440 3805 1735 3874 maiestatis

135 3888 418 3962 stupentia
448 3890 611 3944 corda
639 3902 979 3968 convertunt.

204 3974 330 4049 [11.]
359 3978 426 4032 Et
456 3995 573 4038 cum
600 3982 844 4043 transiret
874 3984 992 4038 inde
1015 3984 1190 4051 Jesus,
1215 3987 1338 4042 vidit
1363 3989 1622 4043 hominem
1648 4008 1730 4045 se-

134 4069 349 4123 dentem
377 4073 430 4124 in
453 4071 663 4139 telonio,
695 4073 1004 4130 Hau/mrum
1036 4080 1272 4144 nomine,
1304 4090 1349 4134 et
1388 4084 1462 4135 ait
1492 4082 1570 4135 illi
1598 4097 1616 4133 :
1640 4081 1734 4137 Se-

133 4180 302 4232 quere
331 4180 429 4217 me.
471 4163 860 4237 Vidit,'inquit,
892 4167 1049 4223 Iesus
1085 4170 1345 4225 hominem
1380 4173 1638 4227 sedentem
1679 4175 1733 4228 in

134 4246 375 4318 te'lonio,
423 4254 733 4311 Matt/imum
773 4260 1012 4324 nomine,
1049 4269 1152 4314 etc.
1213 4262 1356 4316 Vidit
1396 4273 1576 4317 autem
1627 4281 1731 4317 non

138 4354 257 4398 tam
289 4347 534 4415 corporei
586 4347 831 4413 intuitus,
884 4365 1048 4418 quam
1102 4351 1324 4406 internae
1371 4353 1732 4408 miserationis

135 4437 478 4504 aspectibus,
524 4439 718 4508 quibus
757 4449 812 4502 et
865 4439 1080 4494 Petrum
1127 4452 1454 4512 negantem,
1515 4454 1572 4498 ut
1616 4461 1732 4498 rea-

136 4536 260 4580 tum
293 4542 449 4582 suum
472 4540 805 4600 agnosceret,
837 4533 1088 4602 respexit.
1112 4531 1253 4591 Vidit
1281 4550 1410 4603 ergo
1434 4538 1732 4603 hominem,

134 4615 196 4670 id
229 4624 352 4682 est,
381 4620 635 4675 misertus
664 4622 754 4676 est
786 4637 907 4675 cum
929 4665 943 4687 ,
977 4621 1067 4692 qui
1105 4625 1354 4681 humanis
1388 4636 1593 4681 tantum
1620 4636 1731 4681 stu-

135 4708 250 4762 diis
282 4709 496 4766 deditus
521 4719 621 4766 est.
657 4710 813 4765 'Vidit
841 4715 1098 4767 sedentem
1124 4717 1177 4768 in
1207 4716 1418 4784 telonio,
1467 4719 1730 4787 pertinaci

135 4799 403 4855 videlicet
455 4804 674 4869 studio,
706 4805 1092 4875 temporalibus
1143 4807 1305 4861 lucris
1356 4809 1653 4863 inhiantem
1714 4828 1727 4863 :

109 4897 290 4952 τέλος
316 4897 460 4950 enim
521 4884 764 4964 Graece,
802 4885 991 4953 Latine
1050 4901 1266 4971 vectigal
1323 4902 1729 4973 interpretatur.

137 4993 486 5056 Matt/unum,
517 4993 708 5061 inquit,
738 4994 963 5046 nomine.
997 4991 1276 5048 Matthwus
1304 4993 1594 5058 Hebraice,
1626 4996 1728 5050 La-

135 5086 264 5137 tine
294 5084 493 5137 dicitur
520 5083 763 5136 donatus.
795 5083 947 5150 Quod
993 5084 1234 5156 profecto
1262 5101 1455 5141 nomen
1504 5088 1578 5141 illi
1608 5099 1730 5158 apte

137 5172 427 5243 congruit,
477 5173 569 5240 qui
602 5181 808 5225 tantum
861 5187 1103 5243 superna:
1134 5177 1317 5245 gratia:
1356 5193 1549 5232 munus
1579 5194 1730 5233 acce-

136 5265 252 5336 pit.
284 5261 560 5334 (Ηὶενοη.)
585 5263 691 5317 Nec
712 5267 1148 5332 prtetercundum
1173 5266 1315 5334 quod
1357 5268 1535 5320 creteri
1562 5283 1730 5320 evan-

135 5353 378 5430 gelistaa,
410 5362 628 5422 propter
668 5354 1040 5407 verecundiam
1075 5363 1126 5407 et
1168 5356 1424 5409 honorem
1475 5355 1726 5422 Mattlzari,

137 5444 447 5500 noluerunt
479 5460 601 5497 eum
633 5443 848 5497 nomine
875 5444 1142 5512 appellare
1171 5447 1406 5515 vulgato,
1445 5447 1537 5500 sed
1582 5448 1729 5500 dixe-

139 5543 304 5598 runt,
358 5533 482 5586 Levi
528 5533 679 5603 (Luc.
718 5534 805 5604 v);
854 5535 1047 5607 duplici
1079 5536 1274 5604 quippe
1308 5537 1566 5591 vocabulo
1609 5536 1727 5589 fuit.

136 5617 274 5697 Ipse
306 5632 486 5677 autem
531 5622 835 5687 Matthmus,
873 5624 1336 5693 sccundumquod
1383 5643 1410 5677 ιι
1443 5625 1730 5681 S.;lomone

139 5721 486 5792 prt'ecipitur,
508 5719 687 5786 justus
712 5729 983 5773 nernsntor
1014 5721 1094 5772 sui
1122 5730 1213 5784 est,
1247 5721 1298 5771 in
1328 5721 1580 5790 principio
1623 5737 1732 5774 ser-

481 5811 752 5871 PATEOL.
797 5810 981 5870 CYEL

1840 3256 1929 3309 rit.
1961 3253 2231 3326 (Ηὶενοη.)
2276 3255 2472 3325 Arguit
2515 3255 2616 3309 hoc
2644 3254 2760 3310 loco
2791 3254 3122 3325 Porphyrius
3157 3263 3212 3310 et
3249 3254 3420 3310 Julia-

1839 3361 1939 3400 nus
1970 3346 2261 3416 Augustus,
2313 3340 2396 3400 vel
2437 3346 2767 3418 imperitiam
2811 3347 3056 3401 historici
3088 3346 3418 3430 mentientis,

1838 3437 1920 3491 vel
1965 3436 2250 3490 stultitiam
2282 3451 2469 3490 eorum
2517 3436 2609 3505 qui
2639 3435 2824 3490 statim
2859 3437 3030 3490 secuti
3072 3441 3198 3490 sunt
3236 3434 3419 3497 Salva-

1798 3512 2029 3589 'torem,
2088 3526 2244 3595 quasi
2293 3525 2746 3581 irrationabiliter
2792 3525 3083 3594 quemlibet
3135 3535 3416 3581 vocantem

1837 3620 2110 3674 hominem
2149 3619 2256 3682 sint
2295 3618 2497 3681 secuti,
2537 3635 2657 3673 eum
2705 3627 2865 3673 tanta:
2894 3620 3118 3674 virtutes
3161 3628 3416 3696 tantaque

1837 3710 1987 3779 signa
2016 3710 2415 3777 praecesserint,
2450 3724 2568 3779 qua:
2599 3709 2884 3779 apostolos,
2919 3720 3206 3779 antequam
3243 3713 3413 3765 credi—

1837 3800 2046 3865 derint,
2079 3800 2276 3854 vidisse
2305 3817 2408 3854 non
2440 3800 2660 3854 dubium
2689 3810 2789 3854 est.
2835 3801 2992 3854 Certe
3030 3800 3199 3871 fulgor
3222 3801 3336 3870 ipse
3362 3813 3416 3854 et

1837 3890 2090 3959 majestas
2134 3891 2430 3945 divinitatis
2469 3890 2714 3956 occultae,
2747 3907 2866 3960 qum
2887 3893 3047 3945 etiam
3100 3893 3154 3945 in
3185 3894 3416 3946 humana

1835 3982 1976 4038 facie
2008 3982 2315 4048 relucebat,
2368 3997 2436 4037 ex
2477 3982 2655 4053 primo
2694 3982 2762 4036 ad
2807 3997 2867 4037 se
2911 3982 3155 4038 videntes
3200 3984 3416 4037 traheie

1835 4085 2049 4146 poterat
2077 4083 2316 4145 aspectu.
2349 4073 2407 4129 Si
2437 4076 2581 4130 enim
2609 4075 2660 4128 in
2687 4074 2859 4144 lapide
2889 4087 3133 4145 magnete
3164 4084 3218 4130 et
3243 4077 3416 4131 sucei-

1837 4167 1922 4220 nis
1958 4167 2074 4220 huic
2101 4180 2221 4220 esse
2244 4165 2326 4240 vis
2359 4165 2576 4223 dicitur.
2609 4174 2667 4218 ut
2694 4164 2940 4231 annulus,
2971 4175 3025 4220 et
3048 4166 3323 4236 stipulam,
3360 4177 3422 4221 et‘

1837 4256 2072 4312 festucas
2119 4256 2223 4311 sibi
2263 4256 2549 4326 copulent,
2583 4246 2786 4324 qua'mo
2814 4256 2983 4325 magis
3011 4255 3268 4310 Dominus
3293 4270 3412 4312 om-

1836 4353 1983 4406 nium
2015 4361 2386 4406 creaturarum
2421 4351 2489 4417 ad
2519 4365 2578 4404 se
2617 4349 2830 4414 trahere
2860 4358 3073 4418 poterat
3101 4353 3236 4418 quos
3265 4349 3414 4404 νοις-

1837 4444 1947 4498 bat.
1989 4441 2265 4512 Siquidem
2304 4442 2418 4510 ipse
2452 4440 2726 4505 Dominus,
2748 4441 2846 4518 qui
2878 4440 3020 4494 hunc
3047 4441 3285 4496 exterius
3315 4439 3416 4494 hu-

1836 4551 1994 4589 mana
2040 4535 2382 4600 allocutione,
2420 4543 2478 4587 ut
2519 4549 2578 4589 se
2623 4543 2966 4603 sequeretur,
3007 4535 3236 4599 vocavit,
3271 4533 3416 4588 intus

1836 4628 2017 4682 divina
2067 4627 2442 4697 inspiratione,
2488 4636 2552 4680 ut.
2579 4643 2697 4680 mox
2733 4635 3011 4680 vocantem
3057 4635 3409 4694 sequeretur,

1835 4709 2097 4778 accendit,
2133 4719 2248 4787 ipse
2280 4717 2641 4780 invisibiliter,
2671 4717 2938 4786 quomodo
2968 4717 3297 4784 sequendum
3321 4731 3410 4770 es-

1835 4822 1937 4878 set,
1965 4813 2201 4867 edocuit.
2233 4811 2460 4879 Propter
2499 4793 2642 4879 quod
2687 4809 2777 4863 ille
2818 4809 3013 4863 merito
3053 4808 3369 4863 obedientiue
3395 4850 3409 4872 ,

1836 4904 1962 4958 dum
2017 4905 2247 4956 humana
2287 4891 2638 4956 contemnens
2678 4899 2890 4969 negotia
2921 4898 3142 4963 deserit,
3177 4898 3410 4952 domini-

1837 5011 2024 5050 corum
2054 4994 2226 5048 fidelis
2251 4993 2590 5062 dispensator
2618 4991 2792 5045 factus
2832 5000 2914 5044 est
2944 4989 3288 5049 talentormn.

1909 5082 1977 5138 Et
2007 5084 2201 5152 factum
2228 5091 2322 5145 est,
2351 5080 2701 5133 discumbeutc
2735 5093 2794 5130 eo
2833 5080 2885 5130 in
2909 5079 3082 5143 domo,
3110 5094 3223 5131 ecce
3259 5077 3410 5130 multi

1835 5173 2097 5244 publicani
2138 5181 2184 5225 et
2229 5181 2518 5241 peccatores
2556 5170 2812 5221 venientes
2852 5167 3236 5234 discumbebant
3291 5183 3407 5220 cum

1835 5266 1963 5320 Jesu
2004 5273 2048 5316 et
2091 5263 2358 5333 discipulis
2397 5260 2528 5330 ejus.
2578 5259 2754 5331 (Aug.
2781 5261 2800 5331 )
2828 5260 2926 5314 Hic
2974 5258 3258 5313 Matthznus
3303 5277 3408 5313 non

1834 5357 2101 5427 expressit
2125 5357 2176 5409 in
2201 5353 2351 5421 cujus
2377 5354 2532 5406 domo
2557 5354 2925 5423 discumbebat
2947 5351 3124 5416 Jesus,
3154 5354 3246 5406 sed
3277 5368 3404 5404 sert-

1832 5448 1912 5501 bit
1940 5447 2265 5516 cvangciista
2294 5445 2485 5508 Lucas,
2518 5445 2642 5514 quia
2670 5444 2858 5498 fecerit
2881 5445 2928 5497 ei
2956 5443 3262 5497 convivium
3290 5460 3402 5495 wa-

1835 5554 1994 5607 gnum
2027 5538 2151 5592 Levi
2183 5540 2235 5591 in
2280 5539 2438 5592 dOlUO
2481 5554 2576 5590 sua
2611 5557 2624 5589 ;
2676 5538 2819 5605 qnuJ
2865 5536 3246 5605 mysteriorum
3278 5536 3415 5602 ligu-

1835 5632 1910 5684 ris
1935 5629 2347 5700 apte-congruit.
2375 5627 2477 5694 Qui
2507 5629 2648 5682 enim
2680 5627 2948 5681 domicilio
2973 5627 3246 5706 Christum
3276 5627 3406 5680 reci-

1833 5722 1914 5792 pit
1947 5723 2179 5795 interno,
2225 5720 2472 5776 maximis
2514 5719 2957 5774 delectationibus
2997 5718 3407 5772 exub‘erantium

2976 5810 3053 5872 ‘23
