3938 6306
105 317 259 394 ,επ
343 374 348 381 ,

1089 313 1435 390 (ζΟΜΜΕΧΤ.
1473 309 1538 365 lN
1578 303 2006 364 MATTll/EUM.
2049 336 2117 345 -—
2155 304 2279 358 Lm.
2322 305 2405 360 lli.

3287 306 3394 364 δῖε

154 429 398 491 inﬂatos,
436 427 530 482 sed
559 425 632 489 ei,
671 425 760 495 qui
781 423 1040 493 justilieat
1061 424 1304 493 impium,
1335 421 1520 481 devota
1554 430 1730 474 mente
1758 420 1809 478 Α
1832 417 2038 486 εροιιεὶ,
2064 429 2168 470 non
2198 430 2338 471 nunc
2369 423 2592 480 tantum,
2625 413 2675 466 id
2704 423 2784 468 est
2814 424 2932 485 post
2968 427 3192 472 mortem
3220 435 3398 478 resur-

151 520 481 574 snbstratos.
521 515 654 571 Nam
676 525 734 570 et
762 516 912 578 tales,
962 514 1051 568 ubi
1081 521 1486 576 convertuntur,
1528 526 1727 582 nequa-

150 621 323 678 quam
349 603 627 674 sejustos,
664 604 755 658 sed
782 612 1112 674 peccatores,
1144 617 1361 656 necesse
1389 610 1472 656 est
1521 600 1728 654 sincero

150 696 322 751 corde
348 701 626 749 testentur.
660 692 914 762 Sequitur
942 707 956 744 :

231 784 369 858 [ιιι]
405 783 548 838 Tum;
583 792 907 838 accesserunt
938 783 1005 836 ad
1050 799 1166 836 eum
1195 780 1436 849 discipuli
1465 780 1685 836 Joannis
1711 822 1724 843 ,

151 875 386 929 dicentes
412 887 430 924 :
463 872 637 939 Quare
666 889 759 926 nos
788 883 834 927 et
873 869 1132 926 Pharisaei
1160 873 1468 942 jejunatnus
1492 872 1729 942 frequen-

150 975 255 1028 ter,
286 963 528 1034 discipuli
546 973 717 1017 autem
741 962 818 1030 tui
839 979 939 1016 non
961 962 1247 1032 jejunum?
1276 961 1425 1028 QuOd
1455 961 1729 1022 Mattbarns

150 1056 329 1111 refert
361 1057 504 1126 ipsos
542 1054 830 1123 discipulos
875 1053 1097 1108 Joannis
1151 1055 1264 1124 hate
1297 1053 1496 1109 dixisse
1547 1052 1729 1107 Salva-

152 1149 291 1212 tari,
329 1147 543 1201 Marcus
589 1153 645 1199 et
695 1145 870 1200 Lucas
927 1145 997 1198 ita
1030 1145 1132 1198 hoc
1184 1153 1403 1213 narrant
1437 1145 1590 1213 quasi
1639 1145 1727 1198 alii

148 1239 346 1308 aliqui,
374 1253 509 1308 quos
562 1237 719 1308 hujus
748 1237 824 1292 rei
853 1253 982 1290 cura
1028 1238 1302 1300 movisset,
1336 1237 1474 1291 hanc
1507 1238 1555 1291 ei
1583 1254 1729 1306 qna:-

148 1325 392 1384 stionem
417 1329 713 1384 intulerint.
738 1328 862 1382 Inde
887 1328 1237 1400 colligendum
1269 1344 1296 1380 ει
1323 1327 1563 1396 pluribus
1592 1329 1729 1381 hanc

151 1425 390 1478 Domino
417 1423 680 1491 objectam
730 1437 846 1476 esse
873 1423 1243 1490 qumstionem,
1293 1431 1344 1474 et
1383 1437 1412 1472 a
1445 1420 1731 1476 Pharisaeis

148 1513 388 1577 scilicet,
421 1523 474 1567 et
521 1528 548 1566 a
583 1511 859 1584 discipulis
903 1510 1144 1572 Joannis,
1181 1521 1234 1564 et
1273 1527 1300 1564 a
1332 1512 1596 1575 convivis,
1649 1511 1728 1565 vel

149 1589 281 1658 aliis
314 1604 636 1672 quibuslibet
660 1619 793 1670 quos
822 1604 923 1656 hoc
975 1602 1238 1664 movebat,
1277 1594 1444 1670 quare
1488 1603 1728 1672 discipuli

151 1691 388 1748 Joannis
410 1701 466 1746 et
502 1690 1098 1761 Phariszeijejunarent,
1133 1691 1373 1760 discipuli
1402 1701 1576 1745 autem
1609 1691 1726 1745 Sal»

1831 507 2233 576 rectionemque
2281 506 2460 577 sponsi
2489 505 2748 574 ejusdem,
2781 509 2874 560 sed
2901 517 2951 560 et
2990 519 3113 564 ante
3151 511 3398 568 incarna-

1832 598 2030 652 tionem
2079 596 2219 651 illius
2262 612 2358 669 per
2404 605 2572 653 totum
2617 596 2773 665 hujus
2817 599 2992 666 saeculi
3042 601 3250 672 tempus
3279 619 3398 658 esse

1797 685 2186 744 celebratum.
2229 687 2408 742 Prima
2459 688 2660 758 quippei
2708 696 2948 758 tempora
2978 690 3228 746 Ecclesia:
3275 705 3400 748 ante

1830 777 2067 845 Virginis
2105 786 2315 848 partum
2363 787 2578 834 sanctos
2605 779 2864 843 habuere,
2897 779 2998 848 .qui
3034 780 3399 837 desiderarent

1832 871 2216 929 incarnationis
2242 871 2526 925 adventum
2555 890 2565 921 :
2600 871 2700 925 ista
2731 866 2858 927 vero
2889 882 3145 942 tempora,
3184 888 3248 928 ex
3292 889 3399 942 quo

1832 960 2074 1015 ascendit
2119 961 2171 1014 in
2199 960 2418 1026 coelum,
2463 969 2676 1015 sanctos
2723 961 2940 1024 habent,
2971 963 3060 1032 qui
3094 963 3400 1020 desiderent

1829 1049 1946 1118 ejus
1977 1049 2465 1115 manifestalionem
2498 1050 2566 1104 ad
2598 1050 2745 1104 vivos
2783 1057 2837 1105 et
2893 1060 3129 1105 mortuos
3151 1050 3398 1118 judican-

1831 1139 1945 1194 dos.
1985 1140 2168 1210 Neque
2196 1142 2283 1208 hic
2304 1141 2672 1196 desiderabilis
2700 1142 2950 1197 Ecclesia:
2989 1143 3162 1197 luctus
3189 1144 3400 1214 requie-

1829 1233 1906 1286 vit
1959 1220 2274 1301 aliquando,
2326 1233 2424 1286 nisi
2458 1229 2690 1302 quandiu
2742 1235 2828 1287 hic
2875 1250 2994 1286 cum
3045 1235 3316 1303 discipulis
3345 1236 3398 1289 in

1831 1338 1994 1400 carne
2034 1331 2277 1378 versatus
2324 1332 2425 1377 est.
2472 1321 2628 1378 Juxta
2685 1325 2824 1393 leges
2866 1334 3041 1378 autent
3095 1325 3400 1395 tropologiae

1832 1415 2104 1469 sciendum
2163 1416 2303 1483 quod
2347 1417 2580 1485 quandin
2617 1431 2845 1488 sponsus
2895 1417 3166 1471 nobiscum
3198 1427 3280 1472 cst
3306 1457 3319 1480 ,
3346 1428 3400 1472 et

1834 1506 1884 1559 in
1925 1505 2103 1559 ltelitia
2153 1523 2356 1568 sumus,
2405 1522 2502 1560 nec
2542 1507 2788 1576 jejunare
2841 1522 3143 1576 possumus,
3178 1523 3275 1562 nec
3317 1507 3398 1560 lu-

1830 1613 1975 1664 gere.
2013 1598 2144 1650 (lum
2181 1610 2356 1652 autem
2411 1599 2494 1652 ille
2523 1609 2739 1668 propter
2779 1608 2996 1668 peccata
3035 1615 3063 1652 a
3112 1601 3264 1654 nobis
3309 1616 3395 1654 rc-

1833 1688 2058 1741 cesserit
2106 1698 2160 1741 et
2209 1689 2521 1753 avolaverit,
2580 1700 2702 1744 tunc
2734 1691 3071 1755 indicentium
3095 1690 3355 1759 jejunium
3381 1734 3395 1755 ,

147 1783 812 1852 vatorisnonjejunarent.
837 1782 1101 1854 (lIieron.)
1139 1783 1232 1838 Ubi
1258 1783 1478 1837 Joannis
1502 1785 1729 1873 maxime
1765 1759 1803 1818 Β
1836 1785 1961 1829 tunc
2002 1776 2336 1846 recipiendus
2369 1787 2450 1831 est
2490 1778 2680 1832 luctus.

145 1875 584 1944 reprehendendi
610 1873 876 1943 diseipuli,
920 1890 1022 1928 non
1066 1875 1237 1927 solum
1265 1876 1329 1928 de
1361 1876 1439 1929 sui
1475 1875 1730 1942 jactnntia

138 1966 363 2035 jejunii,
403 1950 734 2036 verumquia
765 1966 1232 2021 calomniabautur
1255 1983 1411 2036 quem
1441 1968 1678 2021 sciebant
1704 1983 1732 2019 a

147 2059 421 2126 magistro
475 2057 845 2127 prmdicatum,
896 2066 950 2110 et
989 2057 1356 2127 jungebantur
1411 2057 1719 2122 Pharisreis,

147 2163 294 2216 quos
325 2147 392 2200 ab
419 2130 482 2202 eo
513 2157 772 2202 noverant
798 2146 1440 2217 οοιιάεξηιηίιιοε.(Βειία.)Δ
1461 2146 1729 2216 Spit-itali-

147 2245 240 2290 ter
267 2246 447 2291 autem
471 2233 714 2306 discipuli
740 2236 962 2292 Joannis
979 2247 1037 2291 et
1057 2237 1444 2292 Pharisaeorum
1463 2238 1726 2307 jejunant,

150 2328 358 2382 Christi
386 2336 563 2381 autem
593 2328 762 2382 edunt
783 2335 839 2380 et
875 2327 1084 2390 bibunt,
1121 2313 1243 2395 quia
1272 2328 1382 2382 site
1410 2343 1574 2396 Opera
1610 2328 1728 2396 quis

149 2421 293 2490 legis
322 2435 412 2474 seu
445 2419 759 2474 traditiones
784 2427 1056 2488 sequatur-
1074 2418 1371 2482 hominum,
1403 2420 1513 2472 sive
1556 2420 1729 2488 ipsum

143 2511 319 2565 etiam
350 2511 545 2564 Christi
577 2509 901 2577 praeconium
931 2524 1060 2562 aure
1096 2516 1298 2574 tantum
1331 2508 1588 2577 percipiat
1612 2522 1730 2561 cor-

144 2601 321 2669 poris,
375 2599 703 2668 spiritalibus
732 2598 1008 2652 abstinens
1041 2597 1419 2668 bonis,jejuno
1447 2598 1723 2651 cordeta-

145 2691 329 2744 bescit
361 2709 371 2742 :
406 2691 494 2759 qui
542 2705 671 2743 vero
698 2688 895 2742 Christi
938 2687 1195 2741 membris
1239 2687 1379 2741 ﬁdeli
1412 2688 1724 2755 incorpora-

143 2791 240 2834 tur
269 2797 452 2836 amore
501 2798 603 2836 non
651 2789 828 2851 potest
865 2779 1130 2850 jejunare,
1179 2781 1304 2850 quia
1348 2796 1509 2835 carne
1561 2781 1728 2850 ipsius

139 2873 400 2943 epulatur
423 2873 764 2947 etsanguine.
797 2871 966 2926 Aliter
986 2871 1220 2947 Joannes
1247 2873 1416 2925 vinum
1442 2884 1487 2925 et
1511 2873 1726 2928 siceram

143 2979 255 3015 non
288 2963 432 3025 bibit,
465 2945 718 3017 Dominus
747 2979 866 3016 cum
894 2945 1208 3032 publicanis
1261 2971 1315 3015 et
1359 2962 1727 3032 peccatoribus

143 3055 467 3115 manducat,
511 3064 564 3109 et
615 3049 778 3119 bibit;
809 3056 934 3126 quia
983 3055 1068 3109 ille
1104 3055 1424 3109 abstinentia
1475 3055 1719 3108 meritum

1908 1865 2071 1918 Nemo
2103 1877 2273 1920 autent
2305 1868 2530 1928 immittit
2559 1871 2946 1924 commissuram
2976 1875 3135 1942 panni
3172 1876 3314 1928 rudis
3346 1878 3398 1929 in

1833 1959 2186 2012 vestimentum
2227 1971 2386 2014 vetus.
2427 1961 2586 2025 Tollit
2637 1965 2771 2016 enim
2803 1964 3170 2031 plenitudinem
3210 1967 3322 2036 ejus
3365 1985 3400 2020 ιι

1833 2048 2151 2112 uestimento,
2182 2061 2226 2102 et
2275 2051 2421 2119 pejor
2467 2052 2696 2106 scissura
2741 2054 2818 2118 ﬁt.
2857 2054 2988 2108 Cum
3039 2056 3399 2125 interrogatus

1830 2146 1971 2190 esset
1998 2137 2260 2194 Dominus
2291 2157 2388 2194 cur
2418 2142 2664 2211 discipuli
2695 2143 2810 2210 ejus
2832 2161 2933 2198 non
2960 2145 3284 2213 jejunarent,
3315 2162 3395 2202 re-

1831 2226 2045 2293 spondit
2079 2229 2324 2297 carnales
2361 2231 2535 2286 adltuc
2564 2248 2806 2302 quosque
2833 2243 2885 2287 et
2929 2238 3152 2289 necdum
3190 2238 3397 2306 passio-

1830 2315 1915 2369 nis
1949 2319 2470 2389 resurrectionisque
2505 2336 2614 2376 sua:
2643 2323 2746 2376 ﬁde
2789 2325 3063 2390 solidatas,
3094 2342 3198 2381 non
3242 2344 3397 2396 posse

1831 2406 2111 2466 severiora,
2129 2395 2331 2476 jejunia
2357 2419 2411 2463 et
2429 2412 2777 2467 continentia:
2821 2414 3082 2468 sustinere
3109 2395 3395 2487 praecepta,

1831 2509 1896 2546 ne
1924 2509 2021 2564 per
2067 2499 2433 2554 austeritatem
2484 2501 2741 2564 nimiam,
2775 2503 2937 2555 etiam
2983 2504 3352 2558 credulitatem
3378 2545 3394 2568 ,

1830 2599 1989 2650 quam
2045 2585 2242 2649 habere
2290 2588 2627 2654 videbantur,
2684 2592 3025 2658 amitterent;
3085 2593 3226 2661 ipsos
3269 2608 3396 2664 ergo

1831 2673 2010 2728 adhuc
2057 2674 2343 2744 discipulos
2386 2685 2636 2748 tanquam
2680 2691 2857 2735 vetera
2899 2687 3211 2737 vestimenta
3265 2684 3396 2741 dicit

1830 2763 2011 2834 (.lng.)
2057 2783 2067 2817 :
2122 2766 2315 2835 quibus
2355 2768 2795 2824 inconvenientcr
2839 2786 3007 2826 novus
3057 2773 3308 2836 assuitur,
3341 2774 3396 2829 id

1829 2865 1910 2908 est
1954 2855 2133 2924 aliqua
2178 2859 2441 2925 particula
2499 2861 2776 2928 doctrinae,
2803 2879 2920 2934 qua:
2959 2865 3024 2917 ad
3081 2881 3229 2920 nove
3274 2867 3396 2924 vita:

1829 2948 2239 3014 temperantiam
2295 2950 2566 3018 pertinet;
2609 2953 2732 3022 quia
2760 2937 2821 3007 'si
2854 2955 2952 3009 hoc
3001 2955 3112 3021 liat,
3157 2958 3390 3026 ipsado-

1829 3038 2000 3090 ctrina
2045 3041 2438 3106 quodammodo
2466 3043 2727 3097 scinditur
2755 3060 2768 3097 :
2801 3044 2950 3114 cujus
2991 3049 3249 3116 particula
3276 3066 3394 3120 quin

141 3145 432 3214 auget,cui
457 3145 693 3213 potentia
717 3145 856 3198 nulla
882 3154 963 3199 est
981 3157 1212 3210 naturae;
1241 3146 1494 3198 Dominus
1517 3155 1716 3209 autem,

1825 3128 1891 3182 ad
1937 3126 2200 3197 jejunium
2253 3131 2495 3214 ciborum
2547 3133 2687 3188 valet
2736 3135 3089 3204 inOpportunc
3142 3139 3389 3206 traditur,

141 3236 235 3289 cui
283 3235 600 3289 naturaliter
630 3237 946 3305 suppetebat
991 3233 1183 3289 delicta
1234 3236 1456 3297 donare,
1489 3250 1582 3288 cur
1630 3249 1721 3289 eos

141 3327 466 3392 declinaret,
484 3343 620 3398 quos
644 3328 1032 3382 abstinentibus
1059 3336 1268 3396 poterat
1302 3326 1519 3380 reddere
1546 3326 1721 3393 purio-

140 3433 257 3474 res.
305 3418 409 3474 Sed
431 3419 692 3487 jejunavit
719 3429 771 3471 et
809 3418 1071 3483 Christus,
1107 3434 1170 3472 ne
1199 3428 1518 3485 pra-ceptum
1555 3417 1720 3471 decli-

140 3521 342 3571 nares;
395 3508 733 3561 li’lttllJllCIlVll.
785 3523 904 3560 cum
949 3508 1343 3575 peccatoribus,
1384 3515 1439 3559 ut
1492 3507 1718 3575 gratiam

139 3610 420 3661 cernercs,
455 3612 772 3666 agnosceres
802 3606 1136 3665 potestatem.

223 3688 293 3739 Et
335 3689 406 3739 ait
448 3689 552 3740 illis
575 3688 726 3741 Jesus
752 3703 766 3738 :
797 3688 1046 3757 Nunquid
1074 3698 1285 3757 possunt
1311 3687 1408 3754 ﬁlii
1438 3689 1608 3757 sponsi
1642 3687 1720 3739 lu-

142 3798 288 3851 gere,
318 3781 550 3850 quandiu
581 3798 697 3833 cum
742 3780 846 3832 illis
890 3790 963 3834 est
1005 3781 1262 3849 sponsus?
1299 3779 1511 3833 Venicnt
1549 3789 1717 3831 autem

137 3871 278 3934 dies,
308 3887 424 3922 cum
465 3871 733 3938 auferetur
764 3869 826 3922 ab
857 3872 932 3922 eis
977 3887 1221 3938 sponsus,
1254 3878 1301 3922 et
1346 3879 1466 3922 tunc
1502 3869 1716 3937 jejuna-

139 3963 292 4014 bunt.
328 3960 508 4030 (Aug.)
557 3960 709 4025 Quod
758 3969 936 4014 autem
990 3961 1124 4012 dixit
1184 3960 1464 4012 Matllneus
1513 3959 1715 4028 lugere,

138 4049 248 4103 hoc
283 4047 492 4102 Marcus
532 4057 585 4102 et
628 4047 799 4103 Lucas
835 4049 1112 4117 jejnnnre;
1144 4049 1282 4116 quod
1321 4056 1375 4100 et
1403 4047 1487 4100 ille
1514 4057 1715 4116 postea,

134 4150 270 4192 tunc
327 4140 684 4208 jejunabunt,
746 4140 866 4200 ait,
934 4155 1037 4192 non
1114 4148 1331 4203 autem,
1392 4146 1517 4193 tunc
1575 4138 1719 4208 luge-

136 4231 295 4284 bunt.
351 4229 546 4284 Verum
611 4232 698 4285 illo
744 4232 908 4286 verbo
964 4232 1280 4300 signiﬁcavit
1335 4231 1399 4285 de
1454 4231 1542 4284 tali
1577 4229 1717 4298 jeju-

138 4320 234 4374 nio
261 4321 539 4372 Dominum
565 4321 817 4384 locutum,
847 4322 986 4390 quod
1014 4321 1242 4390 pertinet
1271 4321 1334 4374 ad
1362 4321 1716 4374 humilitatem

139 4409 537 4473 tribulationis;
594 4418 650 4462 ut
698 4411 825 4463 illud
873 4411 1122 4473 alterum,
1173 4411 1312 4480 quod
1367 4411 1598 4478 pertinet
1650 4411 1714 4463 ad

135 4501 391 4567 gaudium
425 4503 617 4554 auinne
646 4503 698 4554 in
729 4502 989 4570 spiritalia
1017 4517 1307 4571 suspensre,
1341 4511 1499 4571 atque
1521 4504 1588 4555 ob
1612 4504 1712 4556 hoc

135 4591 388 4642 alienaue
418 4591 810 4658 quodammodo
839 4606 867 4642 a
916 4591 1283 4658 corporalibus
1332 4591 1484 4653 cibis,
1530 4599 1709 4659 poste-

136 4678 376 4730 rioribus
407 4678 842 4732 similitudinibus
875 4678 1129 4732 Dominus
1153 4679 1485 4747 signiﬁcasse
1515 4679 1710 4731 intelli-

134 4767 391 4837 gaturde
421 4783 596 4836 panno
621 4785 758 4824 novo
786 4778 839 4823 et
866 4771 989 4824 vino
1013 4771 1238 4835 nov0,id
1259 4771 1543 4825 ostendens
1567 4772 1708 4840 quod

133 4857 463 4912 animalibus
492 4867 650 4928 atque
677 4858 980 4914 carnalibus
1013 4860 1154 4914 circa
1182 4874 1375 4927 corpus
1399 4860 1671 4928 occupatis
1691 4899 1705 4924 ,

134 4957 192 5000 et
230 4948 300 5000 ob
331 4948 433 5002 hoc
457 4956 691 5001 veterem
725 4949 901 5002 adhuc
929 4963 1145 5002 sensum
1195 4948 1561 5013 trahentibus,
1609 4949 1710 5002 hoc

135 5053 312 5108 genus
363 5037 554 5108 jejunii
603 5048 885 5109 congruat.
936 5037 1226 5110 (.Hieron.)
1283 5037 1524 5108 Sponsus
1585 5053 1711 5108 ergo

136 5130 409 5194 Christus,
441 5146 634 5200 sponsa
663 5132 905 5185 Ecclesia
933 5139 1033 5185 est.
1067 5131 1144 5186 De
1172 5146 1278 5200 quo
1321 5139 1508 5186 sancto
1547 5132 1710 5201 spiri-

138 5221 343 5288 taliqne
370 5223 639 5276 connubio
669 5203 892 5292 apostoli
921 5231 1046 5277 sunt
1078 5223 1245 5277 creati
1282 5240 1294 5275 :
1322 5223 1413 5292 qui
1458 5237 1561 5277 non
1588 5238 1713 5292 pos-

137 5316 266 5362 sunt
286 5307 472 5378 lugere
498 5320 656 5378 atque
678 5311 924 5380 jeju‘nare
968 5311 1206 5380 quandiu
1236 5326 1488 5380 sponsum
1517 5311 1570 5363 in
1595 5311 1711 5364 tha-

137 5398 280 5453 lamo
318 5400 520 5463 vident,
552 5411 604 5453 et
638 5403 807 5455 sciunt
859 5417 1109 5471 sponsum
1155 5417 1274 5456 esse
1316 5417 1436 5455 cum
1492 5417 1705 5471 sponsa.

136 5490 362 5557 Quando
392 5507 520 5545 vero
552 5494 863 5546 transierint
889 5493 1107 5561 ηιῳιίω,
1147 5508 1208 5546 ac
1241 5493 1507 5560 passionis
1535 5508 1596 5544 ac
1625 5507 1708 5546 re-

137 5580 489 5634 surrectionis
512 5589 720 5649 tempus
741 5582 1033 5645 advenerit,
1051 5593 1176 5634 tunc
1197 5581 1377 5650 sponsi
1395 5580 1484 5634 lilii
1503 5579 1706 5647 jejuna-

139 5672 289 5720 b..nt.
321 5669 535 5736 (Betim)
568 5667 869 5722 Notandum
902 5683 1025 5722 vero
1057 5669 1197 5723 hunc
1226 5669 1422 5722 luctum
1451 5669 1705 5722 absentiat

1824 3234 1945 3271 cum
1979 3219 2067 3272 illa
2119 3221 2309 3274 doceat
2340 3208 2587 3292 generale
2628 3223 2889 3293 jejunium
2933 3241 3035 3278 non
3064 3241 3090 3278 τι
3137 3230 3389 3299 concupi-

1823 3312 2026 3364 scentia
2052 3311 2293 3366 ciborum
2326 3321 2553 3380 tantum,
2607 3317 2698 3370 sed
2747 3317 2814 3371 ab
2859 3319 3003 3371 omni
3045 3319 3226 3373 laetitia
3259 3329 3391 3377 tent-

1821 3401 2083 3472 poralium
2117 3403 2552 3470 delectationum,
2589 3407 2740 3476 cujus
2769 3410 2919 3476 quasi
2953 3425 3204 3476 pannum,
3232 3412 3285 3467 id
3307 3423 3392 3468 est

1821 3499 2027 3567 partem
2079 3491 2333 3560 aliquam,
2395 3509 2512 3562 qua:
2562 3496 2628 3549 ad
2661 3496 2809 3551 cibos
2833 3499 3232 3566 ptrtinet,.dicit
3282 3517 3390 3555 non

1819 3589 2068 3649 oportere
2100 3581 2404 3638 hominibus
2443 3586 2617 3640 adhuc
2650 3589 2815 3641 veteri
2843 3590 3211 3644 consuetudini
3242 3590 3391 3645 dedi;-

1822 3673 1890 3724 tis
1920 3673 2204 3741 impertiri,
2235 3677 2359 3744 quia
2383 3684 2437 3730 et
2479 3676 2622 3733 illinc
2662 3680 2814 3747 quasi
2860 3682 3390 3738 conscissiovidetur

1822 3760 1957 3826 ﬁeri,
1991 3771 2047 3817 et
2075 3764 2172 3832 ipsi
2197 3764 2454 3821 vetustati
2483 3783 2587 3822 non
2617 3771 2880 3824 convenit.

1894 3852 2074 3922 Neque
2099 3854 2307 3917 mittunt
2335 3856 2505 3910 uinum
2537 3874 2722 3912 novum
2766 3861 2818 3912 in
2845 3871 2982 3914 utres
3020 3872 3232 3925 veteres,
3261 3864 3387 3915 alio-

1819 3948 1942 4016 quin
1971 3958 2284 4018 rumpuntur
2329 3960 2491 4016 utres,
2520 3962 2566 4004 et
2610 3953 2782 4004 vinum
2822 3953 3125 4020 effunditur,
3160 3964 3206 4006 et
3248 3965 3382 4010 utres

1818 4047 2030 4105 pereunt
2060 4051 2076 4088 :
2108 4039 2195 4091 sed
2223 4039 2392 4092 vinum
2425 4056 2611 4093 novum
2638 4041 2693 4094 in
2728 4054 2864 4094 utres
2891 4057 3044 4095 novos
3069 4044 3310 4109 mittunt,
3335 4056 3384 4099 et

1819 4130 1969 4180 ambo
2011 4140 2401 4182 conservantur.
2434 4129 2663 4184 Eosdem
2696 4145 2912 4200 quoque
2940 4133 3210 4186 veteribus
3238 4148 3383 4188 com-

1819 4229 1971 4288 parat
2020 4221 2243 4283 utribus,
2290 4237 2424 4289 qnos
2464 4222 2587 4276 vino
2622 4237 2778 4288 novo,
2827 4221 2879 4275 id
2924 4233 3007 4276 est
3056 4223 3382 4292 spiritalibus

1818 4312 2116 4380 p'.‘:1'CCpl.iS,
2147 4311 2353 4366 [.cilius
2379 4313 2634 4382 disrumpi
2668 4329 2826 4382 quam
2855 4315 2904 4368 id
2928 4330 3082 4384 posse
3107 4318 3381 4372 continere

1821 4402 1964 4454 dicit.
1995 4403 2160 4456 Erant
2190 4414 2366 4465 autem
2398 4403 2510 4473 jam
2550 4415 2696 4459 utres
2732 4407 2874 4471 novi,
2904 4422 3023 4461 cum
3051 4417 3171 4476 post
3194 4423 3379 4464 ascen-

1820 4505 1934 4544 sum
1967 4492 2174 4546 Domini
2223 4494 2489 4548 desiderio
2518 4495 2898 4550 consolationis
2929 4496 3040 4564 ejus
3084 4502 3285 4566 orando
3325 4511 3380 4556 et

1815 4583 2077 4649 sperando
2121 4584 2460 4638 innovantur.
2495 4584 2645 4639 Tunc
2675 4587 2817 4639 enim
2849 4600 3168 4656 acceperunt
3203 4589 3370 4659 Spiri-

1816 4683 1926 4726 tum
1954 4684 2221 4739 sanctum,
2258 4691 2364 4744 quo
2391 4675 2592 4745 impleti
2624 4691 2745 4730 eum
2795 4677 2989 4747 linguis
3015 4680 3261 4733 omnibus
3301 4677 3376 4734 lo-

1813 4774 2120 4832 querentur,
2159 4781 2188 4818 a
2214 4763 2412 4818 Judteis
2449 4766 2811 4820 nescientibus
2837 4807 2850 4832 ,
2898 4768 2991 4822 sed
3033 4776 3210 4821 tamen
3249 4782 3375 4824 vere

1811 4856 2210 4919 attestantibus,
2239 4857 2437 4909 dictum
2470 4864 2553 4910 est
2578 4858 2700 4924 quia
2733 4866 2898 4910 musto
2933 4857 3069 4926 pleni
3101 4868 3220 4911 sunt
3265 4859 3368 4912 isti.

1809 4943 2012 4997 Novum
2036 4945 2178 4999 enim
2206 4946 2385 4999 vinum
2410 4934 2521 5014 jam
2569 4949 2718 5000 novis
2747 4947 2952 5002 utribus
2991 4957 3231 5014 venerat,
3272 4949 3374 5006 hoe

1807 5043 1907 5095 est,
1940 5033 2174 5104 Spiritus
2197 5043 2414 5088 sanctus
2461 5033 2644 5088 fervor
2666 5035 2984 5103 spiritalium
3010 5037 3174 5091 corda
3201 5038 3372 5108 reple-

1807 5128 1974 5176 verat.
2003 5119 2270 5193 (lIieron.)
2299 5121 2484 5177 Potest
2511 5131 2565 5176 et
2612 5122 2768 5177 aliter
2797 5123 2954 5191 hujus
2985 5126 3261 5180 sententia:
3295 5125 3372 5181 al-

1807 5211 2005 5281 legoria
2026 5211 2268 5282 intelligi.
2296 5211 2409 5266 Duo
2436 5221 2612 5266 autem
2635 5214 2878 5282 exempla
2900 5209 3146 5269 Safvator
3162 5217 3366 5284 posuit;

1813 5305 2115 5358 vestimenti
2145 5312 2198 5358 et
2227 5303 2424 5357 utrium
2469 5312 2709 5357 veterum
2737 5313 2790 5358 et
2831 5319 3087 5359 novorum
3112 5322 3126 5370 ;
3159 5312 3370 5360 veteres

1813 5395 2068 5450 debemus
2097 5395 2395 5465 intelligere
2437 5394 2642 5449 scribas
2665 5403 2718 5448 et
2763 5393 3095 5461 Pharisaeos;
3132 5411 3370 5465 pannum

1810 5487 1940 5543 Novi
1971 5489 2314 5553 Testamenti,
2346 5499 2400 5543 et
2424 5489 2607 5544 vinum
2633 5503 2822 5542 novum
2852 5497 3114 5559 praecepta
3137 5501 3368 5558 evange-

1810 5578 1910 5632 lica
1960 5577 2256 5642 sentienda,
2293 5593 2412 5648 qua:
2464 5592 2568 5632 non
2609 5587 2835 5645 possunt
2889 5579 3152 5632 sustinere
3179 5575 3367 5641 Judaei,

1810 5684 1876 5723 ne
1925 5667 2094 5736 major
2142 5668 2375 5723 scissura
2407 5666 2515 5721 liat.
2549 5665 2676 5720 Tale
2705 5666 2832 5737 Quid
2857 5674 2911 5721 et
2947 5664 3149 5720 Galatae
3192 5660 3370 5722 facere
