3938 6320
149 326 255 416 ssi

1035 402 1038 406 η
1129 360 1476 418 (ΣΟΜΜΕΝΤ.
1521 362 1587 416 ῑΝ
1624 361 2058 417 ΜΑΤΤΗΔΕΙΞΜ.
2095 393 2167 403 -—-
2200 361 2327 418 LIB.
2373 363 2462 417 lli.

3305 368 3408 424 88?.

145 481 206 528 et
232 472 472 544 gentium
502 476 810 528 exterarum
847 475 994 530 natio
1023 491 1120 546 per
1148 481 1335 532 orbem
1363 481 1530 548 ccepit
1558 477 1726 532 idolo—
1755 481 1804 540 Α
1831 479 1899 533 ab
1927 479 2071 534 omni
2112 481 2393 549 iniquitate
2427 490 2770 550 peccatorum
2811 498 3051 540 meorum
3087 487 3402 543 mundabor.

143 564 329 621 latria:
358 565 510 621 sanie
538 562 748 619 fadari.
805 563 938 620 Nam
979 575 1036 619 et
1074 565 1248 622 ﬁuxus
1274 569 1560 639 sanguinis
1585 568 1724 624 bifa-

147 656 322 718 riam,
373 653 623 729 hociest,
674 661 729 708 et
776 669 938 724 super
965 655 1281 711 idololatriae
1309 659 1621 727 pollutione,
1672 667 1726 714 et

143 760 316 816 super
343 745 430 799 his
455 759 576 813 quis
612 745 794 800 carnis
835 761 899 799 ac
935 747 1213 817 sanguinis
1242 746 1600 811 delectatione
1630 765 1724 820 ge-

141 844 364 900 runtur,
384 843 562 905 potest
584 844 731 891 recte
753 835 997 906 intelligi.
1025 838 1163 908 Ergo
1185 840 1420 909 quandiu
1445 839 1725 911 Syuagoga

145 928 321 996 viguit
340 968 356 994 ,
401 927 669 983 laboravit
707 927 947 982 Ecclesia
973 948 986 982 :
1017 929 1258 988 defectus
1288 931 1428 986 illius
1459 930 1617 999 hujus
1644 942 1728 987 est

145 1034 168 1072 ι
189 1020 346 1083 irtus,
373 1020 499 1089 quia
536 1018 746 1074 illorum
773 1018 968 1086 delicto
994 1020 1138 1075 salus
1177 1019 1317 1077 facta
1347 1031 1430 1077 est
1454 1024 1721 1094 gentibus.

141 1110 377 1182 (Mum)
414 1111 524 1166 Nec
557 1111 674 1168 sine
701 1113 960 1182 mysterio
989 1114 1129 1183 quod
1162 1113 1267 1167 ﬁlia
1303 1116 1451 1185 prius
1483 1124 1721 1186 rogatur,

137 1209 199 1253 et
247 1209 425 1255 tamen
467 1201 882 1260 hzemorrhoissa
928 1204 1079 1273 prius
1121 1210 1382 1268 sanatur;
1431 1203 1555 1272 quia
1599 1203 1725 1260 licet

137 1292 471 1360 patriarcha:
496 1293 845 1363 etprophetae
868 1292 1094 1350 salutem
1119 1291 1463 1352 Hebrieorum
1488 1302 1611 1348 ante
1632 1309 1725 1364 po-

135 1384 486 1449 stulaverint,
511 1398 704 1454 magna
734 1392 914 1439 tamen
944 1383 1076 1439 ﬁdes
1101 1386 1337 1457 gentium
1365 1386 1512 1456 prius
1534 1385 1723 1441 salutis

135 1473 346 1530 donum
368 1475 692 1544 impetravit.
727 1473 996 1548 (IIieron.)
1023 1474 1156 1530 Filia
1183 1483 1361 1531 autem
1388 1477 1642 1547 principis
1667 1479 1719 1531 in

134 1567 366 1622 civitate
399 1567 531 1636 legis
559 1567 826 1634 moriens,
857 1576 909 1621 et
941 1568 999 1626 in.
1024 1569 1181 1623 domo
1211 1569 1265 1623 in
1297 1583 1402 1638 qua
1439 1570 1597 1624 unius
1625 1569 1720 1624 Dei

133 1659 322 1714 cultus
349 1674 414 1715 ac
439 1658 706 1714 confessio
732 1659 833 1714 fuit
859 1661 928 1716 ab
956 1661 1144 1716 eodem
1175 1662 1401 1718 Domino
1431 1666 1722 1726 resuscita—

134 1758 249 1805 tur.
281 1749 605 1806 [iamautem
626 1751 820 1806 mulier
839 1752 1101 1821 sanguine
1123 1753 1313 1820 ﬂuens,
1333 1769 1436 1810 non
1461 1757 1512 1810 in
1536 1757 1715 1822 domo,

131 1839 333 1952 nonin
358 1841 500 1952 urbe.
520 1841 726 1952 accedit
753 1841 819 1896 ad
850 1841 1183 1952 Dominum,
1204 1846 1514 1952 quia-juxta
1542 1849 1714 1952 legem
1744 1838 1790 1898 Β
2721 1838 2978 1940 2,33,]

129 1935 366 1993 urbibus
383 1935 788 2002 excludebatur,
823 1936 915 1992 sed
937 1939 990 1992 in
1015 1938 1228 2005 itinere,
1251 1942 1559 1998 ambulante
1583 1944 1712 2010 Deo,

131 2035 198 2079 ut
227 2024 356 2080 dum
386 2025 559 2096 pergit
587 2027 652 2081 ad
683 2027 843 2081 aliam
874 2028 978 2082 alia
1009 2038 1310 2086 curaretur.
1351 2032 1503 2089 Unde
1528 2036 1722 2092 dicunt

129 2118 193 2173 et
213 2118 441 2190 apostoli
467 2137 481 2173 :
513 2118 668 2174 Vobis
690 2121 899 2190 quidem
921 2124 1192 2191 oportebat
1210 2125 1486 2194 prwdieari
1508 2128 1713 2183 verbum

331 2209 423 2264 sed
468 2211 715 2280 quoniam
761 2212 1003 2282 indignos
1050 2231 1136 2269 vos
1177 2208 1460 2285 iudicastis
1489 2218 1710 2284 ‘salute,

129 2301 551 2372 transgredimur
575 2303 645 2356 ad
669 2313 846 2372 gentes
874 2304 1010 2376 (Act.
1041 2306 1183 2378 xm).
1237 2305 1349 2362 Nec
1384 2318 1714 2378 prmtereun-

130 2393 267 2447 dum
299 2393 442 2463 quod
477 2392 691 2449 Marcus
731 2393 1014 2466 L'ucasque
1060 2397 1246 2452 dicunt
1289 2399 1426 2455 hanc
1467 2401 1712 2462 eamdem

130 2485 428 2539 mulierem
458 2485 528 2540 in
574 2484 815 2542 medicos
845 2501 1073 2559 erogare
1112 2489 1468 2546 substantiam
1515 2508 1667 2548 suam
1688 2536 1709 2559 ,

130 2592 240 2632 nec
278 2579 346 2632 ab
374 2577 481 2637 alio
507 2593 669 2648 posse
697 2580 897 2636 curari.
955 2580 1189 2637 Medicas
1217 2584 1330 2638 sive
1362 2583 1525 2640 falsos
1553 2586 1712 2641 intel-

129 2670 353 2740 ﬁgimus
397 2671 709 2742 theologos,
760 2672 874 2738 sive
908 2671 1255 2742 philosophos
1293 2674 1580 2747 legumque
1612 2677 1711 2732 do-

128 2769 317 2815 ctores
345 2759 705 2826 saecularium,-
735 2762 827 2831 qui
855 2761 1022 2816 multa
1054 2762 1120 2816 de
1147 2763 1432 2819 virtutibus
1461 2766 1711 2835 vitiisque

128 2852 487 2908 subtilissime
513 2839 874 2924 disputantes,
910 2855 1062 2910 utilia
1087 2855 1312 2926 vivendi
1341 2858 1710 2929 credendique

127 2945 384 3002 instituta
411 2959 470 3000 se
496 2945 812 3000 mortalibus
834 2946 964 3001 dare
988 2948 1408 3016 promittebant:
1439 2964 1534 3004 seu
1561 2959 1709 3005 certe

128 3036 284 3105 ipsos
318 3037 539 3105 spiritus
575 3036 901 3103 immundos,
933 3038 1032 3109 qui
1058 3039 1208 3095 velut
1240 3041 1708 3100 hominibuscon-

127 3129 362 3184 sulendo
390 3143 512 3185 sese
540 3143 639 3200 pro
673 3129 786 3185 Deo
815 3129 1073 3187 colendos
1103 3123 1422 3204 ingerebant
1443 3143 1478 3200 ;’
1513 3136 1709 3205 quibus

126 3218 393 3281 certatim
415 3217 696 3274 audiendis
711 3220 998 3290 ‘gentiiitas
1022 3230 1224 3290 quanto
1251 3224 1419 3294 magis
1445 3226 1709 3280 naturalis

127 3307 412 3364 industrius
438 3308 584 3364 vires
611 3311 976 3376 extenderat,
1013 3321 1164 3367 tanto
1210 3314 1387 3370 minus
1429 3316 1600 3384 potuit
1641 3316 1710 3370 ab

125 3400 434 3470 iniquitatis
462 3407 572 3456 sua:
599 3403 760 3456 sorde
790 3404 1029 3473 purgari.
1068 3403 1176 3460 Sed
1201 3406 1317 3460 hanc
1340 3406 1430 3461 ubi
1456 3405 1706 3477 populum

125 3490 449 3547 Iudaeorum
484 3485 806 3562 :egrotasse,
857 3496 1254 3566 verumque’de
1283 3497 1421 3552 cmlo
1458 3500 1708 3566 cognovit

127 3585 328 3639 adesse
350 3585 637 3649 medicum,
662 3586 828 3656 capit
849 3594 906 3641 et
928 3587 1040 3656 ipsa
1068 3587 1339 3658 languoris
1357 3589 1441 3643 sui
1465 3605 1704 3660 sperare,

126 3676 338 3746 pariter
355 3683 412 3730 et
433 3675 706 3745 inquirere
731 3677 1046 3732 remedium.
1079 3677 1318 3742 Accedit,
1343 3688 1397 3735 et
1422 3679 1706 3736 Dominum

127 3769 309 3840 tangit
335 3753 576 3824 Ecclesia
601 3769 668 3825 de
696 3770 963 3840 gentibus,
1009 3785 1128 3840 qua:
1154 3771 1217 3830 ei.
1231 3786 1327 3840 per
1352 3770 1474 3826 ﬁdei
1506 3773 1705 3827 verita-

127 3870 243 3915 tem
272 3861 682 3931 appropinquat.
731 3859 952 3916 Accedit
996 3855 1172 3916 autem
1212 3871 1380 3928 retro,
1413 3863 1524 3917 sive
1551 3863 1704 3934 juxta

126 3951 184 4005 id
215 3951 369 4022 quod.
388 3952 502 4021 ipse
529 3952 604 4006 ait
627 3970 638 4006 :
674 3951 734 4008 Si
757 3954 873 4022 quis
901 3953 1026 4006 mihi
1055 3953 1335 4018 ministrat,
1360 3971 1439 4008 me
1459 3964 1707 4024 sequatur

127 4043 316 4111 (Joan.
332 4043 452 4115 xii).
482 4045 548 4121 Et
573 4044 700 4100 alibi
723 4045 1060 4116 praecipitur:
1089 4042 1218 4100 Post
1235 4045 1515 4102 Dominum
1536 4045 1704 4111 Deum

126 4142 280 4184 tuum
305 4131 630 4198 ambulabis;
661 4134 773 4188 sive
794 4134 918 4204 quia
939 4143 1256 4203 praesentem
1278 4135 1329 4188 in
1351 4149 1515 4190 carne
1537 4137 1702 4191 Deum

127 4237 239 4274 non
269 4220 488 4287 videns,
536 4226 770 4292 peractis
809 4225 1148 4294 temporaria:
1175 4225 1589 4294 dispensationis
1619 4243 1705 4282 sa-

125 4312 472 4377 cramentis,
493 4311 604 4380 jam
639 4328 736 4383 per
765 4313 926 4368 ﬁdem
954 4314 1119 4382 cmpit
1164 4313 1280 4383 ejus
1310 4315 1536 4386 vestigia
1582 4317 1704 4372 sub-

126 4403 305 4473 sequi.
344 4402 537 4473 Tangit
562 4412 739 4458 antem
771 4403 1038 4460 ﬁmbriam
1066 4406 1393 4472 vestimenti,
1422 4416 1477 4463 et
1505 4407 1702 4462 undam

126 4495 408 4565 restringit
437 4497 727 4566 sanguinis,
755 4497 880 4567 quia
906 4497 1094 4552 beatus
1121 4507 1174 4552 et
1195 4513 1318 4552 vere
1343 4500 1698 4565 mandandus,

125 4586 222 4656 qui
255 4585 337 4639 vel
377 4594 674 4641 extremam
703 4589 854 4642 verbi
895 4595 1105 4657 partem
1135 4588 1257 4642 ﬁdei
1292 4603 1452 4643 manu
1479 4590 1655 4661 tetigit
1682 4609 1694 4643 :

126 4681 257 4730 nam
291 4690 444 4729 rarus
471 4676 644 4740 valde,
666 4675 754 4746 qui
784 4674 900 4744 ejus
928 4675 1007 4730 vel
1039 4676 1091 4729 in
1121 4683 1336 4745 pectore
1365 4678 1697 4742 recumbere,

124 4767 214 4823 vel
243 4775 404 4836 caput
431 4777 700 4822 mereatur
724 4769 912 4837 pistica
944 4769 1114 4823 nardo
1143 4783 1467 4839 perungere;
1499 4785 1619 4823 cum
1646 4778 1700 4822 et

126 4859 219 4914 ille
248 4874 476 4928 magnus
505 4857 661 4912 fuerit
691 4860 782 4929 qui
812 4875 869 4914 se
899 4861 1170 4930 indignum
1203 4861 1415 4916 dicebat
1445 4860 1560 4930 ejus
1590 4862 1698 4916 cal-

122 4958 408 5006 (camenta
449 4958 664 5019 portare
692 4969 703 5003 :
741 4968 930 5021 magna
962 4961 1015 5006 et
1045 4951 1130 5006 illa
1162 4968 1279 5021 qua:
1311 4969 1508 5025 ungere
1536 4955 1699 5024 pedes

124 5042 248 5110 cjus
277 5052 331 5096 et
359 5043 565 5112 capillis
593 5045 705 5098 suis
733 5052 938 5114 tergere
966 5048 1282 5115 promeruit.

199 5132 418 5185 Dicebat
461 5134 594 5186 enim
643 5133 778 5186 intra
817 5152 870 5188 se
894 5151 911 5187 :
949 5134 1006 5189 Si
1047 5137 1257 5204 tetigero
1299 5145 1499 5190 tantum
1541 5139 1697 5191 vesti-

126 5231 361 5278 mentum
389 5225 526 5295 ejus,
556 5225 700 5278 salva
728 5242 832 5278 ero.
867 5226 1090 5297 (lilium)
1125 5227 1248 5282 Hinc
1277 5228 1475 5283 locutio
1506 5231 1700 5284 mentis

128 5314 345 5366 interna
386 5311 512 5375 fuit,
548 5320 601 5366 et
630 5327 691 5366 ex
727 5313 905 5366 radice
954 5315 1074 5368 ﬁdei
1124 5316 1422 5384 processit,
1476 5325 1530 5370 et
1578 5319 1697 5372 ideo

126 5410 279 5458 recte
325 5401 550 5457 salutem
603 5405 930 5471 promeruit,
983 5407 1106 5472 quia
1155 5404 1308 5458 corde
1357 5408 1586 5460 creditur
1629 5411 1697 5461 ad

122 5492 426 5564 justitiam,
480 5509 568 5545 ore
618 5503 787 5545 autem
840 5495 1092 5562 confessio
1142 5495 1199 5563 ﬁt
1241 5495 1414 5566 (Rom.
1450 5497 1539 5567 x);
1596 5506 1696 5552 et:

129 5582 320 5639 Omnis
364 5583 452 5652 qui
502 5583 813 5637 invocaverit
855 5603 1038 5638 nomen
1079 5587 1319 5650 Domini,
1373 5589 1548 5642 salvus
1602 5590 1699 5642 erit

130 5670 345 5744 (Ibid.).
396 5672 538 5727 Dixit
562 5673 702 5727 enim
731 5689 744 5725 :
790 5673 848 5728 Si
877 5676 1088 5743 tetigero
1117 5685 1316 5729 tantum
1345 5677 1697 5732 vestimentum

138 5762 271 5829 ejus,
298 5763 438 5820 salva
461 5781 568 5830 ero,
594 5765 636 5819 si
666 5763 821 5819 ﬁJem
846 5780 1135 5829 percepero
1159 5769 1536 5825 incarnationis
1561 5769 1695 5834 cius.

1829 569 2090 637 Credidit,
2123 571 2282 638 dixit,
2316 573 2506 643 tetigit.
2553 572 2822 647 (Hier-on.)
2859 577 2920 630 In
2944 577 3027 632 his
3059 578 3202 631 enim
3236 579 3407 633 tribus

1829 663 2108 731 speciebus
2142 665 2344 720 sanitas
2377 666 2554 719 omnis
2585 675 2946 736 promeretur,
2991 667 3042 722 id
3072 677 3153 722 est
3185 669 3238 722 iu
3279 670 3404 732 tidc,

1827 755 1992 809 verbo
2032 763 2088 811 et
2124 771 2306 826 Opere.
2357 755 2516 811 Juxta
2549 757 2717 827 legem
2752 757 2935 829 (Leuit.
2965 759 3055 829 xv)
3088 760 3177 829 qui
3212 760 3391 814 mulie-

1828 863 1942 904 rem
1973 858 2362 904 menstruatam
2389 858 2501 929 .aut
2544 849 2795 906 ﬂuentem
2826 851 3086 921 sanguine
3129 852 3365 922 tetigerit
3389 894 3402 918 ,

1827 945 2133 999 immundus
2161 954 2275 1011 est;
2311 946 2411 1001 ista
2442 943 2562 1002 ideo
2594 949 2764 1019 tangit
2790 949 3073 1005 Dominum
3103 958 3161 1006 ut
3187 953 3394 1022 sangui-

1826 1035 1912 1089 nis
1937 1035 2067 1091 vitio
2097 1036 2258 1091 etiam
2292 1038 2405 1106 ipsa
2433 1046 2655 1094 curetur
3255 1046 3261 1052 ’

1899 1142 1962 1196 Et
1990 1141 2144 1198 Iesus
2174 1162 2470 1213 conuersus,
2510 1155 2559 1201 et
2600 1149 2776 1204 ridens
2813 1163 2928 1205 eam
2958 1152 3126 1207 dixit:
3158 1153 3396 1224 Con/ide.

1823 1234 1957 1302 ﬁlia,
1985 1234 2118 1303 ﬁdes
2146 1245 2242 1290 tua
2265 1245 2313 1292 te
2342 1238 2541 1292 salvam
2566 1239 2713 1308 fecit.
2765 1241 2988 1315 (Μλυι.)
3025 1241 3329 1302 Οοηνδηυδ
3364 1263 3396 1301 a

1824 1329 2111 1388 severitate
2136 1327 2268 1396 justi
2294 1328 2482 1398 judicii
2523 1331 2590 1385 ad
2631 1334 3013 1390 misericordiae
3042 1350 3152 1390 suae
3179 1335 3397 1408 largita-

1825 1428 1929 1473 tem
1949 1461 1962 1484 ,
2013 1429 2071 1474 ut
2101 1437 2167 1475 ex
2198 1423 2340 1478 vasis
2365 1424 2466 1479 ira:
2492 1424 2694 1481 laceret
2724 1442 2848 1482 vasa
2879 1427 3290 1497 misericordiae,
3343 1441 3398 1489 et

1824 1509 1977 1565 ﬁeret
2012 1513 2154 1580 quod
2198 1514 2313 1583 ipse
2351 1516 2602 1584 promisit
2638 1532 2738 1586 per
2773 1520 3120 1589 prophetam,
3165 1523 3390 1580 dicens:

1822 1599 2193 1656 Convertimini
2229 1605 2299 1657 ad
2333 1621 2450 1670 me,
2498 1615 2545 1661 et
2591 1624 2682 1678 ego
2726 1619 3012 1667 conveer
3051 1613 3121 1667 ad
3169 1631 3275 1679 vos,
3317 1619 3392 1670 ait

1819 1693 2081 1776 Damius
2130 1693 2315 1769 (Zacb.
2355 1699 2458 1771 ut).
2511 1701 2708 1757 Videas
2747 1718 2864 1757 eam
2908 1705 3046 1760 dixit
3085 1705 3229 1778 (quia
3265 1725 3392 1779 quos

1818 1788 2076 1855 praesciuit
2101 1797 2148 1841 et
2175 1789 2582 1858 praedestinavit,
2605 1792 2698 1847 bos
2720 1802 2770 1847 st
2794 1796 2988 1849 vocavit
3015 1793 3186 1867 [Rom
3214 1796 3388 1870 vnlj):

2985 1885 3150 1941 ﬁdere
3185 1886 3347 1956 jussit
3369 1891 3402 1942 ἲν

1817 1970 1944 2039 quia
1972 1971 2016 2025 si
2045 1969 2203 2026 ﬁdem
2234 1987 2340 2027 non
2371 1972 2626 2038 haberet,
2657 1974 2882 2030 salutem
2912 1975 2980 2031 ab
3009 1991 3075 2031 eo
3103 1992 3209 2032 non
3242 1982 3390 2048 quas!

1818 2069 2000 2127 reret;
2059 2063 2152 2118 sed
2200 2062 2370 2119 robur
2419 2071 2474 2119 et
2526 2066 2983 2134 perseverantiam
3035 2067 3158 2123 ﬁdei
3210 2069 3278 2123 ab
3306 2083 3392 2124 ea

1814 2150 2127 2224 postulavit,
2149 2164 2208 2210 ut
2230 2155 2296 2210 ad
2316 2163 2522 2212 certam
2546 2165 2603 2212 et
2621 2172 2803 2213 veram
2828 2160 3101 2229 perveniat
3127 2160 3352 2220 salutem
3374 2182 3386 2216 :

1816 2247 1941 2315 quia
1987 2248 2078 2317 qui
2123 2250 2516 2319 perseveraverit
2565 2253 2620 2304 in
2665 2250 2861 2320 ﬁnem,
2913 2254 2998 2308 hic
3047 2253 3220 2308 salvus
3269 2257 3387 2309 erit.

1817 2336 2086 2409 (Hieron.)
2117 2338 2353 2408 Con/ide,
2385 2341 2481 2403 ait,
2513 2341 2646 2410 ﬁlia,
2680 2343 2803 2411 quia
2830 2342 2960 2410 fides
2988 2354 3079 2398 tua
3114 2340 3388 2399 te'saloam

1813 2428 1956 2498 fecit.
2009 2428 2131 2484 Ideo
2157 2429 2298 2498 ﬁlia,
2337 2430 2460 2501 quia
2487 2430 2618 2500 ﬁdes
2644 2441 2736 2485 tua
2765 2431 2965 2486 salvam
3001 2443 3048 2488 te
3084 2427 3224 2502 fecit.
3279 2433 3388 2490 Nec

1815 2520 1987 2576 dixit:
2040 2520 2174 2588 Quia
2225 2521 2354 2576 ﬁdes
2403 2531 2493 2577 tua
2543 2522 2747 2578 salvam
2795 2530 2848 2578 te
2894 2523 3098 2579 factura
3128 2534 3242 2589 est,
3294 2527 3388 2580 sed

1732 2653 1738 2662 .
1813 2609 2010 2664 salvam
2040 2610 2178 2679 fecit.
2214 2611 2280 2667 .Iu
2307 2626 2371 2666 eo
2397 2611 2564 2676 enim,
2588 2611 2730 2682 quod
2762 2613 3068 2678 credidisti,
3099 2615 3211 2685 jam
3239 2615 3386 2670 salva

1813 2699 1953 2755 facta
1985 2715 2078 2773 es.‘

1884 2812 1953 2867 Et
1981 2812 2124 2868 salua
2154 2814 2295 2882 facta
2324 2823 2398 2868 est
2419 2813 2617 2868 mulier
2642 2831 2706 2869 ea:
2733 2813 2827 2870 illa
2855 2816 3004 2869 liora.
3047 2813 3273 2888 (Manli)
3307 2816 3385 2872 Ex

1812 2906 1943 2960 liora
1981 2919 2108 2975 ergo
2145 2904 2405 2959 Dominici
2442 2906 2702 2961 adventus
2732 2907 2846 2961 haec
2875 2904 3068 2961 mulier
3098 2906 3385 2962 sanitatem

1812 2999 1977 3068 cmpit
2011 2998 2255 3074 habere,
2283 3006 2339 3052 et
2366 2998 2605 3067 quotidie
2639 2999 2708 3074 in!
2729 2983 2812 3053 his
2839 3000 2932 3069 qui
2968 2998 3035 3053 de
3071 2998 3383 3055 inﬁdelitate

1811 3090 1878 3144 ad
1921 3089 2078 3145 ﬁdem
2117 3072 2521 3153 convertuntur,
2556 3072 2852 3156 salvantur,
2889 3083 3126 3163 quotidie
3156 3090 3383 3148 Domino

1736 3188 1780 3250 (ζ
1814 3183 2062 3251 augente,
2091 3183 2180 3252 qui
2213 3182 2345 3237 salvi
2373 3182 2506 3238 ﬁant
2532 3184 2584 3238 in
2615 3182 2665 3237 id
2694 3183 2888 3255 ipsum.

1879 3292 1947 3346 Et
1986 3309 2103 3347 cum
2139 3296 2355 3350 venisset
2394 3294 2547 3349 Iesus
2592 3297 2648 3349 in
2688 3297 2900 3351 domum
2938 3300 3280 3370 principis,“
3307 3302 3383 3358 vi-

1807 3385 1966 3439 disset
2011 3385 2266 3450 tibicines,
2311 3394 2358 3438 et
2403 3387 2611 3440 turbam
2653 3387 3089 3453 tumultuantem,
3133 3389 3383 3448 dicebat:

1809 3473 2070 3528 Becedite.
2099 3473 2369 3546 (Hierom)
2396 3473 2575 3545 Usque
2597 3476 2758 3530 hodie
2781 3476 2951 3546 puella
2971 3476 3117 3547 jacet
3143 3479 3195 3534 in
3219 3479 3382 3537 domo

1805 3565 2063 3635 principis
2093 3573 2413 3630 mortuavet
2439 3566 2532 3636 qui
2559 3567 2809 3622 videntur
2834 3568 3096 3640 magistri,
3129 3571 3380 3637 tibicines

1807 3667 1964 3722 sunt,
2005 3671 2224 3712 carmen
2256 3657 2482 3729 lugubre
2512 3667 2788 3716 canentes.
2823 3659 3000 3714 Turba
3029 3659 3246 3733 quoque
3276 3662 3372 3718 Ju-

1805 3749 2047 3808 dazorum
2082 3750 2196 3824 non!
2225 3757 2308 3803 est
2345 3749 2498 3803 turba
2539 3748 2910 3824 credentium,
2959 3751 3053 3806 sed
3089 3750 3241 3806 turba
3290 3762 3376 3809 tu-

1805 3841 2205 3896 multuantium.
2252 3840 2397 3909 ,Quia
2436 3857 2567 3896 vero
2616 3840 2900 3915 Synagoga
2948 3844 3189 3900 laetitiam
3237 3847 3378 3903 hanc

1776 3915 2097 3999 ,Dbminicas
2130 3934 2536 3991 inhabitationis
2572 3924 2767 3991 merito
2798 3935 3130 3993 inﬁdelitatis
3159 3938 3341 3996 amisit
3359 3984 3376 4004 ,

1805 4024 1958 4093 quasi
2004 4025 2146 4079 inter
2172 4023 2358 4080 ﬁentes
2404 4033 2458 4080 et
2500 4025 2762 4094 ejulantes
2800 4035 3012 4082 mortua
3043 4025 3209 4097 jacet.
3265 4029 3376 4086 Nec

1805 4124 1984 4170 tamen
2016 4131 2244 4186 superna
2274 4117 2444 4187 pietas
2475 4117 2714 4173 funditus
2745 4133 2862 4174 eam
2892 4120 3114 4176 interire
3135 4123 3371 4192 patitur:

1803 4207 1932 4276 quin
1961 4207 2138 4276 potius
2168 4208 2314 4262 circa
2345 4206 2505 4262 ﬁnem
2534 4208 2713 4262 szeculi
2745 4209 3000 4280 reliquias
3029 4211 3144 4281 ejus
3176 4225 3373 4274 secun-

1804 4297 1929 4358 dum
1957 4295 2270 4353 electionem
2298 4290 2493 4368 κακίω
2509 4297 2670 4353 saluti
2697 4308 2752 4355 et
2775 4299 2896 4355 vita:
2923 4301 3185 4356 restituet.
3219 4301 3373 4363 Unda

1803 4395 1928 4457 apte
1949 4387 2320 4458 subjungitur:
3330 4463 3332 4465 b

1880 4495 2004 4550 Non
2036 4505 2108 4550 est
2138 4495 2274 4550 enim
2306 4507 2509 4551 mortua
2536 4497 2736 4568 puella,
2775 4516 2864 4554 sea
2907 4501 3118 4555 dormit.
3159 4501 3372 4574 (Beda.)

1807 4587 2123 4643 Hominibus
2151 4597 2358 4642 mortua
2379 4629 2394 4653 ,
2424 4589 2514 4659 qui
2542 4591 2802 4645 suscitare
2829 4593 3213 4661 nequiverant,
3264 4591 3372 4650 Deo

1805 4679 2125 4734 dormiebat.
2177 4679 2233 4732 In
2265 4678 2418 4747 cujus
2445 4680 2798 4748 dispositione
2836 4689 2890 4736 et
2933 4683 3109 4736 anima
3157 4693 3369 4754 recepta

1805 4769 2040 4833 vivebat,
2070 4778 2126 4823 et
2153 4785 2282 4824 caro
2313 4770 2679 4825 resuscitanda
2707 4772 3036 4840 quiescebat.
3078 4772 3228 4830 Unde
3256 4788 3372 4832 m03

1805 4858 2141 4914 Christianus
2167 4860 2401 4916 obtinuit
2423 4871 2480 4915 ut
2507 4863 2727 4927 mortui,
2753 4863 2845 4935 qui
2871 4866 3226 4924 resurrecturi
3252 4881 3371 4922 esse

1807 4965 1912 5004 non
1941 4950 2268 5016 dubitantur,
2306 4951 2635 5010 dormientes
2662 4962 2944 5020 vocentur,
2981 4955 3119 5010 sicut
3145 4955 3373 5024 Apo.to~

1805 5040 1890 5094 lus
1913 5027 1942 5093 ε’
1963 5037 2243 5107 Nolumus,
2281 5043 2477 5112 inquit.
2505 5059 2592 5097 vos
2619 5044 2880 5113 ignorare,
2911 5045 3121 5114 fratres,
3155 5047 3219 5100 de
3243 5047 3371 5101 don-

1804 5131 2106 5197 mientibus,
2138 5144 2333 5186 utnon
2359 5132 2754 5198 contristemini,
2789 5134 3004 5191 sicut,“
3039 5137 3244 5206 ueteri,
3282 5139 3371 5206 qui

1802 5238 1941 5291 spem
1973 5238 2074 5274 non
2100 5222 2286 5276 habent
2316 5221 2368 5292 (I
2400 5221 2576 5275 Thess.
2602 5223 2698 5292 iv).
2749 5222 2856 5279 Sed
2886 5232 2940 5279 et
2973 5225 3026 5278 in
3056 5234 3208 5295 parte
3237 5225 3367 5279 alle-

1802 5313 2002 5383 goriae,
2052 5328 2180 5368 cum
2233 5314 2409 5366 anima
2454 5328 2570 5382 qua:
2623 5316 2906 5382 peccaverit
2955 5316 3068 5384 ipsa
3119 5312 3383 5369 morietur

1803 5404 2017 5474 (Ezech.
2043 5405 2195 5475 xviii)
2215 5446 2230 5469 ,
2269 5413 2444 5459 tamen
2477 5419 2540 5460 ea
2566 5421 2727 5475 quam
2760 5406 3015 5461 Dominus
3045 5408 3366 5462 resuscitan-

1803 5495 1924 5548 dam
1951 5501 2112 5563 atque
2138 5495 2204 5549 ad
2229 5493 2392 5548 vitam
2417 5503 2672 5550 aeternam
2701 5497 2945 5565 praevidit
2968 5512 3086 5552 esse
3112 5496 3363 5559 futuram,

1803 5587 1957 5641 nobis
1987 5587 2201 5655 quidem
2231 5595 2441 5640 mortua
2473 5585 2784 5650 fuisse,.sed
2820 5587 2868 5641 ei
2899 5588 3232 5642 obdormisse
3262 5587 3368 5642 dici

1805 5691 1909 5730 non
1950 5677 2242 5747 incongrue
2285 5684 2478 5746 potest.
2540 5676 2762 5750 (lilium)
2811 5674 2916 5732 Sed
2959 5677 3085 5747 quia
3129 5675 3365 5749 perﬁdia:

1806 5768 2081 5832 oroorium
2111 5778 2222 5830 est,
2263 5784 2368 5823 non
2402 5782 2681 5823 assensum
2716 5768 2953 5836 pmbcre
2984 5766 3225 5832 veritati,
3272 5765 3366 5822 sed
