3938 6324
628 211 731 265 εδδ

1294 213 1351 271 Β.
1393 216 1648 276 llABA‘Nl
1687 221 1906 281 “Atilii
1943 226 2162 282 ARCHIJ

2305 229 2610 287 MOGUNT.
2648 234 2934 294 OPERUM
2972 239 3151 299 PARS
3185 243 3229 298 l.

3787 215 3896 312 sul

628 325 956 390 repugnare,
997 323 1371 394 blasphemam
1405 331 1722 399 qualitatem
1761 335 1958 391 utentis
1989 333 2201 391 Iudato-
2232 341 2274 396 Α
2309 339 2441 394 tavit
2477 341 2638 398 tiliam
2666 347 3071 423 archisynagogi
3107 355 3344 412 nondum
3376 358 3528 416 foras
3553 361 3770 428 elatam,
3793 323 3898 428 Idl

628 427 750 466 runt
783 415 1118 483 evangelista
1143 418 1402 486 ostendit,
1431 422 1653 480 dicens:

701 502 778 556 Et-
793 503 1100 560 deridebant
1131 519 1268 563 eum.
1303 509 1429 568 Haec
1449 513 1630 568 irrisio
1651 514 1926 571 levitatem
1950 529 2005 573 et
2025 520 2203 588 pueri-

623 591 834 650 litatem
864 610 1058 653 sensus
1082 637 1097 664 ,
1148 607 1204 654 ct
1230 601 1511 657 lasciviam
1543 619 1753 660 morum
1776 649 1790 672 ,
1837 618 1893 662 et
1923 609 2202 678 perfidiam
2239 637 2241 639 ι

621 684 788 738 animi
823 683 1147 763 Iudteorum
1168 689 1502 746 demons‘rat
1530 733 1544 756 ,
1593 695 1662 750 de
1707 697 1905 766 quibus
1933 694 2199 769 scriptum

621 783 742 830 est:
777 773 1120 832 Tentarcrsntt
1147 795 1246 840 me,
1276 791 1323 833 et
1351 781 1672 852 deriserunt,
1705 777 1993 844 striderunt
2029 794 2093 845 in
2119 807 2198 846 me

620 865 861 921 dentibus
886 869 996 921 suis
1022 867 1199 939 (Psal.
1229 873 1435 942 χχχιιι).
1676 917 1680 925 τ
1971 895 1976 898 '

690 957 933 1036 Etcum
954 957 1120 1029 ejecta
1149 972 1280 1016 esset
1315 966 1493 1031 turba,
1523 969 1762 1022 intravit.
1809 971 1941 1036 Quia
1973 975 2192 1029 verbum

618 1033 992 1103 resuscitantis
1021 1051 1250 1109 irridere
1279 1070 1441 1124 quam
1468 1059 1692 1114 credere
1735 1061 2037 1131 malebant,
2083 1082 2194 1122 me-

608 1137 722 1211 rito
744 1135 895 1193 foras
918 1140 1299 1213 exc-liniuntur,
1319 1155 1378 1199 ut
1400 1157 1525 1217 pote
1550 1133 1755 1220 indigni
1783 1154 1873 1222 qui
1896 1158 2208 1224 potentiam

612 1227 992 1284 resuscitautis
1047 1247 1110 1287 ac
1164 1237 1495 1310 resurgentis
1554 1243 1872 1310 mysterium
1921 1247 2185 1303 viderent.

613 1310 729 1370 Non
761 1329 916 1372 erant
947 1319 1091 1389 digiti
1130 1331 1188 1375 ut
1214 1322 1456 1395 viderent
1487 1331 1810 1398 mysterium,
1835 1340 2185 1408 resurgentis,

610 1409 1152 1480 quiresuscitantcm
1197 1407 1436 1485 indignis
1477 1422 1818 1480 contumeliis
1847 1407 2183 1485 deridebant'.

608 1501 740 1555 ltem
772 1502 1046 1556 moraliter
1075 1503 1222 1560 foras
1253 1509 1407 1574 turba
1435 1509 1650 1578 eiicitur
1675 1523 1731 1568 ut
1757 1517 1932 1584 puella
1960 1523 2185 1577 suscite-

608 1603 737 1651 tur:
780 1596 908 1663 quia
959 1597 1004 1650 si
1056 1613 1164 1651 non
1214 1601 1364 1669 prius
1395 1618 1424 1656 a
1457 1607 1844 1669 secretioribus
1885 1614 2062 1674 cordis
2091 1631 2216 1669 ext--

2227 492 2230 495 _
2308 430 2361 483 in
2411 432 2570 489 domo
2615 446 2882 493 mortuam
2908 481 2922 506 ,
2966 445 3125 512 quasi
3160 448 3349 502 vitium
3396 462 3612 508 secreto
3642 454 3696 508 in
3726 430 3915 517 θοι-ιέει

2308 527 2592 590 tegentem.
2643 524 2745 579 Alii
2777 542 2880 582 non
2904 531 3084 585 solum
3132 538 3305 592 noxia:
3354 540 3711 599 delectationi
3757 562 3854 601 eos

2304 613 2599 680 sentiendo,
2633 618 2726 672 sed
2756 627 2814 673 et
2846 612 3017 691 ipsum
3046 626 3242 682 malum
3273 645 3382 698 quo
3413 634 3756 691 delectantur
3783 641 3853 692 im-
3891 629 3906 698 ι’

2302 701 2514 769 plendo,
2551 709 2821 763 mortuum
2850 725 3004 766 suum
3038 719 3191 785 quasi
3224 729 3376 773 extra
3409 734 3597 791 portas
3628 725 3850 790 ederunt,

2301 799 2355 844 et
2386 793 2484 849 hos
2511 810 2587 861 se,
2632 799 2676 854 si
2718 801 3054 870 poeniteant,
3107 810 3434 866 resuscitare
3464 815 3853 882 demonstrans.

2208 909 2217 915 -
2301 885 2579 942 suscitavit
2604 887 2856 958 juvenem
2901 893 3070 949 ﬁlium
3102 900 3272 954 vidua:
3319 900 3477 957 extra
3527 917 3721 976 portas
3751 913 3852 966 citi-

2299 973 2428 1027 tatis
2454 975 2674 1031 elatum.
2714 979 2781 1034 Et
2820 983 3048 1038 reddidit
3075 991 3232 1042 matri
3257 1006 3368 1045 sua
3397 973 3552 1064 (Late.
3583 999 3713 1068 vn),
3750 1005 3851 1068 quis

2298 1062 2700 1133 resipisceutem
2757 1085 2786 1124 a
2840 1077 3050 1140 peccati
3102 1079 3342 1135 tenebris
3389 1062 3631 1140 animam
3667 1062 3849 1146 uni-tati

2296 1155 2528 1210 restituit
2552 1158 2822 1217 Ecclesiae.
2847 1161 3083 1230 Quidam
3098 1183 3228 1225 vero
3253 1186 3358 1226 non
3382 1174 3560 1230 solum
3587 1163 3853 1248 cogitando

2296 1243 2375 1297 vel
2407 1245 2650 1303 faciendo
2686 1249 2868 1308 illicita
2888 1293 2902 1319 ,
2935 1257 3027 1310 sed
3056 1266 3110 1311 et
3143 1259 3254 1328 ipsa
3286 1265 3550 1331 peccandi
3580 1243 3848 1325 consueta-

2293 1335 2417 1390 dine
2443 1353 2501 1392 se
2530 1342 2680 1408 quasi
2712 1343 3016 1412 sepeliendo
3043 1352 3423 1420 Corrumpunt;
3454 1369 3775 1413 verum-nec
3799 1365 3851 1415 ai

2291 1425 2390 1479 hos
2426 1428 2704 1498 erigendos
2749 1433 2924 1488 minor
2955 1437 3014 1490 lit
3041 1439 3212 1494 virtus
3242 1451 3297 1494 et
3329 1445 3502 1513 gratia
3544 1445 3847 1514 Salvatoris,

2288 1516 2332 1569 si
2361 1525 2532 1571 tamen
2564 1519 2750 1581 adsint,
2767 1525 3121 1594 cogitationes
3145 1528 3411 1596 sollicita},
3438 1549 3561 1604 qua:
3588 1551 3754 1607 super
3773 1555 3850 1594 eo-

2290 1622 2404 1659 rum
2435 1609 2626 1673 salute,
2651 1612 2796 1666 velut
2822 1613 3024 1669 devota:
3049 1617 3265 1675 Christo
3292 1635 3531 1690 sorores,
3559 1627 3845 1698 invigilant.

605 1685 835 1755 pellatur
864 1688 1167 1757 importuna
1205 1692 1544 1761 saecularium
1577 1698 1870 1760 multitudo
1895 1719 2160 1772 curarum

2288 1697 2428 1752 Nam
2473 1702 2536 1755 ad
2593 1705 2692 1758 hoc
2749 1705 3100 1763 intimandum
3156 1715 3497 1770 resuscitavit
3553 1717 3844 1788 Lazarum,

603 1777 808 1842 anima,
838 1792 956 1846 quae
989 1779 1311 1837 intrinsecus
1335 1783 1480 1852 jacet
1511 1799 1739 1853 mortua,
1768 1807 1872 1846 non
1903 1806 2177 1865 resurget;

603 1863 727 1930 nam
753 1867 877 1921 dum
905 1862 1078 1938 seper
1101 1872 1412 1930 innmueras
1436 1886 1774 1935 terrenorum
1795 1884 2180 1943 desideriorum

601 1959 957 2035 cogitationes
987 1963 1224 2032 spargit,
1269 1965 1334 2018 ad
1375 1969 1860 2032 considerationem
1893 1977 1982 2040 sui
2009 1978 2180 2032 nulla-

599 2059 758 2104 tenus
780 2065 900 2105 sese
921 2053 1143 2123 colligit.
1179 2055 1285 2112 Nec
1309 2063 1742 2127 praetereundum
1767 2066 2020 2133 arbitror,
2036 2071 2178 2139 quod

597 2138 767 2205 ejecta
798 2140 970 2205 turba,
1001 2146 1292 2216 secundum
1323 2148 1480 2204 Luca:
1510 2150 1876 2226 Evangelimn,
1908 2161 2174 2214 neminem

597 2247 780 2286 secum
811 2232 1058 2308 Salvator
1091 2239 1143 2293 in
1175 2243 1390 2295 domum
1422 2246 1669 2313 permisit
1696 2249 1915 2314 intrare,
1951 2254 2051 2306 nisi
2080 2253 2186 2308 Pe-.

597 2329 771 2386 trum,
803 2321 1058 2379 Iacobum
1095 2337 1149 2382 et
1174 2327 1468 2396 Joannem,
1506 2343 1560 2388 et
1591 2345 1797 2408 patrem
1846 2350 1899 2392 et
1947 2351 2174 2408 matrem

593 2413 816 2481 puellae,
855 2427 913 2470 ut
945 2418 1000 2471 in
1033 2421 1130 2474 hoc
1167 2423 1563 2489 deu‘tonstraret
1595 2444 1698 2482 non
1732 2430 2055 2502 blasphemis
2096 2450 2174 2488 re-

593 2505 816 2560 velanda
844 2522 962 2563 esse
991 2511 1168 2565 divina
1198 2517 1474 2582 mysteria,
1508 2519 1600 2572 sed
1628 2520 1894 2587 fidelibus,
1921 2540 2023 2578 non
2055 2526 2173 2579 irri-

590 2597 828 2663 soribus,
859 2599 951 2653 sed
981 2601 1311 2670 doctoribus,
1344 2608 1432 2676 qui
1469 2611 1762 2678 potentiam
1793 2611 1960 2668 divini
1992 2618 2170 2685 operis

590 2687 964 2743 honorandam
997 2705 1120 2746 esse
1144 2695 1366 2761 scirent,
1401 2713 1506 2754 non
1537 2699 1865 2755 irridendam
1885 2743 1897 2766 ,
1931 2711 1988 2756 ut
2020 2704 2171 2759 ﬁeret

589 2779 734 2848 quod
760 2779 886 2834 alibi
917 2782 1028 2850 ipse
1054 2781 1304 2839 Salvator
1331 2786 1407 2841 ait
1432 2807 1443 2840 :
1476 2773 1778 2857 Iustiﬁcata
1810 2802 1886 2846 est
1915 2796 2168 2863 sapientia

587 2886 622 2922 α
647 2869 773 2938 ﬁliis
802 2871 909 2924 suis
940 2871 1152 2942 (Matth.
1183 2877 1282 2945 xu).
1335 2876 1548 2956 Quibus,
1568 2891 1688 2950 post
1720 2888 2166 2941 resurrectionem

586 2976 743 3015 suam
773 2963 886 3032 ipse
915 2964 1051 3018 dixit
1077 2985 1087 3019 :
1123 2966 1287 3022 Eritis
1315 2970 1443 3024 mihi
1474 2981 1625 3026 testes
1657 2975 1707 3026 in
1741 2973 2088 3039 Hierusalem,
2115 2989 2162 3031 et

2285 1799 2514 1873 quatuor
2553 1793 2667 1847 dies
2715 1793 2768 1847 in
2817 1808 3162 1856 monumento
3192 1803 3516 1873 habentem,
3572 1819 3628 1864 et
3675 1826 3844 1869 sorore

2275 1867 2570 1937 'a'ttestante
2619 1885 2731 1953 jam
2787 1885 3086 1970 fetentem;
3150 1896 3276 1962 quia
3324 1867 3579 1951 nimirum
3630 1905 3844 1970 pessima

2280 1974 2467 2028 noxios
2495 1983 2647 2030 aetus
2682 1977 2818 2045 solet
2846 1978 2986 2034 fama
3014 1968 3284 2058 comitari.
3336 1968 3646 2045 Notandum
3674 2006 3840 2049 autem

2280 2062 2418 2132 quod
2462 2075 2676 2135 quantO’
2695 2070 2913 2137 gravior
2942 2071 3134 2128 anima:
3177 2089 3331 2129 mors
3367 2077 3664 2148 ingruerit,
3710 2090 3843 2139 tanto

2278 2157 2459 2209 acrior
2485 2171 2708 2213 necesse
2736 2168 2922 2224 est,’ut
2952 2170 3232 2234 resurgere
3264 2178 3557 2233 mereatur,
3579 2171 3842 2238 peniten-

2276 2246 2346 2297 tis
2369 2245 2804 2304 fervor-insistat:
2832 2246 2952 2323 nam
2983 2255 3210 2334 leviores
3235 2268 3288 2311 et
3309 2261 3608 2328 quotidiani
3643 2276 3840 2321 erratas

2277 2337 2492 2391 levioris
2524 2337 2862 2407 poenitentia
2894 2353 3120 2410 possunt
3149 2331 3408 2401 "remedio
3439 2351 3644 2404 curari.
3699 2351 3836 2420 Quod

2273 2427 2485 2480 occulte
2513 2427 2697 2482 volens
2725 2432 3011 2485 ostendere
3039 2432 3316 2497 Dominus,
3339 2433 3614 2502 iacentem
3646 2439 3699 2492 in
3728 2455 3834 2494 coa-
3914 2457 3915 2502 ι

2272 2514 2410 2568 clavi
2443 2525 2706 2569 mortuam
2737 2517 2984 2572 facillima
3017 2510 3079 2576 ac
3109 2522 3421 2580 brevissima
3453 2542 3598 2584 voce
3619 2533 3835 2585 resasci-

2273 2613 2377 2670 tat,
2413 2608 2594 2662 dicens
2622 2627 2632 2660 ε
2670 2607 2857 2663 Puella
2879 2651 2892 2676 ,
2922 2629 3074 2683 surge
3098 2632 3114 2678 ;
3171 2630 3330 2684 quam
3377 2620 3544 2674 etiam
3572 2622 3650 2675 ob
3679 2623 3835 2677 {acili-

2271 2705 2432 2750 tatem
2475 2701 2823 2754 resuscitandi
2853 2700 2964 2768 jam
3006 2715 3269 2762 mortuam
3308 2709 3479 2764 fuisse
3523 2726 3828 2783 negarent.

2268 2787 2513 2842 Delatuut
2547 2799 2724 2844 autem
2750 2789 2901 2847 foras
2929 2793 3172 2860 iuvenem
3217 2808 3524 2866 mortuum,
3567 2803 3825 2871 pluribus,

2267 2888 2325 2931 ut
2363 2880 2680 2942 reviviscere
2720 2882 2946 2947 debeat,
2987 2881 3146 2940 (liciis
3175 2888 3522 2954 corroborat,
3568 2901 3692 2946 cum
3721 2895 3825 2947 sit:

2263 2967 2498 3034 Iuvenis,
2523 2971 2615 3024 tibi
2634 2973 2769 3038 dico,
2792 2989 2963 3044 surge.
2994 2974 3396 3042 Quatriduanus
3416 2995 3547 3034 vero
3571 2993 3827 3048 mortuus,

586 3052 639 3104 in
673 3047 813 3106 omni
841 3052 1034 3108 Judwa
1055 3097 1069 3121 ,
1119 3069 1166 3110 et
1209 3058 1490 3138 Samaria,
1538 3073 1584 3116 et
1632 3081 1790 3134 usque
1822 3068 1890 3121 ad
1921 3066 2157 3122 ultimum

2266 3068 2322 3112 ut
2351 3059 2504 3129 longa
2535 3063 2827 3130 prementis
2853 3064 3081 3132 sepulcri
3108 3066 3341 3121 claustra
3372 3071 3624 3126 evadere.
3636 3085 3826 3143 posset,

585 3156 740 3197 terrw
762 3145 899 3216 (Art.
924 3147 985 3219 ι).
1024 3147 1160 3214 Quid
1188 3160 1367 3204 autem
1396 3150 1643 3208 Salvator
1667 3153 1852 3209 fecerit
1879 3169 2158 3226 postquam

583 3233 887 3304 intraverit,
918 3239 1218 3306 audiamus,
1249 3257 1372 3296 nam
1400 3244 1642 3312 sequitur
1668 3265 1678 3298 :
2072 3240 2076 3244 ’

653 3327 721 3381 Et
749 3331 910 3384 tenuit
936 3323 1149 3404 manum
1176 3333 1310 3402 ejus,
1334 3345 1382 3388 et
1410 3330 1637 3390 surrexit
1662 3337 1856 3407 puella.
1890 3338 2154 3413 (Hieron)

579 3419 794 3474 Tcnens
818 3436 947 3492 ergo
981 3426 1198 3474 manum
1235 3423 1427 3491 puellm
1459 3426 1668 3479 sanavit
1695 3413 1816 3480 eam
1837 3415 1870 3492 ,’
1893 3432 2017 3497 quia
2054 3433 2153 3485 nisi

534 3573 538 3577 ,
577 3512 730 3580 prius
760 3513 1029 3566 mundata:
1059 3504 1256 3567 fuerint
1293 3531 1483 3570 manus
1511 3513 1850 3584 Iudaeorum,
1882 3536 2000 3588 quae
2032 3537 2154 3575 sau-

576 3602 738 3672 guine
785 3601 954 3670 plenas
997 3613 1153 3666 sunt,
1207 3603 1490 3676 Synagoga
1543 3608 1749 3661 eorum'
1788 3620 1998 3664 mortua
2049 3629 2151 3665 non

575 3700 884 3774 consugget.
944 3686 1156 3764 (Beda.)
1198 3694 1286 3747 Est
1321 3695 1483 3749 etiam
1527 3697 1699 3751 forma
1745 3702 2048 3769 sapientiae,
2100 3705 2152 3757 in

574 3782 749 3836 vidua:
782 3781 892 3836 ﬁlio
921 3784 1028 3837 cito
1057 3783 1350 3839 Ecclesium
1381 3787 1726 3851 credituram,
1757 3790 1807 3843 in
1839 3793 2151 3862 arcliisynm

574 3871 694 3941 gogi
737 3871 843 3924 ﬁlia
883 3868 1181 3926 credituros
1210 3875 1422 3942 quidem
1445 3873 1675 3940 JlldllIOS,
1702 3880 1792 3932 sed
1819 3894 1880 3932 ex
1911 3880 2150 3949 pluribus

572 3962 872 4030 pauciores.
924 3961 1066 4018 Bene
1096 3965 1350 4028 surrexit,
1382 3975 1433 4020 et
1465 3966 1774 4022 ambulabat
1800 3988 1810 4022 :
1845 3988 2144 4040 quemcun-

571 4067 679 4123 que
707 4053 849 4105 enim
878 4055 1112 4122 peccatis
1136 4065 1403 4109 mortuum
1435 4073 1681 4126 superna:
1707 4076 1898 4115 manus
1926 4064 2148 4130 misera,-

573 4144 736 4197 tionis
757 4146 1146 4200 resuscitatura
1171 4148 1428 4219 tetigerit,
1449 4166 1552 4204 non
1573 4151 1651 4206 sol
1661 4168 1748 4205 nm
1771 4168 1800 4205 a
1824 4153 2071 4209 sordibus
2092 4165 2144 4207 et

571 4244 795 4288 veterno
829 4234 1029 4291 scelere
1064 4252 1373 4307 exsurgere,
1409 4241 1502 4293 sed
1533 4251 1586 4293 et
1620 4241 1673 4294 in
1708 4241 1863 4297 bonis
1888 4244 2144 4297 continuo

2262 3150 2478 3204 fremuit
2517 3153 2706 3221 spiritu
2745 3154 2931 3221 Iesus,
2977 3157 3212 3212 turbavit
3244 3161 3524 3231 seipsum,
3567 3166 3830 3239 lacrymas

2259 3241 2423 3308 ludit,
2472 3260 2682 3300 rursum
2727 3246 2975 3313 fremuit,
3022 3265 3085 3304 ac
3127 3266 3256 3306 voce
3301 3269 3496 3326 magna
3543 3259 3825 3325 clamavit,

2261 3333 2482 3399 Lazare,
2521 3338 2799 3406 veniforas
2828 3338 3004 3410 (Joan.
3039 3343 3157 3412 xl):
3207 3355 3261 3399 ct
3306 3348 3384 3401 sic
3433 3352 3654 3405 tandem
3683 3393 3697 3418 ,
3741 3357 3826 3422 qui

2259 3435 2375 3478 erat
2396 3428 2732 3497 desperatus,
2769 3432 3010 3488 discusso
3051 3437 3395 3491 tenebrarum
3423 3444 3685 3510 pondere,
3710 3447 3825 3499 vita

2256 3525 2338 3567 est
2387 3516 2595 3584 lucique
2638 3520 2894 3575 redditus.
2957 3521 3061 3576 Sed
3105 3534 3160 3577 et
3204 3527 3304 3581 bdc
3347 3531 3648 3585 notandum
3690 3538 3820 3600 quod
3914 3516 3915 3574 Ῐ

2256 3606 2378 3673 quia
2421 3609 2631 3676 publica
2675 3608 2812 3664 noxa
2854 3614 3065 3682 publico
3094 3625 3218 3686 eget
3264 3620 3522 3684 remedio,
3560 3623 3696 3675 levia
3734 3639 3819 3676 au-

2257 3705 2362 3748 tem
2410 3708 2628 3766 peccata
2663 3699 2861 3755 leviori
2910 3711 2964 3756 et
3011 3715 3215 3758 secreta
3263 3717 3468 3776 queunt
3510 3710 3817 3778 p'rnitcntia

2254 3784 2414 3839 deleri
2446 3805 2470 3838 :-
2508 3788 2678 3854 puella
2723 3790 2772 3843 in
2815 3791 2970 3845 domo
3004 3793 3192 3858 jacens
3235 3796 3420 3864 paucis
3460 3799 3690 3853 arbitris
3732 3816 3818 3855 ex-

2254 3876 2449 3944 surgit,
2496 3878 2803 3946 eisdemque
2850 3883 3212 3944 vehementer,
3259 3893 3318 3937 ut
3354 3889 3557 3942 nemini
3598 3891 3814 3944 manifeo

2253 3974 2416 4024 stent,
2441 3966 2774 4034 puecipitur;
2795 3967 3008 4034 juvenis
3034 3978 3183 4024 extra
3209 3980 3442 4039 portam,
3467 3976 3624 4028 turba
3655 3978 3814 4030 multa

2251 4054 2538 4107 comitante
2584 4066 2742 4126 atque
2782 4057 3043 4125 intuente,
3075 4055 3380 4133 suscitatur
3414 4062 3633 4134 (Matth.
3667 4069 3810 4134 ut};

2253 4147 2485 4200 Lazarus
2525 4148 2590 4201 de
2633 4159 2978 4204 monumento
3007 4162 3228 4204 vocatus
3266 4154 3317 4206 in
3353 4162 3565 4207 tantum
3605 4158 3813 4224 populis

2250 4240 2493 4303 innotuit,
2527 4250 2600 4304 ut,
2638 4242 2705 4296 ob
2737 4257 2922 4296 eorum
2957 4245 3046 4313 qui
3077 4245 3253 4299 videre
3279 4247 3672 4314 teStimonium,
3698 4249 3812 4318 plu-

572 4324 1036 4396 proflceredebet
1062 4329 1372 4402 _operibus,
1425 4329 1674 4384 videlicet
1720 4331 1872 4400 juxta
1915 4331 2144 4388 P'salini—
2173 4373 2220 4432 Β
2250 4330 2397 4382 rima}
2443 4330 2663 4385 Domino
2707 4334 2874 4388 turbae
2917 4350 3036 4388 cum
3083 4336 3272 4404 palmis
3315 4348 3707 4401 occurrerent,
3757 4349 3811 4393 et

571 4423 710 4468 stant
739 4433 749 4466 :
785 4414 1085 4484 Ingrediens
1113 4418 1222 4469 sine
1249 4418 1477 4481 macula,
1507 4428 1562 4473 et
1586 4434 1747 4488 opera
1778 4421 2142 4488 exere-easin-

569 4506 732 4559 stitite
762 4503 931 4574 (Psal.
967 4508 1098 4578 xw).

639 4595 709 4650 Et
761 4598 887 4650 e.riit
935 4598 1078 4667 [antu
1126 4601 1233 4653 lucc
1285 4606 1336 4654 in
1386 4604 1679 4658 universam
1727 4614 1919 4660 terram
1969 4607 2134 4662 illam.

569 4687 794 4759 (Risum)
827 4687 961 4754 Quia
1005 4690 1116 4742 cazli
1163 4703 1412 4745 enarrant
1451 4691 1672 4762 gloriam
1719 4693 1835 4760 Dei,
1888 4706 1936 4749 et
1982 4714 2147 4766 opera-

569 4780 816 4830 manuum
864 4779 976 4847 ejus
1014 4779 1306 4833 annuntiat
1354 4779 1782 4850 ﬁrmamentum,
1831 4787 1885 4841 in
1935 4805 2134 4842 omnem

567 4877 761 4920 terram
797 4871 948 4923 exivit
993 4885 1150 4925 sonus
1193 4887 1395 4937 eorum,
1448 4883 1496 4928 et
1553 4875 1610 4930 in
1655 4875 1785 4943 ﬁnes
1815 4878 1954 4941 orbis
1984 4889 2136 4933 terra:

567 4957 718 5010 verba
747 4949 922 5010 eorum
956 4954 1127 5031 (Ps‘al.
1147 4961 1321 5032 xvm).
1356 4961 1492 5017 Nam
1515 4963 1671 5034 juxta
1695 4967 1954 5031 moralem
1982 4970 2134 5024 intel-

565 5047 764 5102 lectum
800 5053 913 5102 tres
941 5045 1013 5100 illi
1041 5052 1256 5116 mortui,
1289 5065 1425 5122 quos
1455 5049 1706 5110 Salvator
1732 5055 1791 5111 in
1817 5057 2134 5128 corporibus

565 5137 882 5201 suscitavit,
923 5133 1026 5190 tria
1056 5151 1251 5208 genera
1279 5128 1694 5199 resurrectionis
1729 5148 2031 5202 animarum
2061 5150 2134 5204 si-

564 5228 836 5299 gnificant.
879 5227 941 5281 Et
970 5241 1114 5282 nunc
1139 5227 1728 5308 pleniusedisseremus
1755 5228 1951 5306 quie'in
1977 5253 2133 5317 snpe-

565 5317 714 5375 rioré'
737 5320 876 5377 libro
902 5322 1087 5391 paucis
1121 5321 1538 5391 prtelibavimus.
1582 5327 1858 5397 Siquidem
1891 5332 2129 5387 nonnulli

563 5420 882 5467 consensum
907 5411 1428 5468 malm-delectationi
1452 5417 1756 5483 prehendo,
1787 5418 1986 5475 latente
2015 5415 2129 5475 tan-

562 5513 675 5555 tum
705 5500 1048 5572 cogitatione.
1080 5503 1318 5571 peccatis
1354 5501 1455 5558 sibi
1488 5513 1713 5584 mortem
1745 5509 2083 5563 consciscunt
2110 5527 2122 5574 ;

563 5589 663 5644 sed
698 5580 834 5661 tales
882 5607 936 5647 se
970 5590 1240 5647 viviticare
1279 5580 1590 5664 significans
1623 5591 1869 5650 Salvator
1899 5601 2125 5652 resusci-

2249 4419 2397 4473 multi
2431 4429 2646 4490 propter
2683 4421 2829 4475 illum
2866 4423 3077 4478 abirent
3114 4439 3175 4478 ex
3213 4423 3409 4480 Iudmis
3443 4436 3495 4480 et
3525 4428 3812 4482 credemus

2249 4511 2299 4563 in
2326 4509 2536 4572 Iesum;
2577 4498 2824 4580 quartum
2851 4530 2974 4569 vero
3017 4527 3305 4581 mortuum,
3341 4519 3622 4571 nuntiante
3647 4519 3808 4573 disci-

2243 4601 2387 4675 pulo,
2434 4601 2696 4656 Domi-nus
2731 4605 2948 4668 audivit,
2992 4607 3085 4658 sed
3125 4608 3248 4675 quia
3288 4609 3377 4676 qui
3415 4619 3512 4675 pro
3555 4607 3674 4675 ejus
3714 4624 3809 4662 cx-

2244 4695 2494 4748 ciiatione
2537 4705 2883 4763 precarentur
2923 4698 3029 4750 vivi
3069 4697 3388 4752 defuerant:
3439 4698 3677 4763 Dimitte,
3728 4702 3806 4752 in-

2243 4786 2380 4854 quit,
2412 4797 2465 4838 ut
2499 4788 2688 4839 mortui
2722 4787 2971 4857 sepeliant
3002 4799 3237 4843 mortuos
3262 4807 3382 4844 suos
3411 4789 3626 4861 (Matth.
3658 4794 3807 4857 vin),

2242 4875 2294 4927 id
2325 4865 2423 4938 est,
2462 4874 2583 4927 mali
2623 4875 2792 4930 malos
2821 4877 2998 4930 noxiis
3030 4875 3276 4931 laudibus
3315 4886 3566 4948 gravent:
3593 4887 3652 4932 et
3677 4882 3806 4948 quia

2241 4979 2346 5018 non
2373 4967 2524 5019 adest
2547 4965 2724 5034 justus
2747 4965 2837 5034 qui
2861 4967 3119 5035 corripiat
3142 4967 3196 5020 in
3221 4967 3605 5030 misericordia,
3629 4968 3800 5022 οιειωι

2237 5054 2518 5122 peccatoris
2545 5055 2826 5123 impinguet
2851 5045 3006 5124 σαρκὶ
3033 5071 3212 5108 eorum
3240 5051 3407 5125 (Psal.
3437 5057 3578 5126 cn).

2231 5179 2236 5184 -
2309 5143 2377 5197 Et
2407 5153 2700 5197 transeunte
2726 5145 2843 5198 inde
2863 5145 3014 5210 Iesu,
3042 5146 3202 5199 secuti
3225 5156 3345 5198 sunt
3371 5163 3487 5202 eum
3514 5149 3622 5200 duo
3649 5150 3800 5214 caici,

2235 5235 2536 5299 clamantes,
2576 5246 2622 5286 et
2659 5234 2920 5288 dicentes:
2961 5233 3204 5290 Miserere
3244 5239 3436 5302 nostri,
3475 5239 3556 5306 ﬁli
3584 5237 3797 5303 David;

2231 5341 2347 5378 cum
2374 5333 2545 5377 autem
2574 5324 2785 5377 uenisset
2809 5316 3386 5389 domum,-accesserunt
3411 5328 3481 5378 ad
3503 5344 3627 5380 eum
3645 5330 3792 5382 circi.

2233 5401 2568 5471 Transeunte
2605 5430 2704 5487 per
2739 5417 2953 5472 domum
2997 5419 3253 5489 principis
3289 5419 3515 5475 Domino
3552 5421 3705 5485 Iesu,
3739 5435 3788 5476 et

2230 5516 2482 5577 pergente
2522 5508 2588 5564 ad
2633 5508 2846 5562 domum
2892 5523 3079 5570 suam,
3129 5507 3271 5561 sicut
3311 5525 3474 5580 supra
3521 5511 3784 5580 legimus:

2227 5601 2520 5654 Astriidms
2552 5594 2846 5654 auriculam
2880 5600 3253 5668 transfretarit,
3290 5611 3338 5656 et
3369 5606 3506 5656 venit
3534 5606 3588 5657 in
3618 5607 3786 5656 rima-
