3938 6314
173 321 286 380 S33

1122 306 1469 367 COMMENT.
1510 305 1572 359 ιλ
1615 299 2047 357 nummum.
2075 330 2156 340 ι-
2192 297 2318 356 Lm.
2359 298 2443 352 tu.
3060 320 3063 321 κ
3318 296 3419 349 ut;

176 451 283 493 mn
311 453 459 496 suant
481 475 496 495 .
536 432 841 488 clamabant
870 428 973 482 duo
1002 428 1131 481 caeci
1152 468 1165 490 ,
1195 427 1468 479 dicentes:
1505 420 1749 474 Miserere
1780 421 1824 478 A
1852 418 1942 486 qui
1965 425 2143 471 mutus
2165 408 2301 478 erat,
2341 415 2466 483 quia
2497 410 2888 467 confessionem
2922 424 3061 464 vera:
3097 408 3219 464 lldci
3242 410 3295 465 in
3328 426 3421 466 ora

174 528 372 592 nostri,
398 524 476 594 ﬁli
506 522 707 585 David;
739 528 792 573 et
833 528 1008 571 tamen
1054 531 1156 569 non
1197 515 1366 569 sanati
1401 522 1524 566 sunt
1563 512 1616 565 in
1657 510 1744 562 iti-

178 633 350 680 nere,
401 631 506 671 non
554 611 900 685 tragtsitorie,
948 617 1006 661 ut
1050 613 1281 676 putant;
1334 603 1423 658 sed
1465 607 1746 670 postquam

177 710 333 763 venit
365 708 578 761 domum
614 692 762 757 suam
783 742 796 765 ,
836 697 1095 753 accedunt
1121 695 1187 749 ad
1216 709 1335 748 eum
1368 700 1420 747 et
1450 692 1744 744 introeunt.

180 796 389 850 Domus
423 808 551 863 ergo
584 791 861 861 principis,
901 788 1040 842 sicut
1075 799 1233 853 supra
1270 780 1619 840 ostendimus,
1652 775 1750 847 Sy-

182 902 391 957 uagoga
434 895 517 939 est
552 882 853 938 Iudaeorum
897 878 1110 934 subdita
1154 876 1347 945 Moysi,
1390 873 1588 926 Domus
1626 869 1751 923 Jesu

182 980 428 1035 caelestis
458 989 541 1035 est
560 977 915 1033 Hierusalem.
964 974 1078 1029 Duo
1109 971 1236 1026 casei
1268 971 1372 1023 duo
1403 966 1580 1038 populi
1608 971 1748 1029 sunt,

184 1074 565 1129 observatione
604 1072 822 1133 litterze,
870 1076 923 1124 et
962 1063 1277 1134 ritu‘gentili
1320 1076 1409 1115 seu
1450 1060 1610 1114 sectis
1638 1057 1753 1127 plli-

188 1161 849 1245 losOpborum'obcaacati
896 1178 909 1214 :
957 1158 1082 1227 quia
1124 1154 1296 1225 ignari
1339 1162 1393 1207 et
1438 1150 1592 1206 inscii
1637 1148 1752 1203 fue—

188 1267 321 1313 runt
357 1257 421 1311 de
457 1254 650 1309 futuris
682 1242 1136 1312 etinvisibilibus,
1162 1248 1331 1302 donec
1357 1242 1755 1312 Scripturarum

189 1350 340 1403 viam
392 1355 447 1401 et
497 1345 720 1415 vestigia
774 1341 1068 1396 Salvatoris
1111 1338 1364 1406 consequi
1423 1340 1753 1390 meruerunt.

191 1439 423 1494 Domino
465 1452 591 1507 ergo
635 1450 729 1505 per
773 1436 875 1490 hoc
918 1431 1169 1487 saeculum
1213 1435 1542 1489 transeunte,
1582 1434 1635 1478 et
1667 1439 1757 1477 cu-

189 1528 377 1598 piente
416 1526 611 1580 reverti
643 1525 695 1579 in
720 1524 935 1577 domum
960 1537 1134 1585 suam,
1160 1519 1329 1574 secuti
1356 1526 1483 1572 sunt
1504 1531 1625 1570 eum
1654 1515 1757 1568 duo

190 1617 325 1673 caeci
362 1632 377 1669 :
422 1616 545 1685 quia
573 1655 586 1679 ,
639 1612 930 1682 praedicata
970 1608 1260 1678 Evangelio
1308 1622 1403 1677 per
1444 1603 1751 1674 apostolos,

193 1704 352 1759 multi
393 1718 458 1759 es
495 1701 710 1766 Iudaeis,
754 1700 906 1754 multi
942 1714 1005 1752 ex
1034 1697 1277 1769 gentibus
1303 1705 1579 1764 coeperunt
1606 1692 1755 1761 sequi

1849 526 1952 562 ιιςιιι
1976 496 2223 562 habebat.
2263 506 2372 561 Nec
2417 521 2521 560 non
2560 514 2613 557 et
2645 502 2856 565 surdus,
2890 504 3013 572 quia
3042 502 3225 555 audire
3252 500 3420 568 legem

1849 601 1942 653 Dei
1972 615 2074 653 non
2092 597 2483 653 consentiebat.
2509 596 2661 662 Quod
2687 595 2829 649 enim
2847 592 3032 649 Graece
3054 592 3423 663 (Ιίοῖιυιίκωφός

1850 690 2018 759 magis
2046 690 2229 742 tritum
2256 697 2339 742 est
2381 700 2627 742 sermone
2663 684 2954 759 communi,
2982 692 3038 737 ut
3070 682 3279 758 surdus.
3314 697 3425 735 ma-

1851 758 2122 851 gisquam
2152 786 2324 831 mutus
2361 776 2707 846 intelligatur.
2757 758 2889 830 Sed.
2911 788 3029 828 mos
3065 781 3148 827 est
3176 771 3426 841 Scriptu-

1853 885 2034 925 rarum
2068 867 2431 923 indifferenter
2463 869 2645 942 κωφὸν,
2698 866 2783 921 vel
2828 874 3050 929 mutum,
3082 864 3163 920 vel
3204 865 3422 918 surdum

1854 962 2049 1016 dicere.
2080 959 2178 1015 Hic
2213 974 2343 1029 ergo
2371 946 2531 1013 homo
2555 958 2874 1027 daemonium
2912 957 3167 1021 habebat,
3186 955 3275 1026 qui
3308 956 3423 1010 ido-

1853 1052 2077 1106 lolatriae
2109 1051 2409 1120 pet-omnia
2438 1052 2594 1105 datus
2615 1058 2751 1105 erat.
2778 1048 2911 1105 Cum
2945 1062 3072 1120 ergo
3103 1062 3198 1119 per
3234 1046 3426 1117 praedio

1855 1151 2065 1199 catores
2100 1143 2272 1197 sancti
2308 1141 2579 1213 Evangelii
2612 1141 2680 1196 ad
2729 1140 3062 1196 Salvatorem
3094 1136 3427 1209 perduceba-

1858 1244 1963 1299 tur,
2017 1234 2196 1289 ablato
2235 1249 2417 1289 errore
2446 1233 2785 1304 gentilitatis,
2822 1230 3214 1287 confessionem
3250 1230 3426 1285 nomi-

1857 1325 1943 1379 nis
1988 1324 2078 1378 Dei
2113 1324 2311 1379 clarius
2341 1338 2595 1395 resonare
2621 1324 2925 1393 incipiebat.

1928 1412 1995 1466 Et
2026 1414 2230 1467 miratte
2278 1422 2397 1467 sunt
2421 1412 2585 1466 turba:
2613 1412 2834 1466 dicentes
2860 1427 2877 1463 :
2923 1411 3205 1482 Nunquam
3235 1411 3310 1465 sic
3340 1426 3429 1482 ap-

1858 1507 2033 1579 paruit
2060 1502 2113 1557 in
2138 1501 2305 1558 Israel
2330 1521 2348 1568 ;
2393 1502 2652 1556 Pharisaai
2689 1509 2862 1555 autem
2884 1502 3118 1555 dicebant
3146 1517 3164 1555 :
3194 1498 3259 1555 In
3287 1502 3430 1569 prin-

1859 1596 1968 1664 cipe
2021 1595 2396 1648 da’moniorum
2444 1593 2585 1663 ejicit
2627 1592 2905 1647 daemones.
2952 1590 3217 1662 (Hieron.)
3249 1591 3426 1646 Turba

1858 1697 2021 1753 opera
2048 1683 2140 1737 Dei
2164 1681 2467 1743 conﬁtetur,
2492 1690 2546 1736 et
2566 1680 2694 1735 dicit
2722 1695 2993 1749 nunquam
3018 1680 3095 1735 sic
3124 1682 3433 1749 apparuisse

193 1755 647 1861 ivi—edenrptorem,
698 1755 1063 1858 postulantes“
1097 1786 1163 1840 ab
1211 1798 1274 1838 eo
1336 1755 1405 1834 ut.
1454 1782 1571 1835 luce
1623 1755 1763 1833 verae
1791 1755 1835 1814 Β
1865 1773 1918 1825 in
1948 1771 2109 1825 Israel
2138 1789 2150 1823 :
2185 1771 2237 1823 in
2259 1771 2412 1823 turba
2461 1770 2735 1823 nationum
2760 1766 3023 1823 confessio
3048 1775 3148 1823 est.
3174 1766 3433 1823 Pharisaei

193 1883 439 1940 scientiae
497 1880 945 1935 illuminarentur.
1016 1874 1121 1931 Sed
1165 1882 1444 1945 postquam
1492 1870 1762 1933 Salvator,

196 1980 422 2045 peracto
460 1971 728 2042 passionis
772 1983 835 2023 ac
876 1965 1290 2023 resurrectionis
1334 1980 1443 2018 sua:
1488 1963 1764 2032 mysterio,

196 2064 253 2117 in
281 2061 475 2117 caelum
496 2054 903 2122 cunscenderat,
928 2059 1261 2111 intraverunt
1288 2055 1348 2108 'in
1375 2055 1588 2108 domum
1616 2054 1763 2116 caeci,

197 2150 254 2203 id
300 2158 417 2214 est;
446 2148 504 2202 in
542 2147 700 2201 unius
739 2146 861 2200 ﬁdei
905 2143 1318 2206 confessionem,
1358 2156 1477 2209 quae
1512 2149 1593 2196 est
1624 2140 1769 2195 vide-

197 2237 331 2301 licet
375 2238 428 2292 in
474 2236 733 2291 catholica
780 2233 1038 2295 Ecclesia,
1085 2233 1262 2301 ibique
1306 2249 1336 2288 a
1378 2231 1655 2303 salvatore
1683 2245 1771 2285 ve-

200 2328 409 2389 raciter
446 2324 728 2379 illuminati
770 2330 913 2377 sunt.
965 2319 1232 2393 (Hieron,)
1275 2319 1413 2387 Quid
1453 2328 1629 2374 autem
1670 2318 1769 2388 ipsi

200 2416 333 2470 caeci
360 2414 653 2469 clamantes
679 2413 911 2468 dixerint
936 2410 1219 2475 Salvatori,
1248 2410 1612 2464 attendamus:
1645 2408 1768 2473 Fili,

200 2505 475 2575 inquiunt,
513 2504 698 2565 David,
731 2504 972 2556 miserere
1004 2500 1185 2563 nostri.
1229 2497 1648 2556 Misericordiam
1679 2513 1771 2575 pc-

200 2596 430 2657 tebant,
488 2594 578 2662 qui
625 2592 822 2647 lumine
868 2591 1197 2661 indigebant.
1262 2589 1461 2659 Eisque
1506 2591 1774 2644 veraciter

204 2687 511 2748 miseretur,
553 2683 745 2752 quibus
782 2682 958 2745 lumen
995 2681 1117 2735 ﬁdei
1160 2689 1215 2736 et
1255 2682 1516 2735 bonorum
1552 2695 1773 2750 operum

205 2776 480 2829 tribuitur.
535 2774 686 2841 Quod
728 2782 903 2828 autem
948 2774 1134 2828 dicunt
1164 2773 1314 2837 eieci,
1343 2772 1419 2842 ﬁli
1454 2771 1643 2835 David,
1682 2789 1793 2837 au-p

205 2865 360 2918 diant
400 2864 657 2928 Marcion,
700 2873 755 2918 et
796 2863 1137 2927 Manicbmus,
1186 2872 1241 2917 et
1282 2865 1460 2919 caeteri
1505 2864 1773 2928 haeretici,

206 2956 300 3023 qui
334 2956 498 3010 Vetus
539 2955 739 3009 laniant
776 2954 1215 3017 lnstrumentum.
1252 2962 1307 3010 et
1346 2955 1553 3009 discant
1594 2952 1777 3007 Salva-

208 3056 381 3118 torem
412 3046 664 3116 appellari
695 3045 859 3101 ﬁlium
889 3046 1087 3111 David;
1131 3048 1174 3102 si
1202 3048 1345 3101 enim
1376 3061 1480 3101 non
1510 3056 1593 3101 est
1619 3036 1782 3101 natus.

209 3136 267 3189 in
300 3150 483 3200 carne,
512 3135 777 3204 quomodo
807 3135 947 3191 ﬁlius
973 3134 1135 3189 David
1163 3137 1425 3191 vocatur?
1472 3192 1477 3199 ,

286 3223 355 3293 Et
372 3226 500 3289 dixit
526 3226 597 3278 eis
633 3225 787 3278 Jews
811 3266 825 3289 ,
851 3224 1082 3280 Creditis.
1105 3206 1225 3295 quia
1250 3242 1457 3295 possum
1489 3227 1584 3280 hoc
1610 3227 1779 3297 facere

206 3316 395 3370 vobis?
434 3314 655 3387 (MAUR.)
687 3316 873 3371 Fidem
917 3331 1100 3370 eorum
1131 3317 1244 3386 ipse
1289 3330 1518 3371 noscens
1552 3317 1780 3370 interru-

209 3413 321 3474 gat,
359 3414 417 3459 ut
475 3404 629 3459 ﬁdem
681 3405 947 3460 confessio
998 3414 1224 3476 promat,
1282 3414 1335 3460 et
1389 3390 1778 3467 eonfesslunem

208 3497 386 3550 virtus
436 3505 787 3565 consequatur
843 3496 1088 3564 salusque
1148 3497 1398 3551 virtutem
1460 3494 1773 3560 comitetur;

208 3586 360 3655 quia,
388 3595 453 3640 ut'
481 3586 763 3655 Apostolus
793 3587 867 3640 ait
899 3604 911 3640 :
938 3584 1103 3640 Corde
1128 3587 1354 3640 creditur
1374 3588 1442 3640 ad
1481 3587 1766 3657 justitiam,

209 3695 302 3732 ore
330 3688 499 3731 autem
548 3678 800 3745 confessio
838 3678 894 3747 ﬁt
923 3683 988 3730 ad
1016 3678 1233 3731 salutem
1257 3676 1432 3747 (Rom.
1462 3678 1538 3745 κ).

282 3769 471 3822 Dicunt
498 3770 561 3834 ei,
598 3767 800 3839 Utique,
833 3770 1068 3824 Domine.
1104 3770 1245 3824 Tunc
1283 3771 1446 3840 tetigit
1488 3771 1662 3825 oculos
1695 3787 1780 3824 eo-

210 3877 328 3913 rum
340 3901 353 3923 ,
368 3861 558 3922 dicens,
575 3858 867 3915 Secundum
881 3861 1035 3930 ﬁdem
1051 3871 1266 3915 vestram
1281 3863 1373 3929 ﬁat
1391 3863 1669 3916 vobis-Per
1683 3850 1782 3914 uti-

211 3970 313 4023 que
334 3952 462 4006 foris
492 3951 753 4006 afﬁrmant
779 3954 920 4022 quod
950 3955 1091 4007 intus
1119 3954 1278 4007 corde
1299 3954 1518 4008 credere
1546 3961 1776 4023 gestant.

210 4041 281 4097 Et
302 4042 420 4097 ideo
439 4041 587 4097 ﬁrma
611 4043 866 4111 professio
888 4052 1084 4097 tactum
1108 4044 1301 4097 meruit
1325 4044 1515 4097 divinae
1543 4044 1773 4113 pietatis.

211 4130 532 4195 Secundum,
566 4133 757 4203 inquit,
786 4132 940 4202 ﬁdem
972 4144 1185 4185 vestram
1217 4133 1310 4200 ﬁat
1342 4132 1482 4187 vobis
1504 4173 1516 4195 ,
1548 4133 1647 4186 hoc
1672 4140 1777 4197 est,

212 4223 341 4291 quia
378 4222 508 4278 ﬁdes
531 4223 643 4292 jam
691 4234 924 4278 mentem
975 4223 1256 4287 illuminat,
1299 4223 1575 4279 oculorum
1604 4225 1777 4280 lucem

212 4314 330 4383 ipsa
355 4313 502 4367 vobis
532 4313 796 4367 restituat.

1866 1875 2065 1927 autem,
2095 1862 2219 1933 quia
2254 1862 2723 1938 negarevirtutem
2750 1861 2841 1915 Dei
2870 1876 2973 1915 non
3010 1868 3278 1929 poterant,
3305 1874 3434 1930 ope-

1867 1971 1925 2009 ra
1964 1953 2373 2016 calumniantur,
2408 1960 2461 2007 et
2487 1953 2708 2006 dicunt:
2752 1949 2818 2006 In
2866 1951 3097 2020 principe
3149 1951 3437 2004 ammonia-

1868 2062 1981 2100 rnm
2013 2046 2095 2099 hic
2120 2046 2259 2112 ejicit
2290 2044 2547 2098 daemonia
2572 2059 2588 2095 :
2610 2060 2705 2114 per
2731 2059 2882 2099 suam
2913 2043 3233 2098 calumniam
3260 2058 3433 2115 usque

1866 2136 2023 2191 hodie
2062 2134 2366 2189 indecorum
2412 2133 3198 2189 inﬁdelitatemdemonstrant.
3226 2132 3341 2189 Hoc
3372 2133 3438 2188 de

1868 2227 2074 2282 duobus
2089 2225 2267 2293 .ctecis
2315 2233 2369 2280 et
2406 2224 2471 2280 de
2502 2234 2648 2279 muto
2682 2225 2946 2279 daemonio
2992 2224 3145 2279 solus
3160 2222 3439 2279 Mattbmus

1869 2319 2018 2387 ponit
2045 2336 2057 2369 :
2091 2316 2163 2371 illi
2199 2316 2339 2371 enim
2368 2315 2476 2370 duo
2517 2316 2642 2370 caici
2673 2316 2736 2370 de
2761 2315 2957 2385 quibus
2978 2323 3032 2369 et
3071 2313 3159 2369 alii
3192 2322 3437 2374 narrant.

1870 2426 1976 2465 non
2003 2417 2124 2463 sunt
2164 2409 2269 2473 isti,
2316 2408 2407 2463 sed
2445 2409 2622 2462 tamen
2655 2407 2830 2462 simile
2866 2406 3064 2462 factum
3115 2414 3225 2471 est;
3281 2408 3355 2461 ita
3382 2415 3441 2460 ut

1872 2500 1913 2553 si
1944 2499 2054 2568 ipse
2105 2496 2382 2552 Matthmus
2432 2512 2534 2552 non
2571 2498 2731 2551 etiam
2761 2497 2900 2551 illius
2929 2496 3054 2553 facti
3083 2496 3438 2559 meminisset,

1871 2597 2051 2659 posset
2107 2586 2283 2659 ρυεῖπί
2313 2589 2414 2642 hoc
2444 2587 2583 2657 quod
2622 2600 2772 2651 nunc
2809 2598 2994 2642 narrat
3033 2588 3237 2641 dictum
3262 2585 3443 2642 fuisse

1873 2678 2031 2731 etiam
2064 2677 2130 2731 ab
2166 2677 2285 2731 aliis
2314 2677 2535 2732 duobus.
2569 2676 2719 2743 Quod
2756 2677 3133 2735 commendare
3170 2678 3443 2733 memoria:

1873 2770 2159 2840 diligenter
2180 2770 2436 2825 debemus
2460 2783 2579 2825 esse
2601 2770 2844 2845 quaedam
2879 2767 3013 2823 facta
3030 2767 3255 2833 similia;
3301 2767 3443 2838 quod

1875 2859 2153 2930 probatur,
2185 2874 2305 2914 eum
2358 2859 2497 2931 idem
2527 2857 2856 2929 evangeltsta
2893 2866 3181 2928 utrumque
3211 2874 3445 2913 conmac-

1877 2962 2070 3015 morat,
2111 2962 2167 3007 ut
2198 2954 2239 3007 si
2278 2954 2491 3023 quando
2520 2953 2644 3015 talia
2670 2953 2877 3025 singula
2914 2955 3054 3025 apud
3082 2954 3320 3026 singulos
3364 2954 3418 3007 in

1883 3044 2199 3098 venerimus.
2229 3051 2389 3111 atque
2412 3042 2465 3120 in
2498 3043 2577 3097 eis
2599 3043 2962 3120 contrarium,
2997 3042 3139 3113 quod
3173 3043 3301 3098 solvi
3340 3057 3447 3098 non

1881 3131 2066 3199 possit,
2095 3139 2362 3194 occurrat,
2413 3116 2568 3186 nobis
2602 3146 2707 3187 non
2757 3133 2859 3188 hoc
2907 3116 3026 3189 ease
3079 3131 3302 3199 factum,
3354 3132 3447 3188 sed

1882 3219 2024 3272 aliud
2058 3219 2232 3274 simile
2256 3220 2340 3274 vel
2380 3220 2626 3275 similiter
2665 3218 2886 3289 factum.
2922 3251 2924 3253 ν

1950 3308 2017 3362 Et
2062 3304 2365 3363 circumibat
2409 3307 2563 3364 Iesus
2621 3326 2795 3366 omnes
2830 3313 3074 3367 ciuitates
3115 3322 3163 3366 et
3198 3310 3461 3384 castella'.‘

1880 3404 2067 3456 docens
2094 3403 2147 3455 in
2187 3399 2462 3471 synagogis
2491 3419 2691 3467 eorum,
2713 3413 2761 3456 et
2783 3404 3074 3472 prmdicans
3104 3401 3443 3472 Evangelium

1882 3495 2043 3562 regni,
2067 3503 2114 3546 et
2143 3510 2333 3546 curans
2356 3507 2558 3546 omnem
2583 3492 2884 3563 languorem
2928 3504 2975 3548 et
2999 3510 3200 3548 omnem
3223 3494 3449 3562 inﬁrmi-

1880 3597 2054 3641 tatem.
2086 3585 2349 3655 (Hieron.)
2407 3584 2595 3640 Cernis
2621 3585 2762 3643 quod
2810 3585 3089 3655 aequaliter
3110 3582 3171 3639 δι
3198 3584 3359 3651 villis,
3390 3594 3445 3641 et

1868 3676 2121 3737 urbibus,
2172 3684 2226 3728 et
2273 3674 2526 3737 castellis,
2580 3675 2632 3728 id
2678 3683 2783 3739 est;
2812 3683 2867 3728 et
2906 3676 3135 3745 magnis,
3184 3684 3237 3729 et
3270 3676 3450 3744 parvis

1879 3765 2221 3836 Evangelium
2264 3765 2655 3833 prtelieaverit,
2684 3774 2744 3818 ut
2771 3779 2876 3818 non
2904 3765 3273 3830 consideraret
3298 3765 3449 3819 no‘..i~

1879 3855 2006 3908 lium
2054 3856 2367 3925 potentiam,
2427 3854 2517 3907 sed
2545 3853 2769 3912 salutem
2818 3854 3169 3909 credentium.
3212 3852 3448 3908 Circum-

1878 3945 1983 3997 ibat
2028 3946 2259 3997 civitates
2306 3944 2409 3997 hoc
2447 3942 2652 3997 habens
2679 3942 3041 4011 operisquod
3098 3940 3448 3997 mandaverat

1878 4037 2038 4092 Pater
2067 4044 2120 4089 et
2160 4036 2297 4089 bane
2331 4036 2584 4098 esuriem,
2618 4044 2676 4088 ut
2704 4034 2949 4089 doctrina
2985 4048 3081 4087 sua
3138 4034 3316 4095 salvos
3345 4034 3447 4104 .fa—

1878 4136 2023 4183 ceret
2067 4126 2326 4181 inﬁteles.
2378 4126 2615 4180 Docebat
2664 4127 2716 4179 in
2768 4124 3054 4196 synagogls
3096 4133 3151 4178 et
3199 4125 3252 4178 in
3304 4123 3447 4177 villis

1878 4216 2222 4288 Evangelium
2256 4218 2423 4285 regni,
2454 4224 2503 4268 et
2534 4225 2657 4285 post
2704 4214 3137 4285 praedicationem
3166 4220 3326 4284 atque
3353 4213 3447 4268 do.

1877 4308 2104 4363 ctrinam
2135 4306 2359 4360 curabat
2385 4322 2597 4360 omnem
2632 4305 2941 4375 languorem
2968 4312 3021 4358 et
3050 4319 3263 4359 omnem
3289 4302 3445 4359 infir-

288 4402 356 4457 Et
392 4404 553 4471 aperti
578 4412 697 4456 sunt
749 4402 885 4457 oculi
911 4420 1105 4456 eorum.
1138 4403 1271 4470 Quia
1319 4405 1609 4459 secundum
1655 4421 1775 4476 pro-
1802 4433 1853 4490 D
1878 4399 2143 4455 mitatem.
2183 4404 2242 4449 ut
2266 4396 2459 4465 quibus
2488 4411 2663 4449 sermo
2699 4410 2801 4448 non
2834 4404 3101 4457 suaserat,
3136 4407 3295 4465 opera
3326 4409 3449 4463 per—

211 4496 389 4567 pbeta:
446 4495 783 4558 sententiam,
843 4493 1026 4550 Omnis
1058 4496 1147 4563 qui
1194 4494 1477 4550 crediderit
1524 4498 1575 4550 in
1606 4498 1773 4564 illum,

213 4598 323 4636 non
353 4582 722 4637 confundetur.
752 4582 887 4650 Quia
917 4585 1027 4652 ipse
1055 4592 1136 4638 est
1165 4584 1256 4637 lux
1295 4601 1413 4638 vera
1441 4602 1554 4655 qum
1585 4588 1778 4641 illumi-

214 4680 322 4725 nat.
369 4687 569 4725 omnem
599 4660 863 4726 hominem
913 4663 1192 4727 venientém
1240 4674 1294 4727 in
1346 4674 1495 4727 hunc.
1528 4676 1776 4729 mundum

214 4762 396 4835 (Joan.
421 4765 479 4833 l).
775 4794 803 4836 γ-

289 4853 357 4906 Et
404 4854 741 4909 comminatus
802 4863 875 4907 est
921 4855 993 4907 eis
1021 4852 1175 4908 Iesus
1230 4856 1455 4909 dicens:
1496 4853 1676 4924 Videte
1714 4871 1778 4909 ne

209 4946 333 5014 quis
365 4944 514 4997 sciat.
546 4943 633 4996 Illi
662 4953 833 4997 autem
863 4945 1104 4998 abeuntes
1142 4946 1539 5014 diﬂ'amaverunt
1579 4963 1695 4999 eum
1720 4947 1774 5000 in

212 5046 325 5091 tota
345 5046 485 5089 terra
507 5035 617 5089 illa.
659 5034 925 5107 (Ηὶενοη.)
948 5037 1014 5090 Et
1041 5038 1294 5092 Dominus
1322 5044 1538 5106 propter
1563 5037 1775 5090 humili-

213 5131 387 5177 tatem
410 5122 622 5193 'fugiens
647 5123 915 5192 iactantiae
945 5123 1185 5193 gloriam,
1221 5125 1322 5179 hoc
1346 5133 1699 5193 praeceperat;
1721 5131 1775 5178 et

211 5212 314 5275 illi,
349 5221 565 5282 propter
604 5215 914 5267 memoriam
964 5216 1168 5283 gratiae,
1200 5228 1305 5268 non
1350 5224 1570 5284 possunt
1596 5223 1774 5270 tacere

211 5303 557 5358 beneﬁcium.
602 5304 736 5359 Nota
775 5321 903 5374 ergo
928 5305 1296 5375 aliquodinter
1317 5304 1588 5374 sejustum
1627 5304 1732 5378 [ΑΙ.
1752 5346 1768 5369 ,

202 5394 441 5472 jussutp]
478 5411 597 5451 esse
616 5397 965 5451 Contrarium.
1152 5419 1160 5425 -
1514 5413 1530 5425 -'

291 5485 522 5554 Egressi:
549 5495 719 5538 autem
746 5485 849 5537 illis
881 5483 1172 5537 obtulerunt
1197 5486 1247 5537 ei
1283 5485 1540 5537 hominem
1569 5493 1785 5536 mutum

141 5636 151 5643 _
209 5573 527 5629 dmoniurn
549 5573 835 5637 habentem,
852 5582 899 5627 et
914 5573 1074 5642 ejecta
1085 5572 1339 5625 ria-monia
1351 5569 1551 5624 locutus
1565 5579 1771 5623 estmu-

216 5673 324 5721 tas.
349 5662 589 5736 {mea}
610 5662 781 5719 Homo
806 5666 902 5718 iste
919 5662 1182 5735 gentilem
1207 5659 1454 5733 populum
1480 5658 1766 5731 signiﬁcat,

1878 4486 2184 4540 suaderent.
2257 4484 2343 4538 De'
2405 4484 2630 4537 Domino
2696 4484 2908 4552 proprie
2962 4484 3203 4546 dicitur,
3251 4497 3445 4535 curans

1879 4591 2077 4629 omnem
2114 4574 2416 4643 languorem
2445 4582 2493 4627 et
2516 4589 2717 4627 omnem
2740 4572 3115 4641 inﬁrmitatem.
3144 4569 3227 4624 Nil
3248 4571 3445 4641 quippe

1877 4667 1924 4720 ei
1951 4664 2287 4734 impossibile
2309 4674 2408 4718 est.

1958 4754 2146 4810 Videas
2196 4763 2367 4807 autem
2398 4755 2595 4816 Iarbas,
2629 4756 2868 4807 misertus
2897 4762 2969 4808 est
2996 4754 3089 4817 eis,
3139 4753 3261 4820 quia
3288 4761 3437 4806 erant
3530 4825 3538 4831 -

1877 4846 2063 4923 vexati,
2092 4854 2139 4897 et
2153 4845 2385 4914 jacentes
2428 4844 2559 4895 sicut
2583 4859 2695 4895 oves
2742 4859 2842 4895 non
2873 4834 3119 4895 habentes
3155 4849 3435 4919 pastorem.

1877 4920 2097 5007 Clima.)
2130 4933 2272 4987 Vidit
2296 4948 2423 5003 ergo
2446 4932 2601 4986 Jesus
2632 4933 2917 4985 humanum
2948 4944 3115 4998 genus
3138 4920 3466 4983 clementia:-

1874 5039 1984 5078 sua:
2016 5022 2103 5089 pio
2137 5021 2354 5083 intuitu,
2402 5029 2456 5073 et
2506 5020 2752 5073 misertus
2798 5028 2879 5071 est
2904 5019 2987 5081 .ei,
3039 5019 3163 5086 quia
3204 5025 3320 5070 erat
3346 5031 3442 5085 per

1874 5111 2051 5167 varios
2079 5123 2310 5172 errores,
2339 5107 2548 5163 diabolo
2580 5108 2831 5169 ducente,
2855 5106 3008 5161 valle
3037 5089 3309 5168 vexatum,
3338 5120 3437 5160 nec

1873 5200 2105 5255 habebat
2131 5208 2377 5267 pastores
2404 5198 2492 5265 qui
2524 5196 2653 5250 illud
2695 5197 2744 5250 in
2770 5198 2910 5250 viam
2937 5197 3193 5251 “veritatis
3241 5196 3440 5266 dirige-

1876 5297 2015 5344 rent.
2050 5290 2129 5343 Ac
2154 5288 2275 5342 ideo
2305 5288 2415 5355 ipse
2433 5286 2709 5341 constituit
2728 5288 2784 5340 ei
2816 5296 3059 5355 pastores
3087 5294 3139 5340 et
3178 5293 3433 5345 rectores,

1877 5381 1927 5435 id
1949 5376 2334 5447 est,apostolos
2366 5384 2421 5430 et
2448 5364 2787 5431 succesSorcs
2812 5391 3018 5430 emam.
3055 5374 3185 5427 Nam
3215 5382 3270 5427 et
3298 5387 3437 5428 srm-

1873 5485 1972 5541 per
2002 5482 2221 5524 necesse
2270 5474 2353 5521 est
2376 5474 2439 5521 ut
2458 5482 2584 5521 oves
2613 5465 2811 5520 Christi
2838 5474 3080 5534 pastores
3114 5474 3169 5518 et
3191 5464 3439 5518 (tortores

1875 5563 2123 5626 habeant.
2177 5557 2312 5624 Quia
2357 5556 2598 5611 diabolus
2636 5556 2767 5612 velut
2808 5556 3012 5624 rugiens
3060 5554 3138 5608 leo
3177 5555 3436 5617 circumit.

1871 5663 2069 5719 reaper
2114 5663 2357 5718 quarens
2406 5662 2554 5718 quem
2611 5644 2813 5701 devoret
2856 5641 2909 5711 (1
2953 5641 3095 5698 Petr.
3150 5644 3279 5713 nn);
3313 5659 3438 5700 nam
