3938 6366
245 304 358 368 839

1186 310 1537 368 COMMENT.
1576 311 1641 366 1N
1680 312 2114 395 namnam.
2156 345 2222 364 -.—
2259 308 2510 382 metu.
2708 297 2752 343 ἰ

3392 324 3494 381 890
3508 351 3510 353 >

248 434 446 491 tonare
472 411 747 489 voluisset,
768 438 870 483 nec
886 424 1001 494 ipse
1026 439 1218 494 capere
1238 424 1465 495 mundus
1488 434 1689 493 posset.
1720 421 1837 509 Sed.
1850 427 1902 503 Α
1928 426 2110 508 pbzeus
2136 427 2298 482 etiam
2322 427 2584 498 Cleopbas
2609 429 2783 484 dictus
2805 438 2911 497 est,
2933 397 3016 486 vel
3045 433 3158 504 ipsa
3183 434 3374 504 Maria,
3406 441 3494 495 de.

245 521 307 566 et
335 513 498 566 ambo
527 526 669 580 smpe
705 526 946 578 seorsum
975 520 1028 590 et
1046 512 1373 588 in'montem
1394 529 1426 567 a
1448 513 1676 568 Domino
1701 513 1824 569 duci

247 612 309 656 et
358 596 645 670 aliquando
704 613 894 656 sonum
945 603 1010 656 de
1040 601 1180 678 nube
1219 601 1509 658 terrificum
1547 603 1826 673 percipere

255 703 609 748 meruerunt:
658 690 761 748 Hic
809 703 884 748 est
928 691 1100 747 Filius
1150 711 1294 754 meus
1323 694 1578 758 dilectus.
1641 694 1825 752 Prisca

253 800 491 853 quoque.
524 785 741 840 nomina
783 784 987 839 meritis
1017 785 1293 854 aptissima
1321 793 1602 857 gestarunt
1626 805 1639 841 :
1665 785 1823 842 Iaco-
1858 780 1861 782 ’

257 874 361 927 bus
389 874 532 927 enim
581 873 969 943 supplantator,
1007 871 1238 928 Joannes
1273 875 1326 928 in
1380 891 1480 945 quo
1532 884 1606 929 est
1657 877 1826 945 gratia

254 964 344 1017 vel
371 964 581 1017 Domini
601 963 774 1033 gratia
793 962 987 1016 dicitur
1015 980 1028 1015 :
1061 977 1186 1036 nam
1213 963 1300 1018 ille
1330 972 1386 1018 et
1406 965 1587 1018 carnis
1615 980 1824 1028 curam,

257 1054 486 1128 Domino
543 1061 788 1116 vocante,
847 1053 1213 1124 supplantare,
1259 1065 1315 1108 et
1359 1054 1529 1124 ipsam
1584 1069 1824 1118 carnem,

255 1146 469 1202 Herode
523 1145 841 1207 trucidante,
891 1146 1107 1215 gavisus
1152 1153 1236 1223 est
1279 1156 1664 1210 contemnere;
1723 1147 1848 1224 iste

253 1238 328 1291 ob
367 1235 575 1290 amoris
614 1235 869 1305 praecipui
895 1235 1146 1304 gratiam,
1175 1250 1333 1304 quam
1373 1236 1620 1306 virginali
1657 1236 1826 1306 gloria

253 1333 551 1390 meruerat,
597 1331 758 1395 super
807 1324 1183 1393 Redemptoris
1228 1325 1308 1379 sui
1351 1335 1538 1396 pectus
1580 1326 1634 1379 in
1670 1340 1826 1380 omna

250 1413 524 1491 retiubuit.

258 1505 264 1509 .
297 1499 604 1594 \Philippus
628 1532 676 1577 et
702 1522 1140 1578 Bartholomazus.
1171 1521 1447 1594 Philippus
1485 1541 1540 1577 os
1569 1498 1826 1593 lampadis

253 1615 668 1683 interpretatur,
717 1622 772 1667 et
817 1625 1004 1669 recte:
1061 1615 1186 1684 quia
1234 1623 1456 1670 vocatus
1501 1631 1530 1669 a
1580 1616 1822 1680 Domino,

158 1739 160 1741 ›
233 1700 382 1757 'mox
439 1705 654 1758 invento
708 1701 1026 1759 Nathanaeli
1076 1705 1256 1760 lumen
1329 1707 1472 1774 quod
1524 1713 1820 1774 agnoverat

1925 504 2107 568 functo
2167 523 2289 584 post
2331 526 2540 571 enatum
2596 517 2852 576 Iacobum
2919 520 3180 590 Alphaeo,
3251 525 3497 596 Cleopluc

1926 606 2122 674 nupsit.
2147 605 2245 661 Cui
2276 605 2581 662 SimeOnem
2609 609 2774 664 ﬁlium
2811 614 3082 683 genuisse,
3108 631 3341 687 eumque
3363 636 3494 674 con-

1926 696 2203 751 sobrinum
2262 699 2472 753 Domini
2517 701 2833 758 existentem
2865 746 2879 770 ,
2932 721 2997 760 eo
3049 705 3497 780 quod'Cleophas

1926 785 2093 841 frater
2142 787 2308 850 fuerit
2356 787 2578 860 Ioseph,
2635 791 3016 865 Hierosolyma
3069 805 3191 865 post
3239 797 3495 857 Iacobum

1926 879 2132 933 rexisse
2158 879 2471 952 Ecclesiam,
2500 876 2723 957 historia
2751 886 3113 942 ecclesiastica
3143 889 3304 944 tradit
3337 906 3349 941 :
3385 891 3497 944 sive

1927 969 2015 1023 hic
2034 970 2305 1037 apostolus
2325 971 2532 1038 Simon,
2557 989 2648 1028 seu
2671 974 2895 1044 quilibet
2917 958 3053 1032 alius
3075 977 3292 1033 Simeon
3313 977 3490 1032 fuerit.
3540 968 3551 990 "

1921 1058 2079 1138 Quod
2103 1076 2229 1115 vero
2257 1060 2704 1119 Iacobus-merito
2732 1065 2872 1118 ﬁlius
2903 1066 3127 1135 Alphaai,
3153 1069 3204 1121 id
3231 1079 3313 1122 est
3334 1071 3503 1138 docti,

1928 1155 1997 1208 sit
2026 1156 2450 1226 cognominatus
2471 1159 2580 1227 ipsi
2635 1168 2900 1214 testantur
2930 1162 3192 1230 apostoli,
3226 1163 3315 1232 qui
3374 1178 3490 1216 eum

1927 1253 2049 1312 post
2113 1245 2323 1300 Domini
2374 1248 2678 1316 passionem
2755 1251 2934 1304 statim
2975 1250 3493 1323 .Hierosolymorum

1929 1334 2315 1390 ordinaverunt
2337 1335 2651 1407 episcopum
2678 1340 2801 1408 quia
2827 1350 2882 1395 et
2905 1351 3029 1395 ante
3057 1345 3334 1414 sanguinis
3363 1343 3494 1396 ellu-

1929 1420 2137 1478 siOnem
2171 1436 2332 1481 verus
2374 1429 2685 1497 etia‘mipse
2719 1431 2952 1486 carnalis
2978 1433 3228 1487 desiderii
3259 1435 3330 1488 sit
3363 1451 3494 1503 sup-

1928 1514 2197 1582 plantatOr
2216 1557 2231 1581 ,
2258 1525 2488 1572 testatur
2516 1517 2863 1591 Hegesippus,
2898 1523 3105 1577 vicinus
3135 1525 3497 1592 apostolorum

1927 1611 2228 1675 temporum
2277 1609 2584 1664 historicus.
2638 1630 2657 1661 ‹
2700 1611 2969 1682 Suscepit,
3003 1614 3269 1684 inquiens,
3318 1611 3498 1669 Ecc|e4

1930 1696 2066 1748 siam
2092 1696 2472 1768 Hierosolyma:
2499 1710 2622 1768 post
2665 1703 2939 1770 apostolos
2969 1703 3137 1757 frater
3164 1704 3374 1778 Domini
3409 1704 3498 1758 Ja-

237 1794 587 1871 Apr-.edieavit,
613 1793 794 1847 dicens
822 1793 1034 1858 :‘Quem
1072 1794 1282 1864 scripsit.
1303 1793 1510 1863 Moyses
1546 1795 1601 1846 in
1645 1792 1753 1863 lege
1780 1804 1826 1846 et
1849 1782 2110 1876 ¹Βροῦυε³
2133 1798 2486 1876 cognomento
2519 1789 2721 1846 Iustus.
2748 1793 2894 1848 Multi
2911 1794 3128 1876 quidem
3163 1785 3349 1850 Jacobi
3397 1812 3496 1852 vo-

247 1883 532 1960 prophette,
581 1883 864 1938 invenimus
902 1881 1108 1948 Iesum,
1149 1883 1319 1954 ﬁlium
1368 1883 1559 1954 Ioseph
1583 1902 1618 1938 α
1644 1884 1826 1938 Naza-

251 1976 367 2029 reth
407 1975 584 2046 (Ioan.
619 1975 683 2045 ι),
722 1983 776 2049 et
823 1983 944 2044 post
977 1976 1195 2033 modum
1231 1975 1372 2045 quod
1410 1991 1467 2030 se
1511 1976 1576 2030 de
1624 1975 1824 2030 lumine

249 2068 435 2122 minus
477 2067 614 2122 scire
653 2068 938 2133 sentiebat,
962 2055 1270 2138 suppliciter
1294 2068 1559 2136 quaesivit,
1585 2066 1823 2132 Domine,

250 2161 526 2230 inquiens,
553 2159 762 2212 ostende
781 2159 1086 2225 Patrem,-ct
1105 2161 1286 2230 sufﬁcit
1309 2156 1454 2214 nobis
1483 2159 1663 2232 (Ioan.
1688 2158 1821 2242 ξαν).

241 2251 683 2322 ⁵Βεπιὶιοιοηιωιιξτ»
713 2252 907 2323 Syrum
933 2262 1035 2318 est,
1087 2269 1192 2308 non
1235 2253 1541 2317 Hebraeum,
1573 2263 1626 2307 et
1653 2254 1824 2307 inter-

249 2351 501 2411 pretatur
519 2341 661 2410 ﬁlius
677 2342 1038 2412 suspendentis
1063 2359 1249 2412 aquas,
1277 2343 1379 2413 hoc
1416 2352 1519 2407 est,
1544 2343 1709 2398 Filius
1731 2343 1824 2397 Dei

250 2432 346 2499 qui
394 2433 801 2501 pmdicatorum
841 2448 1058 2495 suorum
1093 2442 1298 2487 mentes
1339 2434 1404 2487 ad
1434 2434 1672 2488 caelestia
1698 2450 1826 2489 con—

247 2505 558 2591 templanda
581 2522 886 2590 suspendit,
913 2531 973 2575 ut
994 2538 1098 2591 quo
1124 2523 1268 2594 celsa
1288 2521 1510 2578 liberius
1524 2523 1823 2591 pervolant,

251 2624 323 2666 eo
371 2598 706 2673 terrenorum
763 2612 939 2665 corda.
991 2612 1222 2690 feracius
1277 2612 1544 2667 dictorum
1606 2628 1824 2667 suorum

253 2700 763 2770 gnttisinebrient.
824 2700 976 2766 Unde
1002 2701 1159 2776 bene
1215 2700 1425 2771 Moyses
1469 2701 1536 2756 de
1586 2702 1823 2757 Ecclesia

252 2791 481 2862 mystice
509 2791 780 2845 disserens
808 2791 921 2844 ait.‘:
956 2791 1094 2856 Quia
1131 2808 1234 2845 non
1255 2803 1335 2845 est
1374 2803 1536 2857 terra,
1564 2793 1633 2846 ad
1670 2809 1825 2863 quam

181 2866 183 2868 ﬁ
249 2881 586 2949 ingredimini
630 2882 1020 2951 possidendam,
1065 2881 1251 2935 similis
1288 2891 1441 2936 terra
1482 2882 1721 2953 ﬁgypti,
1761 2884 1826 2936 de

232 2987 356 3040 .qna
399 2960 621 3036 existis,
670 2972 758 3025 ubi
802 2973 949 3042 jacio
993 2975 1186 3027 semine
1221 2975 1276 3027 in
1309 2975 1580 3028 hortorum
1626 2960 1855 3051 morem,

224 3075 404 3134 aqum
452 3063 714 3140 ducuntur
740 3064 970 3134 irrigare,
1008 3054 1100 3118 sed
1123 3065 1187 3118 de
1223 3063 1348 3118 calo
1386 3065 1586 3134 pluvias
1638 3082 1820 3135 exspe—

1927 1877 2217 1946 cabantur,
2249 1881 2338 1935 hic
2368 1873 2794 1962 ’δευτερομάρτνρ
2824 1873 3294 1942 εδιὶοιυετνοεειυε
3343 1886 3445 1941 fuit
3468 1905 3491 1941 ν;

1927 1969 2107 2041 vinum
2134 1979 2187 2024 et
2213 1966 2439 2027 siceram
2467 1989 2571 2028 non
2595 1973 2746 2039 bibit,
2773 1990 2989 2031 carnem
3017 1977 3215 2031 nullam
3242 1967 3472 2033 comedit

1888 2101 1892 2104 .
1926 2065 2199 2129 nunquam
2230 2069 2475 2117 attonsus
2505 2070 2606 2127 est,
2647 2079 2819 2133 neque
2859 2074 3052 2120 unctus
3075 2074 3162 2120 est»
3203 2075 3476 2136 unguenta

1926 2164 2099 2218 neque
2121 2166 2249 2205 usus
2276 2163 2360 2209 est
2403 2153 2611 2217 balneo.
2657 2153 2792 2209 Huic
2818 2155 2915 2210 soli
2965 2165 3075 2210 tum
3122 2155 3240 2228 [soli
3268 2157 3494 2230 licitum,

1925 2246 2042 2292 erat
2096 2240 2298 2309 ingredi
2336 2252 2519 2308 sancta
2549 2279 2551 2281 ι
2581 2255 2911 2310 sanctorum,
2957 2246 3218 2315 siquidem
3257 2246 3498 2301 vestibus

1927 2331 2094 2385 laneis
2123 2349 2240 2393 non
2259 2334 2526 2397 utebatur,
2561 2337 2654 2390 sed
2679 2337 2855 2399 lineis,
2885 2338 3137 2408 solusque
3161 2328 3524 2409 ingredieba?

1927 2429 2013 2474 tur
2037 2421 2088 2473 in
2113 2413 2394 2490 templum,
2423 2431 2477 2476 et
2504 2423 2625 2478 ﬁxis
2652 2426 2878 2495 genibus
2905 2441 3003 2495 pro
3027 2427 3222 2497 populo
3245 2428 3496 2497 depreca-

1926 2512 2084 2566 batur
2109 2514 2159 2566 in
2199 2523 2429 2579 tantum,
2461 2509 2523 2570 ut
2551 2518 2880 2592 camelorum
2927 2520 3176 2573 duritiem
3225 2519 3341 2587 ejus
3384 2506 3495 2575 trar

1925 2605 2066 2660 x'isse
2095 2621 2264 2674 genua
2297 2607 2716 2662 crederentur.-i
2767 2607 3034 2681 (Hieron)
3066 2602 3366 2667 Thaddaaus
3390 2628 3490 2666 au-

1926 2703 2031 2748 tem
2068 2695 2356 2763 apostolus,
2379 2698 2560 2766 quia!»
2588 2699 2915 2768 evangelista
2942 2701 3085 2755 Luca
3115 2701 3280 2756 Iudas
3304 2701 3492 2758 Jacobi

1925 2786 2123 2840 dicitur
2158 2795 2212 2840 et
2238 2786 2362 2858 alibi
2393 2788 2691 2857 appellatur
2724 2789 2977 2854 Libbeus,
3001 2791 3153 2859 quod
3172 2791 3491 2862 interpreta-

1927 2885 2014 2929 tur
2040 2877 2298 2942 corculus,
2339 2879 2391 2932 id
2417 2888 2500 2932 est
2523 2880 2700 2939 cordis
2726 2880 2918 2945 cultor,
2958 2883 3389 2953 credendumque
3411 2890 3496 2939 est

1925 2980 2045 3018 eum
2103 2966 2268 3021 fuisse
2308 2972 2624 3043 τριὼνυμον,
2692 2969 2834 3038 sicut
2877 2969 3062 3025 Simon
3093 2970 3284 3026 Petrus
3311 2981 3364 3026 et
3390 2971 3484 3026 ﬁlii

1926 3053 2165 3110 Zebedeni
2191 3048 2494 3126 Beanergcs
2520 3073 2585 3112 ex
2619 3058 2872 3113 ﬁrmitate
2897 3048 2955 3114 et,
2973 3062 3337 3130 magnitudine
3369 3063 3493 3118 ﬁdei
3582 3052 3588 3056 ’

248 3129 591 3220 ctam,quam
608 3129 883 3206 Deussuu‘s
907 3154 1237 3216 invisitomni
1262 3129 1502 3224 tempore
1520 3154 1696 3225 (Deut.
1720 3129 1818 3221 in).
1850 3129 1894 3190 Ο
1930 3151 2186 3221 nominati
2213 3160 2357 3206 sunt.
2384 3153 2677 3207 Erat-enim
2719 3129 3101 3221 fr‘aterJacobi
3145 3156 3339 3213 fratris
3380 3159 3491 3214 Do-
3539 3201 3543 3204 .

251 3241 536 3298 Saecularis
559 3244 701 3298 enim
733 3243 995 3313 sapientia
1025 3245 1178 3315 quasi
1215 3245 1435 3305 coluber
1477 3260 1574 3316 per
1597 3245 1821 3299 humum

248 3333 634 3417 serpit,divina
672 3343 847 3422 autem
874 3335 941 3390 de
974 3335 1281 3398 caelestibus
1312 3338 1536 3391 intonat.

324 3443 547 3509 Thomas
593 3453 639 3498 et
699 3443 981 3502 Mattheus
1027 3445 1353 3516 publicanus.
1397 3444 1598 3519 (Hier.)
1627 3446 1820 3520 Cteteri

247 3535 590 3606 evangelista:
621 3537 673 3589 in
699 3528 1101 3606 conjunctione
1147 3539 1423 3594 nominum
1471 3541 1702 3610 primum
1735 3556 1822 3610 p0-

184 3636 189 3642 '
249 3637 387 3681 nant
427 3613 755 3691 Matthaeum,
823 3635 878 3682 et
921 3637 1106 3696 postea
1147 3621 1512 3696 Thomam,'et
1550 3625 1821 3702 publicani

249 3729 447 3774 ntnuen
494 3734 597 3772 non
644 3719 942 3784 ascribunt,
991 3734 1059 3772 ne
1115 3721 1350 3789 antiqua:
1400 3722 1822 3786 conversationis

249 3812 630 3874 recordantes,
651 3809 955 3889 suggillare
984 3808 1365 3887 evangelistam
1386 3806 1691 3892 videantur.
1717 3813 1822 3869 Iste

175 3965 179 3968 _
253 3913 493 3973 vero,,ut
522 3919 683 3973 supra
720 3903 970 3970 diximus,
1010 3912 1066 3958 et
1107 3913 1229 3972 post
1271 3903 1530 3959 ThOmam
1560 3919 1617 3958 se
1646 3905 1829 3974 ponit,-

244 4005 302 4040 el
348 3994 686 4040 hublicanum
723 3994 970 4040 annellnt-
1015 4004 1073 4040 nl
1100 3993 1189 4040 ubi
1214 3995 1493 4040 abundauit
1525 4005 1817 4040 neccalum-

1922 3903 2152 3931 CHUIICIII
2187 3903 2422 3933 ῠιῐιιυιιιδ
2456 3903 2602 3932 ιέιιΊ
2641 3903 2694 3932 CI,
2716 3903 2865 3933 δυυὶε
2913 3903 3095 3933 auum]
3124 3903 3136 3933 Ζ
3171 3903 3354 3935 mtuo“
3389 3903 3483 3934 au-

1922 3974 2027 4020 tem
2083 3965 2417 4023 Chananaaus
2465 3983 2494 4021 a
2537 3969 2717 4022 Chana
2762 3969 2879 4023 vico
2904 3969 3134 4023 Galilaza:
3170 3966 3483 4040 cognomen

244 4005 302 4049 et
348 3994 687 4065 publicanum
723 3994 971 4064 appellat,
1015 4004 1073 4047 ut
1100 3993 1189 4048 ubi
1214 3995 1493 4049 abundavit
1524 4005 1818 4063 peccatum,

243 4085 689 4154 superabundant
718 4080 908 4153 gratia.
960 4083 1171 4157 (Beda.)
1204 4084 1438 4139 Thomas
1467 4085 1703 4155 abyssus,
1733 4085 1820 4139 vel

244 4163 517 4244 geminus,
583 4175 714 4228 inde
769 4171 952 4228 Grteee
1023 4173 1234 4244 δίδυμος
1294 4172 1591 4243 appeflatur‘
1637 4192 1649 4227 :
1695 4174 1820 4243 quia

246 4279 355 4332 quo
381 4251 590 4318 caeteris
621 4245 818 4318 diutius
836 4259 1126 4327 dubitavit,
1145 4277 1212 4316 eo
1242 4263 1528 4318 Dominicae
1575 4247 1818 4318 resurre;

244 4355 441 4411 ctionis
461 4354 741 4409 veritatem
770 4354 927 4408 altius
967 4353 1171 4409 didicit.
1204 4354 1276 4408 De
1297 4369 1402 4424 quo
1427 4354 1648 4424 pulchre
1680 4354 1821 4407 Pau-

241 4445 414 4509 linus,
450 4446 594 4501 Nolte
630 4435 874 4512 antistes,
903 4449 1122 4524 cecinit:
1248 4434 1280 4479 δ

369 4601 461 4664 Hic
482 4602 654 4664 dubius
679 4602 876 4664 gemino
902 4601 1442 4664 Didymnscognomine
1466 4599 1676 4649 Thomas

372 4663 586 4722 Adiacet.
617 4661 744 4711 hunc
767 4661 990 4711 Christus
1014 4662 1192 4720 ινδνὺότεο
1212 4665 1518 4721 cunctamine
1541 4663 1722 4711 nieutis

369 4723 467 4771 Pro
492 4733 651 4770 nostra
677 4724 900 4770 dubitare
929 4725 1018 4770 title
1046 4725 1284 4782 permisit,
1309 4731 1359 4772 ut
1385 4732 1434 4770 et
1461 4735 1546 4769 nos

369 4784 472 4834 Hoc
495 4785 620 4831 duce
651 4785 841 4841 ﬁrmati,
869 4785 1216 4845 hominumque
1241 4784 1497 4845 Deumque
1521 4788 1792 4833 trementes

267 4873 286 4895 ο
371 4845 553 4892 νίν-ηρ
574 4854 674 4905 post
699 4853 904 4892 mortem
929 4858 1047 4892 vero
1073 4843 1311 4892 fateamur
1342 4843 1500 4893 Iesum
1681 4866 1686 4870 ’

371 4907 597 4967 Corpore,
620 4909 722 4953 viva
741 4920 840 4953 suae
859 4913 1202 4954 monstrantem
1231 4905 1428 4954 vulnera
1451 4907 1623 4953 carnis.

316 5058 596 5112 Matthmus
639 5058 860 5110 donatus
904 5056 1121 5121 dicitur,
1171 5055 1422 5110 videlicet
1456 5047 1581 5124 quia
1613 5071 1809 5131 magno

243 5148 458 5202 Domini
515 5161 734 5200 munere
791 5147 854 5200 de
911 5146 1201 5199 teloneario
1250 5146 1535 5215 publicano
1584 5147 1634 5200 in
1681 5163 1808 5217 apo-

240 5236 366 5293 5101i
401 5245 482 5290 est
509 5245 563 5289 et
603 5235 937 5301 evangelistze
966 5233 1239 5300 delegatus
1264 5233 1513 5288 ofﬁcium.

311 5323 543 5379 Iacobus
575 5326 856 5393 ΑΙμΙιηιὶ,ει
885 5323 1452 5391 Thaddwus..Jacohns
1475 5327 1686 5393 quidem
1719 5326 1805 5378 Al-

238 5417 381 5491 phazi
405 5417 515 5486 ipse
543 5426 625 5470 (οδε
649 5418 736 5484 qui
765 5416 814 5468 in
855 5415 1139 5485 Evangelio
1167 5416 1334 5469 frater
1376 5416 1586 5469 Domini
1623 5421 1805 5474 nomi-

240 5516 447 5566 natur:
489 5510 608 5574 quia
653 5507 835 5570 Maria,
866 5522 1000 5560 uxor
1029 5507 1256 5576 AlplnL-i,
1282 5522 1432 5560 soror
1478 5507 1574 5561 fuit
1630 5508 1806 5562 Maria:

242 5599 431 5654 matris
495 5582 735 5658 Domini,Y
771 5612 936 5665 quam
996 5597 1213 5649 Mariam
1271 5596 1520 5664 Clcopltae
1568 5587 1802 5651 Joannes

242 5688 565 5757 exangelisla
620 5686 973 5758 t'vguutninat,
1009 5686 1228 5741 rttt'uSSt'
1263 5689 1387 5755 quin
1438 5687 1512 5736 και
1548 5688 1694 5739 idem.
1720 5689 1803 5738 ,ΧΙ-

1924 3239 2080 3306 mini,
2112 3250 2169 3294 ut
2196 3242 2306 3310 ipse
2328 3242 2390 3317 in
2415 3242 2647 3311 Epistola
2671 3259 2766 3298 sua
2791 3245 2992 3306 scribit.
3015 3243 3169 3300 Unde
3193 3247 3352 3300 etiam
3381 3249 3494 3317 ipse

1925 3327 2087 3396 frater
2108 3331 2320 3395 Domini
2353 3325 2665 3411 vocabatur,
2688 3337 3063 3391 attestantibus
3102 3337 3306 3391 civibus
3328 3338 3494 3408 ipsius

1921 3421 2012 3491 qui
2033 3423 2098 3476 de
2118 3423 2405 3478 virtutibus
2449 3423 2565 3491 ejus
2587 3433 2864 3493 stupentes
2886 3427 3102 3480 aiebant
3133 3444 3145 3479 :
3187 3426 3375 3481 Nonne
3398 3429 3492 3482 istc

1922 3515 1996 3566 est
2018 3509 2165 3582 faber
2182 3514 2324 3582 ﬁlius
2354 3513 2562 3579 Marirr,
2591 3503 2753 3583 frater
2771 3514 2978 3580 Iacobi,
3003 3525 3048 3569 et
3074 3514 3291 3586 Ioseph,
3318 3528 3366 3571 et
3393 3517 3490 3571 Iu-

1935 3604 2039 3668 da‘,
2073 3614 2119 3664 et
2144 3602 2423 3662 Simonis?
2454 3605 2648 3677 (Marc.
2684 3607 2782 3676 γι.)
3072 3642 3079 3648 .
3289 3596 3292 3599 ⁷

1980 3693 2178 3748 Simon
2223 3693 2573 3760 Cltanantrus,
2603 3705 2650 3749 et
2696 3695 2866 3750 Iudas
2899 3695 3217 3760 Scar’iothc’s,
3258 3698 3359 3770 qui
3385 3681 3494 3751 tra-

1922 3786 2055 3839 didit
2081 3803 2218 3840 eum.
2251 3787 2316 3840 Et
2350 3788 2447 3841 hos
2468 3804 2589 3842 cum
2623 3788 2984 3843 additamento
3013 3789 3190 3858 posuit
3209 3791 3272 3843 ad
3299 3789 3487 3845 distin-

1922 3877 2152 3931 ctionem
2186 3877 2422 3933 Simonis
2453 3877 2602 3932 Petri
2641 3886 2694 3932 et
2716 3878 2865 3933 Iudae
2913 3877 3095 3933 Jacobi
3124 3899 3136 3933 :
3170 3878 3354 3935 Simon
3389 3895 3487 3934 au-

1922 4056 2145 4124 accepit.
2175 4056 2324 4122 Quod
2355 4058 2677 4128 evangelista
2703 4057 2874 4112 Lucas
2902 4073 3023 4113 cum
3054 4051 3490 4128 interpretatione

1921 4149 2118 4218 posuit,
2157 4149 2342 4204 Simon
2386 4149 2592 4212 zelotes,
2646 4147 2829 4203 Chana
2884 4150 3079 4218 quippe
3141 4148 3302 4214 zelus,
3347 4148 3488 4203 Cha-

1918 4253 2138 4292 nanarus
2186 4239 2383 4310 dicitur
2432 4240 2692 4303 ζηλωτὴς,
2745 4238 2928 4293 ὶι1ἐει
2978 4237 3274 4306 aemulator.
3310 4235 3486 4296 Iudas

1922 4338 2098 4382 autem
2138 4328 2384 4384 Scarioth
2413 4339 2506 4382 aut
2529 4345 2558 4382 a
2588 4331 2708 4385 vico
2746 4330 2798 4384 in
2826 4345 2932 4399 quo
2974 4320 3132 4398 ortus
3161 4338 3258 4391 est,
3298 4341 3389 4384 aut
3417 4345 3483 4384 ex

1895 4421 2060 4473 tribu
2090 4420 2305 4474 lsachar
2351 4422 2666 4490 praesagium
2705 4436 2817 4475 sua:
2859 4420 3215 4476 damnationis
3260 4421 3485 4476 vocabu—

1845 4493 1892 4553 υ
1923 4509 2030 4561 lum
2068 4507 2296 4576 sumpsit
2323 4526 2336 4561 :
2368 4508 2581 4564 lsacliar
2616 4510 2826 4578 quippe,
2856 4510 2994 4578 quo'd
3036 4510 3230 4565 dicitur
3268 4494 3480 4572 merces,

1913 4597 2144 4666 pretium
2189 4598 2505 4666 proditionis
2529 4591 2793 4662 insinuat;
2826 4597 3071 4653 Scarioth
3095 4608 3314 4663 autem,
3339 4601 3483 4668 quod

1915 4690 2161 4742 memoria
2200 4690 2380 4743 mortis
2429 4690 2832 4759 interpretatur,
2877 4692 3054 4762 arguit
3087 4707 3208 4746 eum
3239 4708 3342 4747 non
3395 4708 3478 4747 rc-

1912 4788 2070 4848 pcntc
2108 4794 2442 4847 persuasum,
2484 4781 2574 4834 sed
2605 4781 2918 4835 meditatum
2949 4783 3149 4836 diutius
3189 4781 3477 4840 Dominicze

1913 4868 2212 4923 traditionis
2260 4876 2501 4937 patrasse
2542 4855 2818 4938 ﬂagitium.
2848 4869 3069 4940 (Ambr.)
3098 4869 3197 4936 Qui
3233 4886 3336 4925 non
3380 4885 3477 4939 per

1919 4959 2362 5027 imprudentiam,
2391 4961 2480 5015 sed
2504 4975 2597 5028 per
2613 4961 3000 5033 providentiam
3042 4962 3178 5016 inter
3207 4961 3472 5030 apostolos

1914 5051 2143 5121 eligitur.
2184 5050 2391 5116 Quanta
2423 5052 2564 5105 enim
2589 5059 2672 5104 est
2705 5042 2931 5119 veritas,»
2951 5069 3109 5122 quam
3139 5068 3236 5107 nec
3278 5054 3471 5107 adver-

1911 5142 2086 5197 sarius
2121 5140 2660 5195 ministeriuﬁrmat?
2690 5141 2897 5208 Quanta
2931 5143 3204 5197 mOralitas
3233 5142 3468 5206 Drmini.

1911 5232 1999 5300 qui
2033 5230 2321 5300 periclitari
2362 5229 2498 5297 apud
2533 5245 2630 5284 nos
2659 5231 2918 5301 judicium
2948 5241 3106 5291 suum
3135 5227 3301 5300 quam
3343 5231 3472 5287 alre-

1910 5330 2055 5380 ctum
2089 5319 2308 5374 maluit?
2339 5319 2661 5388 Susceperat
2693 5321 2833 5374 enim
2868 5321 3096 5374 hominis
3127 5320 3470 5390 fragilitatem

1909 5426 1962 5468 et
1995 5415 2113 5479 ideo
2159 5429 2257 5467 nec
2296 5414 2392 5467 llas
2424 5423 2604 5481 partes
2635 5415 2898 5468 recusarit
2935 5407 3236 5483 fragilitatis
3275 5415 3464 5468 huma-

1909 5521 2006 5558 nae.
2029 5505 2203 5559 Voluit
2230 5505 2608 5567 deseri,mluit
2638 5505 2810 5574 prodi,
2840 5504 3006 5559 voluit
3028 5504 3096 5558 ab
3115 5503 3352 5572 apostolo
3369 5520 3468 5559 suo

1908 5597 2062 5651 tradi.
2093 5603 2149 5648 ut
2180 5605 2230 5646 tu
2267 5613 2292 5647 a
2324 5598 2469 5648 socio
2513 5597 2774 5654 desertus,
2802 5593 2836 5644 ἠ
2873 5593 3018 5650 socio
3067 5590 3322 5661 proditus,
3354 5609 3463 5644 tnu-

1904 5686 2049 5738 dvslt-
2076 5686 2216 5736 teras
2233 5693 2375 5735 tuum
2393 5698 2596 5736 t'rt‘ussl‘
2615 5681 3096 5755 judiciumqwrissc
3125 5681 3460 5733 beneﬁcium.
