3938 6366
419 335 422 338 η
484 303 576 364 sat
1027 281 1030 284 ’
1163 301 1223 358 B.
1265 302 1514 357 uanam
1556 302 1770 358 suum
1811 301 2124 356 Alitilllili’.
2165 302 2470 359 uocum.
2505 301 2787 363 oratum
2827 303 3004 359 rans
3042 304 3082 359 l.
3389 281 3396 287 ⁷
3638 306 3741 365 sei

549 419 663 494 ill.)
703 418 813 473 Hos
839 417 1114 472 duodecim
1145 418 1284 472 misit
1323 419 1488 473 Jews
1513 459 1526 482 ,
1566 418 1871 490 ρνιεείρὶεης
1905 427 1951 471 et
1979 419 2034 472 dt
2084 426 2130 483 Α
2158 435 2315 488 gnum
2337 418 2601 489 caelorum.
2623 418 2822 490 (Greg.)
2846 419 3288 492 Appropinquare
3303 425 3505 482 dieitur
3525 438 3738 495 regum

478 529 597 571 cens
623 515 718 567 eis.
752 509 1024 583 (Hierom)
1062 508 1607 570 Animadvertendum
1639 517 1720 562 est
1740 510 1882 577 quod
1911 507 2060 564 Seri-

475 615 569 678 ptu
577 621 634 659 ra
650 602 955 674 evangelica
970 611 1025 656 et
1046 599 1334 671 apostolica
1356 613 1459 652 non
1482 598 1625 670 solos
1649 599 1766 653 illos
1781 599 2062 655 duodecim
2083 626 2090 665 ς

481 695 717 767 appellat
743 694 1035 763 discipulos
1058 691 1197 760 ejus,
1229 691 1322 746 sed
1360 707 1548 746 omnes
1576 693 1666 762 qui
1708 693 1762 748 in
1789 703 1913 747 eum
1938 709 2062 748 cre-

413 795 417 797 ’
481 789 672 843 dentes
695 785 1004 857 magisterio
1030 782 1147 852 ejus
1176 781 1239 834 ad
1272 796 1498 850 regnum
1543 782 1804 836 cml‘orum
1851 783 2063 838 erudie-

481 880 701 934 bantur.
746 877 824 930 Ex
876 888 1102 944 quorum
1152 871 1495 929 multitudine
1547 872 1709 942 elegit
1753 872 2081 936 duodecim,-

477 987 615 1046 quos
661 967 929 1040 apostolos
972 965 1302 1029 nominavit,
1342 966 1496 1020 sicut
1517 966 1692 1022 Lucas
1729 982 2060 1024 commemo—

476 1069 581 1118 rat.
606 1058 830 1127 (Μλυιι.)
858 1057 1146 1112 Duodecim
1167 1071 1298 1126 ergo
1320 1055 1609 1125 discipulos
1630 1057 1888 1113 Dominus
1905 1057 2063 1114 Jesus

477 1150 628 1205 misit
654 1149 720 1203 ad
754 1144 1152 1222 praedicandum
1180 1185 1193 1208 ,
1228 1145 1354 1215 quia
1381 1145 1566 1200 multis
1594 1145 1892 1217 ﬁgurarum
1925 1149 2064 1204 indi-

475 1243 577 1297 ciis
592 1240 775 1319 eodem
799 1251 1024 1291 numero
1046 1236 1145 1307 ipsi
1167 1244 1323 1292 antea
1340 1236 1625 1304 prtenotati
1647 1247 1775 1293 sunt
1795 1223 2059 1307 aptissimi

475 1345 596 1387 esse
626 1328 691 1385 ad
722 1325 1137 1396 dispensandum
1166 1325 1344 1380 divina
1375 1327 1648 1397 mysteria.
1674 1326 1739 1381 Hi
1769 1330 1914 1382 enim
1935 1338 2064 1386 sunt

477 1421 754 1477 duodecim
785 1419 878 1473 ﬁlii
928 1418 1041 1473 veri
1074 1417 1241 1474 Jacob
1269 1416 1424 1488 (Gen;
1455 1418 1621 1489 xxxv)
1646 1435 1661 1483 ;
1691 1419 1747 1473 hi
1777 1420 2059 1475 duodecim

472 1513 747 1582 principes
773 1510 943 1579 plebis
968 1509 1132 1565 lsrael
1161 1508 1352 1582 (Num.
1385 1507 1467 1582 i)‘;
1496 1510 1551 1565 hi
1580 1511 2062 1569 duodecim'fontes

476 1603 672 1671 reperti
725 1601 776 1655 in
813 1601 949 1655 Elim
978 1600 1177 1670 (Exod.
1208 1599 1330 1671 xv);
1367 1602 1420 1655 hi
1459 1600 1740 1657 duodecim
1785 1612 1959 1657 castra
1994 1605 2060 1660 de

475 1693 734 1750 Ramesse
773 1709 942 1762 usque
975 1693 1103 1748 Sina
1137 1691 1335 1764 (Exod.
1367 1692 1500 1764 xu);
1529 1694 1589 1748 hi
1610 1695 1888 1750 duodecim
1921 1697 2056 1767 lapi-

2166 508 2565 579 ctclorum,.per
2598 509 2845 564 collatam
2871 511 3030 578 nobis
3077 511 3235 567 ﬁdem
3279 514 3570 571 invisibilis
3597 531 3745 572 crea-

2165 602 2456 666 torisrnon
2482 601 2657 670 aliqua
2702 602 2938 664 motione
2981 602 3392 660 elementorum.
3439 605 3578 672 Quia
3603 608 3740 663 enim

2163 692 2405 759 peccauti
2439 693 2641 752 homini
2680 694 2884 748 dictum
2914 702 2996 749 est
3025 712 3035 746 :
3072 693 3232 763 Terra
3271 713 3345 760 es,
3373 706 3424 750 et
3463 699 3519 752 in
3553 708 3738 754 terra:

2163 783 2261 836 ibis
2282 780 2432 854 (Gen.
2461 784 2584 855 ill):
2637 786 2740 840 hoc
2787 801 2916 856 ergo
2958 787 3182 856 quisque
3228 794 3313 842 est
3363 789 3509 857 quod
3545 786 3740 859 diligit,

2162 880 2346 926 contra
2369 869 2548 939 justus
2577 874 2772 927 ecelum
2800 883 2882 929 eSt
2910 916 2924 938 ,
2971 875 3062 944 qui
3092 876 3257 930 Deum
3284 877 3338 931 in
3372 891 3432 930 se
3466 885 3668 946 portat,
3690 887 3740 933 et

2163 967 2406 1022 cmlestia
2452 967 2642 1038 diligit.
2680 969 2825 1023 Deus
2866 971 3061 1039 quippe
3105 971 3192 1039 qui
3225 969 3735 1040 incircumscriptus,

2162 1067 2213 1112 et
2243 1058 2486 1122 illocalis,
2517 1067 2572 1132 et
2596 1059 2799 1129 ubique
2837 1075 3072 1130 praesens
3110 1062 3310 1117 vir-tute
3333 1104 3346 1128 ,
3379 1051 3488 1118 non
3520 1074 3742 1132 corpore

2162 1159 2268 1214 est,
2299 1149 2543 1206 localiter
2575 1158 2755 1207 tamen
2791 1136 2844 1205 in
2879 1152 2991 1206 suis
3035 1152 3275 1207 ambulat
3313 1153 3518 1208 sanctis
3541 1194 3558 1217 ,
3605 1152 3739 1208 sicut

2163 1241 2293 1294 dicit
2319 1259 2333 1296 :
2365 1240 2676 1297 Inhabitabo
2712 1252 2761 1296 et
2791 1242 3120 1297 inambulatio
3150 1243 3215 1296 in.
3235 1242 3346 1299 illis,
3373 1242 3460 1313 (II
3491 1243 3614 1297 Cor.
3641 1241 3732 1312 vt).

2159 1330 2372 1400 Ipsique
2402 1332 2580 1387 taliter
2625 1334 2825 1389 terreni
2877 1335 3120 1389 homines
3166 1333 3471 1395 eﬁiciuntur
3495 1333 3736 1390 caelestes

2161 1424 2373 1495 angeli.”
2406 1424 2624 1480 Talibus
2672 1427 2815 1480 enim
2862 1427 3119 1482 Dominus
3161 1427 3329 1481 dicit:
3380 1424 3616 1496 Regnum
3644 1425 3734 1482 Da'

2160 1513 2300 1565 intra
2332 1529 2417 1566 vos
2461 1522 2536 1568 est
2581 1512 2732 1585 (Luc.
2765 1531 2905 1579 xvu;
2937 1515 3099 1570 Joan.
3133 1516 3278 1586 nv);
3332 1525 3388 1572 et
3429 1517 3502 1571 ita
3526 1517 3734 1572 deruun-

2161 1603 2274 1656 ειειὶ
2300 1605 2480 1659 vocari
2510 1614 2755 1674 possunt,
2785 1605 2876 1675 qui
2898 1621 3020 1661 eum
3044 1607 3145 1661 ﬁde
3172 1608 3404 1666 retinent
3431 1616 3486 1662 et
3511 1607 3732 1679 diligunt

2162 1693 2444 1750 charitate.
2479 1695 2542 1748 Et
2565 1696 2756 1764 quibus
2784 1697 2922 1751 idem
2966 1697 3230 1765 promittit
3257 1696 3426 1752 Filius
3452 1697 3592 1767 quod
3617 1711 3727 1751 cum

469 1783 563 1838 (les
611 1785 665 1838 in
693 1791 840 1838 veste
871 1771 1166 1848 sacerdotis
1194 1781 1391 1851 (Exod.
1425 1782 1647 1854 xxvut);
1685 1783 1743 1837 hi
1771 1783 2054 1840 duodecim
2086 1778 2129 1836 Β
2157 1780 2399 1860 Patreet
2437 1783 2638 1852 Spiritu
2669 1793 2858 1839 sancto
2877 1787 3056 1850 adveos
3081 1787 3279 1851 veniat,
3303 1794 3358 1840 et
3379 1787 3521 1854 apud
3537 1800 3628 1841 eos
3655 1784 3728 1840 fa-

467 1890 635 1944 panes
653 1873 1034 1944 propositionis
1063 1871 1248 1943 (Leuit.
1266 1870 1413 1939 xxiv)
1440 1889 1454 1937 ;
1487 1872 1542 1926 bi
1570 1872 1850 1933 duodecim
1874 1876 2057 1945 explo-

467 1975 678 2020 ratores
700 1965 901 2018 missi'a
922 1963 1100 2033 Moyse
1121 1961 1300 2033 (Deut.
1331 1950 1380 2027 ti,
1407 1961 1522 2040 Jos.
1549 1963 1665 2034 Ill);
1695 1963 1749 2018 1ιί
1773 1965 2055 2020 duodecim

468 2056 634 2112 duces
683 2055 858 2125 populi
910 2063 1122 2112 terram,
1156 2050 1651 2125 ingressi‘(lbid.);
1683 2055 1738 2108 hi
1771 2054 2052 2109 duodecim

468 2144 676 2216 lapides
702 2146 888 2201 altaris
915 2144 970 2217 (J
976 2162 1053 2215 os.
1077 2140 1185 2214 tv);
1213 2143 1268 2198 1ιί
1298 2143 1580 2206 duodecim
1601 2143 1802 2212 lapides
1839 2144 1904 2199 de
1931 2130 2052 2206 Jor—

472 2240 608 2293 dane
637 2235 831 2294 elevati
856 2236 1077 2308 (Ibid);
1111 2236 1166 2292 hi
1191 2235 1474 2291 duodecim
1497 2235 1703 2305 lapides
1724 2226 1776 2290 in
1805 2237 2053 2290 etun‘dem
2095 2281 2110 2298 ,

469 2329 616 2384 allati
647 2329 836 2400 (Ibid.)
855 2329 874 2396 ;’
897 2329 950 2384 1ιί
975 2329 1255 2400 duodecim
1283 2329 1450 2386 duces
1478 2327 1781 2385 Salomonis
1807 2327 1894 2400 (II
1925 2327 2051 2398 Reg.

471 2420 579 2490 Iv);
607 2420 662 2474 bi
689 2420 967 2474 duodecim
995 2419 1161 2474 boves
1185 2419 1289 2473 sub
1308 2417 1444 2471 mari
1467 2431 1616 2472 teneo
1641 2408 1912 2487 (Hl‘Bey.
1934 2418 2052 2489 vn);

473 2512 528 2566 1ιί
557 2511 836 2566 duodecim
867 2504 1097 2584 leunculi
1130 2509 1182 2562 in
1213 2509 1408 2563 throno
1433 2506 1738 2567 Salomonis
1765 2505 1885 2578 (111
1901 2501 1903 2504 ⁴
1923 2506 2049 2576 Reg.

470 2600 560 2670 x);
596 2602 650 2655 hi
669 2600 957 2656 duodecim
990 2598 1157 2653 stella:
1182 2598 1235 2652 in
1258 2612 1457 2652 corona
1479 2611 1690 2667 sponsae
1721 2595 1903 2667 (Apoc.
1928 2596 2048 2663 xu);

467 2692 522 2748 1ιί
567 2693 845 2751 duodecim
879 2690 1224 2745 fundamenta
1271 2686 1453 2759 (Apoc.
1487 2688 1632 2757 ut);
1680 2688 2044 2744 bi‘duodecim

469 2790 641 2852 por-tm
695 2780 929 2834 civitatis
978 2778 1071 2833 Dei
1124 2777 1342 2849 (Ibid.);
1394 2777 1449 2831 hi
1515 2775 1794 2831 duodecim
1840 2790 2054 2835 menses

470 2867 596 2925 anni
628 2865 811 2940 (Apoc.
837 2869 974 2936 nu)
1000 2884 1013 2933 ;
1048 2867 1100 2921 hi
1143 2867 1423 2924 duodecim
1467 2865 1619 2919 horae
1635 2865 1740 2919 diei
1767 2882 1782 2928 ;
1813 2864 1901 2920 isti
1929 2868 2054 2919 sont
2098 2901 2102 2906 ι

473 2964 678 3032 sagitta:
705 2963 880 3015 missa:
909 2961 972 3014 de
995 2976 1154 3012 manu
1182 2958 1404 3028 potentis
1443 2958 1498 3010 in
1536 2955 1695 3030 corda
1723 2953 2051 3009 inimicorum

468 3041 604 3122 regis
636 3051 807 3134 (Psal.
836 3048 1003 3122 xuv).
1033 3049 1136 3104 Per
1154 3051 1254 3104 bos
1278 3047 1539 3103 Pacilicus
1561 3056 1744 3105 noster
1772 3047 2055 3102 debellavit

473 3121 665 3199 mundi
681 3121 1069 3214 principem,et
1098 3155 1221 3196 vasa
1255 3141 1368 3210 ejus
1396 3137 1635 3208 diripuit.
1657 3136 1797 3204 Quid
1825 3152 1954 3206 ergo
1971 3138 2052 3194 eis
2080 3121 2123 3180 (ἶ

475 3241 604 3288 tunc
627 3233 944 3302 praecipiens
973 3230 1195 3295 dixerit,
1220 3227 1503 3286 audiamus
1537 3245 1549 3280 :

542 3320 611 3376 In
641 3322 778 3375 uiam
801 3321 1026 3390 gentium
1052 3336 1115 3373 ne
1142 3318 1396 3381 obierits's,
1442 3325 1488 3369 et
1516 3317 1571 3369 in
1608 3315 1836 3368 civitates
1865 3313 2052 3369 Sama-

473 3413 765 3466 ritanorum
793 3427 855 3464 ne
883 3409 1219 3463 intraveritis.
1257 3406 1363 3462 Sed
1391 3404 1564 3479 potius
1599 3397 1666 3458 ite
1694 3404 1913 3458 adores
1937 3421 2053 3475 qua

464 3503 735 3574 perierunt
764 3500 947 3553 domus
975 3497 1162 3552 Israel.
1191 3485 1462 3569 (meram)
1501 3494 1616 3553 Non
1641 3502 1723 3550 est
1749 3484 2055 3557 contrarius

474 3592 624 3647 locus
665 3592 766 3646 iste
793 3592 841 3644 ei
871 3598 1137 3660 praecepto
1165 3589 1309 3659 quod
1352 3595 1540 3656 postea
1583 3587 1822 3666 dicitur:
1856 3583 2052 3639 Euntes

477 3684 653 3738 docete
679 3698 852 3735 omnes
874 3690 1070 3754 gentes,
1096 3679 1415 3748 baptizantes
1434 3694 1520 3732 eos
1541 3677 1594 3730 in
1622 3676 1826 3752 nomine
1853 3673 2050 3737 Patris,

469 3783 524 3827 et
552 3769 704 3836 Fiiii,
738 3780 786 3824 et
819 3770 1048 3841 Spiritus
1078 3769 1247 3822 sancti
1294 3753 1736 3837 (Matthbxxvut):
1780 3765 1912 3833 Quia
1951 3767 2053 3820 hoc

479 3871 601 3917 ante
639 3861 1090 3916 resurrectionem
1126 3865 1452 3928 praeceptum
1500 3865 1619 3920 est,
1674 3863 1730 3910 et
1774 3855 2054 3924 oportebat

473 3952 706 4021 primum
733 3950 1016 4004 adventum
1043 3947 1244 4002 Christi
1275 3945 1583 4001 annuntiari
1607 3944 1838 4011 Judreis,
1863 3959 1932 4000 ne
1969 3943 2056 4013 ju-

456 4038 617 4096 stam
651 4040 911 4095 haberent
939 4037 1365 4101 excusationem,
1391 4037 1635 4092 dicentes
1661 4036 1782 4090 ideo
1804 4050 1861 4090 se
1886 4035 2052 4089 Deum

479 4132 729 4202 rejecisse
758 4132 882 4214 quia
910 4129 975 4183 ad
1003 4136 1188 4199 gentes
1214 4137 1269 4183 et
1296 4128 1362 4182 ad
1393 4127 1765 4182 Samaritanos
1785 4126 2078 4196 apostolos

479 4224 708 4278 miserit.
746 4222 815 4277 Ut
863 4220 1066 4275 scilicet
1097 4219 1250 4288 prius
1298 4233 1325 4270 a
1350 4215 1532 4271 Juda‘a
1574 4215 1945 4286 apostolorum
1965 4231 2054 4270 re-

479 4314 628 4387 pulsa
674 4312 1006 4382 praedicatio,
1045 4318 1170 4364 tunc
1214 4306 1368 4362 nobis
1417 4307 1468 4361 in
1513 4305 1839 4373 adiutorium
1883 4303 2052 4369 ﬁeret,

479 4419 602 4460 cum
638 4404 776 4457 banc
805 4402 894 4456 illa
923 4400 990 4454 ad
1031 4396 1392 4453 damnationis
1436 4409 1544 4450 suae
1569 4395 1932 4450 testimonium
1964 4409 2055 4446 su-

485 4495 648 4570 perhn
677 4493 978 4563 repulisset.
1014 4487 1214 4561 (Grca)
1244 4488 1314 4544 Ut
1341 4487 1466 4542 dum
1503 4485 1592 4540 illa
1615 4485 1857 4570 converti
1872 4492 2057 4538 vocata

482 4592 750 4650 renueret,
778 4583 1158 4653 prmdi‘catores
1177 4579 1347 4634 sancti
1370 4576 1436 4631 ad
1461 4576 1801 4632 vocationem
1819 4575 2057 4644 gentium

481 4694 579 4748 per
605 4678 850 4732 ordinem
880 4674 1143 4728 venirent.
1174 4671 1448 4736 Quatenus
1483 4667 1861 4736 Redemptoris
1888 4666 2056 4721 nostri

483 4762 809 4839 prmdicatlo,
836 4781 866 4818 a
896 4762 1130 4834 propriis
1159 4758 1633 4828 repulsa,gentiles
1661 4756 1883 4826 populos
1904 4755 2055 4824 quasi

483 4846 770 4914 extraneos
793 4853 1083 4926 quaereret,
1119 4859 1172 4907 et
1200 4851 1340 4921 quod
1386 4849 1582 4904 Jutlzmc
1624 4848 1785 4902 ﬁebat
1821 4848 1876 4901 in
1906 4846 2058 4900 testi-

485 4950 752 5010 monium,
795 4945 898 4999 hoc
955 4941 1203 5012 gentibus
1243 4941 1430 5010 gratiae
1477 4944 1620 4992 esset
1668 4939 2055 4991 incrementum

484 5035 751 5106 (Hier-ou.)
782 5034 940 5089 Juxta
989 5033 1338 5103 tropologiam
1373 5045 1508 5084 vero
1535 5028 1843 5098 przecipitur
1880 5027 2053 5089 nobis,

485 5130 576 5200 qui
607 5127 808 5183 Christi
833 5141 1115 5181 censemur
1147 5125 1385 5188 nomine,
1415 5139 1482 5178 nc
1513 5123 1568 5177 in
1617 5123 1702 5176 via
1731 5121 1968 5193 gentium
2002 5128 2058 5174 et

481 5221 855 5276 lucreticorum
897 5215 1232 5272 ambulemus
1265 5231 1467 5276 errore,
1516 5221 1578 5268 ut
1602 5227 1830 5300 quorpm
1869 5211 2056 5280 religio

484 5302 745 5385 separata
775 5312 866 5375 sit,
912 5318 1189 5381 separetur
1235 5318 1287 5362 et
1318 5310 1446 5364 vita.
1476 5307 1706 5385 (bl/tua.)
1745 5305 1858 5361 lmo
1883 5303 2061 5383 magis

483 5375 789 5474 saiagamus
834 5411 894 5456 ut
932 5375 1236 5470 quicunque
1287 5375 1548 5464 nostruin,
1583 5393 1635 5452 id
1683 5375 1766 5452 est
1794 5378 2051 5458 ﬁdelium,

442 5478 446 5482 i
483 5495 632 5563 gravi
663 5481 948 5548 delictoxab
972 5489 1226 5546 Ecclesiae
1260 5487 1532 5543 domicilio
1560 5485 1919 5549 recesserint,
1957 5498 2053 5555 per

483 5585 806 5652 p-‘rnitentiai
827 5576 1117 5659 lamentum
1142 5580 1333 5636 iterum
1363 5577 1428 5631 ad
1444 5577 1626 5660 ipsam
1671 5577 1909 5632 redeant.

551 5671 744 5727 It'untrs
767 5655 1068 5744 proditore.
1102 5672 1326 5727 direutrs
1353 5683 1371 5720 :
1403 5655 1542 5736 Quid
1571 5666 1949 5738 appropinquat
1975 5685 2027 5721 re

2159 1873 2267 1924 ciat
2303 1873 2655 1926 mansionem.
2690 1873 2855 1928 Recte
2884 1874 3024 1927 enim
3052 1874 3162 1927 εωιὶ
3204 1883 3485 1937 vocantur,
3525 1873 3580 1930 in
3621 1874 3730 1944 qui.

2155 1962 2256 2015 bus
2272 1961 2409 2017 Deus
2429 1963 2698 2029 prmsidet.
3402 1952 3409 1958 ’

2228 2050 2475 2122 lii/innati
2503 2065 2702 2116 curate,
2729 2063 2957 2107 mortuos
2998 2054 3278 2124 guscitate,
3322 2053 3554 2124 leprosos
3585 2071 3729 2110 mun-

2155 2143 2295 2208 date,
2325 2146 2583 2199 daemones
2631 2147 2842 2217 ejicile:
2871 2140 3032 2215 gratis
3071 2147 3360 2214 accepistis,
3382 2149 3551 2216 gratis
3593 2149 3722 2202 date.

2156 2233 2232 2291 Ne
2258 2235 2564 2289 hominibus
2587 2236 2892 2305 rusticanis,
2920 2246 2975 2290 et
2989 2235 3188 2303 absque
3208 2235 3408 2305 eloquii
3430 2245 3725 2301 venustate,

2156 2326 2385 2380 indoctis
2412 2336 2466 2381 et
2498 2327 2788 2381 illitteratis
2810 2343 2967 2381 nemo
2989 2323 3251 2395 crederet,
3284 2342 3447 2395 regna
3476 2328 3726 2384 cmlorutu

2153 2417 2528 2487 pollicentibus
2560 2418 2707 2471 dedit
2747 2424 3064 2485 potestatem
3115 2416 3359 2470 inﬁrmos
3405 2431 3630 2480 curare,
3658 2415 3726 2473 le-

2154 2522 2343 2577 prosos
2373 2509 2631 2566 mundare
2656 2549 2670 2569 ,
2693 2507 2964 2562 daunones
2986 2509 3182 2577 ejicere
3205 2550 3218 2572 ,
3251 2519 3303 2562 et
3331 2518 3527 2563 caetera
3567 2509 3727 2563 virtu-

2155 2610 2266 2660 tum
2298 2617 2460 2671 opera
2510 2587 2730 2666 t‘acere,
2779 2611 2837 2655 ut
2873 2604 3290 2674 magnitudinem
3341 2604 3724 2672 promissorum

2154 2692 2406 2760 probaret
2428 2693 2739 2762 magnitudo
2755 2693 3056 2762 signorum,
3091 2692 3355 2761 ﬁdemque
3374 2693 3558 2748 verbis
3581 2693 3728 2748 daret

2157 2783 2326 2838 virtus
2359 2792 2597 2848 ostensa,
2631 2792 2685 2838 et
2714 2797 2849 2838 nova
2892 2766 3132 2838 iacerent
3167 2784 3258 2851 qui
3299 2797 3435 2838 nova
3474 2784 3726 2853 prtedicav

2157 2881 2294 2928 rent.
2327 2873 2480 2929 Unde
2509 2889 2652 2928 nunc
2697 2888 2910 2942 quoque
2937 2887 3058 2927 cum
3107 2871 3340 2926 ﬁdelium
3375 2874 3730 2928 numerositas

2155 2963 2396 3023 excrevit
2423 3004 2437 3027 ,
2489 2963 2631 3017 intra
2678 2971 2919 3016 sanctam
2970 2960 3262 3016 Ecclesiam
3298 2960 3454 3014 multi
3495 2971 3621 3015 sunt
3641 2961 3725 3032 qui

2153 3052 2318 3107 vitam
2343 3053 2598 3109 virtutum
2628 3058 2886 3120 tenentet
2908 3051 3056 3121 signa
3083 3051 3340 3119 virtutum
3371 3066 3478 3106 non
3501 3049 3722 3114 habent;

2154 3144 2306 3212 quia/
2320 3142 2531 3217 frustra
2567 3143 2886 3213 miraculum
2929 3141 3074 3196 foras
3123 3140 3427 3198 ostenditur
3450 3183 3466 3205 ,
3499 3141 3545 3202 si
3582 3141 3725 3197 deest

2155 3234 2297 3304 quod
2339 3235 2484 3290 intus
2532 3243 2804 3303 operetur.
2841 3233 3067 3303 (illum)
3115 3232 3247 3287 Nam
3285 3232 3442 3301 juxta
3493 3234 3722 3301 magistri

2154 3325 2390 3393 gentium
2436 3340 2646 3390 vocem,
2682 3315 2876 3396 lingua
2913 3325 2969 3378 in
3008 3325 3210 3394 signum
3256 3333 3375 3378 sunt
3406 3323 3724 3390 inﬁdelibus,

2154 3427 2259 3468 non
2292 3410 2565 3478 ﬁdelibus;
2599 3401 2836 3467 attamen
2879 3421 3062 3468 sancta
3095 3412 3329 3466 Ecclesia
3367 3413 3609 3482 quotidie
3631 3414 3724 3483 spi-

2156 3493 2387 3557 ritaliter
2432 3502 2560 3557 facit
2588 3504 2729 3573 quod
2779 3512 2906 3569 tunc
2943 3518 3044 3572 per“
3075 3502 3344 3582 apostolos
3380 3504 3725 3572 corporaliter

2156 3595 2404 3650 faciebat.
2434 3595 2569 3650 Nam
2624 3583 2866 3650 inﬁrmos
2905 3602 3075 3660 curat,
3126 3585 3246 3649 cum
3287 3609 3383 3662 per
3423 3595 3728 3650 sacerdotes

2159 3701 2284 3745 suos
2317 3683 2436 3740 oleo
2470 3687 2682 3743 sacrato
2721 3683 3060 3748 inﬁrmantes
3095 3682 3385 3754 perungit,
3435 3684 3489 3736 in
3520 3685 3724 3739 nomine

2160 3775 2391 3840 Domini,
2437 3774 2597 3829 simul
2642 3782 2696 3830 et
2732 3775 3028 3835 orationem
3049 3787 3156 3842 pro
3177 3773 3260 3827 eis
3305 3773 3369 3826 ad
3407 3772 3580 3845 Deum
3607 3772 3723 3828 fun-

2159 3866 2293 3926 dens
2322 3874 2378 3918 ut
2408 3864 2669 3932 recipiant
2695 3865 3010 3918 sanitatem:
3033 3878 3132 3920 nec
3154 3879 3258 3919 non
3282 3863 3334 3916 in
3361 3870 3560 3918 cetera
3578 3858 3726 3917 turba

2162 3956 2396 4011 ﬁdelium
2443 3956 2584 4012 idem
2622 3955 2802 4011 facere
2847 3955 3026 4021 solet,
3063 3971 3184 4010 cum
3215 3954 3488 4025 quoslibet
3534 3971 3566 4010 a
3590 3963 3726 4010 statu

2161 4046 2286 4100 boni
2315 4045 2492 4113 operis
2534 4045 2796 4100 inﬁrmari
2828 4047 3110 4116 conspicit,
3136 4047 3225 4114 pia
3255 4043 3634 4101 exhortatione
3651 4054 3727 4099 at-

2159 4149 2262 4204 que
2290 4134 2532 4204 exemplo
2555 4149 2652 4201 eos
2685 4135 2750 4188 ad
2776 4134 2972 4188 statum
3002 4135 3286 4203 pristinum
3311 4149 3569 4204 reparare
3590 4140 3729 4188 sata-

2161 4227 2270 4294 git-
2301 4224 2779 4295 Mortuosquoque
2807 4225 3051 4289 suscitat,
3088 4241 3210 4280 cum
3259 4224 3364 4299 vel,
3392 4223 3637 4299 inﬁdeles
3663 4224 3728 4278 ad

2161 4316 2318 4372 fulem
2359 4326 2648 4380 convocat,
2689 4317 2771 4371 vel
2822 4318 3059 4386 peccatis
3089 4326 3328 4372 mortuos
3366 4308 3435 4370 ad
3462 4317 3728 4385 paeniten-

2163 4408 2291 4461 tiam
2336 4416 2389 4460 ct
2435 4408 2500 4461 ad
2551 4407 2866 4462 exercitium
2909 4408 3163 4463 virtutum
3205 4405 3730 4476 excitatrLeprusos

2163 4497 2418 4560 mundat,
2472 4512 2592 4551 cum
2623 4497 2786 4551 variis
2833 4512 3078 4551 errorum
3125 4495 3348 4551 maculis
3378 4510 3628 4564 aspersus
3661 4496 3726 4549 ad

2160 4589 2434 4641 unitatem.
2473 4585 2593 4641 ﬁdei
2629 4594 2692 4640 'et
2730 4586 2798 4640 ad
2846 4587 3134 4654 puritatem
3175 4586 3421 4660 veritatis
3463 4586 3726 4640 deducere

2159 4692 2264 4731 non
2295 4676 2489 4731 cessat.
2526 4669 2804 4730 Dzemdnes
2827 4674 2990 4744 ejicit,
3017 4689 3138 4728 cum
3170 4689 3264 4743 per
3295 4672 3581 4728 exorcismi
3601 4689 3723 4743 gra-

2158 4769 2286 4823 tiam
2317 4769 2384 4822 ab
2409 4752 2972 4821 obsessishOminibus
3000 4781 3094 4820 eos
3127 4765 3372 4833 expellit,
3399 4776 3499 4818 nee
3529 4764 3581 4818 in
3611 4762 3722 4817 illo-

2156 4864 2273 4912 rum
2306 4857 2575 4912 mentibus
2604 4856 2865 4926 malignos
2892 4841 3113 4925 spii'itus
3141 4855 3403 4909 dominari
3441 4854 3718 4924 permittit.

2159 4937 2428 5016 (Hieron)
2457 4945 2561 4998 Sed
2589 4945 2712 5012 quia
2735 4959 2946 5014 semper
2971 4945 3108 4999 dona
3138 4943 3418 5013 spiritalia.
3443 4943 3488 4997 si
3517 4936 3724 4999 merces

2159 5035 2330 5089 media
2363 5035 2452 5096 sit,
2481 5033 2667 5088 viliora
2703 5033 2855 5096 ﬁunt,
2882 5033 3185 5104 adjuugitur
3206 5033 3446 5086 avaritite
3474 5031 3725 5086 eundem-

2157 5123 2322 5177 natio.
2355 5119 2564 5197 Gratis,
2615 5123 2820 5193 inquit,
2867 5123 3156 5202 accepistis,
3181 5124 3360 5194 gratis
3401 5121 3538 5176 date.
3569 5121 3650 5178 Ac
3676 5121 3733 5179 si

2155 5221 2338 5280 aperte
2359 5211 2540 5268 dicat:
2573 5213 2683 5282 Ego
2711 5213 2964 5283 magiSter
2999 5220 3054 5266 et
3090 5212 3347 5268 Dominus
3373 5212 3577 5280 absque
3603 5225 3725 5280 pro-

2160 5305 2232 5358 tio
2255 5305 2358 5359 hoc
2383 5305 2543 5359 tribui
2570 5305 2739 5380 vobis,
2765 5313 2818 5359 et
2844 5319 2940 5360 vos
2964 5305 3082 5360 sine
3101 5305 3274 5376 pretio
3296 5301 3525 5365 date,ne
3549 5301 3723 5357 Evan-

2158 5395 2278 5466 gelii
2302 5396 2478 5466 gratia
2509 5403 2905 5464 corrumpatur.
3346 5455 3363 5462 _

2228 5483 2360 5557 [[1].]
2400 5484 2580 5540 Nolite
2605 5485 2866 5553 possidere
2895 5474 3106 5547 aurum,
3133 5497 3291 5554 neque
3318 5490 3612 5552 argentum,
3637 5495 3722 5534 ne-

2156 5594 2251 5646 que
2275 5571 2547 5648 pecuniam
2575 5576 2630 5629 iu
2656 5576 2799 5628 zonis
2824 5574 3144 5637 oestris,,non
3162 5587 3338 5644 prtam
3365 5571 3419 5639 in
3447 5571 3723 5635 simitch

2155 5668 2289 5720 duas
2302 5667 2526 5724 tnuiras,
2540 5679 2700 5732 usque
2725 5661 3091 5726 calcmmeutn,
3109 5680 3269 5732 tique
3284 5665 3503 5733 virgam.
3520 5659 3718 5730 οεςω
