3938 6330
284 327 390 384 893

1164 320 1165 323 “
1230 323 1577 379 COMMENT.
1618 321 1683 376 ΙΝ
1724 322 2154 381 ΜᾹΤῙἹΙᾸΞΙΙΜ.
2197 356 2264 364 -—
2305 325 2427 379 LIB.
2469 324 2550 379 lli.

3338 388 3343 391 Α
3415 338 3517 397 891

285 451 364 495 est
390 442 527 496 enim
556 438 821 509 operarius
867 437 976 489 cibo
1006 452 1120 489 suo.
1148 435 1549 505 Consequenter
1572 418 1686 489 haec
1716 450 1850 505 przc—
1877 440 1924 495 Α
1957 445 2086 489 tum.
2129 436 2277 502 Quod
2338 439 2408 490 ita
2454 438 2721 503 solvitur,
2764 447 2819 492 ut
2867 424 3228 512 intelligamus
3270 445 3369 499 sub
3414 448 3517 504 alia

286 532 421 603 cipit
440 527 954 598 evangelizatoribus
974 528 1235 588 veritatis,
1262 526 1454 595 quibus
1479 535 1601 578 ante
1621 526 1855 579 dixerat:

287 622 332 677 C
342 623 467 676 ratis
495 620 780 689 accepistis,
804 619 961 688 gratis
983 620 1121 693 date.
1158 618 1213 671 Si
1242 618 1381 671 enim
1411 618 1525 672 haec
1547 618 1857 687 prasdicent,

285 720 349 766 ut
379 710 609 781 pretium
640 723 741 763 non
769 709 1053 778 accipiant,
1085 708 1346 778 superﬂua
1383 718 1464 763 est
1494 710 1632 773 auri,
1654 709 1858 778 argenti

290 812 741 871 nummorumque
776 798 1064 867 possessio.
1092 795 1225 851 Nam
1257 798 1299 851 si
1329 796 1641 851 habuissent
1668 813 1855 850 aurum

289 895 348 942 ct
376 895 676 959 argentum,
696 886 1005 940 viderentur
1030 901 1131 941 non
1163 901 1319 941 causa
1344 888 1616 941 hominum
1648 888 1857 951 salutis,

292 977 389 1033 sed
411 976 545 1031 lucri
565 992 724 1031 causa
754 977 1063 1046 praadicare.
1095 976 1274 1046 Neque
1308 991 1377 1031 ws
1400 979 1453 1031 in
1478 978 1704 1031 sacculis
1726 992 1744 1029 .·
1767 980 1857 1048 qui

293 1070 511 1129 divitias
541 1070 953 1125 detruncaverat
994 1070 1375 1139 propemodum
1401 1110 1415 1133 ,
1460 1078 1515 1125 et
1554 1070 1857 1124 necessaria

289 1160 420 1214 vita:
444 1167 726 1229 amputat,
760 1166 819 1212 ut
847 1159 1111 1228 apostoli,
1145 1159 1251 1228 tqui
1292 1147 1644 1213 instituebant
1676 1160 1858 1213 omnia
1898 1217 1905 1225 ,

293 1250 633 1320 providentia
662 1247 972 1319 gubernari,
1004 1241 1206 1318 seipsos
1236 1249 1579 1303 ostenderent
1605 1249 1735 1303 nihil
1766 1264 1856 1303 co-

297 1344 561 1415 gitare‘de
586 1343 840 1397 crastino.
877 1340 997 1394 Non
1028 1358 1202 1410 peram
1248 1342 1300 1394 in
1340 1343 1463 1394 cia:
1496 1357 1559 1395 ex
1590 1342 1690 1395 hoc
1723 1357 1859 1418 prue-

297 1438 453 1502 cepto
505 1432 679 1500 arguit
735 1429 1079 1499 philosophos
1111 1468 1124 1493 ,
1184 1430 1272 1499 qui
1322 1426 1476 1499 vulgo
1527 1430 1860 1499 appellantur

293 1519 693 1591 Bact'roperitae,
734 1519 872 1587 quod
900 1516 1293 1587 contemptores
1336 1518 1553 1581 saeculi,
1600 1528 1653 1573 et
1680 1520 1859 1573 omnia

294 1627 398 1685 pro
429 1612 593 1666 nihilo
627 1611 887 1665 ducentes
905 1608 1181 1664 cellarium
1218 1622 1396 1664 secum
1431 1611 1646 1664 vehant.
1680 1610 1860 1680 Neque

296 1702 430 1756 duas
460 1702 659 1754 tunicas
688 1714 706 1751 :
734 1699 787 1754 in
819 1700 1021 1753 duabus
1045 1700 1236 1753 tunicis
1266 1699 1473 1753 videtur
1497 1701 1624 1753 mibi
1655 1701 1845 1769 duplex

296 1792 580 1847 ostendere
622 1790 1027 1851 vestimentum;
1057 1804 1163 1845 non
1202 1789 1341 1857 quod
1382 1788 1433 1841 in
1464 1788 1594 1841 locis
1627 1788 1856 1858 Scythiae
1885 1772 1931 1830 Β

298 1880 505 1952 glaciali
536 1881 656 1933 nive
690 1878 982 1949 rigentibus
1015 1893 1117 1931 una
1170 1878 1289 1946 quis
1320 1878 1493 1931 tunica
1524 1878 1713 1932 debeat
1741 1892 1858 1932 esse

298 1977 611 2030 contentus;
641 1968 732 2021 sed
764 1980 870 2036 quo
898 1967 950 2020 in
983 1968 1159 2020 tunica
1203 1968 1573 2020 vestimentum
1601 1968 1861 2037 intelliga-

298 2075 438 2125 mus,
474 2075 538 2113 ne
577 2059 681 2112 alio
724 2059 899 2111 vestiti
944 2058 1085 2112 aliud
1130 2058 1281 2111 nobis
1326 2056 1623 2111 futurorum
1672 2060 1861 2114 timore

232 2194 236 2197 -
299 2166 593 2207 servemus.
616 2149 792 2219 Neque
815 2151 1157 2202 car'ceameuta
1182 2166 1197 2202 :
1224 2160 1274 2202 et
1293 2149 1441 2203 Plato
1465 2152 1701 2219 praecipit
1729 2152 1860 2205 duas

300 2241 543 2312 corporis
573 2242 909 2294 summitates
942 2255 1045 2292 non
1075 2251 1192 2293 esse
1236 2241 1489 2293 velandas
1512 2268 1527 2305 ,η
1557 2258 1654 2313 nec
1679 2257 1860 2296 assue-

302 2341 408 2384 tam
444 2330 557 2383 tieri
601 2330 793 2382 debere
843 2328 1119 2382 mollitiem
1167 2329 1359 2398 capitis
1389 2339 1441 2383 ct
1473 2331 1700 2397 pedum;
1738 2346 1857 2385 cum

299 2421 415 2475 btee
439 2419 723 2473 habuerint
757 2416 1061 2490 firmitatem
1089 2459 1102 2480 ,
1142 2427 1333 2491 caetera
1373 2420 1671 2472 robustiora
1717 2429 1856 2474 sunt.

302 2506 484 2578 Neque
527 2506 720 2575 virgam
747 2522 765 2559 :
794 2508 882 2574 qui
920 2507 1009 2560 Dei
1044 2507 1300 2560 habemus
1348 2507 1599 2560 auxilium
1626 2548 1639 2571 ,
1687 2509 1860 2563 baculi

299 2599 605 2671 praesidium
630 2596 1091 2665 eur'qumremus?
1113 2598 1177 2651 Et
1198 2599 1321 2667 quia
1348 2600 1739 2667 quodammodo
1762 2618 1861 2654 nu-

302 2691 400 2745 dos
426 2699 478 2744 et
504 2688 777 2759 expeditos
805 2688 866 2741 ad
895 2690 1287 2757 praedicandum
1316 2691 1583 2757 apostolos
1614 2692 1857 2753 miserat,

301 2790 356 2835 et
383 2780 513 2833 dura
540 2779 819 2831 videbatur
842 2792 960 2832 esse
996 2778 1229 2832 conditio
1273 2780 1647 2848 magistrorum
1668 2820 1681 2841 ,
1712 2794 1860 2833 seve-

300 2870 515 2924 ritatem
554 2870 801 2939 praecepti
834 2870 1073 2938 sequenti
1111 2871 1373 2923 sententia
1420 2871 1756 2938 temperavit,
1783 2870 1861 2923 di-

302 2974 431 3016 cens
459 2976 473 3013 :
510 2960 701 3031 Dignus
727 2971 800 3014 est
829 2962 1094 3030 operarius
1120 2961 1230 3013 cibo
1256 2978 1367 3014 suo.
1395 2960 1642 3023 Tantum,
1667 2961 1855 3029 inquit,

301 3049 547 3118 accipite,
572 3058 824 3117 quantum
864 3050 913 3102 in
938 3049 1078 3102 victu
1110 3058 1163 3102 et
1188 3052 1380 3104 vestitu
1425 3050 1577 3103 vobis
1612 3066 1858 3104 necessa-

300 3140 441 3194 rium
464 3150 560 3196 est.
590 3140 739 3195 Unde
768 3142 819 3194 e't
838 3140 1120 3209 Apostolus
1137 3141 1352 3210 replicat
1380 3143 1446 3197 de
1478 3159 1533 3197 se
1558 3162 1569 3195 :
1596 3142 1855 3198 Habentes

300 3228 486 3282 victum
513 3239 559 3282 et
583 3230 836 3293 vestitum,
854 3230 931 3282 his
954 3231 1177 3283 contenti
1198 3248 1391 3285 sumus.
1412 3233 1477 3285 Et
1504 3233 1555 3286 in
1583 3234 1685 3287 alio
1710 3233 1854 3288 loco:

302 3316 654 3373 Jommunicet
689 3331 854 3375 autem
904 3327 948 3374 is
996 3324 1087 3391 qui
1121 3324 1469 3377 catechizatur
1506 3326 1651 3377 verba
1693 3328 1739 3378 ei
1772 3326 1859 3395 qui

302 3412 587 3465 cmeehizat
615 3429 668 3466 se
696 3414 748 3465 in
779 3414 1013 3467 omnibus
1044 3413 1206 3467 bonis.
1243 3414 1311 3470 Ut
1346 3430 1572 3483 quorum
1615 3417 1859 3485 discipuli

300 3512 509 3563 metant
548 3508 840 3576 spiritalia,
872 3516 1146 3563 consortes
1196 3517 1290 3564 eo‘s
1332 3508 1857 3564 faciant'carnalimu

300 3612 543 3660 suorum,
574 3613 675 3650 non
706 3597 759 3649 in
792 3598 1038 3661 avaritia,
1068 3598 1157 3650 sed
1188 3598 1240 3650 in
1274 3600 1613 3652 necessitate.

372 3686 825 3741 Considerandum
876 3686 1028 3740 nobis
1057 3695 1153 3747 est,
1187 3688 1326 3755 quod
1363 3689 1453 3741 uni
1486 3698 1669 3743 nostro
1711 3691 1855 3758 operi

300 3778 423 3833 dua!
454 3774 725 3831 mercedes
748 3776 1025 3841 debentur,
1054 3792 1154 3830 una
1185 3778 1235 3830 in
1263 3778 1367 3842 via,
1392 3778 1556 3833 altera
1580 3780 1856 3853 inpatria;

300 3884 408 3921 una
440 3882 557 3937 quae
590 3881 689 3921 nos
723 3867 775 3919 in
831 3867 1008 3920 labore
1052 3875 1355 3936 sustentat,
1384 3868 1487 3921 alia
1532 3885 1649 3938 qua:
1678 3886 1775 3923 nos
1805 3872 1885 3948 in.

302 3962 701 4017 resurrectione
735 3970 1055 4021 remunerat,
1086 3960 1136 4013 in
1163 3960 1363 4014 visione
1396 3960 1561 4029 ipsius
1607 3961 1859 4015 Veritatis

303 4052 597 4106 hetiflcans.
630 4050 848 4121 (Hieron
875 4051 893 4121 )
934 4050 1057 4104 Ilrce
1089 4052 1341 4105 historice
1370 4052 1676 4116 dixerimus,
1704 4062 1859 4106 caete-

304 4157 420 4195 rum
464 4141 751 4195 secundum
776 4156 1047 4209 anagogen
1076 4156 1179 4193 non
1217 4140 1338 4193 licet
1366 4142 1634 4209 magistris
1682 4151 1733 4195 et
1773 4158 1860 4195 an-

303 4247 453 4293 rum,
482 4239 535 4285 et
573 4240 878 4299 argentum,
912 4240 964 4283 et
1005 4231 1313 4297 pecuniam,
1338 4246 1453 4299 qua)
1496 4232 1547 4283 in
1578 4232 1727 4285 zonis
1755 4241 1855 4295 est,

302 4319 589 4389 possidere.
625 4319 824 4371 Aurum
856 4334 993 4387 smpe
1016 4320 1237 4387 legimus
1261 4335 1354 4388 pro
1378 4336 1554 4383 sensu,
1584 4332 1856 4389 argentum

1961 524 2351 595 s'guificatione
2374 527 2572 581 dictam
2592 528 2815 597 virgam,
2840 544 2957 599 quae
2978 533 3265 605 secundum
3284 528 3520 592 Marcum

1959 616 2181 671 ferenda
2223 626 2327 681 est,
2351 627 2404 671 et
2431 619 2531 671 sub
2560 618 2659 671 alia
2714 618 2856 672 illam
2905 635 3023 689 qum
3065 625 3357 679 Secundum
3391 626 3524 681 Mat-

1958 707 2150 760 tbazum
2191 715 2247 761 et
2282 706 2482 762 Lucam
2522 724 2626 763 non
2670 718 2753 764 est
2785 708 3007 779 ferenda
3034 752 3049 775 ,
3095 707 3235 768 sicut
3286 716 3383 770 sub
3414 716 3516 772 alia

1955 795 2345 866 significatione
2368 796 2683 869 intelligitur
2698 801 2945 864 tentalio,
2963 800 3157 870 de'qua
3179 801 3380 874 dictum
3402 816 3520 861 est:

1956 884 2094 938 Deus
2122 888 2372 941 neminem
2421 889 2807 958 tentat(1acob.
2836 891 2898 961 ι),
2948 902 3003 947 et
3044 897 3141 948 sub
3187 895 3287 949 alia
3320 897 3522 951 dictum

1956 985 2074 1031 cst:
2110 976 2290 1031 Tentat
2328 994 2413 1031 ros
2446 978 2695 1050 Dominus
2726 979 2864 1033 Deus
2898 992 3089 1047 vester,
3118 994 3175 1037 ut.
3202 986 3332 1038 sciat
3358 987 3406 1039 si
3437 986 3520 1038 di—

1956 1068 2129 1137 ligatis
2174 1084 2309 1121 eum.
2344 1068 2435 1122 llla
2484 1070 2813 1126 seductionis
2852 1081 2967 1135 est,
3016 1073 3129 1127 haec
3166 1076 3515 1143 probationis.

1959 1154 2253 1224 Utrumque
2283 1172 2410 1227 ergo
2440 1159 2803 1227 accipiendum
2845 1168 2927 1215 est
2957 1177 2985 1214 a
3016 1163 3241 1219 Domino
3271 1166 3521 1235 apostolis

1957 1244 2178 1325 dictum,
2206 1254 2260 1300 et
2294 1256 2353 1301 ut
2382 1262 2479 1301 nec
2504 1248 2705 1317 virgam
2738 1250 2967 1316 ferrent,
2996 1262 3050 1308 et
3075 1262 3131 1306 ut
3158 1271 3261 1310 non
3288 1258 3386 1311 nisi
3416 1260 3525 1313 vir-

1957 1351 2077 1403 gam
2109 1336 2329 1392 ferrent.
2373 1338 2503 1397 Cum
2546 1341 2687 1395 enim
2726 1345 3012 1398 secundum
3044 1345 3348 1401 Mattliteum
3380 1349 3523 1415 dice-

1957 1436 2037 1480 ret
2059 1428 2140 1499 eis
2170 1446 2181 1480 :
2216 1426 2391 1482 Nolite
2425 1432 2684 1503 possidere
2727 1449 2911 1485 aurum
2962 1451 3120 1505 neque
3152 1448 3441 1509 argentum,
3470 1447 3524 1496 el

1958 1528 2170 1582 etetera,
2201 1520 2455 1575 continuo
2479 1521 2701 1588 subjecit
2729 1542 2739 1576 :
2767 1522 2964 1595 Dignus
2990 1535 3063 1578 est
3087 1529 3222 1579 enim
3244 1514 3525 1598 inperarius

1959 1608 2069 1661 cibo
2099 1624 2213 1660 suo.
2510 1630 2513 1631 ν
2620 1620 2623 1623 ’

2032 1696 2182 1751 Unde
2214 1697 2345 1751 satis
2374 1700 2605 1753 ostendit
2628 1702 2724 1755 eur
2748 1719 2838 1757 eos
2868 1705 2978 1758 hrcc
3005 1707 3275 1774 possidere
3299 1725 3361 1765 ac
3383 1708 3524 1767 ferre

1959 1785 2222 1839 noluerit:
2262 1802 2365 1840 non
2393 1803 2497 1857 quo
2530 1792 2828 1845 necessaria
2865 1808 2969 1846 non
3014 1796 3119 1849 sint
3149 1799 3523 1855 sustentatiuni

1959 1875 2115 1943 hujus
2142 1876 2283 1940 vitae,
2314 1876 2405 1931 sed
2436 1879 2556 1946 quia
2587 1880 2673 1933 sic
2695 1896 2786 1935 eos
2809 1882 3053 1937 mittebat
3076 1925 3089 1948 ,
3117 1894 3172 1938 ut
3202 1888 3279 1941 eis
3300 1888 3412 1942 lucc
3438 1889 3503 1945 de

1958 1964 2068 2017 beri
2118 1974 2441 2021 monstraret
2468 1968 2534 2022 ab
2564 1969 2667 2023 illis
2695 1971 2888 2039 quibus
2918 1972 3259 2043 Evangelium
3303 1976 3520 2030 creden-

1961 2056 2100 2110 tibus
2125 2057 2525 2110 annuntiarent.
2555 2058 2733 2113 Claret
2758 2071 2934 2115 autem
2960 2078 3063 2115 non
3097 2064 3167 2117 ita
3197 2066 3519 2135 pnccepisse

1960 2146 2144 2206 Deum,
2180 2142 2429 2215 tanquam
2467 2150 2803 2219 evangelista)
2830 2153 3006 2206 vivere
3036 2154 3247 2209 aliunde
3293 2171 3395 2210 non
3426 2158 3520 2212 de—

1959 2234 2117 2289 beant
2139 2252 2295 2305 quam
2325 2238 2401 2290 eis
2419 2238 2775 2309 prtebeutibus
2792 2240 2982 2308 quibus
3006 2243 3322 2296 annuntiant
3346 2243 3521 2297 Evan-

1958 2326 2172 2396 gelium.
2207 2327 2457 2396 Alioquin
2506 2337 2690 2381 contra
2735 2331 2835 2383 hoc
2866 2332 3353 2401 praéceptum'fecit
3388 2333 3522 2403 Apo-

1960 2416 2125 2470 stolus
2152 2416 2201 2486 (I
2238 2415 2358 2470 Cor.
2385 2416 2478 2486 tv),
2528 2420 2617 2487 qui
2650 2419 2843 2473 victum
2895 2421 2959 2475 de
2992 2436 3253 2497 manuum
3302 2418 3518 2477 suarum

1960 2509 2229 2562 laboribus
2257 2510 2603 2578 transigebat,
2636 2526 2700 2565 ne
2730 2512 2979 2580 cuiquam
3003 2514 3177 2582 gravis
3211 2523 3381 2579 esset;
3428 2518 3521 2570 sed

1958 2605 2275 2667 potestatem
2302 2597 2533 2660 dedisse,
2582 2598 2633 2650 in
2661 2608 2763 2667 qua
2820 2600 3019 2653 scirent
3048 2602 3147 2654 sibi
3183 2603 3277 2655 ista
3310 2604 3517 2659 deberi.

1959 2687 2090 2741 Cum
2116 2696 2293 2741 autem
2341 2703 2369 2739 a
2403 2687 2626 2741 Domino
2658 2689 2855 2757 aliquid
2901 2690 3195 2759 imperatur
3219 2734 3232 2756 ,
3263 2694 3363 2747 nisi
3405 2695 3517 2759 (lat,

1960 2780 2331 2833 iuobedicntize
2367 2780 2517 2849 culpa
2555 2790 2668 2845 est;
2701 2798 2819 2835 cum
2864 2794 3039 2837 autem
3080 2795 3315 2855 potestas
3342 2788 3517 2853 datur,

1958 2871 2081 2925 licet
2108 2872 2297 2940 cuique
2328 2888 2428 2925 non
2459 2874 2555 2935 uti,
2588 2882 2641 2925 et
2678 2882 2925 2941 tanquam
2950 2877 3012 2929 de
3032 2875 3155 2944 jure
3185 2894 3279 2931 suo
3304 2879 3515 2949 cedere.

2029 2960 2140 3015 lloc
2168 2976 2293 3030 ergo
2320 2964 2571 3016 ordinans
2600 2962 2876 3029 Dominus,
2912 2967 3052 3034 quod
3094 2981 3213 3026 eum
3246 2969 3520 3025 ordinasse

1960 3051 2086 3105 dicit
2116 3052 2418 3119 Apostolus,
2459 3052 2542 3106 his
2577 3056 2665 3122 qui
2710 3056 3046 3123 livangelium
3085 3059 3421 3124 tamun’tiant,
3455 3062 3521 3115 de

1958 3143 2244 3211 Evangelio
2276 3144 2487 3205 vivere;
2516 3144 2599 3197 illa
2629 3144 2915 3215 Apostolus
2948 3146 3265 3215 loquebatur
3290 3190 3303 3213 ,
3345 3159 3403 3203 ut
3437 3166 3519 3205 se-

1957 3234 2069 3286 curi
2121 3249 2223 3287 non
2271 3236 2603 3303 possiderent
2632 3280 2644 3296 ,
2696 3251 2867 3303 neque
2920 3248 3195 3305 portarent
3241 3240 3362 3293 huic
3397 3241 3521 3296 vitae

1958 3326 2278 3385 necessaria,
2312 3341 2408 3379 ncc
2437 3342 2646 3396 magna,
2676 3342 2772 3381 nec
2802 3329 3017 3382 minima
3046 3350 3057 3382 :
3091 3330 3208 3384 ideo
3235 3333 3409 3408 posuit
3430 3349 3522 3389 nec

1958 3413 2170 3481 virgam,
2203 3414 2489 3469 ostendens
2514 3431 2542 3468 a
2583 3415 2826 3479 fidelibus
2864 3418 2973 3471 suis
3007 3420 3183 3473 omnia
3211 3422 3390 3476 deberi
3418 3421 3517 3476 titi-

1957 3502 2139 3556 nistris
2164 3504 2275 3557 suis
2299 3545 2313 3567 ,
2364 3505 2503 3559 nulla
2552 3506 2816 3575 superﬂua
2857 3510 3250 3578 requirentibus
3284 3530 3295 3564 :
3330 3529 3391 3567 ac
3424 3531 3518 3583 per

1958 3593 2057 3647 hoc
2090 3597 2327 3650 addendo
2357 3614 2368 3647 :
2405 3597 2601 3667 Dignus
2632 3611 2705 3652 est
2737 3603 3003 3669 operarius
3024 3604 3134 3655 cibo
3160 3620 3274 3667 suo,
3297 3620 3517 3672 prorsus

1958 3684 2164 3749 aperuit
2192 3693 2244 3737 et
2268 3686 2549 3739 illustravit
2578 3689 2716 3741 unde
2745 3690 2855 3743 lucc
2880 3691 3056 3743 omnia
3089 3690 3414 3760 loqueretur.

2029 3774 2176 3829 Ilanc
2203 3791 2327 3843 ergo
2370 3785 2687 3843 potestatem
2722 3780 2882 3847 virgae
2909 3781 3123 3835 nomine
3173 3782 3514 3853 significavit,

1957 3878 2079 3917 eum
2108 3862 2272 3915 dixit:
2306 3861 2387 3914 Ne
2411 3864 2535 3931 quid
2563 3863 2796 3917 tollerent
2826 3867 2876 3918 in
2907 3867 2988 3920 via
3014 3907 3028 3929 ,
3054 3869 3153 3921 nisi
3182 3870 3376 3939 virgam
3402 3881 3516 3925 tan-

1958 3964 2096 4015 tum,
2130 3961 2185 4005 ut
2213 3953 2536 4023 intelligatur
2580 3956 2702 4023 quia
2751 3973 2844 4024 per
2872 3968 3187 4025 potestatem
3235 3976 3263 4014 a
3295 3962 3517 4017 Domino

1957 4051 2249 4109 acceptam,
2281 4057 2399 4109 qua:
2424 4043 2581 4113 virgtc
2615 4045 2826 4098 nomine
2870 4047 3163 4116 signiﬁcata
3197 4061 3281 4103 est
3305 4091 3318 4112 ,
3356 4053 3515 4106 etiam

1958 4138 2087 4197 quae
2107 4145 2208 4181 non
2235 4139 2515 4198 portantur
2546 4147 2647 4184 non
2695 4133 2935 4186 deerunt.
2984 4134 3091 4189 [loc
3133 4150 3185 4191 et
3215 4139 3280 4192 de
3310 4140 3517 4195 duabus

1960 4221 2149 4273 tunicis
2182 4220 2579 4290 intelligendum
2606 4232 2705 4283 est,
2745 4240 2809 4277 ne
2839 4225 3117 4294 quisquam
3142 4244 3345 4293 eorum,
3376 4247 3513 4299 pta:-

1960 4320 2041 4365 ter
2083 4326 2198 4363 eam
2229 4326 2387 4378 quam
2430 4320 2571 4365 esset
2613 4312 2825 4365 indutus
2846 4354 2859 4376 ,
2890 4314 3045 4367 aliam
3076 4318 3391 4385 portandum
3421 4338 3514 4388 pu-

298 4424 403 4481 pm
424 4422 689 4472 sermone,
720 4423 792 4461 {es
823 4422 917 4476 pro
954 4424 1099 4462 voce.
1141 4408 1262 4462 lltee
1300 4409 1450 4463 nobis
1492 4426 1595 4463 non
1635 4412 1758 4466 licet
1790 4413 1856 4466 ab
1887 4435 1932 4493 Ο
1961 4408 2117 4481 taret,
2147 4399 2402 4452 sollicitus
2430 4414 2494 4452 ne
2529 4414 2659 4467 opus
2692 4410 2848 4459 esset,
2876 4419 2994 4455 cum
3035 4420 3097 4456 ex
3142 4404 3225 4456 illa
3254 4415 3517 4472 potestate

299 4499 424 4553 aliis
449 4498 710 4567 accipere,
743 4499 834 4552 sed
868 4499 988 4551 data
1030 4513 1058 4549 a
1088 4497 1311 4551 Domino
1343 4500 1645 4566 possidere:
1679 4517 1849 4569 neque

300 4580 670 4643 iraireticorum
686 4595 739 4641 et
764 4587 1194 4656 philosophorum
1209 4604 1573 4656 perversaque
1598 4592 1851 4645 doctrinae

298 4677 572 4746 suscipere
617 4676 963 4745 disciplinas;
1014 4693 1117 4730 non
1161 4678 1336 4731 saeculi
1383 4677 1614 4746 pon’dere
1656 4682 1846 4749 premi,

300 4781 475 4836 neque
500 4765 692 4836 duplici
718 4782 835 4820 esse
860 4768 1054 4831 animo,
1084 4783 1252 4836 neque
1276 4771 1434 4837 pedes
1470 4781 1677 4825 nostros
1708 4788 1850 4825 mor-

300 4856 477 4912 tiferis
499 4856 722 4911 vinculis
747 4855 947 4925 alligari
974 4897 986 4919 ,
1037 4856 1133 4910 sed
1174 4867 1410 4935 sanctam
1444 4867 1642 4913 terram
1674 4861 1850 4931 ingre-

297 4950 516 5003 dientes
543 4963 663 5003 esse
692 4949 877 5002 nudos.
902 4948 1087 5016 Neque
1114 4950 1311 5004 habere
1345 4951 1548 5021 virgam
1588 4968 1705 5021 qum
1732 4968 1849 5007 ver-

301 5045 448 5089 tatur
496 5037 548 5090 in
585 5036 882 5099 colubrum,
915 5037 965 5090 id
1004 5045 1117 5100 est,
1147 5052 1249 5091 non
1289 5038 1351 5091 'iu
1391 5039 1568 5107 aliquo
1606 5042 1849 5109 praesidio

298 5130 477 5185 carnis
503 5128 683 5195 inniti;
712 5130 831 5196 quia
857 5130 1151 5183 istiusmodi
1187 5131 1334 5200 virga
1358 5130 1653 5187 et'baculus
1692 5149 1849 5187 aruu-

296 5219 491 5273 diueus
530 5227 633 5283 est,
671 5234 827 5287 quem
859 5220 899 5272 si
931 5219 1198 5288 paululum
1241 5222 1522 5289 presseris,
1563 5221 1844 5291 frangitur,

298 5316 360 5364 et
389 5322 601 5362 manum
628 5307 916 5362 transforat
946 5309 1320 5377 incumbentis.

373 5399 553 5473 (Aug)
592 5400 739 5457 Solet
773 5412 950 5456 autem
991 5403 1154 5471 qua‘ri
1183 5405 1448 5471 quomodo
1486 5404 1765 5461 Mattlucus
1794 5416 1850 5461 ct

302 5486 475 5548 [ms
492 5492 1027 5546 commemoraverint
1049 5491 1249 5547 dixisse
1280 5493 1558 5548 Dominum
1582 5497 1851 5568 discipulis

299 5588 363 5637 ut
389 5595 459 5636 ne
485 5581 683 5651 virgam
709 5579 931 5643 ferrent,
955 5598 1074 5636 cum
1114 5582 1255 5637 dicat
1300 5582 1505 5639 Marcus
1533 5594 1589 5639 et
1614 5590 1851 5659 pnecipit

301 5670 494 5737 (ﬂare.
521 5674 591 5744 υ)
624 5686 688 5727 uc
714 5670 838 5741 quid
883 5670 1122 5726 tollerent
1161 5674 1210 5727 in
1250 5674 1329 5728 via
1372 5674 1473 5729 nisi
1502 5677 1701 5749 virgam
1736 5688 1849 5735 tau-

1961 4498 2136 4557 possct
2180 4489 2437 4556 accipere.
2484 4489 2713 4543 Proinde
2762 4491 2967 4545 Marcus
3017 4493 3238 4547 dicendo
3284 4496 3513 4553 calceari

1960 4596 2050 4634 eos
2092 4580 2342 4634 sandaliis
2386 4581 2465 4633 vel
2500 4581 2690 4644 soleis,
2734 4584 2931 4651 aliquid
2964 4584 3061 4636 hoc
3095 4585 3511 4643 calceameututn

1961 4673 2195 4742 mystica:
2219 4672 2619 4741 significationis
2652 4672 2916 4738 admonet,
2945 4684 3002 4727 ut
3028 4691 3119 4744 pes
3148 4693 3317 4747 neque
3344 4688 3514 4737 tectus

1960 4766 2063 4829 sit,
2114 4780 2209 4819 nec
2246 4766 2418 4818 nudus
2462 4766 2527 4818 ad
2570 4773 2799 4829 terram,
2844 4767 2893 4819 id
2934 4776 3041 4829 est,
3086 4784 3183 4822 nec
3217 4770 3513 4826 occultetur

1960 4854 2333 4922 Evangelium,
2385 4870 2481 4909 nec
2530 4856 2756 4909 terrenis
2804 4859 3092 4911 commodis
3125 4857 3399 4914 innitatur.
3449 4863 3512 4918 Et

1954 4947 2090 5015 quod
2116 4961 2216 4998 non
2246 4946 2443 5012 portari
2469 4946 2547 4999 vel
2573 4947 2751 4999 haberi
2778 4947 2906 4999 duas
2928 4948 3153 5011 tunicas,
3180 4950 3271 5003 sed
3294 4967 3509 5020 expres-

1952 5036 2063 5089 sius
2091 5036 2232 5088 indui
2256 5036 2534 5104 prohibet,
2564 5036 2779 5089 dicens:
2812 5036 2873 5088 Et
2911 5052 2975 5090 ne
3008 5038 3354 5093 induerentur
3375 5042 3507 5094 dua-

1952 5128 2049 5183 bus
2078 5123 2306 5189 tuuicis;
2336 5129 2469 5197 quid
2490 5144 2583 5182 eos
2624 5131 2871 5182 admonet
2900 5170 2913 5193 ,
2948 5132 3043 5184 nisi
3080 5147 3180 5185 non
3207 5132 3505 5201 dupliciter,

1951 5216 2041 5269 sed
2083 5216 2394 5285 simpliciter
2418 5216 2730 5270 ambulare?

2022 5327 2187 5379 Tanta
2238 5343 2363 5395 ergo
2410 5327 2743 5396 prmdimtori
2809 5328 2859 5381 in
2918 5330 3022 5383 Deo
3083 5330 3237 5385 debet
3289 5348 3406 5385 esse
3448 5333 3506 5388 li-

1951 5416 2140 5479 ducia,
2208 5426 2263 5469 ut
2310 5417 2586 5485 prteseutis
2634 5418 2757 5471 vita:
2831 5430 3071 5489 sumptus
3108 5424 3352 5489 quamvis
3402 5440 3503 5477 non

1950 5506 2276 5573 pratvidcat,
2310 5520 2483 5559 nuncu
2534 5506 2633 5560 sibi
2680 5509 2776 5562 bos
2815 5525 2919 5562 non
2976 5511 3157 5564 deesse
3209 5513 3504 5566 certissime

1950 5595 2115 5659 sciat;
2165 5612 2230 5650 tte
2263 5597 2383 5648 dum
2424 5612 2570 5649 mens
2602 5595 2713 5664 ejus
2738 5608 3029 5668 orcupatur
3057 5602 3121 5653 ad
3173 5604 3501 5671 temporalia,

1952 5686 2128 5738 minus
2158 5685 2273 5739 aliis
2292 5688 2574 5755 pra-tisiczt
2605 5697 2821 5744 trtcruu.
2854 5690 2947 5744 (iui
2980 5690 3161 5753 ctiu'u,
3200 5690 3339 5744 Luca
3370 5700 3503 5744 att"-
