3938 6380
400 346 508 406 895

1040 346 1103 402 Β.
1141 346 1396 404 MBAN]
1436 347 1649 406 MAURI
1685 345 2005 415 ARCIIIEP.
2048 343 2356 403 MOGUNT.
2399 343 2684 400 OPERUM
2721 342 2900 399 PARS
2936 345 2978 398 l.

3604 350 3717 406 893

397 470 614 531 stante,
644 478 742 538 per
769 467 910 521 viam
947 467 1219 523 neminem
1264 466 1499 523 salutare
1545 466 1859 522 conceditur
1883 505 1900 530 ,
1940 472 1999 520 ut
2025 466 2074 529 Α
2103 480 2198 519 ore
2223 445 2591 534 priedic‘atoris
2621 462 2865 529 offertur,
2896 471 2989 519 aut
3017 471 3310 543 requiescit
3355 470 3412 525 in
3437 471 3636 536 domo,
3667 476 3714 528 si

403 560 505 614 sub
542 566 746 627 quanta
797 557 1143 636 festinatione
1185 556 1287 614 iter
1327 558 1722 628 praedicationis
1768 572 1995 629 pergere

404 649 625 715 debeat,
658 649 999 705 Ostendatur.
1030 649 1222 714 Haecsi
1259 648 1381 718 quis
1410 647 1682 720 Evangelii
1713 649 1877 703 verba
1890 664 1997 717 per

406 740 724 812 allegoriam
750 741 1082 796 enucleatius
1108 739 1235 794 velit
1263 739 1507 810 intelligi,
1537 739 1593 793 in
1623 734 1759 794 auro
1778 755 1997 795 sensum
2037 794 2043 800 ,

407 829 686 886 saecularis
711 829 1086 905 s'apientiae,‘in
1105 824 1329 901 argento
1353 828 1636 905 rhetorice
1664 831 1800 886 artis
1813 831 1999 885 facun-

410 920 553 976 diam
591 921 948 992 signiﬁcatam
985 922 1218 992 aecipiat
1251 940 1267 978 :
1317 923 1371 977 in
1413 925 1637 993 pecunia
1686 938 1815 978 vero
1849 938 2000 979 zonae

410 1013 617 1068 inclusa
642 1012 965 1082 sapientiam
998 1006 1342 1070 occultatam.
1373 1014 1473 1081 Qui
1516 1015 1679 1084 igitur
1718 1015 2000 1084 sapientia:

409 1106 651 1159 verbum.
667 1106 886 1171 habet,»
913 1107 1006 1162 sed
1059 1107 1162 1161 hoc
1189 1121 1415 1176 erogare
1459 1107 1709 1178 proximo
1755 1107 1997 1179 negligit,

409 1195 567 1265 quasi
594 1197 882 1265 pecuniam
934 1198 986 1251 in
1036 1213 1169 1259 zona
1213 1194 1437 1268 ligatam
1484 1206 1672 1264 tenet;
1703 1198 1846 1256 unde
1871 1201 2003 1255 scri-

411 1295 562 1356 ptum
598 1296 718 1342 est:
751 1287 1022 1364 Sapientia
1059 1287 1394 1353 abscondita,
1440 1299 1490 1351 et
1520 1290 1798 1346 thesaurus
1832 1291 2005 1347 occul-

412 1387 575 1442 tatus,
601 1395 718 1449 qua:
745 1377 947 1456 utilitas
981 1379 1037 1432 in
1067 1379 1347 1448 utrisque?
1362 1377 1552 1451 (Eccli.
1583 1384 1709 1451 xx.)

487 1471 624 1538 Quid
653 1486 783 1533 vero
823 1486 923 1540 per
949 1487 1145 1541 opera,
1173 1473 1275 1527 nisi
1305 1487 1471 1538 onera
1507 1473 1729 1528 saeculi?
1771 1473 1840 1528 Et
1874 1474 2003 1543 quid

417 1563 520 1616 hoc
568 1551 821 1632 loco'per
865 1561 1253 1637 calceamenta,
1279 1565 1382 1618 nisi
1413 1573 1750 1620 mortuorum
1777 1581 2004 1639 operum

413 1653 662 1722 exempla
692 1653 1006 1723 signantur?
1052 1653 1152 1722 Qui
1185 1669 1315 1730 ergo
1344 1654 1574 1712 ofﬁcium
1605 1644 2004 1728 praedicationis

293 1726 299 1732 ’
338 1765 342 1768 ν
417 1744 661 1823 suscepit
683 1732 934 1815 dignum,-
961 1763 1068 1801 non
1095 1757 1180 1802 est
1220 1726 1278 1801 ut
1309 1763 1446 1804 onus
1471 1726 1809 1805 saecularium
1840 1768 2004 1824 nego.-

2100 554 2154 608 in
2197 569 2261 608 ea
2293 551 2456 620 fuerit
2489 552 2630 616 illius
2676 554 2857 624 pacis,
2900 563 2994 608 aut
3033 557 3102 611 ad
3148 558 3406 613 eumdem
3433 562 3712 628 praedica~

2103 653 2277 723 torem,
2293 645 2596 723 revertitur
2620 663 2635 712 ;
2664 645 2788 714 quia
2817 652 2914 711 aut
2937 646 3040 700 erit
3075 647 3304 717 quisque
3333 652 3710 720 praedestina-

2105 744 2190 790 tus
2210 721 2276 790 ad
2293 721 2490 802 vitam,
2513 746 2567 792 et
2593 737 2816 808 ctnleste
2837 738 3064 794 verbum
3081 739 3329 813 sequitur
3354 744 3502 811 quod
3523 745 3712 810 audit;

2103 837 2206 888 aut.
2238 829 2283 883 si
2302 828 2307 833 ’
2329 828 2511 905 nullus
2551 830 2740 885 audire
2767 829 3030 896 voluerit,
3054 830 3176 902 ipse
3223 835 3556 903 praedicator
3579 838 3716 894 sine

2105 919 2280 1003 fructu
2307 938 2413 976 non
2435 924 2539 977 erit
2556 909 2713 993 ;iquia
2737 924 2803 978 ad
2832 940 2955 979 eum
2981 940 3085 994 pax
3109 927 3735 997 revertitur,quonia--

2102 1013 2214 1064 eia
2247 1012 2476 1083 Domino
2503 1029 2600 1088 pro
2624 1010 2825 1068 'labore
2870 1015 2954 1079 sui
2997 1015 3178 1089 operis
3225 1028 3709 1086 recompensatnr.

2166 1103 2246 1184 .Et
2264 1106 2569 1175 quicunque
2598 1116 2703 1159 nan
2731 1107 2974 1178 receperit
3000 1091 3112 1172 uos,
3142 1125 3306 1179 neque
3334 1110 3570 1163 audierit
3589 1128 3716 1164 ser-

2105 1210 2282 1250 mones
2314 1184 2546 1260 vestros,
2575 1206 2819 1252 exeuntes
2853 1196 3001 1266 foras,
3022 1237 3036 1262 ,
3069 1198 3133 1251 de
3161 1199 3318 1253 domo
3348 1198 3427 1254 vel
3469 1201 3710 1269 ciuitate,

2104 1284 2326 1344 excutite
2344 1284 2607 1356 pulverem
2641 1287 2705 1340 de
2726 1287 2944 1361 pedibus
2973 1290 3173 1353 vestris.
3201 1288 3477 1361 (Hierom)
3515 1289 3712 1346 Pulvis

2106 1376 2382 1433 excutitur
2430 1376 2497 1430 de
2544 1376 2770 1445 pedibus
2800 1379 2880 1448 ,in
2933 1379 3300 1446 testimonium
3348 1380 3553 1435 laboris
3595 1381 3706 1445 sui,

2107 1467 2251 1537 quod
2274 1469 2501 1537 ingressi
2529 1477 2664 1523 sunt
2680 1469 2958 1550 civitatem
2981 1479 3036 1525 et
3058 1473 3376 1540 praedicatio.
3399 1473 3709 1544 apostolica

2107 1575 2279 1630 usque
2307 1559 2373 1614 ad
2420 1561 2539 1618 illos
2567 1563 2908 1639 pervenerit;
2937 1564 3054 1618 sive
3093 1566 3368 1619 excutitur
3412 1565 3615 1634 pulvis.
3649 1575 3710 1619 nt

2108 1651 2243 1708 nihil
2273 1653 2340 1711 ab
2376 1653 2457 1707 eis
2496 1653 2782 1723 accipiant,
2823 1669 2892 1708 ne
2923 1655 2992 1721 ad
3025 1657 3227 1710 victum
3259 1656 3479 1726 quidem
3514 1672 3708 1712 neces-

2108 1746 2335 1810 sarium,
2358 1743 2449 1814 qui
2473 1745 2820 1817 Evangelium
2848 1749 3170 1817 spreverint.
3197 1747 3380 1818 (Aug.)
3421 1747 3536 1802 Hoc
3559 1750 3707 1803 enim

414 1814 616 1891 tiorum
646 1814 909 1907 portetur,
944 1853 1010 1894 ne
1041 1840 1166 1900 dum
1197 1839 1301 1895 hoc
1315 1839 1446 1919 .ejus
1469 1841 1602 1896 colla
1634 1814 2006 1912 deprimitjad
2039 1814 2081 1872 Β
2104 1836 2365 1905 iubentur.
2391 1837 2590 1903 facere.
2627 1814 2719 1892 aut
2764 1839 2831 1893 ad
2861 1814 3328 1894 contestatiottem
3359 1814 3570 1898 laboris
3596 1850 3707 1896 ter-

413 1925 762 1996 pnedlcanda
791 1928 1036 2004 coelestia
1063 1940 1169 1985 non
1201 1939 1469 2002 assurgat.
1503 1931 1613 1988 Nec
1640 1933 1798 1992 debet
1818 1935 2012 2002 stult‘oq

418 2031 538 2082 rum
561 2030 785 2086 operum
815 2018 1065 2087 exempla
1093 2021 1424 2092 conspicere,
1453 2037 1521 2078 ne
1541 2038 1635 2077 sua
1659 2039 1827 2095 opera
1852 2026 2009 2096 quasi

418 2120 485 2160 ex
509 2107 738 2162 mortuis
781 2107 1012 2177 pellibus
1039 2110 1225 2164 credat
1268 2113 1494 2167 munire.
1543 2104 1732 2170 omnis
1760 2129 1886 2171 vero
1905 2117 2010 2187 qui

423 2198 631 2261 salutat
653 2201 708 2254 in
735 2200 844 2265 via,
872 2215 938 2256 ex
969 2201 1256 2257 occasione
1293 2203 1492 2259 salutat
1541 2205 1772 2271 itineris,
1807 2223 1916 2262 non
1942 2218 2010 2265 ex

423 2290 605 2359 studio
646 2286 957 2346 obtinendae
984 2287 1240 2369 ejusdem
1288 2291 1510 2357 salutis,
1555 2293 1656 2363 Qui
1697 2295 1876 2367 igitur.
1902 2313 2009 2352 non

426 2376 613 2438 am'ore
641 2377 1093 2452 :nternaapatrize,
1120 2382 1213 2438 sed
1241 2385 1582 2452 praemiorum
1617 2386 1844 2454 ambitu,
1869 2389 2010 2443 salu-

423 2479 545 2525 tem.
578 2469 923 2526 audientibus
949 2457 1240 2547 praadicat,
1272 2475 1425 2547 quasi
1456 2475 1528 2532 in,
1559 2475 1750 2530 itinere
1791 2477 2008 2542 salutat,

421 2562 646 2642 quia‘es
671 2563 978 2629 occasione,
1007 2570 1064 2618 et
1085 2578 1192 2631 non
1231 2578 1296 2619 ex
1328 2566 1626 2622 intentione
1667 2567 1895 2623 salutem
1918 2585 2014 2622 au-
2043 2575 2047 2578 '

425 2641 696 2708 dientibus
723 2661 963 2723 exoptat.
1212 2696 1216 2700 .
1627 2645 1631 2648 ’

499 2744 566 2799 In
588 2763 949 2817 quamcunque
979 2748 1240 2804 civitatem
1257 2757 1350 2801 aut
1381 2746 1648 2816 castellum
1671 2751 2012 2819 intraveritis,

424 2836 746 2914 interrogate
761 2837 877 2906 quis
901 2838 956 2890 in
983 2854 1044 2890 ea
1070 2837 1261 2908 dignus
1287 2839 1354 2892 sit
1378 2880 1393 2903 ,
1429 2850 1478 2893 et
1519 2840 1589 2894 ibi
1615 2852 1817 2895 manete
1852 2842 2014 2896 donec

425 2917 641 2980 exectis.
668 2925 938 2997 (Hieron.)
980 2927 1157 2998 Super
1183 2929 1524 2986 ordinatione
1561 2933 1798 3002 episcopi
1820 2941 1877 2987 et
1901 2932 2015 2987 dia-

425 3016 556 3071 coni
583 3015 782 3070 Paulus
808 3014 1049 3086 loquitur
1079 3037 1091 3070 :
1126 3017 1340 3089 Oportet
1375 3030 1548 3074 autem
1587 3031 1634 3074 et
1662 3023 2012 3083 testimonium

425 3122 512 3161 eos
534 3106 725 3161 habere
747 3103 938 3161 bonum
966 3107 1030 3161 ab
1070 3109 1151 3163 his
1175 3110 1265 3181 qui
1295 3110 1426 3179 foris
1455 3120 1600 3185 sunt.
1638 3110 1878 3182 Apostoli
1908 3130 2007 3168 no-

429 3210 552 3250 vam
578 3188 911 3252 introeuntes
931 3198 1116 3253 urbem
1140 3162 1281 3254 scire
1295 3162 1407 3256 non
1435 3162 1844 3274 potorant'quis,
1876 3220 2010 3275 qua-
2037 3162 2082 3225 Ε

429 3285 496 3340 lls
523 3294 701 3352 esset;
730 3302 860 3359 ergo
883 3289 1080 3359 hospes
1105 3291 1361 3363 legendus
1385 3300 1480 3349 est
1497 3294 1700 3365 populi,
1723 3305 1777 3351 et
1804 3295 2009 3364 judicio

426 3377 726 3432 vicinorum
754 3419 769 3443 ,
816 3393 888 3440 ne
950 3381 1349 3449 praedicationis
1387 3383 1622 3454 dignitas
1669 3372 2010 3456 suscipientis

430 3466 651 3522 infamia
700 3470 1033 3539 deturpletur.
1066 3470 1200 3526 Cum
1225 3470 1503 3532 universis
1544 3477 1772 3531 debeant
1816 3469 2012 3548 przedi-

429 3572 574 3623 care,
609 3560 808 3631 hospes
855 3577 994 3617 unus
1022 3563 1273 3636 eligitur,
1319 3582 1426 3622 non
1469 3583 1720 3638 magnum
1769 3571 2011 3627 tribuens

428 3649 750 3708 beneﬁcium
788 3643 846 3707 ei
886 3653 979 3723 qui
1010 3641 1169 3724 apud
1190 3671 1266 3711 se.
1293 3672 1580 3712 mansurus
1606 3667 1707 3721 est,
1752 3662 1845 3715 sed
1871 3662 2012 3716 acci-

429 3743 602 3811 piens.
637 3741 752 3799 Hoc
785 3736 928 3827 enim
966 3745 1200 3802 dicitur:
1238 3745 1368 3813 Quis
1410 3750 1464 3803 in
1505 3767 1566 3804 ea
1595 3751 1782 3822 dignus
1820 3765 1928 3820 est,
1954 3765 2012 3810 ut

433 3837 604 3907 magis
627 3852 686 3893 se
709 3840 1176 3907 noveritaccipere
1199 3841 1428 3909 gratiam
1453 3858 1614 3912 quam
1637 3844 1785 3899 dare.
1810 3840 2009 3919 (Amb.)

432 3927 585 3995 Quod
621 3937 801 3982 autem
830 3925 960 3985 dicit
980 3945 1005 4006 :q
1030 3929 1097 3984 Et
1121 3929 1454 4009 ibi‘matrete,
1490 3932 1652 3989 donec
1679 3938 1895 4004 exectis,
1918 3939 2014 3992 dat

432 4009 1025 4098 consta'ntiretgenerale
1049 4022 1362 4099 mandatum
1379 4063 1394 4088 ,
1418 4029 1478 4078 ut
1511 4012 1795 4095 hospitalis
1826 4043 2012 4084 neces-

434 4109 686 4172 situdinis
725 4099 848 4180 jura
902 4111 1240 4179 custodiant,
1280 4113 1517 4178 alienum
1560 4132 1594 4170 α
1631 4118 2014 4188 praedicatione

436 4201 584 4270 regni
613 4195 851 4268 caelestis
876 4189 1126 4259 astruens
1146 4207 1409 4262 cursitare
1449 4224 1548 4277 per
1579 4210 1766 4266 domos
1788 4254 1802 4277 ,
1847 4222 1903 4269 et
1931 4215 2012 4269 in-

439 4282 701 4344 violabilis
747 4292 964 4370 bospitii
1008 4293 1129 4363 iura
1159 4297 1425 4352 amittere.
1461 4298 1572 4356 Nec
1599 4302 1771 4357 otiose
1815 4319 2010 4360 secun-

391 4425 393 4427 ,
437 4377 560 4434 dum
609 4381 914 4438 Matthaum
943 4385 1133 4441 domus
1161 4403 1325 4458 quam
1362 4388 1734 4459 ingrediantur
1760 4397 2008 4463 apostoli,

2111 1931 2277 2004 reni,
2303 1945 2465 2002 quem
2513 1946 2612 2000 pro
2652 1931 2760 1985 illis
2800 1932 3032 1988 inaniter
3080 1935 3433 2003 susceperant
3459 1974 3491 1998 ,.
3515 1943 3618 1988 aut
3649 1942 3708 1987 ut

2103 2019 2460 2074 ostenderent
2495 2035 2664 2091 usque
2693 2021 2831 2076 adeo
2876 2036 2935 2077 se
2963 2022 3033 2077 ab
3074 2022 3207 2092 ipsis
3243 2022 3380 2076 nihil
3418 2031 3704 2076 terrenum

2111 2118 2374 2177 quaerere,
2401 2117 2464 2164 ut
2482 2110 2644 2165 etiam
2667 2110 3036 2180 pulveremde
3056 2120 3208 2167 terra
3236 2127 3430 2167 eorum
3462 2127 3575 2168 non
3600 2113 3704 2168 sibi

2109 2208 2430 2269 paterentur
2473 2201 2772 2269 adhaerere.
2829 2203 3043 2268 Aliter,
3100 2204 3268 2273 pedes
3310 2201 3704 2272 discipulorum

2112 2291 2286 2360 ipsum
2317 2302 2452 2363 opus
2497 2294 2876 2364 incessumque
2917 2294 3316 2364 praedicationis
3358 2295 3704 2366 signiﬁcant;

2111 2381 2287 2450 pulvis
2314 2397 2458 2448 vero,
2514 2372 2620 2452 quo
2670 2393 3059 2454 asperguntur,
3111 2392 3340 2440 terrente
3386 2384 3584 2439 levitas
3624 2393 3708 2440 est

2112 2471 2476 2544 cogitationis,
2508 2488 2540 2526 a
2573 2488 2680 2542 qua
2713 2474 2878 2545 etiam
2931 2473 3034 2544 ipsi
3079 2474 3276 2529 summi
3303 2473 3558 2539 doctores
3605 2476 3708 2527 itu-

2112 2577 2302 2641 munes
2325 2578 2447 2624 esse
2475 2569 2778 2633 nequeunt,
2831 2580 2952 2619 cum
2988 2581 3092 2634 pro.
3111 2565 3445 2622 auditoribus
3490 2565 3702 2620 solliciti

2113 2652 2422 2708 salubribus
2456 2654 2603 2712 curis
2634 2654 2967 2733 incessanter
2996 2655 3302 2719 intendunt,
3335 2664 3393 2709 et
3421 2656 3578 2732 quasi
3609 2671 3706 2726 per

2113 2746 2308 2800 itinera
2334 2745 2544 2812 mundi,
2568 2746 2678 2801 imo
2715 2747 2803 2800 vix
2831 2747 3088 2802 calcsneo
3129 2753 3295 2801 terra!
3317 2747 3601 2817 pulverem
3629 2747 3703 2802 Ιιι

2113 2847 2266 2909 gunt.
2301 2838 2403 2906 Qui
2449 2854 2579 2910 ergo
2612 2839 2918 2918 receperint
2951 2839 3173 2912 verbum
3195 2878 3210 2903 ,
3255 2839 3359 2908 ipsi
3386 2837 3702 2894 aﬂlictiones

2113 2945 2381 3000 curasque
2407 2931 2710 2996 doctorum,
2743 2946 2879 3001 quas
2909 2945 3009 3000 pro
3036 2945 3093 2986 se
3117 2930 3443 2998 tolerabant,
3471 2931 3526 2985 in
3544 2947 3702 3001 argu-

2112 3029 2354 3077 mentum
2376 3022 2476 3078 sibi
2497 3031 2716 3078 vertunt
2741 3022 3060 3077 humilitatis
3085 3040 3097 3074 :
3127 3022 3226 3093 qui
3245 3037 3377 3077 vero
3401 3024 3702 3093 spreveriut

2115 3114 2416 3172 doctrinam
2460 3114 2921 3180 docentium,-sibi
2959 3113 3176 3169 labores
3214 3121 3270 3168 et
3315 3113 3580 3182 pericula,
3607 3123 3698 3168 ue-

2114 3205 2372 3274 diumque
2401 3203 2827 3259 sollicitudinum
2856 3205 2923 3258 ad
2951 3204 3320 3259 testimonium
3338 3204 3697 3258 damnationis

2072 3365 2083 3372 _
2113 3295 2414 3350 inﬂectunt.
2456 3295 2522 3350 Et
2551 3296 2666 3366 ipse
2687 3303 2774 3350 est
2800 3295 2976 3366 pulvis
3014 3296 3197 3365 qui‘in
3249 3294 3529 3364 Evangelii
3577 3309 3698 3348 cou-

2113 3395 2405 3456 temptores
2451 3387 2692 3457 extergi,
2744 3395 2797 3440 et
2839 3402 2868 3439 a
2915 3401 3022 3454 quo
3071 3402 3168 3455 per
3215 3385 3696 3440 bonosauditores

2112 3477 2562 3548 evangelistarum
2580 3477 2840 3547 jnbentur
2868 3477 3029 3545 pedes
3056 3476 3197 3530 ablui
3217 3518 3230 3542 ,
3257 3477 3367 3530 imo
3399 3491 3496 3545 per
3522 3477 3693 3544 ipsum

2115 3569 2448 3622 Salvatorem
2476 3575 2766 3621 narrantur
2797 3566 2984 3621 abluti.
3205 3564 3237 3571 ”

2182 3658 2345 3711 Amen
2387 3659 2503 3711 dico
2537 3657 2711 3721 vobis,
2755 3657 3078 3710 tolerabilius
3115 3655 3211 3710 erit
3248 3665 3402 3709 terris
3440 3654 3696 3712 Sodomo-

2114 3765 2228 3800 rum
2257 3757 2301 3800 et
2329 3744 2806 3810 Comorrhazorum,
2834 3747 2897 3800 in-
2915 3747 2999 3800 die
3015 3747 3208 3814 judicii
3224 3788 3238 3810 ,
3273 3763 3429 3817 quam
3472 3746 3552 3799 illi
3581 3749 3696 3800 civi-

2114 3841 2226 3893 tati.
2262 3838 2487 3910 (Mwn.)
2513 3840 2646 3905 Quia
2670 3839 2769 3908 ipsi
2802 3854 2963 3893 unam
2994 3838 3167 3908 legem
3189 3847 3425 3915 tantum,
3465 3838 3571 3892 hoc
3597 3846 3693 3900 est,

2112 3943 2338 3995 naturai,
2387 3932 2730 4000 spernebant.
2763 3929 2930 3986 Judmi
2963 3946 3091 3986 vero
3116 3930 3276 3986 simul
3314 3939 3370 3986 et
3417 3939 3622 3984 natura:
3645 3939 3695 3984 et

2112 4023 2304 4078 littera:
2347 4022 2516 4093 legem
2548 4029 3005 4090 contempserunt,
3038 4029 3090 4075 et
3126 4021 3514 4091 prophetarum
3543 4021 3695 4075 dictis

2114 4118 2222 4169 non
2269 4114 2630 4178 crediderunt,
2693 4128 2794 4166 nec
2848 4111 3211 4181 apostolorum
3255 4111 3691 4180 praedicationem

2114 4217 2450 4278 receperunt.
2480 4205 2784 4260 Notandum
2810 4220 3021 4274 quoque
3048 4206 3201 4275 quod
3235 4205 3530 4259 Sodomitas
3558 4205 3691 4258 inter

2115 4308 2192 4352 tot
2236 4298 2417 4353 carnis
2469 4297 2767 4366 animmque
2813 4294 3034 4373 ﬂagitia,
3076 4290 3279 4366 quibus
3324 4294 3692 4350 insatiabiliter

2113 4391 2391 4454 ardebant,
2443 4389 2795 4458 inhospitalcs
2841 4398 3075 4457 Quoque,
3122 4385 3374 4440 Ezechiel
3411 4393 3692 4440 attestante

438 4473 659 4568 legenda
685 4475 1024 4542 decernitur,
1050 4486 1110 4532 ut
1129 4481 1368 4539 mutandi
1409 4481 1624 4554 δοερίϋὶ
1663 4488 2014 4542 necessitudi-
2041 4514 2091 4572 Β
2119 4479 2333 4551 (Ezech.
2385 4478 2519 4550 χιιι),
2563 4478 2816 4542 fuerunt;
2851 4477 2943 4530 sed
2983 4476 3114 4530 nulli
3146 4476 3288 4545 apud
3316 4489 3411 4530 eos
3438 4473 3574 4572 tales
3601 4473 3688 4527 ho.

438 4556 916 4648 .;:sqti:e‘_vio1andaa
942 4583 1105 4623 causa
1127 4585 1233 4625 non
1254 4581 1522 4642 suppetat.

511 4647 771 4711 Intrantes
800 4660 972 4712 autem
987 4660 1040 4712 in
1070 4661 1305 4728 domum,
1332 4663 1559 4719 salutate
1582 4682 1714 4730 eam,
1747 4669 2008 4722 dicentes:

446 4749 557 4800 Pas:
580 4750 700 4801 huic
744 4749 965 4802 domiti:
1008 4747 1074 4802 Et
1111 4752 1365 4822 siquidem
1410 4753 1566 4821 fuerit
1608 4755 1793 4811 domus
1828 4757 2008 4827 digna,

440 4841 598 4891 ueniet
627 4856 732 4908 pax.
759 4849 924 4893 vestra
961 4857 1120 4909 super
1147 4858 1281 4894 eam.
1315 4839 1373 4895 Si
1399 4853 1568 4904 autem
1608 4862 1710 4899 non
1749 4846 1906 4914 fuerit
1930 4849 2011 4900 di-

438 4945 564 4997 gna,
588 4945 691 4997 pax
720 4921 884 4983 uestra
907 4930 976 4982 ad
1005 4948 1096 4986 vos
1121 4940 1417 4986 revertetur.
1461 4931 1681 4993 Occulte
1727 4936 2010 4991 salutatio-

440 5037 562 5075 nem
597 5019 846 5074 llebraici
872 5036 935 5075 ac
970 5021 1092 5091 Syri
1128 5023 1396 5076 sermonis
1425 5025 1712 5094 expressit.
1743 5025 2011 5097 (Hieron.)

440 5113 592 5180 Quod
639 5114 785 5167 enim
835 5114 1030 5168 dicitur
1059 5125 1210 5192 χαῖρε
1241 5123 1296 5171 et
1339 5116 1530 5172 Latine
1566 5119 1704 5183 Ave,
1748 5118 2045 5176 Hebraico‘

442 5204 776 5276 Syriacoque
805 5220 1054 5260 sermone
1081 5208 1379 5277 appellatur
1403 5209 1709 5275 salomiaelt,
1738 5211 1852 5266 Sive
1880 5211 2015 5265 salo-

440 5296 671 5362 malach,
704 5297 756 5351 id
778 5305 885 5363 est,
908 5295 1027 5350 Pax
1054 5310 1240 5352 teatm.
1263 5299 1411 5367 Quod
1438 5308 1617 5356 autem
1644 5301 1884 5372 prtecipit
1912 5302 2018 5357 tale

441 5399 564 5445 est:
591 5389 920 5444 Introeuntes
946 5390 1000 5443 in
1031 5388 1275 5454 domum,
1317 5406 1502 5460 pacem
1533 5393 1905 5463 imprecamini
1928 5395 2019 5448 ho-

444 5483 594 5552 spiti,
619 5493 672 5537 et
696 5492 954 5555 quantum
974 5483 1027 5538 in
1042 5482 1204 5538 vobis
1221 5492 1326 5548 est,
1352 5481 1634 5540 discordiae
1652 5484 1790 5538 bella
1810 5483 2015 5540 sedate.

446 5573 504 5631 Si
534 5583 712 5629 autem
765 5587 882 5630 orta
931 5572 1096 5631 fuerit
1139 5572 1524 5638 contradictio,
1571 5589 1662 5630 vos
1690 5574 2015 5643 mercedem

448 5665 712 5720 habebitis
737 5667 802 5721 de
832 5667 1009 5720 oblata
1050 5681 1207 5735 pace;
1260 5664 1336 5719 illi
1368 5664 1566 5719 bellum
1587 5705 1599 5729 ,
1633 5666 1774 5733 quod
1817 5665 2018 5720 habere

447 5756 723 5811 voluerunt
752 5802 761 5821 ,
794 5759 1158 5827 possidebunt.
1189 5756 1412 5830 (Nisum)
1457 5755 1564 5809 Pax
1599 5755 1769 5816 enim,
1801 5771 1919 5824 quae,
1952 5757 2018 5810 ab

2119 4571 2284 4640 spites
2313 4569 2667 4640 quales‘apud
2726 4567 2940 4624 Judzeos
2993 4569 3287 4640 prophetae,
3333 4567 3521 4635 quales
3569 4581 3688 4635 apo-

2119 4663 2237 4716 stoli
2274 4662 2475 4730 reperti,
2501 4671 2644 4716 sunt.
2681 4660 2749 4715 Et
2786 4660 2886 4715 Lot
2918 4655 3135 4729 quidem
3171 4665 3391 4728 aspectu
3433 4659 3490 4711 et
3511 4657 3686 4718 auditu

2113 4753 2289 4822 justus
2316 4761 2433 4806 erat
2456 4749 2606 4823 (Gen.
2642 4752 2825 4823 xvm);
2848 4766 2951 4805 non
2987 4749 3190 4818 aliquid
3223 4757 3401 4803 tamen
3430 4746 3681 4809 docuisse,

2119 4842 2260 4896 nulla
2308 4843 2377 4896 ibi
2433 4841 2623 4896 fecisse
2669 4843 2819 4912 signa
2863 4841 3194 4911 perhibetur.
3234 4839 3409 4908 Amne
3455 4839 3576 4894 ideo
3609 4837 3684 4890 cui

2119 4932 2541 5004 multumdatuni
2563 4942 2658 4996 est,
2678 4931 2895 4985 multum
2918 4932 3172 5000 quaeritur
3201 4929 3264 4982 ab
3286 4946 3345 4982 eo
3369 4927 3526 4998 (Luc.
3556 4927 3642 4998 stt)
3667 4945 3680 4979 :

2113 5033 2445 5093 potentesque
2466 5033 2699 5092 potenter
2718 5033 2973 5076 tormenta
2998 5023 3279 5092 patientur.
3301 5020 3440 5089 Ergo
3455 5019 3593 5073 sicut
3615 5021 3682 5072 in-

2116 5120 2200 5167 ter
2231 5114 2405 5182 jnstos
2435 5113 2644 5167 diversa
2687 5113 2970 5167 retributio
2993 5121 3103 5176 est,
3136 5113 3205 5165 ita
3239 5120 3293 5165 et
3329 5110 3470 5164 inter
3505 5122 3678 5178 pecca-

2119 5214 2259 5258 tores
2289 5204 2500 5259 diversa
2536 5189 2799 5276 supplicia
2826 5211 2972 5259 sunt.

2190 5295 2324 5350 Ecce
2353 5313 2444 5365 ego
2491 5299 2638 5351 mitto
2680 5315 2766 5351 vos
2803 5299 2935 5352 sicut
2979 5315 3093 5353 ores
3138 5299 3192 5350 in
3236 5295 3405 5348 medio
3435 5291 3676 5362 luporum.

2119 5385 2278 5450 Ecce,
2322 5386 2512 5453 inquit,
2543 5400 2640 5456 ego
2666 5387 2818 5440 mitto
2842 5402 2959 5451 vos,
2988 5387 3162 5449 idest,
3194 5399 3292 5454 ego
3318 5384 3408 5453 qui
3439 5398 3535 5436 vos
3565 5397 3681 5452 pne-

2119 5479 2250 5533 scivi
2284 5489 2340 5534 et
2366 5481 2501 5550 elegi
2532 5481 2618 5535 de‘
2636 5483 2852 5545 mundo,
2886 5484 2977 5551 qui
3013 5498 3108 5536 vos
3141 5482 3320 5545 docui,
3359 5481 3451 5550 qui
3489 5493 3554 5533 ea
3580 5492 3680 5547 quae

2118 5571 2270 5625 vobis
2297 5581 2521 5628 ventura
2548 5582 2689 5636 sunt,
2723 5574 2902 5627 omnia
2944 5574 3088 5639 novi,
3119 5574 3206 5642 qui
3232 5573 3397 5626 etiam
3439 5571 3587 5626 vobis
3613 5569 3680 5621 la-

2118 5661 2437 5715 borantibus
2476 5661 2794 5732 condignam
2838 5663 3138 5717 mercedem
3183 5663 3464 5716 restituam
3513 5661 3565 5713 iu
3613 5659 3676 5711 iu-

2122 5761 2258 5816 turo,
2294 5754 2405 5821 ipse
2435 5768 2527 5807 vos
2557 5752 2852 5806 secundum
2880 5770 3073 5810 nomen
3102 5765 3340 5809 vestrum
3368 5767 3434 5808 ex
3467 5751 3678 5819 discipu-

3835 64 3887 566 π
