3938 6392
249 319 390 378 ’8η

1204 389 1212 397 ’
1264 317 1609 394 [ΖΟΜΧΙΕΝΤ.
1652 317 1718 376 IN
1757 312 2186 386 MXTTIL‘EUM.
2225 353 2296 364 ρ-
2334 324 2458 379 Lm.
2501 325 2580 381 lll.

291 441 356 492 tis
389 439 582 492 missos
613 435 825 498 faciam,
857 432 1081 512 apostoli
1127 435 1271 488 enim
1304 435 1451 488 missi
1497 436 1853 502 interpretam
1884 443 1930 497 Α
2017 433 2144 490 ‘lloc
2166 438 2308 496 enim
2338 439 2551 509 proprie
2577 438 3003 495 Christianorum
3046 452 3146 506 est,
3177 455 3233 498 nt
3275 461 3368 515 per
3407 436 3520 517 pa);

289 536 415 583 tur:
449 528 602 590 Ecce,
649 526 740 588 ait,
777 525 923 578 mitto
969 541 1056 579 vos
1103 527 1233 578 sicut
1265 541 1378 578 oves
1411 526 1464 578 in
1507 525 1674 579 medio
1701 523 1852 593 lupo-

290 623 407 673 rum
429 636 446 684 ;
468 611 595 688 quia
623 607 752 686 ergo
777 629 905 672 oves
939 631 1071 671 mem
1097 617 1248 681 estis,
1286 617 1404 671 volo
1446 626 1505 671 ut
1539 627 1852 673 mansuetu-

287 709 469 766 dinem
495 715 549 761 et
581 691 933 762 humilitatem
967 692 1228 772 habeatis,
1257 716 1603 779 nec’propter
1629 710 1849 765 seditio-

289 792 413 852 nem
423 806 476 852 et
490 798 664 851 minas
676 783 1076 866 persecuturum
1092 797 1400 864 patientiam
1422 807 1477 852 et
1496 801 1850 854 constantiam

289 897 524 942 vestram
570 887 823 956 perdatis.
871 885 1137 956 (Ηὶενοπ.)
1176 886 1351 960 Lupos
1387 889 1592 945 scribas
1631 897 1685 944 et
1714 887 1853 945 Pha-

289 979 477 1032 ris-mos
519 963 688 1040 vocati,
733 977 824 1046 qui
876 985 1000 1030 sunt
1044 977 1224 1032 clerici
1252 974 1598 1033 'Judzorum'.
1651 977 1851 1052 (ϐπ-ες.)

289 1057 588 1122 Notandum
620 1075 798 1123 autem
842 1068 983 1134 quod
1005 1068 1277 1122 sententia
1320 1059 1852 1124 Domini'seeundum

287 1157 598 1231 liattliazum
629 1149 876 1228 congruit
918 1158 1000 1211 illi
1040 1159 1316 1215 sententia:
1361 1155 1656 1215 secundum
1690 1160 1854 1215 Joan-

275 1240 434 1323 ‘nem,
458 1265 560 1318 qua
589 1233 783 1312 dicitur
807 1270 819 1305 :
853 1251 1000 1307 Sicut
1023 1244 1476 1315 misit’me-Pater,
1514 1262 1564 1305 'et
1587 1269 1680 1322 ego
1705 1255 1852 1307 mitto

288 1355 376 1391 ras
413 1337 590 1414 (Joan.
621 1339 724 1408 vr);
751 1339 910 1393 Pater
935 1336 1126 1393 Filium
1156 1339 1322 1403 misit,
1352 1339 1440 1407 qui
1472 1330 1615 1394 hunc
1637 1356 1735 1410 pro
1750 1355 1849 1414 're-

283 1429 589 1497 dcmptione
611 1431 820 1502 generis
843 1425 1066 1486 humani
1087 1429 1351 1501 incarnari
1369 1417 1662 1497 constituit,
1691 1447 1850 1500 quem

285 1507 532 1580 videlicet
573 1526 628 1578 iu
668 1525 920 1581 mundum
968 1523 1260 1580 venire'ad
1307 1519 1608 1592 passionem
1658 1513 1846 1588 voluit,

283 1614 384 1668 sed
426 1623 603 1667 tamen
640 1614 839 1667 amavit
876 1612 1274 1682 Filium,.qnem
1309 1613 1375 1671 ad
1412 1600 1723 1682 passionem
1753 1613 1860 1666 ηιμ

281 1705 378 1757 sit.
406 1698 615 1758 Eiectos
642 1695 778 1757 vero
800 1703 1075 1772 ‘apostolos
1113 1689 1366 1772 Dominus
1413 1689 1522 1757 non
1558 1704 1626 1780 ad
1663 1696 1848 1780 mundi

1955 527 2191 583 nitentize
2221 529 2530 583 stricturam
2572 542 2771 586 exuant
2804 542 3034 588 veterem
3086 536 3354 591 hominem
3393 555 3515 594 eum

1955 613 2319 684 actibns'ejus,
2359 619 2449 688 qui
2489 626 2630 674 tenet
2660 621 2714 674 in
2743 636 2799 676 se
2848 623 3051 691 lepram
3082 619 3309 694 'peecati
3338 635 3394 682 et
3438 629 3519 682 in-

1954 706 2120 762 duant
2149 698 2392 775 nmium,‘
2412 712 2501 780 qui
2527 713 2997 786 secundum’Deum
3025 729 3228 773 creatus
3255 711 3332 773 est
3357 719 3412 772 in
3429 720 3520 790 ju-

1953 797 2096 850 stitia
2123 805 2171 850 et
2185 799 2458 851 sanctitate
2477 800 2714 854 ueritatis
2743 801 2955 871 (Ephe‘s.
2975 803 3178 875 1v),qul
3203 808 3374 861 nescit
3394 800 3515 863 cer-

1904 918 1907 919 ν
1955 887 2256 956 ru'ptionel‘u
2298 888 2484 958 culpae.
2531 883 2859 961 Simplicitas
2895 893 3260 949 columbarum
3292 912 3514 966 expres-

1954 977 2067 1031 sius
2096 976 2269 1031 sancti
2309 977 2486 1046 specie
2512 978 2936 1047 demonstratur;
2974 984 3114 1038 unde
3143 985 3271 1039 dicit
3301 995 3356 1040 et
3375 991 3517 1062 Apo-

1954 1065 2159 1121 stolus:
2194 1066 2402 1121 Malitia
2445 1068 2652 1138 paruuli
2688 1076 2860 1125 'estote
2897 1072 2946 1144 (1
3000 1073 3120 1128 Cor.
3172 1077 3302 1148 xlv),
3364 1079 3516 1146 cujus

1955 1153 2163 1223 species
2208 1155 2452 1225 genuinae
2492 1157 2870 1231 simplicitatis
2921 1162 2971 1215 in
3030 1157 3397 1232 superioribus
3445 1169 3516 1222 ad

1928 1243 2313 1301 'moralitatem
2353 1246 2692 1315 interpretati
2722 1262 2926 1304 sumus.

2020 1333 2203 1389 Cauete
2266 1345 2461 1399 autem
2496 1339 2559 1390 ab
2610 1339 2918 1393 hominibus.
2980 1340 3131 1396 Nunc
3183 1344 3516 1410 demonstrat

1950 1438 2084 1494 quos
2120 1434 2282 1498 antea
2327 1425 2480 1498 lupos
2519 1428 2889 1497 appellaverit.
2935 1431 3190 1488 Homines
3219 1438 3362 1491 enim
3391 1447 3513 1493 sunt

1950 1514 2114 1570 iidem
2142 1516 2234 1586 qui
2258 1521 2314 1568 et
2338 1515 2448 1586 lupi
2478 1519 2644 1587 :quia
2680 1529 2998 1588 peccatores
3024 1534 3148 1577 sunt
3176 1535 3232 1580 et
3272 1518 3509 1598 fragiles,

1949 1606 2048 1661 sed
2069 1614 2252 1674 tamen
2282 1604 2509 1662 feroces.
3234 1672 3237 1675 ν

2023 1692 2246 1748 Tradent
2273 1694 2409 1747 enim
2436 1699 2520 1748 vos
2543 1696 2597 1748 in
2624 1700 2888 1763 conciliis,
2903 1710 2951 1753 et
2989 1700 3043 1753 in
3086 1719 3357 1773 synagogas
3401 1709 3510 1760 suis

283 1795 509 1867 gaudia,
541 1779 632 1865 sed
671 1794 811 1848 sicut
837 1794 949 1862 ipse
965 1783 1174 1848 missus
1215 1803 1316 1858 est,
1364 1793 1430 1847 ad
1476 1773 1754 1861 passiones
1789 1793 1842 1846 in
1871 1772 2804 1859 Bﬂagellabant'uos,etadpra§sides
2821 1793 2949 1852 etad
2967 1790 3104 1863 regis
3118 1797 3374 1870 ducemini
3393 1815 3514 1868 pro-

283 1886 543 1940 mundum
571 1885 732 1939 misit.
779 1883 930 1938 Sicut
965 1875 1346 1956 er’go’amatur
1393 1883 1630 1939 Filius'a
1656 1883 1840 1950 Patre,

283 1984 345 2030 et
387 1985 563 2029 tamen
609 1975 673 2028 ad
723 1972 1025 2044 passionem
1077 1975 1351 2045 mittitur,‘
1381 1975 1455 2029 ita
1501 1974 1842 2044 et-discipuli

282 2075 536 2122 amantur
555 2082 586 2120 a
613 2066 855 2130 Domino,
883 2067 973 2135 qui
1002 2075 1175 2120 tamen
1206 2067 1272 2120 ad
1295 2062 1599 2134 passionem
1623 2067 1842 2119 mittun-

282 2165 375 2225 tur
394 2157 448 2211 in
476 2156 749 2210 mundum.
783 2155 933 2221 Quod
948 2152 1103 2209 'enim
1143 2153 1312 2210 dicit:
1347 2155 1479 2211 Ecce
1515 2173 1626 2226 ego,
1657 2148 1841 2233 aucto-

283 2252 420 2305 ritas
462 2259 518 2305 et
544 2235 799 2305 fortitudo
827 2249 1050 2304 Deitatis
1087 2247 1390 2321 hominibus
1415 2259 1515 2304 est.
1557 2234 1674 2321 Ego
1698 2251 1842 2305 enim

282 2326 427 2398 Deus
447 2359 542 2398 vos
581 2341 822 2398 homines
851 2344 1022 2397 mitto.
1064 2343 1163 2409 Qui
1209 2319 1351 2397 enim
1396 2344 1514 2398 misi
1556 2319 1844 2414 prophetas

245 2434 255 2440 '
277 2432 529 2501 patrihus
549 2433 764 2501 vestris,
788 2447 878 2487 vos
920 2430 1115 2493 Iudaeis
1139 2434 1298 2502 atque
1327 2435 1613 2503 gentilibus
1641 2435 1845 2504 pariter

281 2522 459 2576 mitto.
503 2522 572 2575 Et
608 2515 898 2576 notandum
940 2521 1088 2590 quod
1117 2537 1227 2575 uno
1261 2510 1553 2591 eodemque
1588 2519 1845 2601 tempore

281 2620 446 2682 atque
470 2621 736 2681 praecepto
763 2605 1386 2679 instruuntur‘quombdo
1420 2612 1559 2666 inter
1603 2610 1844 2668 inﬁdeles

280 2698 494 2756 Judaaos
521 2710 679 2770 atque
705 2689 928 2772 gentiles
955 2698 1130 2770 agant.
1173 2700 1322 2755 Sicut
1351 2715 1464 2755 oues
1490 2701 1544 2755 in
1572 2702 1740 2756 medio
1763 2702 1845 2756 lu-

261 2799 488 2862 ‘porum.
518 2788 796 2848 Contraria
834 2801 956 2847 sunt
981 2794 1081 2848 ista
1122 2793 1223 2848 sibi
1261 2792 1529 2859 animalia,
1552 2801 1613 2847 ut
1636 2793 1740 2850 alia
1771 2795 1840 2848 ab

282 2881 406 2936 aliis
432 2882 773 2938 devoret‘stur.
807 2881 912 2937 Se'd
938 2883 1111 2937 bonus
1137 2891 1316 2952 pastor
1364 2867 1515 2952 lupos
1553 2871 1698 2954 gregi
1744 2898 1842 2938 suo

191 3004 196 3007 ς
279 2972 473 3026 timere
498 2975 603 3026 non
628 2972 793 3026 novit.
824 2969 1054 3042 Ideoque,
1079 2972 1164 3042 isti
1207 2973 1449 3043 discipuli
1483 2987 1589 3027 non
1624 2972 1678 3026 in
1706 2987 1846 3040 pra:-

279 3060 427 3127 dsm,
460 3064 553 3117 sed
578 3063 654 3117 ad
666 3063 892 3132 gratiam
917 3063 1233 3132 diriguntur,
1254 3059 1529 3132 quatenus
1559 3063 1866 3119 servantes»

279 3123 600 3212 innocentia
633 3123 867 3214 sensum,
914 3123 1130 3205 malitia:
1166 3123 1400 3205 morsum
1441 3167 1544 3224 non
1582 3151 1833 3206 habeant.
1866 3123 1910 3183 Ο

277 3238 418 3304 Quia
444 3239 534 3308 qui
559 3239 736 3294 locum
765 3236 1156 3309 praedicationis
1183 3230 1425 3310 suscipit,
1469 3234 1609 3295 maia
1637 3237 1837 3298 inferre

277 3321 387 3384 non
413 3326 589 3394 debet,
625 3329 719 3384 sed
751 3329 996 3397 tolerare.
1130 3320 1135 3327 ’
1617 3341 1623 3345 ·

350 3418 529 3473 Estote
559 3436 678 3488 ergo
718 3419 992 3490 prudentes
1030 3411 1166 3473 sicut
1188 3429 1465 3490 serpentes,
1492 3430 1542 3474 et
1580 3420 1836 3489 simplices

277 3507 408 3559 sicut
435 3495 701 3561 columbw.
737 3491 1001 3578 (Ηὶενοή.)
1031 3507 1100 3562 Ut
1123 3523 1220 3576 per
1243 3509 1576 3578 prudentiam
1601 3509 1846 3564 devitent’

277 3595 521 3662 insidias,
561 3612 657 3666 per
692 3597 1086 3666 simplicitatem
1130 3613 1251 3652 non.
1289 3598 1506 3663 faciant,
1569 3601 1836 3668 serpentis

169 3739 182 3750 .
278 3692 478 3755 astutia
516 3691 730 3759 ponitur
760 3689 812 3742 in
842 3690 1163 3758 exemplum.
1197 3689 1328 3756 Quia
1355 3697 1465 3744 toto
1490 3706 1714 3760 corpore
1747 3707 1838 3748 oo-

248 3846 250 3849 ,
275 3779 448 3847 cultat
467 3787 644 3848 caput,
679 3786 732 3832 et
757 3777 883 3831 illud
914 3778 966 3830 in
1001 3793 1106 3846 quo
1132 3778 1239 3831 vita
1262 3783 1362 3841 est,
1395 3780 1654 3850 protegit;
1682 3781 1752 3834 ita
1781 3792 1836 3835 et

276 3874 387 3922 nos
403 3874 512 3921 toto
541 3866 779 3936 periculo
803 3860 1053 3934 “corporis
1090 3875 1249 3934 caput
1286 3875 1546 3932 nostrum,
1585 3870 1726 3938 quod
1753 3878 1835 3924 est

276 3955 547 4020 Christus,
577 3955 957 4010 custodiamus.
993 3949 1215 4026 (Meum)
1247 3956 1373 4011 ltem
1386 3959 1674 4041 prudentia
1707 3961 1835 4014 dici-

279 4054 368 4098 tur
403 4060 522 4101 esse
543 4043 828 4113 serpentis,
859 4048 1001 4114 quod
1030 4049 1244 4101 obturat
1283 4063 1439 4103 aures
1464 4043 1609 4116 suas,
1641 4065 1707 4104 ne
1734 4067 1832 4105 au-

276 4136 390 4188 diat
420 4135 769 4190 ineantantes.
797 4135 1052 4202 Quaerunt
1081 4138 1222 4190 enim
1252 4153 1453 4192 venena
1482 4155 1600 4209 quae
1625 4151 1750 4195 sunt
1777 4143 1829 4197 in

274 4227 540 4295 capitibus
568 4237 870 4296 serpentum
894 4230 959 4282 ad
989 4230 1433 4283 medicamentum
1461 4250 1473 4285 :
1506 4239 1560 4285 at
1589 4231 1696 4297 illa,
1729 4233 1830 4288 hoc

275 4305 855 4388 prmsentiens,.caput
902 4321 1037 4373 intra
1092 4322 1263 4390 spiras
1303 4324 1546 4391 corporis
1592 4324 1830 4378 volutum

274 4407 443 4471 abdit,
468 4415 520 4460 ct
545 4409 707 4460 unam
733 4424 916 4463 aurem
944 4421 1109 4478 petra:
1130 4411 1364 4479 apponit,
1407 4411 1630 4472 alteram
1658 4415 1828 4491 cauda
1853 4444 1906 4502 D

207 4525 210 4528 ~
254 4499 544 4553 ‘occludit:
595 4501 670 4554 ita
716 4501 798 4576 vir
833 4502 1165 4571 apostolicus
1213 4517 1423 4557 omnem
1464 4505 1628 4576 vitam
1677 4520 1829 4559 suam

271 4590 427 4657 quasi
449 4589 502 4642 in
529 4590 742 4644 circulis
772 4597 1068 4667 temporum
1094 4593 1441 4660 complexam,
1468 4575 1608 4647 circa
1633 4594 1831 4663 princi-

271 4681 448 4758 palem
488 4692 695 4751 partem
741 4682 932 4739 animae
957 4685 1138 4751 ponit:
1173 4693 1227 4738 et
1270 4692 1329 4737 ut
1355 4685 1468 4755 ipsa
1500 4675 1679 4741 illaesa
1715 4686 1826 4752 ﬁat,

267 4769 486 4825 Christo
511 4771 811 4840 adiuvante,
849 4774 941 4842 qui
969 4770 1056 4827 est
1077 4783 1248 4843 petra,
1289 4783 1345 4829 et
1376 4777 1556 4831 subtili
1586 4776 1823 4850 Scriptus

269 4877 452 4914 rarum
479 4858 796 4917 documento
833 4878 950 4916 eam
977 4863 1270 4920 imbuente.
1302 4865 1444 4935 quod
1466 4867 1632 4921 cauda
1660 4869 1826 4939 signi-

268 4952 418 5017 ﬁcat,
450 4953 669 5007 nimium
699 4955 910 5025 satagit.

338 5041 675 5096 Incantantes
702 5051 879 5096 autem
927 5051 1052 5105 sunt
1093 5045 1185 5113 qui
1238 5047 1535 5115 voluptates
1585 5051 1825 5119 corporis

264 5132 611 5201 persuadent,
652 5143 706 5186 et
739 5143 1019 5200 peccantes
1059 5125 1250 5189 blande
1292 5135 1588 5205 leniterque
1621 5138 1822 5206 fovent,

266 5229 328 5274 ut
363 5220 598 5290 vigorem
628 5222 822 5275 mentis
848 5219 900 5274 in
932 5222 1063 5292 ipsis
1084 5213 1391 5277 emolliant.‘
1410 5226 1540 5282 Item
1567 5224 1667 5280 alia
1690 5244 1819 5297 pru-

265 5308 445 5377 dentia
469 5307 636 5363 fertur
665 5312 950 5379 serpentis,
981 5312 1118 5380 quod
1147 5314 1358 5382 quando
1385 5315 1620 5383 squamis
1645 5325 1700 5370 et
1727 5334 1823 5387 pu-

268 5396 477 5452 tredine
499 5413 564 5453 ac
603 5398 746 5469 lepra
776 5400 1110 5470 aggravatur,
1141 5403 1195 5456 in
1222 5412 1496 5468 petrarum
1531 5398 1820 5460 scissuram

268 5488 621 5558 ingrediatur,
657 5498 747 5553 aut
773 5506 868 5560 per
897 5489 1469 5564 foramen'angustnm,
1501 5503 1558 5549 ut
1582 5478 1744 5553 exuat
1766 5511 1826 5551 se

267 5583 446 5635 tunica
469 5582 655 5646 veteri,
689 5590 744 5637 et
794 5598 912 5652 qua:
961 5583 1042 5636 illi
1087 5587 1278 5647 nocent
1328 5585 1576 5653 deponat,
1641 5587 1825 5656 sicque

265 5691 339 5730 sa.
352 5691 396 5728 .a
435 5672 640 5728 evadat.

1941 1887 2056 1947 pter
2074 1877 2175 1943 me,
2211 1879 2265 1931 in
2293 1880 2642 1934 testimonium
2663 1880 2766 1935 illis
2798 1893 2845 1936 et
2864 1885 3120 1952 gentibus.
3164 1884 3362 1958 (Greg.)
3387 1889 3512 1944 Htec

1943 1967 2136 2036 quippe
2149 1966 2382 2022 Iudaica:
2395 1970 2538 2036 genti
2560 1971 2644 2023 vel
2672 1971 2785 2024 sola
2813 1972 2898 2025 vel
2926 1974 3154 2029 maxima
3181 1989 3338 2030 causa
3359 1978 3513 2046 exitii

1943 2055 2136 2120 fuerat,
2164 2058 2288 2126 quia
2312 2067 2432 2128 post
2459 2059 2666 2112 Domini
2691 2059 2986 2122 Salvatoris
3026 2056 3374 2131 occisionem,
3418 2083 3514 2120 no-

1942 2146 2102 2200 minis
2141 2161 2353 2216 quoque
2405 2147 2521 2216 ejus
2561 2140 2836 2216 priecones
2866 2151 3025 2204 simul
3071 2162 3126 2206 et
3174 2153 3511 2210 coniessores

1944 2235 2107 2305 impia
2133 2237 2453 2292 crudelitate
2482 2240 2719 2292 vexavit.
2773 2239 2924 2305 Quod
2955 2250 3132 2314 autem
3177 2242 3515 2299 Lucasdixit

1929 2325 2225 2404 Dominum
2254 2327 2452 2384 dixisSe
2481 2330 2548 2384 ad
2577 2331 2846 2398 apostolos
2875 2350 2888 2384 :
2914 2329 3181 2402 Continget
3221 2328 3393 2388 autem
3423 2352 3509 2388 vo-

1922 2417 2020 2490 .ln's
2048 2417 2102 2470 in
2147 2416 2527 2485 testimonium;
2556 2429 2621 2473 ἐι
2667 2420 2985 2478 Mattheus:
3042 2423 3110 2476 In
3160 2426 3504 2478 testimonium

1943 2509 2053 2583 illis
2098 2520 2145 2563 et
2199 2512 2451 2584 gentibus,
2486 2499 2752 2583 signiﬁcat
2791 2517 3228 2584 persecutionem
3278 2520 3511 2574 nominis

1943 2597 2139 2653 Christi
2176 2615 2296 2661 non.
2324 2601 2494 2654 solum
2524 2601 2721 2658 Judaeis
2755 2615 2811 2658 et
2841 2600 3098 2676 gentibus
3127 2623 3313 2662 eorum
3360 2611 3514 2664 mali-

1937 2687 2049 2751 tias,
2080 2688 2176 2742 sed
2211 2688 2372 2743 etiam
2416 2690 2558 2765 ipsis.
2595 2693 2852 2761 apostolis
2894 2693 3010 2749 fieri
3047 2696 3100 2749 in
3137 2699 3508 2754 testimonium

1944 2778 2179 2847 ipsorum
2205 2781 2541 2836 innocentiae.
2594 2783 2981 2839 Testimonium
3011 2786 3262 2841 videlicet
3283 2804 3512 2858 quorum

1945 2870 2023 2936 ﬁt,
2055 2873 2156 2946 nisi
2183 2863 2370 2928 eorum
2393 2874 2483 2942 qui
2509 2883 2599 2929 aut
2623 2878 2996 2944 persequendo
3021 2886 3225 2933 mortes
3252 2878 3508 2944 inferunt,

1942 2970 2036 3015 aut
2064 2962 2292 3016 videndo
2319 2978 2424 3017 non
2458 2965 2774 3018 imitantur?
2799 2964 2959 3042 blors
2979 2985 2982 2990 ·
3002 2952 3200 3042 quippe
3237 2965 3506 3036 justorum

1942 3051 2096 3106 bonis
2125 3051 2177 3105 in
2208 3050 2528 3121 adjutorium
2576 3054 2884 3131 est,-malis
2929 3054 2982 3108 in
3029 3048 3417 3122 testimonium,
3453 3065 3509 3110 ut

1941 3143 2066 3197 inde
2097 3143 2353 3212 perversi-
2377 3142 2493 3196 sine
2520 3143 2866 3198 excusatione
2900 3139 3151 3213 pereant,
3184 3132 3323 3200 unde
3347 3147 3507 3201 electi

1943 3231 2494 3300 exemplum'capitmt
2542 3239 2598 3284 ut
2637 3232 2837 3287 vivant.
2889 3231 2997 3287 Sed
3047 3236 3243 3289 auditis
3282 3245 3361 3290 tot
3403 3234 3507 3293 ter-
3593 3231 3595 3233 ’

1941 3321 2152 3376 roribus
2190 3321 2392 3390 turbari
2437 3329 2686 3389 poterant
2729 3322 3066 3396 inﬁrmorum
3108 3325 3290 3390 corda,
3332 3311 3506 3394 atque

1941 3413 2062 3467 ideo
2111 3412 2406 3466 consolatio
2457 3411 2778 3481 adiungitur,
2827 3424 2958 3468 eum
3019 3414 3263 3484 protinus
3319 3418 3505 3486 subin-

1939 3509 2116 3566 fertur
2147 3530 2159 3564 :
2689 3496 2704 3514 ”
3295 3568 3299 3571 ,

2008 3585 2138 3656 Cum
2189 3613 2361 3656 autem
2406 3602 2611 3656 tradent
2651 3616 2756 3666 vos,
2793 3600 2951 3668 nolite
2989 3603 3214 3673 cogitare
3240 3605 3504 3674 quomodo

1937 3703 2027 3747 aut
2062 3693 2189 3764 quid
2210 3693 2511 3764 loquamini.
2553 3693 2776 3747 Dabitur
2806 3693 2942 3747 enim
2986 3685 3125 3748 vobis
3154 3695 3208 3747 in
3242 3693 3335 3747 illa
3374 3695 3504 3748 hora

1934 3785 2060 3856 quid
2086 3784 2388 3854 legumini.
2415 3784 2537 3838 Non
2564 3786 2698 3838 enim
2725 3802 2812 3838 vos
2836 3788 2958 3840 estis
2985 3789 3073 3858 qui
3099 3786 3390 3857 loquimini;
3413 3789 3503 3841 sed

1937 3859 2165 3947 Spiritus
2199 3875 2377 3930 Patris
2430 3877 2582 3930 uestri
2621 3880 2709 3948 qui
2755 3877 2992 3947 loquetur
3029 3879 3082 3932 in
3135 3879 3296 3931 vobis.
3337 3878 3415 3932 Ac
3457 3879 3504 3934 si

1933 3975 2116 4035 aperte
2141 3966 2396 4022 membris
2419 3968 2532 4021 suis
2559 3967 2950 4031 inﬁrmantibus
2969 3967 3110 4021 dicat
3137 3987 3148 4020 :
3182 3966 3359 4021 Nolite
3389 3977 3494 4022 ter-

1933 4051 2060 4122 reri,
2086 4057 2248 4111 nolite
2271 4059 2678 4126 pertimeseere;
2704 4072 2796 4112 vos
2818 4061 2885 4111 ad
2919 4065 3190 4112 certamen
3217 4058 3495 4121 acceditis,

1933 4145 2026 4199 sed
2055 4138 2390 4214 ego‘p‘razlior
2422 4163 2434 4197 :
2475 4144 2742 4216 (Hier-om)
2765 4160 2859 4199 vos
2887 4146 3048 4198 verba
3071 4145 3251 4209 editis,
3280 4146 3372 4200 sed
3398 4157 3498 4216 ego

1932 4249 2048 4288 sum
2089 4235 2180 4303 qui
2207 4235 2414 4303 loquor.
2446 4234 2579 4289 Cum
2625 4250 2751 4304 ergo
2778 4244 2995 4304 propter
3022 4227 3294 4290 Christum
3332 4236 3500 4290 duca-

1932 4341 2052 4380 mur
2098 4325 2164 4378 ad
2198 4321 2435 4392 judices,
2486 4325 2814 4380 voluntatem
2867 4334 3072 4379 tantum
3117 4337 3355 4381 nostram
3398 4343 3496 4396 pro

1931 4413 2443 4469 ChristO‘dehemus
2487 4413 2701 4468 offerre.
2734 4413 3019 4469 Caeterum
3068 4415 3180 4483 ipse
3229 4407 3496 4478 Christus,

1932 4505 2023 4575 qui
2047 4505 2101 4558 in
2126 4505 2280 4558 nobis
2298 4500 2524 4567 habitat,
2553 4503 2800 4570 loquetur
2818 4518 2915 4572 pro
2937 4518 3011 4566 se,
3037 4512 3092 4558 et
3111 4503 3344 4572 Spiritus
3371 4518 3496 4558 san-

1918 4596 2050 4648 etus
2069 4594 2132 4646 in
2162 4592 2532 4661 respondendo
2561 4592 2789 4662 gratiam
2837 4578 3179 4645 ministrabit.

2003 4681 2392 4736 Tradet'autem
2429 4681 2591 4749 frater
2635 4681 2849 4749 fratrem
2898 4680 2952 4734 in
2989 4691 3227 4747 mortem,
3257 4692 3306 4736 et
3348 4693 3499 4752 pater

1929 4771 2135 4840 ﬁlium,
2156 4780 2204 4824 et
2226 4773 2486 4838 insurgent
2511 4769 2610 4837 ﬁlii
2634 4771 2688 4821 in
2713 4778 2970 4838 parentes,
2995 4778 3043 4822 et
3065 4779 3228 4823 morte
3267 4787 3352 4824 eos
3385 4773 3493 4840 afﬁ-

1930 4859 2084 4921 cient,
2113 4868 2159 4912 et
2204 4859 2349 4925 eritis
2374 4856 2496 4911 odio
2525 4841 2761 4932 omnibus
2815 4847 3022 4926 propter
3064 4873 3252 4910 nomen
3300 4855 3491 4912 meum.

1933 4948 2132 5022 (Greg.)
2157 4950 2269 5004 Hoc
2296 4950 2355 5016 in.
2381 4948 2846 5020 persecutionibns
2877 4947 2987 5000 ﬁeri
3014 4947 3205 5000 crebro
3225 4947 3490 5012 videmus,

1930 5057 2028 5096 nec
2049 5042 2186 5094 ullus
2210 5039 2292 5095 est
2316 5040 2456 5094 inter
2493 5054 2586 5092 eos
2617 5037 2753 5091 (idus
2779 5036 2999 5090 allectus
3024 5051 3252 5105 quorum
3278 5038 3488 5092 diversa

1927 5142 2008 5188 est
2052 5131 2522 5191 [idestminorem
2553 5136 2728 5182 tamen
2775 5126 3011 5180 dolorem
3057 5126 3192 5179 mala
3245 5126 3494 5196 ingerunt

1927 5240 2044 5294 qua:
2069 5224 2136 5277 ah
2175 5221 2447 5277 extraneis
2485 5217 2789 5273 inferuntur
2818 5233 2832 5269 :
2865 5217 2983 5285 plus
3008 5231 3134 5270 vero
3161 5217 3215 5269 in
3245 5217 3400 5271 nobis
3425 5231 3490 5272 ea

1929 5323 2192 5368 tormenta
2233 5311 2458 5365 saeviunt
2483 5322 2602 5376 qua:
2628 5308 2694 5361 ab
2744 5307 2844 5361 illis
2884 5307 3119 5375 patimur
3155 5307 3220 5360 de
3262 5321 3486 5374 quorum

1929 5403 2197 5457 mentibus
2221 5396 2696 5471 prmsumebamtts,
2724 5397 2847 5465 quia
2876 5410 2995 5449 cum
3025 5395 3219 5448 damno
3249 5397 3490 5464 corporis
3541 5445 3551 5451 ,
3586 5401 3590 5403 ’

1929 5493 2070 5546 mala
2119 5507 2218 5545 nos
2252 5488 2522 5550 cruciant;
2571 5486 2696 5540 hinc
2736 5494 2818 5539 est
2857 5484 3000 5537 enim
3049 5483 3190 5552 quod
3241 5483 3306 5537 de
3353 5480 3490 5538 Juda

1932 5583 2186 5636 traditore
2211 5595 2308 5634 suo
2335 5592 2431 5646 per
2453 5576 2789 5638 Psabnistam
2819 5573 3072 5628 Dominus
3094 5573 3222 5627 dicit
3248 5591 3261 5627 :
3285 5572 3352 5628 Et
3372 5584 3484 5642 qut-

1860 5711 1862 5714 ›
1917 5687 2050 5728 vocnt
2078 5673 2122 5725 si
2151 5670 2385 5725 inimicus
2409 5685 2548 5722 meus
2576 5666 2919 5742 maledixissct
2946 5665 3087 5730 mihi,
3110 5671 3487 5732 support'usent

3416 336 3521 389 sos
3603 312 3607 315 ⁷
