3938 6376
405 303 407 306 .
442 251 548 305 sam

1077 245 1137 300 Β.
1180 243 1435 302 BADA?“
1472 249 1687 305 MAURI
1726 243 2040 302 ARCHIEP.
2082 245 2388 305 MOGL’NT.
2431 247 2710 305 OPERL'M
2753 247 2928 303 PARS
2967 249 3005 305 1.
3583 255 3658 300 9""

441 371 618 440 utique
643 367 707 422 ab
742 383 800 420 eo
818 382 845 417 ':
881 349 1085 436 tutere
1113 366 1268 424 (anno
1296 369 1597 431 unianimis,
1629 367 1738 420 dux
1777 383 1940 432 meus,
1965 377 2010 420 et
2041 372 2085 425 A
2115 354 2207 438 qui
2234 371 2415 440 utique
2439 370 2588 438 quasi
2619 370 2759 428 Deus
2803 370 2972 438 potui,
3001 371 3093 425 sed
3120 370 3266 427 nolui
3316 383 3471 426 meas
3514 371 3659 424 ultnn

443 471 592 517 notus
621 469 786 529 meus,
827 459 916 532 qui
941 450 1327 517 simul-mecum
1351 458 1531 513 dulces
1577 458 1813 529 cupiebas
1853 458 2010 524 cibos,

442 552 496 606 in
524 553 678 607 domo
721 552 932 607 Domini
982 552 1358 606 ambulavimus
1392 565 1514 612 cum
1561 566 1812 603 consensu
1841 547 2011 620 (Psal.

444 644 576 716 LIV).
606 626 674 698 Et
700 659 911 698 rursum
935 659 950 698 :
975 641 1158 695 Homo
1175 639 1316 708 pacis
1335 655 1484 705 metu,
1511 641 1566 694 in
1589 655 1693 708 quo
1723 638 2010 708 sperabam,

445 736 534 804 qui
579 735 759 788 edebat
784 750 949 803 panes
968 747 1127 792 meos,
1173 727 1441 798 ampliavit
1471 728 1748 782 adversum
1786 746 1864 781 me
1885 746 2012 798 sup-

445 824 818 894 plantationem
842 819 1010 891 (Psal.
1037 820 1147 887 XL).
1173 817 1252 872 Ac
1281 819 1325 873 si
1360 820 1425 873 de
1449 818 1832 896 traditoresuo
1862 825 2015 888 aper-

452 916 522 968 tis
553 915 766 967 vocibus
794 913 932 968 dicat
959 929 972 962 :
1017 909 1519 981 Transgressionem
1561 909 1678 978 ejus
1713 917 1863 962 tanto
1891 924 2012 976 gra-

453 1006 568 1057 vius
589 1002 801 1070 pertuli,
827 1009 1029 1070 quanto
1054 1002 1195 1055 hanc
1227 1002 1294 1054 ab
1322 1016 1387 1054 eo
1416 1001 1504 1070 qui
1539 1017 1690 1056 meus
1719 1017 1834 1056 esse
1865 1001 2013 1053 vide-1

453 1095 609 1146 lantur
637 1094 800 1146 sensi.
844 1091 1042 1147 Omnes
1079 1107 1208 1162 ergo
1231 1093 1411 1156 electi,
1445 1095 1566 1161 Quia
1604 1093 1794 1147 summi
1828 1093 2014 1160 capitis

453 1182 689 1238 membra
739 1192 879 1247 sunt,
916 1191 1078 1251 caput
1119 1199 1332 1253 quoque
1378 1200 1532 1240 suum
1583 1186 1634 1239 in
1681 1185 2015 1254 passionibus

453 1281 770 1338 sequuntur,
809 1281 863 1323 ut
894 1272 1036 1340 ipsos
1075 1272 1416 1337 adversarios
1463 1275 1513 1326 in
1556 1288 1651 1326 sua
1695 1282 1872 1338 morte
1896 1289 2016 1331 sen-

456 1358 610 1422 tiant,
642 1359 705 1412 de
753 1373 978 1426 quorum
1012 1359 1118 1412 vita
1161 1351 1592 1429 prresumebant:
1645 1369 1699 1413 et
1747 1369 1894 1413 tanto
1938 1362 2015 1414 eis

455 1459 660 1503 crescat
702 1465 907 1504 merces
935 1451 1133 1520 operis,
1182 1461 1397 1520 quanto
1423 1451 1500 1503 eis
1549 1452 1760 1506 virtutis
1810 1452 2013 1506 lucrum

454 1542 663 1610 prolicit
708 1557 775 1596 ex
806 1541 996 1597 alienae
1026 1543 1220 1596 damno
1263 1541 1564 1598 charitatis.
1602 1542 1668 1594 lit
1716 1543 1878 1607 eritis,
1931 1543 2014 1594 in-

455 1633 590 1701 quit,
614 1633 731 1685 odio
753 1633 987 1686 erunibus
1011 1641 1218 1701 propter
1248 1647 1431 1684 nomen
1456 1648 1621 1683 meum
1646 1648 1664 1694 ;
1691 1633 1814 1700 quia
1843 1649 2014 1685 omines

2117 460 2194 513 ire
2242 460 2482 529 injurias,
2515 459 2621 532 imo
2660 459 2822 514 malui
2869 471 3020 515 meos
3058 460 3411 516 insectatores
3463 461 3663 516 reddet:

2114 549 2363 617 patiendo
2386 546 2643 614 mitiores,
2673 544 2916 606 eamdem
2943 567 3162 608 necesse
3186 562 3268 608 est
3294 569 3392 608 vos
3413 552 3656 625 discipuli

2115 637 2203 706 qui
2237 638 2353 706 puri
2397 638 2638 694 homines
2665 641 2814 705 estis,
2841 642 3076 720 regulam
3108 631 3458 713 perfectionis
3495 659 3658 714 sequ:

2115 745 2262 781 mnu.

2187 816 2244 871 Si
2298 821 2730 888 patremfamilias
2782 819 3060 878 Beelzebub
3107 836 3440 892 vocaverunt,
3492 837 3668 897 quanti

2116 907 2278 975 magis
2303 907 2605 962 domesticos
2649 913 2804 980 ejus?
2842 913 2980 968 Ecce
3036 914 3292 969 Dominus
3332 925 3389 970 ct
3432 918 3670 987 magiae:

2114 997 2386 1066 discipulis
2417 1007 2469 1052 et
2497 1001 2666 1054 servis
2695 1003 2805 1056 suis
2831 1003 3128 1058 calumnias
3169 1021 3295 1059 suas
3335 993 3593 1072 ostendit,
3624 1019 3671 1060 ιιι

2116 1104 2212 1143 suo
2228 1089 2472 1159 exemplo
2497 1090 2719 1160 injurias
2747 1094 3048 1161 iniquorum
3070 1098 3338 1164 patienter
3353 1095 3498 1151 ferte
3519 1098 3672 1153 disce

2117 1188 2259 1241 rent,
2282 1189 2335 1234 et
2374 1182 2514 1250 quod
2555 1185 2798 1251 superius
2843 1185 2937 1249 ait,
2985 1183 3175 1238 fieret:
3209 1185 3409 1254 Sufﬁcit
3434 1185 3673 1255 discipuli

2118 1279 2172 1322 ut
2219 1271 2286 1323 sit
2315 1265 2447 1324 sicut
2477 1273 2724 1342 magister
2765 1275 2897 1342 ejus,
2953 1286 2999 1329 et
3031 1292 3220 1329 :servus
3269 1275 3403 1328 sicut
3451 1278 3676 1330 domina.-

2114 1362 2247 1430 ejus.
2279 1360 2409 1424 Nam
2435 1377 2491 1416 se
2512 1365 2951 1432 patremfamilias
2977 1366 3225 1434 appellat,
3253 1367 3339 1419 cui
3361 1365 3679 1423 ccelestium.

2116 1460 2169 1507 et
2202 1455 2554 1518 terrestrium,
2601 1464 2653 1508 et
2703 1454 3029 1509 infernarum
3061 1456 3272 1526 familia:
3306 1455 3680 1525 genuﬂectunt,

2117 1559 2274 1612 quem
2288 1545 2520 1613 perﬁdia
2561 1545 2862 1599 Judamrum
2893 1548 2945 1600 in
2977 1547 3259 1601 Beelzebub
3290 1547 3534 1617 principe
3577 1547 3677 1601 dte-

2117 1635 2438 1698 moniorum,
2466 1633 2687 1701 eiecisse
2717 1637 2977 1690 daemonia
3009 1637 3398 1706 blasphemavit
3420 1660 3434 1691 :
3459 1652 3564 1691 non
3588 1640 3680 1692 mi-

453 1733 712 1791 qumrunt,
757 1739 873 1793 qua!
922 1739 1015 1775 sua
1043 1732 1184 1785 sunt,
1226 1738 1326 1774 non
1353 1738 1467 1790 qua:
1522 1721 1649 1775 Jesu
1689 1721 1922 1784 Christi;
1965 1728 2018 1776 ct
2049 1694 2090 1752 Β
2123 1743 2261 1790 rum,
2309 1727 2353 1780 si
2397 1726 2720 1781 domesticos
2763 1726 2906 1802 ejus.1
2953 1729 3145 1796 quibus
3177 1741 3399 1797 regnum
3429 1727 3681 1782 caelorum

456 1824 723 1884 amatores
749 1813 929 1868 mundi
969 1813 1095 1867 facti
1127 1823 1252 1878 sunt
1281 1814 1489 1869 inimici.
1513 1814 1625 1869 Dei.

529 1903 630 1967 Qui
659 1912 827 1956 autem
855 1903 1248 1971 perseveraverit
1278 1920 1437 1972 usque
1475 1903 1542 1955 ad
1583 1903 1757 1970 ﬁnem,
1795 1903 1874 1955 llic
1914 1903 2017 1955 sa!-

457 2014 547 2050 vus
576 1998 688 2050 erit.
754 1995 1029 2066 Praecepto
1064 1998 1207 2050 enim
1235 1995 1366 2066 legis
1413 1997 1580 2051 cauda
1629 1998 1816 2050 hostim
1847 1997 1897 2048 in
1929 2012 2015 2049 sa-

459 2087 659 2156 crificio
699 2087 917 2156 jubelur
951 2086 1151 2141 offerri.
1211 2088 1267 2142 ln
1319 2089 1487 2142 cauda
1533 2089 1729 2157 quippe
1775 2088 1894 2141 finis
1938 2097 2018 2140 est

456 2178 715 2245 Corporis,
746 2188 800 2230 et
830 2177 915 2230 ille
943 2177 1074 2230 bene
1111 2177 1370 2242 immolat,
1403 2179 1492 2248 qui
1534 2179 1857 2233 sacrificium
1892 2179 2035 2232 boni.

457 2267 635 2335 operis
686 2280 854 2337 usque
899 2268 964 2321 ad
1000 2268 1159 2321 linem
1224 2267 1418 2322 debita:
1470 2269 1713 2337 perducit
1771 2269 2014 2322 actionis.

457 2359 622 2413 Docet
657 2373 784 2428 ergo
811 2359 1065 2412 Dominus
1109 2359 1162 2411 in
1208 2359 1309 2412 hac.
1337 2361 1710 2428 perseverandi
1759 2359 2018 2413 sententia

455 2451 710 2504 virtutem
763 2449 1209 2518 longanimitatis,
1265 2457 1318 2503 et
1365 2450 1662 2517 patientiae;
1722 2449 1864 2516 quod
1915 2463 2017 2502 non
2049 2447 2070 2451 "

456 2539 702 2606 cmpisse,
733 2538 813 2592 vel
839 2538 1030 2602 facere,
1063 2539 1154 2592 sed
1183 2537 1440 2607 perlicere
1467 2539 1679 2592 virtutis
1700 2548 1798 2592 est.

529 2627 639 2682 lloc
667 2629 802 2693 idem
831 2628 1235 2698 et‘evaugelista
1271 2627 1440 2681 Lucas
1475 2628 1626 2696 (Luc.
1670 2628 1783 2698 χχι)
1818 2629 1870 2682 in
1903 2629 2019 2682 aliis

461 2721 567 2772 veri
591 2719 636 2772 is
664 2719 869 2775 DOmini
913 2720 1180 2786 exprimit,
1216 2719 1398 2772 dicens
1427 2733 1440 2770 :
1492 2718 1556 2771 In
1584 2720 1832 2780 patientia
1857 2729 2021 2772 vestra

455 2809 776 2879 possidebitis
828 2809 1028 2860 animas
1072 2819 1286 2860 vestras.
1333 2805 1531 2876 (Greg.)
1586 2808 1822 2875 Denique
1872 2809 2019 2861 radix

456 2909 741 2966 custosque
778 2898 1013 2950 omnium
1043 2897 1297 2949 virtutum
1332 2896 1590 2964 patientia
1635 2907 1735 2950 est.
1787 2896 1888 2950 Per
1925 2912 2017 2965 pa-

458 2988 694 3040 tientiam
723 3001 851 3040 vero
879 2977 1213 3053 possidemus
1252 2986 1457 3051 animas
1504 2993 1736 3048 nostras,
1768 2984 1892 3037 dum
1927 3001 2017 3038 no-

457 3078 540 3131 bis
572 3077 702 3146 ipsis
727 3075 986 3146 dominari
1032 3075 1306 3138 discimus,
1345 3076 1445 3128 boc
1492 3075 1662 3143 ipsum
1705 3075 2019 3142 incipiemus

455 3170 728 3238 possidere
758 3168 899 3236 quod
924 3174 1124 3220 sumus.

527 3256 654 3311 Cum
684 3269 854 3310 autem
883 3261 1249 3326 persequentur
1279 3272 1362 3308 vos
1402 3256 1454 3307 in
1486 3257 1688 3307 civitate
1716 3258 1835 3317 ista,
1861 3255 2021 3324 fugite

455 3349 509 3400 in
538 3347 714 3401 aliam.
746 3348 1010 3418 (Iliorum)
1042 3349 1153 3402 Hoc
1181 3351 1247 3427 ad
1272 3349 1398 3402 illud
1431 3358 1638 3417 tempus
1678 3347 2018 3402 referendum

455 3446 560 3502 est,
593 3454 712 3492 cum
761 3439 826 3493 ad
877 3439 1312 3507 prtedicationem
1365 3438 1603 3508 Apostoli
1651 3436 2015 3496 mittebantur.

457 3531 660 3597 Quibus
687 3539 738 3585 et
764 3531 976 3600 proprie
1017 3529 1219 3583 dictum
1261 3538 1343 3584 est
1373 3527 1496 3594 :,ln
1541 3530 1672 3582 viam
1703 3529 1930 3597 gentium
1959 3545 2020 3581 ne

457 3617 702 3676 abieritis,
741 3627 787 3668 et
815 3616 866 3668 in
891 3617 1146 3669 civitatem
1173 3616 1625 3670 Samaritanorum
1655 3632 1716 3668 ne
1743 3616 2017 3668 intraveri—

457 3709 521 3760 tis
562 3706 774 3778 (Matth.
818 3708 893 3776 χ).
925 3706 1074 3772 Quod
1109 3707 1531 3774 persecutionem
1578 3707 1766 3759 timere
1796 3720 1899 3758 non
1929 3705 2019 3757 de-

457 3797 638 3856 beant,
666 3803 720 3848 et
742 3795 969 3847 debeant
995 3795 1280 3848 declinare.
1306 3783 1458 3859 Quod
1480 3794 1688 3862 quidem
1716 3793 1942 3846 vidimus
1965 3793 2016 3845 in

455 3887 717 3956 principio
745 3884 934 3940 fecisse
963 3887 1265 3951 credentes,
1303 3887 1514 3954 quando
1555 3897 1670 3938 orta
1707 3883 2015 3952 Hierosoly-

457 3977 558 4028 mis
583 3975 950 4042 persecutione
982 3976 1205 4042 dispersi
1239 3975 1437 4027 suntin
1463 3973 1801 4038 totatlndara,
1831 3983 1890 4027 ut
1922 3974 2016 4027 tri-

457 4066 741 4119 bulationis
769 4064 983 4118 occasio
1011 4063 1162 4116 fieret
1192 4062 1460 4132 Evangelii
1505 4063 1871 4116 seminarium.

525 4153 812 4205 Amendico
826 4152 984 4215 vobis,
1009 4168 1109 4204 non
1133 4151 1553 4204 consummabilis
1577 4140 1802 4204 civitates
1827 4149 2012 4213 Israel,

456 4243 617 4294 donec
644 4242 808 4293 veniat
840 4239 1008 4293 Filius
1059 4242 1301 4293 hominis.
1343 4239 1564 4308 (Maca)
1598 4240 1847 4293 Praédicit
1873 4242 2014 4294 enim

455 4333 596 4401 quod
625 4348 728 4384 non
761 4340 883 4384 ante
912 4332 1376 4399 prredicationibus
1425 4333 1534 4385 suis
1576 4331 1640 4384 ad
1691 4331 1845 4384 fidem
1896 4347 2014 4399 pcr-

455 4423 712 4476 ducerent
757 4437 940 4474 omnes
972 4423 1214 4476 civitates
1259 4423 1440 4487 Israel,
1487 4439 1642 4491 quam
1692 4425 2016 4478 resurrectio

457 4512 666 4564 Domini
712 4510 869 4564 fuerit
900 4522 1217 4580 perpetrata,
1260 4513 1394 4566 etin
1439 4522 1549 4566 toto
1587 4514 1716 4566 orlse
1751 4523 2013 4565 terrarum

457 4602 778 4669 praedicandi
812 4601 1153 4670 Evangelium
1181 4610 1417 4670 potestas
1443 4616 1725 4655 concessa;
1748 4600 2014 4671 (Hieron.)

461 4688 782 4758 Spiritaliter
817 4699 994 4742 autem
1039 4703 1322 4752 possumus
1347 4690 1562 4744 dicere:
1598 4689 1727 4742 Cum
1767 4690 2015 4758 persecuti

458 4795 546 4831 vos
577 4778 766 4847 fuerint
799 4781 852 4845 in
879 4796 982 4831 una
1012 4778 1234 4841 civitate,
1264 4777 1315 4830 id
1340 4787 1443 4841 est,
1472 4778 1523 4831 in
1571 4794 1678 4852 uno
1707 4777 2013 4847 Scriptura-

458 4883 576 4920 rum
607 4867 762 4931 libro,
784 4867 868 4922 vel
911 4868 1215 4922 testimonio
1247 4881 1344 4921 nos
1383 4866 1645 4935 fugiamus
1675 4869 1741 4920 ad
1776 4867 1908 4921 alias
1936 4869 2014 4921 ci-

456 4955 672 5017 vitates,
702 4956 753 5008 id
775 4966 875 5020 est,
906 4958 970 5010 ad
991 4958 1096 5011 alia
1122 4957 1408 5020 volumina,
1445 4965 1499 5010 et
1519 4958 1763 5025 quamvis
1795 4967 2015 5011 conten-

430 5044 626 5098 -tiosus
655 5042 814 5098 fuerit
860 5056 1186 5113 persecutor,
1228 5056 1350 5101 ante
1387 5047 1689 5117 praesidium
1721 5046 2015 5101 Salvatoris

459 5135 724 5198 adveniet,
753 5149 912 5203 quam
948 5137 1265 5190 adversariis
1296 5136 1514 5198 victoria
1541 5137 1885 5189 concedatur.

534 5224 652 5277 Non
683 5235 754 5277 est
785 5225 1068 5293 discipulus
1099 5243 1249 5294 super
1272 5229 1594 5295 magistrum,
1619 5243 1706 5278 nec
1732 5242 1904 5278 servus
1931 5243 2016 5277 su—

458 5331 548 5381 per
577 5314 842 5366 dominum
866 5331 1036 5367 suum.
1072 5313 1262 5382 Sufﬁcit
1290 5316 1538 5384 discipulo
1567 5325 1618 5367 ut
1650 5315 1712 5367 sit
1745 5316 1875 5366 sicut
1904 5330 2012 5366 ma-

459 5405 616 5473 gister
639 5405 771 5472 ejus,
806 5413 850 5456 et
877 5422 1049 5458 servus
1091 5406 1222 5456 sicut
1255 5405 1491 5456 dominus
1520 5405 1650 5472 ejus.
1698 5406 1774 5458 Ac
1807 5404 1850 5456 si
1880 5403 2016 5457 dice-

464 5505 580 5548 ret:
617 5495 766 5561 Quod
800 5512 897 5566 ego
919 5497 1171 5567 magister
1197 5505 1249 5549 et
1280 5496 1532 5548 Dominus
1576 5499 1771 5564 patior,
1805 5511 1895 5548 vos
1936 5496 2017 5545 di-

466 5585 652 5650 scipuli
696 5595 749 5640 et
795 5587 932 5640 servi
967 5603 1032 5642 ne
1080 5586 1422 5652 indignemini
1474 5586 1597 5652 pati.
1645 5587 1698 5636 lii
1745 5586 2016 5653 magister.

2044 4387 2092 4444 D

2120 1816 2240 1885 ipse.
2276 1817 2544 1884 promisit,
2577 1818 2762 1870 eodem
2811 1817 3066 1871 instinctu
3111 1817 3326 1872 malitia:
3357 1817 3684 1872 calumnien-

2120 1915 2224 1959 tur.
2246 1905 2512 1977 (llieron.)
2538 1906 2837 1960 Notandum
2867 1916 3045 1962 autem
3080 1907 3221 1976 quod
3249 1908 3550 1962 Beelzebub
3576 1906 3680 1960 ido-

2119 1999 2224 2050 lzun
2253 2007 2334 2051 est
2363 2001 2622 2062 Accarou,
2659 1998 2800 2067 quod
2829 2010 3052 2053 vocatur
3088 1999 3138 2051 in
3186 1998 3393 2068 Regum
3425 1996 3680 2074 volumine

2120 2092 2315 2145 idolum
2347 2107 2564 2156 muscce,
2596 2090 2685 2143 Bel
2718 2091 2829 2159 ipse
2859 2100 2942 2144 est
2972 2090 3094 2143 Beel
3127 2092 3238 2143 sive
3281 2088 3470 2152 Bahal,
3515 2087 3682 2140 Zebnb

2118 2190 2294 2236 autem
2347 2199 2523 2235 musca
2568 2182 2780 2235 dicitur.
2834 2180 3138 2250 Principem
3187 2180 3577 2234 dremoniorum
3617 2193 3680 2232 ex

2081 2335 2083 2337 ι
2118 2271 2446 2341 spurcissimi
2505 2272 2626 2325 idoli
2679 2271 3020 2340 appellabant
3066 2269 3342 2326 vocabulo.
3379 2270 3470 2336 qui
3509 2283 3684 2324 nutsca

2119 2362 2584 2431 dicitur,_propter
2610 2361 3000 2415 immunditiam
3049 2377 3166 2429 qua:
3212 2359 3540 2429 exterminat
3586 2359 3684 2412 olei

2120 2451 2458 2504 suavitatem.
3654 2502 3657 2505 .

2192 2533 2416 2608 Ne‘ergo
2443 2539 2715 2592 timueritis
2739 2557 2842 2593 eos.
2874 2539 2931 2593 In
2967 2540 3312 2608 sequentibus
3344 2539 3681 2592 demonstra-

2119 2628 2264 2682 bitu-r
2289 2642 2385 2680 cur
2432 2627 2739 2695 discipulos
2767 2627 3098 2695 prohibuerit
3146 2638 3522 2696 persecutores
3565 2641 3689 2681 suos

2120 2720 2332 2781 timere,
2362 2717 2485 2784 quia
2520 2733 2652 2770 vana
2682 2727 2736 2771 et
2766 2716 2967 2786 fragilis
2995 2733 3080 2772 res
3108 2720 3214 2772 cito
3243 2717 3467 2771 decidua
3494 2726 3595 2770 est.

2193 2809 2341 2862 Nihil
2372 2811 2509 2866 enim
2547 2818 2777 2878 apertum
2819 2809 2956 2878 quod
3001 2826 3101 2861 non
3141 2803 3474 2869 revelabitur,
3513 2817 3557 2860 et
3595 2821 3687 2880 1x-

2121 2901 2316 2954 cultum
2348 2898 2485 2970 quod
2518 2916 2617 2951 non
2649 2898 2858 2951 scietur.
2913 2897 3196 2970 (Hier-on.)
3226 2897 3292 2950 Et
3337 2897 3607 2964 quomofo
3635 2896 3685 2948 in

2121 2988 2372 3060 praesenti
2413 2988 2606 3042 saeculo
2639 2986 2925 3040 multorum
2951 2979 3083 3039 vitia
3129 2986 3461 3047 nesciuntur,
3506 2982 3599 3036 sed
3625 2981 3690 3036 de

2125 3081 2303 3136 futuro
2333 3091 2574 3149 tempore
2596 3081 2851 3149 scriptum
2879 3089 2980 3144 est,
3020 3080 3230 3149 quando
3267 3079 3528 3148 judicabit
3553 3078 3688 3132 Deus

2123 3162 2431 3226 abscondita
2459 3172 2754 3232 hominum,
2779 3179 2830 3223 et
2858 3170 3175 3224 illuminablt
3198 3170 3407 3224 occulta
3445 3167 3687 3222 tenebrat-

2124 3277 2259 3324 rum,
2292 3267 2346 3313 et
2389 3258 2670 3312 manifesta
2703 3257 2862 3311 faciet
2907 3241 3127 3312 consilia
3182 3259 3446 3311 coriiium.
3504 3256 3566 3310 Et
3609 3266 3689 3311 est

2122 3365 2348 3405 sensus:
2399 3349 2569 3425 Nolite
2611 3349 2798 3402 timere
2849 3349 3104 3402 szevitiam
3157 3356 3586 3416 persecuturum,
3640 3356 3692 3400 et

2121 3439 2601 3510 blasphemautium
2632 3437 2854 3502 rabiem,
2895 3439 3019 3506 quia
3049 3438 3226 3492 veniet
3259 3438 3372 3490 dies
3398 3435 3454 3503 ju
3484 3435 3603 3499 :icii,
3635 3437 3687 3488 in

2120 3544 2225 3598 quo
2247 3537 2301 3583 et
2326 3539 2502 3581 vestra
2549 3527 2718 3590 Virtus
2747 3534 2801 3579 et
2837 3541 3018 3580 eorum
3052 3526 3288 3604 nequitia
3338 3525 3679 3580 demonstra-

2119 3621 2281 3672 bitur.
3142 3661 3147 3667 ,

2192 3707 2342 3772 Quod
2381 3709 2498 3760 dico
2534 3707 2669 3760 vobis
2716 3707 2768 3758 in
2809 3704 3051 3768 tenebris,
3079 3704 3232 3756 dicite
3271 3705 3327 3756 in
3366 3702 3596 3765 lumine;
3643 3713 3691 3754 et

2118 3797 2252 3869 quod
2279 3798 2333 3848 in
2360 3813 2484 3848 aure
2507 3796 2720 3858 auditis,
2743 3794 3018 3862 prwdioate
3043 3809 3194 3861 super
3221 3800 3373 3845 tecta.
3412 3791 3564 3856 Quod
3591 3805 3688 3849 au-

2119 3889 2271 3942 distis
2297 3888 2347 3939 in
2378 3887 2656 3956 mysterio,
2685 3885 2919 3952 apertius
2949 3884 3264 3952 prmdicate;
3311 3883 3452 3948 quod
3480 3880 3689 3935 disci;is

2119 3978 2396 4040 absconse,
2440 3975 2651 4044 publice
2709 3974 3003 4042 loquimini.
3057 3971 3206 4038 Quod
3257 3986 3350 4026 vos
3380 3971 3586 4025 erudivi
3633 3970 3687 4023 in

2118 4081 2283 4136 parvo
2333 4064 2527 4118 Judazze
2570 4064 2706 4127 loco,
2759 4064 2810 4116 in
2859 4063 3125 4116 universis
3180 4060 3420 4124 urbibus,
3470 4061 3526 4115 in
3575 4066 3689 4114 toto

2120 4152 2318 4206 mundo
2351 4154 2603 4206 audacter
2627 4150 2806 4204 dicite.
2825 4149 3034 4221 (Beda.)
3068 4149 3206 4203 Sane
3227 4149 3365 4218 quod
3393 4149 3471 4202 ait
3496 4166 3508 4200 :
3535 4147 3688 4201 Pras-

2117 4244 2283 4296 dicate
2308 4259 2460 4312 super
2489 4252 2639 4304 tecta,
2657 4241 2809 4311 juxta
2839 4245 3038 4293 morem
3069 4239 3355 4309 provinciae
3378 4237 3689 4301 Paimstina

2119 4333 2370 4402 loquitur,
2404 4332 2494 4384 ubi
2523 4331 2692 4385 solent
2723 4331 2774 4383 in
2804 4315 2958 4384 tectis
3007 4329 3258 4383 residere.
3293 4326 3407 4382 Non
3438 4329 3580 4382 enim
3603 4337 3689 4380 te-

2119 4433 2202 4475 cta
2234 4430 2418 4475 nostro
2467 4435 2612 4473 more
2659 4405 2981 4473 culminibus
3030 4418 3334 4481 sublimata,
3382 4416 3475 4472 sed
3529 4417 3689 4485 plano

2118 4514 2386 4566 schemate
2414 4511 2613 4564 faciunt
2636 4510 2893 4578 :equalia;
2928 4509 3067 4562 unde
3115 4507 3196 4561 lex
3236 4508 3480 4578 prmcipit
3505 4517 3562 4562 ut
3595 4511 3689 4575 qui

2116 4617 2308 4655 novam
2346 4602 2559 4654 domum
2607 4599 2915 4665 mdilicaret,
2963 4613 3174 4652 murum
3221 4600 3346 4652 tecti
3379 4607 3602 4666 poneret
3629 4599 3688 4652 in

2119 4705 2269 4761 gyro,
2302 4707 2368 4744 ne
2417 4676 2729 4744 funderetur
2772 4689 2844 4744 ibi
2890 4689 3108 4757 sanguis
3159 4680 3421 4746 innoxius.
3478 4687 3689 4742 labente

2120 4782 2296 4848 aliquo
2316 4789 2368 4832 et
2398 4779 2450 4831 in
2491 4793 2728 4847 praeceps
2759 4786 2965 4832 ruente.
3002 4777 3066 4830 Et
3116 4778 3167 4830 in
3215 4775 3393 4845 templi
3441 4784 3691 4829 constru-

2122 4871 2296 4924 ctione
2345 4870 2608 4939 legimus:
2663 4867 2807 4921 Texit
2855 4884 3055 4938 quoque
3102 4867 3310 4919 domum
3359 4865 3689 4934 laquearibus

2121 4961 2366 5023 cedrinis,
2411 4971 2456 5013 et
2506 4959 2783 5026 rcdiﬁcavit
2829 4958 3116 5010 tabulatum
3160 4972 3317 5025 super
3349 4971 3549 5008 omnem
3592 4955 3690 5007 do-

2120 5067 2260 5102 mum
2285 5051 2506 5119 quinque
2533 5047 2715 5099 cubitis
2763 5045 3052 5099 altitudinis
3105 5043 3190 5114 (II
3244 5043 3372 5112 Reg.
3418 5043 3514 5114 vr).
3547 5042 3690 5111 Ergo

2121 5139 2495 5209 praedicabitur
2542 5138 2592 5189 in
2628 5135 2800 5200 tectis,
2827 5136 2967 5202 quod
2989 5134 3195 5187 cunctis
3229 5133 3571 5186 audientibus
3595 5146 3690 5202 pa-

2121 5229 2224 5282 lam
2271 5228 2494 5281 dicetur.

2194 5321 2256 5372 lz't
2285 5318 2436 5371 nolite
2479 5318 2657 5369 timere
2695 5331 2781 5368 eos
2807 5317 2892 5385 qui
2925 5314 3164 5367 occidunt
3205 5327 3414 5380 corpus,
3457 5312 3685 5363 animum

2121 5419 2289 5459 (.‘tte'e‘nt
2329 5424 2427 5458 non
2458 5414 2665 5473 possunt
2713 5403 2960 5455 occidere.
3017 5402 3073 5456 Si
3125 5402 3264 5455 enim
3317 5409 3687 5468 persecutores

2123 5507 2427 5548 Sunt-lutum
2477 5495 2669 5548 occisis
2712 5495 3022 5561 corporibus
3074 5507 3178 5544 non
3217 5491 3416 5544 habent
3461 5488 3685 5557 amplius

2123 5589 2246 5654 qui!
2273 5596 2460 5637 contra
2493 5585 2607 5636 illos
2649 5593 2826 5652 agant,
2857 5596 2984 5652 ergo
3017 5597 3345 5651 supervacua
3377 5581 3574 5633 [miunt
3606 5580 3685 5631 tn-
