3938 6380
246 259 370 314 ειηι

1231 249 1578 308 COMMEN'I.
1619 251 1683 303 l.\
1721 250 2150 307 ΜᾹΤΤΙΗΞΕΜ.
2191 283 2260 292 ——-
2295 253 2417 306 Lm.
2460 254 2540 310 lll.

3377 259 3482 320 903

245 371 440 431 sanie.
463 369 553 438 qui
583 376 791 422 mortua
838 374 1128 436 martyrum
1174 368 1413 424 membra
1443 368 1570 422 feris
1611 367 1826 420 avibus-
1855 370 1900 428 Α
1928 369 2220 440 evangelici
2267 371 2528 427 sermonis
2555 374 2763 442 corpori
2808 382 3108 444 coaptctur,
3152 391 3257 431 non
3307 392 3512 448 [mn're’

233 471 372 526 _que
395 457 742 524 discerpenda
792 455 1094 528 projiciunt,
1139 456 1221 511 vel
1255 458 1304 510 in
1341 471 1500 510 auras
1526 456 1822 517 extenuari,

253 548 351 601 vel
397 547 450 601 in
494 547 664 604 undas
695 546 853 610 solvi,
879 545 974 613 vel!
994 561 1091 616 per
1115 545 1361 601 dammas
1393 548 1443 600 in
1473 548 1707 600 cinerem
1751 545 1827 597 fa-

250 641 416 693 ciunt
464 637 670 706 redigi:
715 651 856 690 cum
883 652 1215 707 nequaquam
1265 637 1663 706 omnipotentiae
1709 635 1824 701 Dei,

253 729 392 796 quin
419 742 483 781 ea
506 717 871 782 resuscitando
905 728 1150 791 vivificet,
1180 726 1443 782 obsistere
1461 728 1701 796 'possint.
1792 713 1797 721 ’

337 820 443 874 Sed
465 820 635 889 potius
664 836 776 872 eum
809 811 977 873 timete
1008 820 1098 889 qui
1123 830 1284 888 potest
1314 831 1368 874 et“
1391 819 1616 874 animam
1641 831 1689 874 et
1714 839 1826 875 cor-

255 923 362 977 pus
388 908 599 982 perdere
627 909 681 962 in
707 908 1005 978 gehennam.
1050 909 1248 962 Nomen
1293 910 1548 978 gehennae
1597 910 1650 963 in
1680 918 1823 964 vete-

257 988 420 1061 ribus
451 997 604 1054 libris
643 1013 746 1053 non
789 999 1073 1062 invenitur,
1106 1001 1196 1055 sed
1221 1001 1450 1069 primum
1492 1015 1520 1054 a
1551 999 1826 1055 Salvatore

259 1080 511 1158 ponitur.
540 1089 862 1156 Quzeramus.
906 1103 1032 1158 ergo
1077 1103 1194 1157 quce
1240 1090 1307 1152 sit
1357 1091 1618 1144 sermonis
1649 1090 1826 1160 hujus

260 1179 498 1232 occasio.
523 1177 720 1232 ldolum
752 1175 872 1228 Baal
898 1174 1057 1244 luisse
1085 1178 1236 1247 juxta
1266 1178 1617 1243 Hierusalem,
1646 1180 1711 1232 ad
1741 1196 1825 1232 ra-

260 1265 415 1319 dices
447 1267 640 1322 montis
666 1264 847 1326 Moria,
884 1264 936 1316 in
966 1265 1158 1332 quibus
1192 1265 1494 1329 Siloafluit,
1530 1282 1633 1321 non
1662 1268 1823 1322 semel

260 1353 514 1422 legimus.
545 1354 667 1409 ll:ec
693 1355 843 1406 vallis
873 1364 924 1405 et
959 1370 1119 1422 parva
1143 1358 1313 1424 campi
1343 1358 1590 1426 planities
1623 1360 1821 1428 irrigua

260 1453 388 1496 erat
424 1453 476 1497 et
501 1458 800 1506 nemorosa,
846 1453 898 1496 et
942 1444 1094 1511 plena
1149 1445 1373 1509 deliciis,
1407 1456 1458 1500 et
1489 1448 1636 1502 lucus
1659 1450 1727 1502 τίη
1761 1465 1820 1502 ea

260 1531 410 1586 idolo
457 1537 815 1585 consecratus.
849 1530 914 1583 ln-
935 1541 1134 1594 tantam
1179 1533 1353 1586 autem
1395 1535 1616 1604 populus
1663 1536 1820 1591 Israel

261 1620 591 1687 dementiam
620 1607 854 1684 venerat,
907 1630 966 1673 ut
1007 1623 1216 1676 deserta
1266 1624 1444 1692 templi
1478 1626 1699 1688 ,vicinia,
1744 1627 1817 1680 ibi

1926 457 2248 514 difﬁcultatis
2294 470 2394 516 est.
2441 460 2654 528 Quaeret
2709 460 2936 518 fortasse
2989 463 3186 533 almis
3217 470 3484 535 quomodo

1927 550 2068 604 dicat
2108 551 2390 620 Apostolus
2428 572 2440 607 :
2486 551 2742 624 Nunquid
2787 554 2850 608 de
2878 553 3042 608 bobus
3086 571 3210 610 cura
3245 565 3321 611 est
3349 603 3353 611 τ
3377 556 3481 609 Deo

1927 638 1980 712 (Ι
2009 637 2131 695 Cor.
2156 643 2254 710 Ix),
2279 657 2398 696 cum
2428 643 2611 711 utique
2645 644 2742 697 bos
2784 658 3001 714 passere
3046 644 3328 712 pretiosior
3372 646 3477 699 exi-

1923 737 2047 785 stat.
2101 729 2207 786 Sed
2248 731 2389 786 aliud
2428 747 2585 797 cura,
2625 733 2768 787 aliud
2813 749 2938 788 vero
2978 741 3060 788 est
3102 736 3340 790 scicntia.
3375 738 3468 790 Dc-

1924 821 2085 889 nique
2131 837 2384 876 numerus
2432 822 2780 890 capillorum,
2822 824 2886 878 de
2936 839 3041 896 quo
3089 836 3482 894 consequenter

1925 911 2000 963 ait
2027 927 2040 963 :
2437 915 2441 919 ’

1920 1020 1923 1021 ν
2003 995 2168 1050 Vestri
2214 1006 2388 1052 autem
2440 1003 2513 1061 et
2542 997 2717 1067 capilli
2770 1001 2953 1068 capitis
3001 1015 3176 1054 omnes
3226 990 3482 1055 numerati

1923 1098 2061 1141 sunt.
2093 1089 2300 1160 (Βρίίίι.)
2336 1089 2446 1168 Non
2474 1090 2526 1144 in
2559 1101 2681 1157 actu
2720 1093 3150 1160 computationis,
3181 1093 3275 1152 sed
3300 1092 3368 1146 'in
3403 1091 3482 1145 fa-

1924 1181 2484 1248 cultate'cognitionis
2529 1177 2788 1250 accipitur
2821 1199 2835 1235 :
2874 1197 2980 1234 non
3011 1183 3153 1236 enim
3195 1182 3474 1236 sollicitam

1926 1268 2063 1322 Deus
2106 1285 2247 1322 curae
2291 1273 2619 1323 numerantis
2652 1269 2877 1324 intendit
2898 1270 3215 1338 rexeubiam,
3260 1271 3350 1323 sed
3394 1270 3477 1323 cui

1924 1359 2130 1426 cognita
2178 1368 2299 1411 sunt
2344 1360 2550 1422 omnia,
2588 1359 2742 1427 quasi
2793 1369 3066 1430 numerata
3109 1367 3235 1413 sunt
3278 1360 3473 1411 omnia.

1927 1447 2188 1518 (Hieron)
2229 1449 2367 1512 Bene
2396 1457 2569 1502 tamen
2616 1455 2892 1500 numerata
2921 1447 3188 1509 dicuntur,
3215 1448 3334 1514 quia
3361 1461 3490 1514 quze

1924 1537 2170 1590 volumus
2213 1552 2448 1600 servare,
2494 1551 2875 1600 numeramus;
2912 1535 3000 1588 ulti
3030 1536 3338 1590 immensam
3385 1535 3476 1586 Dei

1923 1639 2046 1694 erga
2079 1614 2318 1678 homines
2364 1624 2598 1677 ostendit
2625 1624 3014 1692 providentiam
3063 1631 3118 1675 et
3167 1620 3478 1676 ineffabilem

263 1711 472 1764 hostias
497 1709 894 1771 immolaret,~et
927 1710 1152 1778 rigorem
1184 1711 1685 1780 religionis—deliciae
1707 1716 1819 1767 vin-
1850 1698 1896 1756 Β
1923 1707 2496 1779 significat-allectum.
2529 1707 2696 1775 Quod
2727 1707 2856 1760 nihil
2899 1716 3140 1761 nostrum
3195 1706 3354 1758 Deum
3403 1705 3480 1757 la—

260 1806 471 1860 cerent,
505 1796 741 1867 ﬁliosque
778 1812 900 1850 suos
944 1798 1287 1868 incenderent
1325 1800 1548 1853 diemoni
1595 1803 1673 1854 vel
1716 1803 1814 1855 iui-

261 1889 485 1949 tiarent,
516 1895 568 1941 et
605 1886 965 1956 appellabatur
995 1888 1142 1944 locus
1175 1889 1276 1957 ille-
1303 1888 1615 1957 Gebennon,
1649 1892 1698 1947 id
1739 1905 1819 1948 est

263 1977 417 2030 vallis
446 1977 672 2038 ﬁliorum
701 1977 902 2043 Enqnou.
936 1977 1045 2031 Hoc
1068 1978 1268 2048 Regum
1293 1969 1538 2043 volumen
1569 1992 1624 2034 et
1655 1982 1815 2035 Para-

262 2065 586 2133 lipomenon,
611 2075 664 2118 et
688 2056 943 2119 JerEmias
969 2052 1207 2121 scribunt
1231 2069 1548 2138 plenissime.
1580 2072 1644 2124 Et
1668 2088 1782 2126 com
1799 2103 1814 2111 -

263 2157 501 2211 minatur
538 2156 672 2227 Deus
702 2171 758 2209 se.
783 2154 953 2224 lacum
1000 2157 1144 2212 illum
1175 2159 1510 2227 impleturum
1541 2164 1814 2216 cadaveri-

263 2245 367 2304 bus
414 2255 763 2308 mortuorum,
813 2257 868 2299 ut
914 2263 1248 2318 nequaquam
1278 2260 1494 2304 voretur
1525 2253 1722 2321 'lopliet
1766 2266 1820 2307 et

261 2334 415 2399 Baal,
448 2337 539 2389 sed
566 2347 784 2408 vocetur
811 2335 1181 2405 Polyandrum,
1215 2339 1264 2391 id
1288 2350 1387 2403 est,
1417 2342 1648 2406 tumulus
1681 2359 1822 2397 mor-

271 2434 502 2477 tuorum.
534 2422 728 2475 Futura
769 2414 894 2492 ergo
934 2425 1218 2492 supplicia,
1254 2436 1307 2501 et
1345 2441 1514 2494 ptenze
1553 2442 1819 2497 perpetute

264 2515 462 2583 quibus
507 2504 814 2583 peccatores
856 2515 1122 2568 crueiandi
1170 2525 1316 2583 sunt,
1344 2517 1498 2583 hujus
1533 2519 1632 2572 loci
1665 2535 1819 2574 voca-

266 2582 395 2654 bulo
435 2582 771 2654 denotamur.
813 2593 1080 2671 Dupjlicem
1132 2582 1307 2656 autem
1340 2582 1456 2658 esse
1504 2607 1817 2673 gehennam,

270 2689 410 2760 ignis
435 2689 738 2759 etfrigoris,
773 2692 822 2744 in
851 2689 948 2743 Job
973 2691 1278 2759 plenissime
1301 2693 1522 2765 legimus
1716 2679 1724 2684 ’

346 2783 531 2836 Nonne
557 2784 660 2836 duo
687 2800 911 2851 passeres
958 2795 1070 2836 asse
1098 2788 1330 2850 veneunt,
1375 2798 1420 2840 et
1450 2807 1581 2843 unus
1621 2808 1683 2843 ea:
1720 2793 1821 2845 illis
1858 2834 1863 2840 .

268 2888 378 2925 non
403 2873 558 2925 cadet.
578 2888 729 2940 super
767 2865 952 2924 terram
977 2868 1086 2925 sine
1115 2873 1270 2927 Patre
1297 2886 1479 2929 vestro.
1507 2878 1688 2946 ‘ll.eret
1721 2883 1816 2935 sibi

272 2968 450 3032 sermo
483 2958 804 3021 Dominicus,
848 2967 901 3011 et
941 2960 1320 3027 consequentia
1365 2966 1595 3030 pendent
1633 2982 1696 3018 ex
1735 2983 1823 3020 su-

271 3039 585 3118 perioribus.
614 3047 859 3124 Prudens
889 3040 1071 3111 lce’tOr,
1093 3061 1228 3102 cave
1255 3065 1464 3121 semper
1490 3057 1819 3125 superstitio-
1855 3035 1894 3094 (ἶ

274 3127 389 3192 sum
435 3122 868 3208 intelligentiam,
909 3147 964 3214 ut
1007 3154 1106 3192 non
1149 3148 1239 3193 tuo
1281 3143 1458 3195 sensui
1505 3122 1826 3214 attemperes

273 3226 602 3296 Scripturas,
626 3229 715 3289 sed
765 3227 1052 3296 Scripturis
1076 3229 1268 3298 jungas
1297 3221 1511 3285 sensum
1553 3242 1699 3288 tuum
1723 3277 1735 3299 ,
1763 3243 1828 3289 et

273 3319 536 3390 intelligas
562 3320 684 3388 quid
728 3329 997 3387 sequatur.
1033 3319 1201 3388 Supra
1242 3321 1456 3375 dixerat
1493 3341 1505 3375 ε
1541 3323 1716 3388 Nolite
1752 3330 1821 3380 ti-

271 3425 410 3464 mere
451 3427 535 3463 eos
573 3411 658 3479 qui
706 3410 939 3462 occidunt
988 3412 1202 3477 corpus,
1243 3411 1468 3463 animam
1511 3423 1825 3470 autemnon

273 3511 487 3573 possunt
550 3485 806 3554 occidere.
880 3501 1031 3555 Nunc
1093 3501 1328 3573 loquitur
1389 3513 1822 3572 consequenter:

278 3593 465 3651 Nonne
489 3594 591 3647 duo
617 3589 846 3663 passeres
877 3584 989 3647 asse
1013 3604 1244 3654 veneunt,
1273 3604 1318 3647 et
1346 3611 1478 3648 unus
1506 3612 1568 3648 et
1598 3596 1699 3650 illis
1725 3614 1827 3652 non

269 3690 420 3744 cadet
444 3707 596 3760 super
621 3692 810 3743 terram
839 3693 953 3750 sine
991 3684 1147 3745 I‘atre
1176 3705 1355 3747 vestro.
1393 3697 1457 3750 Et
1488 3703 1569 3748 est
1596 3701 1785 3746 sensits
1810 3705 1822 3739 :

274 3781 332 3835 Si
363 3780 812 3850 parva-animalia
835 3793 891 3835 et
923 3783 1040 3836 vilia
1072 3783 1271 3853 absque
1308 3786 1414 3838 Deo
1458 3794 1681 3839 auctore
1723 3794 1824 3832 non

272 3871 549 3935 decidunt,
586 3881 640 3926 et
683 3873 736 3925 in
765 3865 1008 3927 omnibus
1035 3882 1117 3927 est
1155 3875 1507 3942 providentia,
1538 3884 1594 3929 et
1626 3890 1741 3943 qua:
1772 3891 1824 3929 tn

271 3957 361 4018 eis
382 3972 507 4017 sunt
546 3960 804 4032 peritura,
833 3964 948 4017 sine
992 3965 1084 4022 Dei
1129 3965 1396 4041 voluntate
1433 3981 1538 4020 non
1569 3975 1822 4035 pereunt;

272 4054 481 4122 vos'qui
505 4053 688 4129 aeterni
716 4053 864 4118 estis,
891 4063 1003 4106 non‘
1024 4053 1230 4126 debetis
1255 4054 1442 4121 timere
1465 4055 1604 4121 quod
1627 4054 1826 4122 absque

273 4139 374 4195 Dei
408 4142 598 4197 vivatis
640 4143 990 4212 providentia.
1030 4142 1132 4196 Iste
1161 4153 1349 4211 sensus
1385 4154 1439 4197 et
1469 4159 1627 4214 supra
1653 4145 1828 4218 dictus

277 4239 381 4286 est.
1124 4263 1126 4265 ›
1415 4275 1417 4278 ⁴

344 4319 646 4374 Notandum
702 4329 880 4374 autem
928 4320 1074 4389 quod
1120 4335 1240 4375 cum
1299 4320 1576 4375 Matthieus
1622 4331 1823 4391 ponat:

249 4401 252 4403 Α
279 4406 466 4464 Nonne
495 4409 599 4463 duo
631 4422 858 4480 passeres
886 4427 998 4463 asse
1023 4402 1269 4474 "veneunt,
1301 4411 1470 4464 Lucas
1512 4425 1615 4464 non
1655 4424 1828 4464 assem

277 4500 374 4556 sed
396 4499 701 4569 dipondium
727 4503 1006 4553 memorat.
1032 4496 1238 4562 Nonne,
1263 4491 1452 4566 inquit,
1471 4499 1692 4567 quinque
1716 4491 1831 4568 pas-

278 4605 416 4644 seres
452 4575 664 4642 vendunt
706 4588 949 4657 dipondio
997 4587 1143 4658 (Luc.
1182 4584 1297 4656 xu).
1347 4585 1650 4654 Dipondius.
1678 4599 1828 4655 ergo,

280 4691 388 4749 quo
419 4682 652 4749 quinque
678 4666 1240 4748 passeremveneunt,
1282 4675 1336 4734 id
1378 4676 1827 4741 estvenduntur,

279 4772 447 4843 genus
471 4779 554 4825 est
578 4770 829 4844 ponderis
851 4767 1103 4851 levissimi
1129 4783 1190 4821 ex
1219 4766 1660 4821 duobusassibus
1684 4781 1829 4820 com-

282 4862 462 4934 positi.
489 4859 606 4913 Nec
639 4857 856 4911 interest
900 4856 1090 4925 aliquis
1137 4869 1413 4926 numerus,
1439 4854 1531 4907 sed
1563 4854 1834 4922 proximus

282 4961 366 5006 est
394 4939 514 5019 post
540 4961 714 5002 assem
745 4943 1050 5016 dipondius;
1078 4943 1393 5013 ponderales
1421 4944 1561 4997 enim
1594 4942 1692 5013 ipsi
1738 4958 1834 4996 nu-

283 5047 417 5101 meri
460 5052 584 5098 sunt
609 5049 663 5096 et
706 5041 772 5094 ad
805 5039 1010 5108 pondus
1049 5038 1333 5112 pertinent.
1378 5036 1539 5105 quue
1585 5037 1728 5104 quod
1777 5035 1830 5088 in

282 5115 539 5190 cardinali
586 5143 806 5184 numero
852 5127 1045 5182 dicitur
1086 5140 1279 5188 unum,
1319 5125 1420 5178 hoc
1467 5125 1518 5177 in
1556 5123 1830 5191 ponderali

271 5219 481 5288 ‘asqsiv'e
509 5218 661 5283 assis,
687 5225 741 5271 et
767 5215 906 5290 quod
934 5203 1005 5268 ibi
1031 5215 1154 5281 duo,
1185 5210 1270 5266 hic
1298 5212 1491 5275 dussis,
1524 5211 1605 5279 vel
1645 5211 1834 5279 dipon-

196 5313 216 5320 ”
286 5312 405 5366 dius
447 5309 656 5366 dicitur.
687 5304 910 5372 Quidam
941 5312 1124 5357 coacte
1161 5302 1264 5366 duo
1310 5314 1551 5369 passeres
1601 5301 1831 5352 animam

289 5399 700 5472 interpi'etantur
721 5404 776 5450 et
800 5410 991 5463 corpus
1020 5412 1032 5446 :
1065 5392 1295 5461 quinque
1331 5405 1541 5460 quoque
1569 5405 1829 5460 passeres,

289 5473 574 5547 secundum
607 5487 824 5549 Lucam,
856 5484 944 5553 qui
985 5483 1190 5538 duobus
1220 5480 1427 5535 assibus
1462 5490 1724 5542 veneunt,
1765 5477 1831 5532 ad

290 5562 472 5638 sensus
531 5574 785 5631 referunt.
849 5561 952 5628 Séd
1010 5569 1270 5640 quomodo
1337 5560 1421 5622 illa
1484 5568 1829 5638 intelligentia

1927 1807 2054 1861 teat,
2090 1808 2143 1853 et
2182 1814 2344 1866 parva
2369 1800 2533 1852 etiam
2575 1799 2850 1866 utiosaque
2877 1798 3016 1850 dicta
3044 1798 3160 1864 ejus
3203 1796 3477 1850 scientiam

1923 1907 2026 1944 non
2081 1890 2299 1961 fugiant.
2341 1889 2519 1959 (Anq)
2568 1892 2820 1957 Derideat
2866 1891 3268 1961 intelligentiam
3303 1891 3477 1944 eccle-

1923 1982 2189 2049 siasticam
2219 1983 2270 2034 in
2303 1981 2402 2035 hoc
2431 1982 2562 2042 loco,
2594 1983 2680 2048 qui
2704 1981 2885 2034 carnis
2913 1981 3358 2034 resurrectionem
3385 1996 3476 2033 ne-

1923 2059 2081 2138 gant,
2122 2070 2270 2138 quasi
2320 2084 2416 2122 nos
2463 2071 2628 2138 ipsam
2665 2080 2930 2122 terrenam
2966 2079 3206 2131 matrem,
3237 2083 3354 2138 qua:
3397 2068 3476 2122 di-

1917 2151 2168 2214 Iscedente
2198 2161 2372 2213 anima
2413 2160 2471 2213 lit
2515 2160 2760 2222 cadaver,
2801 2161 2870 2212 ita
2903 2161 3479 2236 resurrectioneﬁrcpa-

1925 2252 2142 2305 randam
2190 2253 2429 2304 dicamus
2474 2259 2528 2303 ut
2558 2265 2764 2318 eaqute
2795 2251 3122 2313 dilabuntur,
3159 2262 3213 2304 et
3259 2251 3310 2304 in
3345 2251 3478 2304 alias

1891 2347 2080 2406 .atque
2106 2339 2242 2392 alias
2282 2341 2506 2393 aliarum
2554 2354 2731 2393 rerum
2780 2342 2983 2408 species
3028 2339 3329 2409 formasque
3363 2356 3481 2394 vcr-

1925 2435 2108 2480 tuntur
2147 2427 2424 2508 (quamvis,
2451 2429 2519 2480 ad
2563 2444 2754 2512 eorpqs
2793 2430 3025 2497 sedeant
3073 2429 3210 2483 mide
3264 2429 3477 2497 delapsa

1924 2518 2099 2587 sunt),
2146 2520 2210 2572 ad
2242 2519 2454 2572 easdem
2501 2533 2710 2586 quoque
2756 2520 2993 2587 corporis
3026 2527 3203 2587 partes
3237 2517 3325 2571 ubi
3374 2520 3481 2570 fue-

1928 2619 2049 2662 runt
2079 2610 2252 2662 redire
2297 2623 2517 2663 necesse
2535 2614 2642 2664 est.
2690 2609 2898 2678 Alioqui
2945 2609 2989 2682 si
3037 2608 3243 2676 capillis
3291 2607 3482 2676 capitis

1927 2700 2061 2752 redit
2083 2698 2223 2766 quod
2251 2706 2354 2750 tam
2382 2699 2564 2751 crebra
2595 2707 2808 2752 tonsura
2833 2697 3086 2760 detraxit,
3116 2696 3476 2765 sirunguibus,

1924 2786 2062 2853 quod
2102 2786 2275 2838 toties.
2299 2786 2525 2853 dempsit
2549 2786 2800 2863 ’exsectio
2838 2775 3184 2837 immederata
3228 2783 3285 2845 et
3318 2781 3468 2835 inde-

1926 2891 2050 2928 cens
2080 2877 2449 2943 cogitantibus,
2476 2884 2528 2928 et
2559 2876 2676 2928 ideo
2699 2875 3140 2943 resurreCIionem
3168 2872 3345 2926 carnis
3371 2862 3473 2924 non

1926 2963 2281 3034 credentibus,
2325 2962 2559 3028 occurrit
2587 2960 2937 3021 formositas.
2985 2960 3090 3014 Sed
3129 2958 3475 3027 quemadmo-

1930 3051 2050 3103 dum
2084 3049 2126 3102 si
2165 3058 2340 3102 statua
2384 3049 2661 3116 cujuslibet
2707 3046 2944 3102 solubilis
2992 3046 3186 3101 metalli
3219 3054 3310 3098 aut
3359 3046 3478 3114 igne

1928 3139 2266 3206 liquesceret,
2291 3147 2381 3191 aut
2418 3147 2784 3203 contereretur
2815 3138 2873 3206 in
2910 3123 3203 3203 pulverem,
3237 3141 3326 3186 aut
3356 3148 3482 3186 con-

1929 3229 2238 3282 funderetur
2269 3212 2681 3301 inﬁmassam,'et
2713 3242 2830 3280 eam
2857 3221 3025 3283 ’vellet
3061 3225 3251 3278 artifex
3298 3239 3482 3277 rursus

1928 3335 1991 3372 ex
2023 3319 2161 3372 illius
2198 3319 2431 3371 materia:
2470 3305 2767 3385 quantitate
2787 3330 3064 3388 reparare,
3091 3316 3224 3369 nihil
3252 3316 3478 3368 interes-

1929 3416 2010 3468 set
2037 3409 2104 3461 ad
2131 3407 2245 3473 ejus
2274 3408 2631 3477 integritatem
2669 3423 2786 3474 qtae
2820 3406 3079 3475 particula
3106 3401 3477 3467 materizeacui

1925 3497 2164 3550 membro
2207 3504 2395 3548 statua:
2440 3495 2774 3559 redderetur,
2803 3497 2927 3549 dum
2964 3502 3142 3548 tamen
3179 3502 3380 3570 totum,
3410 3504 3478 3542 ex

1926 3599 2030 3653 quo
2074 3584 2319 3637 restituta
2362 3581 2552 3647 fuerit,
2599 3593 2893 3638 resumeret
2919 3586 2948 3660 εξ
2962 3585 3036 3638 ita
3066 3583 3226 3649 Deus,
3257 3581 3481 3638 mirabi-

1926 3673 2046 3728 liter
2086 3683 2243 3741 atque
2286 3662 2619 3736 ineﬁ'abiliter
2669 3674 2887 3752 artifex,
2934 3676 2998 3729 de
3049 3683 3161 3729 toto
3206 3691 3321 3747 quo.
3353 3693 3479 3732 caro

1925 3773 2106 3817 nostra
2151 3764 2492 3822 constiterat.
2534 3780 2650 3821 eam
2697 3765 2923 3824 mirabili
2961 3766 3304 3824 et-inefl‘ahili
3339 3771 3476 3824 cele-

1925 3851 2086 3914 ritate
2113 3853 2372 3914 restituet.
2402 3858 2511 3913 Nec
2557 3859 2754 3928 aliqum
2783 3856 3026 3912 attinebit
3054 3861 3120 3926 ad
3161 3859 3275 3926 ejus
3305 3859 3480 3933 redin-

1927 3946 2276 4019 teg‘rationem
2327 3958 2502 4002 Utrum
2551 3948 2729 4016 capilli
2777 3947 2844 4001 ad
2887 3947 3132 4022 capillos.
3164 3947 3382 4001 redeant
3427 3959 3482 4000 et

1926 4052 2126 4107 ungues
2152 4037 2219 4092 ad
2246 4051 2464 4106 ungues,
2493 4053 2560 4090 an
2590 4037 2845 4107 quidquid
2869 4051 3056 4090 eorum
3086 4035 3198 4104 peri
3225 4063 3311 4080 .——
3371 4050 3482 4087 mu-

1926 4116 2074 4182 tétur
2103 4128 2156 4180 in
2184 4140 2398 4180 carnem
2430 4133 2484 4197 et
2517 4125 2568 4178 in
2606 4132 2788 4193 partes
2817 4123 2950 4177 alias
2989 4124 3233 4192 corporis
3268 4137 3482 4184 resone-

1928 4234 2032 4288 tur,
2065 4230 2287 4277 curante
2324 4218 2548 4273 artificis
2574 4217 2934 4291 providentia,
2967 4231 3033 4270 ne
3065 4216 3190 4284 quid
3231 4215 3481 4270 indecens

1931 4312 2022 4366 ﬁat
2154 4311 2164 4322 ’
2795 4357 2797 4359 .
3021 4313 3025 4317 ’

2005 4401 2180 4456 Nolite
2204 4411 2324 4470 ergo
2360 4416 2444 4453 vos
2467 4386 2680 4469 timere},
2706 4399 2827 4467 quia
2855 4397 3028 4453 multis
3055 4397 3346 4466 passeribus
3381 4413 3483 4449 mc-

1932 4491 2085 4558 liores
2112 4491 2231 4544 estis
2250 4505 2368 4542 eos.
2408 4487 2629 4558 (ΜΑυιι.)
2672 4486 2914 4557 ΜεΙὶοι-οε
2940 4486 3068 4539 dicit
3098 4487 3220 4553 quia
3253 4486 3481 4563 rationa-

1933 4579 2026 4641 les,
2064 4579 2187 4647 quia
2217 4577 2285 4631 ad
2313 4577 2594 4644 imaginem
2627 4575 2720 4628 Dei
2744 4575 2938 4640 creati,
2958 4575 3082 4641 quia
3105 4573 3290 4628 aeterni
3318 4589 3336 4626 :
3361 4589 3483 4641 pro-

1932 4679 2052 4739 pter
2076 4668 2346 4722 hominem
2375 4666 2517 4718 enim
2546 4673 2725 4717 creata
2766 4671 2894 4716 sunt
2930 4663 3083 4716 bruta
3115 4664 3384 4726 animalia,
3421 4672 3479 4716 ut

1934 4752 2154 4827 haberet
2181 4754 2268 4807 ille
2295 4755 2678 4807 nutrimentum
2703 4758 2862 4821 atque
2891 4751 3190 4816 servitium,
3226 4766 3328 4804 non
3362 4766 3482 4818 pro-

1935 4857 2052 4915 pter
2073 4838 2338 4914 jumenta,
2371 4844 2550 4904 homo,
3160 4894 3177 4909 ο

2005 4934 2185 4992 Omnis
2213 4930 2341 5005 ergo
2364 4931 2452 5001 qui
2487 4928 2808 4996 conﬁtebitur
2828 4942 2926 5001 nte
2970 4941 3145 4980 coram
3169 4923 3481 4996 horninibus,

1934 5022 2213 5090 conﬁtebor
2253 5031 2299 5073 et
2337 5036 2428 5089 ego
2462 5035 2575 5071 eutn
2619 5019 2794 5069 coram
2840 5013 2999 5068 Patre
3038 5006 3152 5067 meo
3195 5014 3283 5083 qui
3317 5025 3390 5067 est
3424 5016 3478 5067 in

1933 5115 2089 5169 caelis.
2116 5111 2336 5182 (Ηὶιατ.)
2366 5109 2643 5165 Confessio
2669 5109 2771 5162 hoc
2793 5109 2846 5160 in
2871 5107 2988 5163 loco
3016 5103 3352 5173 intelligenda
3379 5109 3479 5163 est,

1935 5205 2000 5257 de
2023 5218 2126 5272 qua
2159 5203 2288 5256 dicit
2310 5199 2592 5268 Apostolus
2618 5211 2632 5250 :
2665 5195 2836 5251 Corde
2866 5195 3092 5248 creditur
3113 5194 3181 5246 ad
3199 5193 3480 5263 justitiam.

1934 5308 2021 5360 ore
2049 5299 2219 5342 autem
2259 5288 2521 5355 confessiL
2559 5285 2616 5348 tit
2660 5283 2728 5337 ad
2764 5281 2982 5337 salutent
3027 5278 3202 5350 (Rom.
3236 5278 3313 5350 ι).
3351 5281 3482 5346 Quia

1933 5383 2074 5437 enim
2125 5380 2376 5435 Dominus
2418 5376 2659 5445 superius
2695 5371 2952 5444 praemisit
2986 5387 3000 5422 :
3033 5369 3164 5421 Ecce
3203 5382 3296 5437 ego
3340 5369 3485 5421 mitto

1933 5491 2017 5529 eos
2043 5475 2175 5528 sicut
2201 5459 2317 5524 oves
2344 5470 2396 5523 in
2426 5468 2592 5523 medio
2622 5457 2879 5535 luporum.
2910 5460 3190 5515 Etitcmm
3215 5475 3227 5511 :
3263 5457 3484 5512 Tradent

1932 5565 2069 5617 enim
2110 5577 2192 5614 vos
2241 5561 2293 5612 in
2345 5557 2598 5622 conciliis,
2638 5551 2686 5608 et
2730 5555 2785 5606 in
2831 5552 3103 5621 synngogis
3152 5545 3486 5617 ﬂagellabant
