3938 6390
460 287 565 347 903

1105 275 1165 328 ll.
1209 270 1460 347 BADA.“
1501 269 1718 326 MAL'Rl
1757 252 2072 324 AllClllEl‘.
2121 262 2424 319 MOCUNT.
2464 261 2749 318 OPERUM
2795 259 2974 316 PARS
3014 259 3053 316 Ι.

3611 257 3742 317 9ος

459 419 567 464 τοι,
592 412 639 454 ct
673 379 817 451 eritis
846 394 964 447 odio
1007 370 1245 447 carnibus
1273 397 1480 461 propter
1516 401 1700 441 nomen
1740 397 1931 444 meum,
1968 396 2035 434 ne
2065 384 2112 442 Α
2142 451 2145 454 ,
2213 377 2350 452 [HL]
2394 366 2571 433 Nolite
2609 375 2859 431 arbitrari
2895 377 3019 446 quia
3051 373 3271 428 venerim
3313 371 3518 440 mittere
3545 387 3746 440 pacem

455 489 650 560 aliquis
696 482 1158 558 persecutionibus
1213 481 1433 552 territus
1483 477 1689 530 diceret
1741 471 1880 542 apud
1934 487 2024 552 se-

392 562 395 565 I
456 559 778 648 nietipsnm:
813 574 998 630 Fidem
1044 583 1426 638 meamquam
1471 566 1579 618 Dco
1609 563 1719 629 ’δοιί
1766 562 1954 624 debeo,
1986 559 2030 613 si

455 672 597 726 inter
626 668 874 736 homines
920 664 1047 718 mihi
1093 659 1442 731 pronuntiare
1488 671 1594 710 non
1641 654 1797 717 licet,
1850 660 2031 704 tamen
2070 714 2071 717 η

453 776 575 816 eam
609 760 660 812 in
693 757 854 812 corde
898 755 971 808 illi
1015 764 1296 813 conservo,
1327 762 1490 818 quam
1519 745 1651 799 foris
1685 750 1906 814 propter
1948 755 2034 794 ra-

423 862 426 865 '
455 852 598 907 biem
627 855 1029 919 pe'rsecutorum
1067 841 1418 912 pronuntiare
1451 845 1555 893 non
1580 837 1768 902 valeo;
1802 834 1930 888 huic
1957 833 2035 886 in-

457 943 626 996 firma:
664 935 973 1009 cogitationi
1019 933 1279 988 Dominus
1318 930 1622 998 respondit,
1665 928 1850 981 dicens
1885 941 1899 978 :
1934 923 2038 989 Qui

457 1043 628 1086 autem
667 1025 922 1098 negaverit
950 1035 1036 1077 me‘
1067 1040 1244 1077 coram
1264 1020 1583 1083 hominibus,
1608 1019 1661 1072 id
1684 1025 1799 1082 est,
1826 1022 2037 1076 natum,

454 1124 670 1191 paSsuIn
699 1124 754 1172 et
780 1123 1074 1180 mortuum,
1105 1112 1302 1182 negabo
1328 1122 1376 1164 et
1407 1127 1498 1179 ego
1525 1108 1849 1187 eamea-ram
1877 1102 2040 1156 Patre

455 1227 566 1266 meo
593 1210 682 1280 qui
711 1210 782 1262 in
811 1207 962 1261 'cmlis
998 1216 1094 1260 est.
1136 1203 1347 1274 Negare
1385 1201 1530 1255 enim
1569 1197 1713 1267 quod
1759 1197 1900 1250 Deus
1933 1209 2040 1248 non

386 1329 388 1332 ν
455 1305 562 1368 sit,
600 1317 699 1356 nec
747 1299 940 1369 pagani
985 1301 1247 1366 possunt;
1299 1285 1478 1347 tamen
1536 1289 1741 1353 ﬁlium,
1778 1285 1924 1356 'Quod
1971 1285 2044 1341 sit

423 1392 602 1447 'Deus
645 1382 784 1444 sicut
819 1395 872 1442 et
918 1385 1102 1449 Pater,
1135 1382 1378 1438 confiteri
1428 1381 1529 1433 nisi
1570 1386 1603 1432 a'
1629 1376 1892 1436 'lldelibus
1934 1390 2041 1430 non

459 1488 650 1553 potest.
689 1451 925 1548 Negatur
951 1466 1082 1544 ergo
1127 1469 1411 1543 quisquea
1437 1470 1574 1525 Filio
1618 1469 1760 1539 apud
1790 1460 2042 1533 Patrem,

459 1574 543 1629 cui
586 1587 691 1625 non
734 1567 1112 1623 manifestatur
1151 1567 1203 1620 in
1239 1565 1539 1619 divinitatis
1573 1562 1811 1631 potentia
1843 1561 2040 1626 Filius;

458 1670 513 1715 et
547 1659 893 1715 confitebitur
923 1674 953 1711 a
985 1657 1120 1710 Filio
1149 1656 1290 1729 apud
1334 1655 1572 1719 Patrem,
1602 1653 1693 1723 qui
1723 1667 1822 1722 per
1851 1651 2043 1706 Filium

2133 472 2189 525 in
2214 481 2427 525 terram.
2456 468 2582 524 Non
2611 469 2726 524 veni
2751 483 2931 540 pacem
2963 469 3185 530 mittere,
3211 465 3302 519 sed
3325 463 3597 534 ‘gladium.
3626 463 3752 519 SI:-

2135 575 2232 628 pra
2273 555 2485 616 dixerat
2522 577 2534 612 :
2568 558 2720 623 Quod
2760 557 2878 611 dico
2916 556 3058 611 vobis
3093 557 3147 610 in
3192 556 3436 617 tenebris,
3476 554 3635 607 dicite
3670 557 3746 607 in

2136 629 2370 713 lumine;
2412 658 2459 702 et
2498 646 2636 717 quod
2687 649 2741 701 in
2791 664 2918 701 aure
2968 645 3195 710 auditis,
3245 646 3528 714 prtrdicate
3576 660 3752 715 super

2137 746 2288 789 tecta.
2317 734 2586 813 (Ηίενοη.)
2619 734 2773 791 Nunc
2800 735 2961 802 infert
2988 737 3113 804 quid
3130 746 3260 805 post
3289 735 3739 806 praedicationes:

2140 813 2420 898 sequatur.
2457 829 2550 884 Ad.
2571 829 2729 884 fidem
2757 827 2955 884 Christi
2996 828 3139 883 tolus
3167 830 3312 882 orbis
3343 837 3530 882 contra
3561 844 3620 882 se
3652 830 3736 881 di—

2140 921 2288 975 visus
2315 918 2419 975 est.
2468 918 2816 990 Unaquaque
2861 922 3050 974 domus
3079 929 3133 974 et
3167 919 3408 975 infideles
3447 920 3635 974 habuit
3678 931 3741 973 et

2142 1008 2446 1074 credentes,
2474 1017 2529 1062 et
2575 1017 2857 1078 propterea
2905 1005 3101 1063 bellum
3133 1011 3355 1063 missum
3385 1020 3468 1063 est
3508 1011 3732 1072 bonan],

2143 1107 2201 1152 ut
2248 1106 2592 1167 rumperetur
2615 1114 2720 1169 pax
2751 1099 2910 1153 mala.
2941 1099 3068 1154 Tale
3092 1101 3218 1170 quid
3246 1111 3298 1155 et
3324 1102 3376 1155 in
3407 1100 3606 1167 Genesi
3638 1103 3737 1154 ad-

2143 1200 2358 1243 versum
2412 1189 2635 1244 rebelles
2700 1190 2944 1244 homines
2995 1191 3086 1259 qui
3144 1191 3342 1245 admoti
3403 1189 3622 1244 fuerant
3670 1192 3740 1246 do

2144 1279 2384 1344 Oriente,
2413 1288 2468 1334 et
2495 1281 2688 1334 turrim
2720 1291 2997 1335 exstruere
3044 1279 3395 1345 festinabant,
3425 1290 3522 1350 per
3568 1296 3730 1349 quam

2146 1371 2269 1426 coeli
2308 1371 2416 1425 alta
2454 1379 2822 1440 penetrarent,
2851 1372 3044 1426 fecisse
3074 1372 3328 1426 scribitur
3360 1371 3523 1435 Deus,
3554 1382 3618 1424 ut
3658 1372 3736 1425 di-

2148 1466 2356 1520 videret
2382 1464 2592 1533 linguas
2619 1479 2804 1519 eorum
2834 1461 2982 1536 (Gen.
3011 1465 3107 1536 xl).
3408 1447 3415 1456 ’

2216 1555 2373 1611 Unde
2408 1563 2465 1608 et
2508 1556 2563 1622 in
2596 1555 2802 1625 psalmo
2833 1555 2998 1609 David
3043 1565 3335 1625 precatur:
3364 1555 3596 1625 Dissipa,
3632 1554 3738 1609 Do-

2150 1645 2308 1707 mine,
2345 1653 2519 1713 gentes
2543 1655 2660 1712 quae
2687 1642 2820 1696 bella
2855 1642 3028 1696 uolunt
3077 1641 3248 1714 (Psal.
3277 1645 3467 1714 vau).
3499 1644 3653 1710 Quod
3684 1652 3737 1698 et
3783 1650 3788 1653 ’

405 1813 408 1816 ,
461 1767 738 1826 accessum
775 1750 1022 1804 habu’erit
1049 1750 1116 1802 ad
1146 1748 1383 1803 Patrem.
1419 1743 1644 1819 (Μῖιωι.)
1680 1743 1808 1800 Sive
1847 1744 2041 1799 alit‘eri
2077 1736 2121 1792 Β
2149 1731 2315 1826 Isaias
2341 1732 2441 1826 sub
2474 1741 2600 1803 typo
2628 1731 2846 1826 [Egypti
2872 1733 3480 1826 prophetlcerpncciuit,
3507 1736 3732 1814 dicens:

433 1832 577 1898 huic
616 1827 886 1898 confessio
935 1841 1151 1910 quidem
1190 1856 1308 1895 non
1359 1841 1646 1894 verborum
1698 1847 1908 1905 tantum
1959 1854 2052 1892 so-

462 1951 590 1990 num
610 1975 624 1999 ,
651 1934 744 1988 sed
776 1948 995 2000 operum
1027 1912 1247 2000 quaeritj
1269 1929 1517 1984 effectum
1547 1947 1561 1994 ;
1604 1930 1732 1999 quia
1776 1936 1904 1982 sunt
1933 1929 2054 1998 qui-

465 2028 619 2090 dam,
665 2024 919 2095 Apostolo
969 2032 1236 2087 testante,
1293 2023 1381 2092 qui
1427 2024 1742 2102 conﬁtentur
1785 2022 1952 2077 verbis
1996 2039 2052 2077 se

464 2136 614 2173 nosse
656 2118 821 2171 Deum
844 2158 858 2182 ,
902 2117 1054 2186 factis
1078 2121 1277 2170 ‘autem
1324 2120 1514 2186 negd'nt
1553 2113 1681 2180 (Tit.
1709 2109 1789 2185 1'):
1822 2131 2060 2185 quorum.

462 2209 730 2265 confessio
758 2212 895 2262 vana
926 2216 1040 2272 est;
1081 2208 1154 2261 ait
1181 2207 1326 2283 enim
1354 2207 1468 2276 ipsa
1508 2206 1724 2261 Veritas
1749 2225 1761 2259 :
1796 2206 1918 2281 Non
1946 2224 2055 2259 om-

465 2292 545 2353 nis
574 2299 664 2370 qui
697 2284 821 2370 dicit
851 2300 1010 2363 mihi,
1054 2297 1296 2362 Domine,
1337 2297 1580 2363 Domine,
1623 2297 1837 2351 intrabit
1877 2299 1932 2351 in
1977 2315 2058 2350 re-

466 2402 624 2460 gnum
662 2376 939 2465 caelorum,
971 2390 1060 2444 sed
1095 2391 1185 2460 qui
1231 2389 1357 2457 facit
1388 2389 1702 2442 voluntatem
1736 2387 1914 2443 Patris
1955 2391 2055 2443 mei

466 2477 647 2550 quiin
695 2478 833 2535 caelis
874 2489 982 2544 est,
1019 2481 1126 2549 ipse
1174 2479 1388 2532 intrabit
1435 2478 1489 2532 in
1542 2482 1754 2548 regnum
1785 2479 2056 2534 caelorum

467 2569 686 2641 (Matth.
721 2571 841 2643 vn).
1575 2580 1577 2582 ’
1661 2596 1666 2600 '
1794 2588 1796 2590 '
2037 2631 2040 2634 .

386 2653 390 2656 ’
538 2661 835 2717 Confitetur
869 2677 997 2732 ergo
1039 2662 1214 2736 bonus
1248 2659 1608 2738 Christianus
1635 2659 1917 2716 Dominum
1961 2661 2056 2717 Je-

452 2768 586 2825 _s.un
619 2743 804 2807 caram
848 2753 1154 2820 hominibus
1192 2767 1255 2805 ea
1300 2751 1402 2806 fide
1438 2767 1556 2820 quae
1587 2745 1682 2820 per
1715 2751 2056 2807 dilectionem

468 2851 748 2912 operatur,
779 2826 1042 2897 mandata
1091 2841 1303 2904 Domini
1353 2841 1583 2895 fideliter
1632 2842 1905 2910 implendo
1947 2858 1961 2896 :
2005 2853 2060 2898 et

469 2924 760 2989 confitetur
799 2934 1058 2996 Dominus
1088 2931 1456 2988 confessorem
1491 2950 1646 2989 suum
1679 2950 1860 2989 coram
1899 2936 2072 2991 Patre

470 3040 588 3088 suo,
620 3024 673 3077 in
724 3032 942 3092 aeterna.
971 3023 1222 3091 videlicet
1262 3025 1600 3080 beatitudine
1640 3024 1789 3079 illum
1813 3025 2060 3091 feliciter

469 3113 885 3168 remunerando.
1259 3115 1262 3118 ’

460 3234 472 3255 -.
545 3202 648 3268 Qui
676 3211 849 3257 autem
893 3200 1158 3273 negauerit
1187 3221 1270 3258 me
1309 3221 1486 3273 coram
1514 3207 1831 3272 hominibus,
1862 3210 2058 3278 negabo

471 3303 518 3346 et
552 3309 644 3362 ego
676 3304 794 3347 eum
826 3293 1002 3346 coram
1030 3290 1192 3347 Patre
1219 3311 1334 3352 meo
1367 3295 1456 3364 qui
1481 3299 1554 3350 est
1582 3297 1637 3348 in
1663 3295 1822 3350 caelis.
1852 3288 2060 3368 Negare

469 3383 615 3436 enim
635 3379 916 3445 Christum
949 3397 1134 3441 coram
1163 3382 1496 3447 hominibus,
1525 3393 1606 3438 est
1631 3386 1919 3454 prmeeptis
1945 3376 2060 3453 ejus

471 3487 578 3526 non
626 3471 772 3526 velle.
803 3472 1185 3540 acquiescere,
1230 3481 1285 3527 et
1335 3473 1390 3526 in
1439 3471 1732 3542 conspectu
1783 3462 2070 3532 hominum

471 3563 625 3634 pravi
668 3562 898 3633 exempli
947 3571 1128 3618 notam
1158 3578 1318 3635 agere
1344 3582 1356 3616 :
1381 3579 1548 3632 quem
1589 3565 1846 3634 Dominus
1875 3581 2060 3624 coram

429 3653 636 3730 ‘:Patre
660 3668 759 3708 suo
788 3654 1036 3737 denegat,
1064 3655 1190 3722 quia
1232 3655 1441 3710 visione
1469 3656 1584 3725 ejus
1611 3662 1870 3724 perpetua
1916 3655 2060 3710 indi-

475 3761 640 3816 gnum
675 3759 796 3800 esse
817 3745 1045 3814 iudicat.
1080 3745 1289 3818 (Creg.)
1325 3746 1432 3801 Sed
1456 3755 1581 3802 ecce
1607 3763 1750 3802 nunc
1791 3748 1930 3818 apud
1961 3748 2091 3822 ho-~

391 3838 396 3842 ’
474 3839 652 3893 mines
697 3840 917 3894 dicunt:
949 3837 1058 3894 Nos
1079 3837 1191 3907 jam
1224 3840 1510 3894 Dominum
1541 3849 1595 3896 et
1637 3857 1912 3897 sermones
1947 3836 2064 3911 ejus

437 3931 439 3933 ’
478 3935 584 3982 non
611 3928 1007 3994 erubescimus,
1032 3929 1158 3998 quia
1192 3939 1376 4000 aperta
1405 3946 1692 3986 eumrvoce
1720 3931 2059 3987 confitemur.

457 4019 696 4100 ‘Quibns'
729 4034 829 4088 ego
858 4020 1157 4088 respondeo
1192 4022 1417 4092 quodin
1449 4022 1550 4077 hac
1576 4023 1731 4094 plebe
1758 4024 2069 4091 Christiana.

477 4116 603 4162 sum
655 4109 892 4162 nonnulli
949 4110 1041 4178 qui
1085 4109 1357 4179 Christum
1408 4113 1527 4167 ideo
1571 4110 1896 4170 confitentur
1935 4117 2063 4186 quia

478 4207 700 4253 cunctos
731 4199 1070 4255 Christianos
1107 4215 1228 4256 esse
1255 4196 1644 4277 conspiciunt:
1677 4219 1785 4258 non
1830 4220 1959 4274 ergo
1997 4207 2065 4260 ad

476 4289 860 4356 probationem,
892 4291 1014 4345 fidei
1048 4307 1149 4373 vox
1197 4290 1600 4362 sufiicit,'qucm
1639 4295 1876 4350 defendit
1906 4313 1936 4351 a
1973 4313 2064 4373 ve—

479 4375 733 4446 recundia
780 4370 1482 4450 professiovgeneralitatis.
1516 4384 1611 4437 Est
1650 4393 1827 4454 tamen
1868 4386 1958 4440 ubi
2004 4370 2102 4454 se,

477 4468 708 4538 quisque
749 4470 1072 4541 interroget,
1095 4482 1164 4526 ut
1199 4474 1251 4526 in
1283 4475 1622 4530 confessione
1655 4475 1851 4532 Christi
1885 4487 1942 4533 Se
1971 4494 2063 4533 ve-

479 4557 678 4634 raciter
714 4561 905 4626 probet
929 4602 944 4625 ,
987 4563 1032 4615 si
1074 4577 1179 4616 non
1213 4563 1325 4633 jam
1361 4581 1558 4621 nomen
1599 4566 1713 4634 ejus
1751 4567 2057 4632 erubescit,

407 4666 414 4672 ·
478 4649 533 4702 si.
568 4647 741 4717 plena:
788 4651 984 4731 virtute
1032 4655 1231 4710 mentis
1282 4655 1574 4709 humanum
1627 4657 1882 4726 pudorem
1913 4659 2060 4712 sub-

480 4739 634 4792 didit.
719 4736 730 4750 ⁵

551 4825 712 4883 Certe
739 4831 883 4882 enim
905 4817 1311 4902 persecutionis
1343 4843 1581 4903 tempore
1608 4822 1929 4891 erubescere
1966 4852 2059 4905 po-

485 4916 660 4974 terant
708 4918 922 4986 fideles,
968 4922 1284 4978 substantiis
1329 4927 1552 4990 nudari,
1596 4928 1660 4981 de
1709 4927 2092 4996 dignitatibus-

479 5007 636 5074 dcjicu
665 5050 678 5071 ,
730 5010 1044 5065 verberibus
1074 5010 1252 5083 afﬂigi
1298 5030 1310 5065 :
1345 5016 1502 5082 pacis
1552 5025 1729 5070 autem
1753 5045 1755 5047 ι
1782 5027 2054 5086 tempore,

453 5165 456 5168 ἢ
484 5096 609 5165 quia
645 5097 760 5150 lucc
789 5113 817 5148 a
849 5097 1047 5154 nostris
1087 5103 1523 5173 persecutoribus
1549 5103 1772 5168 desunt,
1804 5113 1886 5158 est
1913 5105 2056 5159 aliud

412 5197 415 5200 ‘
485 5187 573 5243 ubi
624 5188 974 5240 ostendantur
1012 5191 1165 5245 nobis
1206 5210 1219 5245 :
1262 5208 1512 5247 veremur
1550 5208 1692 5262 smpe
1728 5209 1756 5246 a
1798 5197 2058 5262 proximis

486 5273 727 5342 despici,
773 5275 1137 5346 dedignamur
1199 5270 1422 5349 injurias
1484 5283 1630 5336 verbi
1701 5283 1966 5348 tolerare;
2014 5285 2059 5339 si

485 5366 758 5436 ccutingat
801 5365 1038 5437 jurgium
1091 5368 1319 5425 fortasse
1368 5389 1487 5426 cum
1539 5374 1819 5443 proximo,
1856 5375 2060 5430 erube-

485 5454 686 5510 scimus
736 5458 944 5525 priores
999 5458 1312 5514 satisfacere
1358 5480 1370 5514 :
1413 5477 1506 5517 cor
1554 5465 1754 5534 quippe
1782 5467 2056 5530 carnale,

492 5544 613 5598 dum
653 5546 966 5618 hujusviue
1013 5550 1236 5622 gloriam
1289 5537 1921 5621 qumrit,ihumilitatem
1972 5575 2057 5614 re-

491 5637 650 5700 cpuit.
677 5694 680 5696 ν
1179 5640 1182 5648 λ

2154 1825 2291 1879 Ecce
2333 1825 2473 1878 Deus
2503 1825 2736 1878 ascendit
2772 1816 2935 1894 super
2964 1825 3148 1878 nubem
3188 1825 3346 1879 levem
3365 1865 3379 1891 ,
3410 1837 3458 1878 et
3486 1811 3740 1896 ingredie—

2153 1927 2241 1969 tur
2280 1913 2602 1986 Egyptum,
2645 1925 2693 1969 et
2731 1915 3069 1979 movebuntur
3115 1915 3400 1969 simulacra
3443 1915 3664 1986 ﬁgypti
3706 1934 3739 1970 a

2154 2007 2289 2077 facie
2331 2022 2468 2076 ejus,
2496 2015 2542 2060 et
2582 2022 2674 2059 cor
2699 2004 2916 2076 Egypti
2955 2007 3166 2060 tabescit
3203 2008 3266 2073 in
3306 2007 3474 2060 medio
3501 2007 3657 2076 ejus;
3695 2018 3742 2062 et

2154 2087 2464 2168 concurrere
2485 2095 2680 2165 faciam
2703 2095 2980 2166 Egyptios
3009 2097 3256 2152 adversus
3279 2095 3560 2168 Egyptios
3585 2100 3738 2170 (lani.

2155 2187 2306 2256 xu);
2336 2185 2421 2240 bis
2453 2175 2712 2257 ‘videlicet
2740 2193 2927 2239 contra
2971 2186 3152 2252 fidem,
3184 2187 3287 2241 illis
3315 2203 3414 2257 pro
3458 2188 3563 2243 fide
3590 2187 3745 2243 dimi.

2158 2276 2431 2329 cantibus.
2523 2256 2532 2263 ⁷
3189 2277 3192 2280 ’
3319 2256 3335 2316 λ
3618 2342 3632 2347 ,

2235 2367 2366 2422 Veni
2418 2369 2556 2422 enim
2605 2384 2854 2439 separare
2915 2354 3176 2424 hominem
3233 2373 3485 2426 adversus
3543 2367 3743 2442 patrem

2156 2476 2340 2523 suum,
2381 2470 2429 2513 et
2471 2460 2638 2529 ﬁliam
2683 2461 2931 2517 adversus
2979 2472 3198 2516 matrem
3240 2465 3421 2527 suam,
3463 2473 3514 2516 et
3556 2479 3746 2518 narunt

2155 2552 2407 2606 adversus
2437 2551 2642 2607 socrum
2672 2570 2824 2608 suam
2849 2567 2865 2605 :
2893 2562 2940 2606 et
2977 2540 3176 2607 inimici
3200 2537 3439 2608 :Itominis
3477 2555 3748 2610 domestici

2157 2643 2290 2711 ejus.
2323 2641 2420 2697 Hic
2451 2642 2601 2698 loeas
2633 2659 2798 2713 prope
2836 2641 3036 2698 eisdem
3079 2645 3260 2699 verbis
3287 2645 3340 2701 in
3372 2644 3594 2701 Michaea
3624 2661 3748 2717 pro—

2159 2737 2318 2805 pheta
2361 2736 2618 2790 scribitur
2645 2735 2828 2807 (Mich.
2859 2736 2977 2806 'vu).
3009 2736 3076 2789 Et
3107 2725 3402 2799 notandUm
3437 2739 3746 2808 ubicunqu.‘

2161 2829 2226 2882 de
2267 2827 2448 2894 Veteri
2495 2827 2852 2883 lnstrumento
2881 2830 3245 2884 testimonium
3277 2830 3516 2900 ponitur,
3565 2838 3724 2885 ιλιι-ων

2161 2933 2350 2973 sensus
2373 2902 2579 2973 tantum
2613 2905 2848 2984 maneat,
2874 2935 2940 2973 an
2968 2924 3147 2975 sermo
3174 2923 3498 2976 consentiat.
3527 2921 3743 2995 (Βάαλ

2162 3007 2468 3065 Notaudlim
2522 3020 2702 3088 autem
2749 3013 2890 3087 quod
2925 3011 3113 3067 Lucas
3158 2997 3486 3090 evangelista
3537 3016 3593 3070 in
3645 3016 3730 3072 hac

2084 3077 2129 3138 δ
2161 3102 2424 3156 sententia
2473 3082 2767 3157 Salvatoris
2812 3102 3048 3172 quinque
3081 3104 3134 3158 in
3184 3121 3288 3159 una
3339 3084 3499 3161 domo
3544 3107 3730 3163 diviso:

2106 3225 2130 3253 .
2163 3200 2362 3246 narrat.
2410 3187 2582 3246 Erunt
2617 3195 2789 3258 enim,
2830 3194 3030 3262 inquit,
3072 3196 3295 3266 quinque
3339 3195 3395 3248 in
3434 3214 3542 3249 una
3592 3199 3737 3253 dom

2159 3283 2310 3337 divisi
2331 3299 2348 3336 :
2378 3293 2482 3338 tres
2525 3285 2581 3338 in
2627 3284 2753 3349 duo,
2795 3294 2842 3350 et
2875 3285 2979 3338 duo
3028 3287 3082 3338 in
3119 3297 3220 3341 tres
3256 3282 3558 3341 dividentur
3594 3288 3738 3360 (an.

2159 3361 2287 3447 xu).
2314 3375 2395 3432 0b
2440 3377 2542 3432 hoc
2575 3372 3040 3450 'conSideran‘dum
3072 3389 3153 3434 est
3193 3380 3466 3450 quomodo
3508 3382 3738 3451 quinqut

2161 3468 2362 3524 divisos
2389 3468 2562 3535 dicat,
2588 3485 2709 3525 cum
2741 3469 2988 3525 videatur
3031 3485 3123 3548 sex
3166 3487 3522 3548 personarum
3570 3474 3740 3544 subje-

2161 3562 2299 3617 cisse
2322 3561 2802 3638 vocabula,_patris
2831 3547 3114 3619 scilicet'ct
3141 3563 3256 3630 filii,
3302 3567 3496 3621 matris
3520 3573 3576 3622 et
3604 3566 3746 3630 tiliae.

2163 3667 2350 3708 socrus
2393 3660 2448 3709 et
2475 3669 2672 3720 nurus;
2725 3654 3229 3725 intelligendumque
3268 3658 3518 3714 eamdem
3560 3654 3748 3727 socrus

2162 3760 2325 3815 quam
2354 3745 2543 3800 matris
2588 3745 2801 3800 nomine
2842 3747 3203 3817 designatum;
3236 3750 3380 3818 quia,
3411 3765 3533 3818 qua:
3572 3759 3746 3805 mater

2163 3843 2245 3890 est
2275 3835 2368 3889 lilii
2388 3876 2402 3901 ,
2433 3836 2545 3906 ipsa
2576 3845 2633 3890 et
2660 3843 2846 3891 soerus
2881 3846 2965 3892 est
2989 3838 3171 3893 uxoris
3196 3837 3315 3907 ejus
3335 3841 3608 3910 rideoque
3653 3841 3744 3896 illa

2163 3928 2278 3998 ipsa
2301 3921 2357 3982 et
2385 3929 2438 3982 in
2483 3928 2645 3993 filiam
2685 3944 2858 3992 suam,
2886 3935 2940 3995 et,
2970 3931 3020 3985 in
3059 3947 3254 3986 nurum
3281 3932 3482 3987 dicitur
3509 3948 3631 3989 esse
3664 3935 3752 3990 di-

2163 4018 2300 4094 visa.
2330 4014 2477 4086 Quas
2501 4020 2544 4074 si
2575 4021 2697 4089 quis
2722 4016 3011 4076 divisiones
3037 4023 3199 4078 etiam
3227 4023 3515 4094 allegorice
3541 4020 3772 4096 quaerat

2165 4096 2539 4179 interpretari,
2582 4097 2781 4164 tres’in
2811 4111 2915 4164 duo
2954 4122 3001 4166 et
3045 4114 3148 4166 duo
3179 4115 3233 4166 in
3274 4124 3377 4169 tres
3418 4115 3744 4181 dividuntur,

2163 4201 2291 4268 quia
2322 4199 2447 4254 boni
2477 4199 2652 4266 malis,
2683 4209 2737 4255 et
2766 4199 2891 4256 mali
2935 4193 3090 4258 bonis
3123 4205 3360 4259 sentiunt
3389 4215 3554 4274 atque
3581 4216 3747 4276 agunt

2166 4290 2411 4344 adversa.

2233 4381 2359 4436 Tria
2393 4397 2624 4452 namque
2652 4383 2719 4437 ad
2756 4399 2848 4438 eos
2871 4384 2963 4454 qui
3008 4383 3166 4440 ﬁdem
3211 4402 3436 4443 summm
3465 4386 3750 4445 Trinitatis

2165 4482 2405 4538 servant,
2452 4474 2748 4543 pertinere,
2793 4489 2950 4529 nemo
2985 4477 3074 4545 qui
3121 4478 3348 4532 dubitet.
3387 4478 3501 4535 Duo
3529 4497 3743 4552 quoque

2121 4577 2124 4580 ‘
2166 4563 2272 4618 illis
2317 4578 2614 4633 congruere
2659 4552 2748 4632 qui
2791 4580 2821 4618 a
2873 4565 2994 4620 fidei
3041 4567 3247 4622 unitate
3295 4568 3648 4637 dissentiunt,
3691 4583 3741 4628 et

2165 4652 2349 4707 multis
2398 4642 2796 4720 Scripturarnm
2827 4653 2979 4719 locis,
3019 4665 3072 4710 et
3119 4658 3190 4711 ibi
3235 4661 3470 4715 maxime
3500 4678 3743 4734 compro-

2164 4744 2344 4815 batur,
2370 4745 2513 4812 quod
2544 4744 2816 4797 immunda
2847 4743 2900 4798 in
2939 4762 3060 4799 arca
3093 4745 3343 4805 animalia
3377 4753 3477 4807 sub
3505 4754 3606 4808 hoc
3641 4770 3741 4809 nu-

2166 4827 2317 4890 mero
2373 4830 2690 4886 retinentur.
2738 4833 2805 4887 Et
2853 4835 2963 4889 sola
3011 4837 3062 4890 in
3116 4836 3311 4894 Genesi
3361 4843 3579 4896 secundi
3629 4843 3735 4900 diei

2167 4931 2330 4992 Opera
2351 4921 2465 4975 viSa
2486 4937 2516 4975 a
2539 4921 2670 4988 Deo,
2692 4925 2818 4993 quia
2843 4925 2979 4980 bOna
3007 4936 3152 5006 sunt,
3175 4944 3278 5006 non
3307 4931 3558 4985 dicuntur
3583 4931 3734 5004 (Gen.

2166 5009 2226 5081 ι).
2259 5010 2416 5064 Pater
2443 5011 2533 5065 hic
2559 5012 2802 5067 diabolus
2839 5015 3124 5082 est,.cujus
3168 5019 3456 5086 aliquando
3491 5021 3598 5075 lilii.
3626 5040 3734 5082 non

2147 5101 2257 5155 ’illo
2283 5111 2518 5166 creante,
2545 5105 2636 5159 sed
2681 5107 2837 5161 nobis
2877 5107 3228 5174 imitantibus,
3260 5127 3496 5179 eramus,
3522 5116 3734 5174 dicente

2165 5194 2391 5248 Domino
2414 5184 2446 5248 τέ
2472 5193 2572 5249 Vos
2599 5213 2664 5250 ea:
2692 5209 2838 5269 patre
2865 5198 3072 5253 diabolo
3096 5204 3217 5256 estis
3256 5202 3433 5274 (Joan.
3458 5208 3594 5277 vui).
3625 5207 3731 5263 Sed

2163 5277 2446 5353 postquam
2493 5301 2677 5340 vocem
2729 5289 2996 5344 monentis
3038 5292 3379 5347 audivimus:
3422 5295 3732 5352 Obliviscerc

2162 5375 2408 5444 populum
2454 5385 2600 5429 tuum
2641 5377 2934 5458 etgdomum
2980 5383 3142 5450 patris
3197 5385 3272 5436 tui
3321 5382 3502 5455 (I’sal.
3547 5390 3729 5459 xuv);

2165 5471 2306 5523 venit
2343 5470 2479 5539 ignis
2507 5470 2616 5535 ille,
2643 5472 2696 5526 id
2723 5481 2834 5537 est,
2867 5476 3036 5544 gratia
3062 5477 3315 5545 spiritalis
3342 5482 3608 5548 separavit
3635 5497 3732 5540 nos

2166 5562 2233 5614 ab
2255 5561 2503 5626 iuviCem,
2527 5564 2762 5617 ostendit
2785 5564 3007 5620 alterum
3032 5567 3264 5632 Patrem,
3289 5565 3372 5624 cui
3398 5572 3728 5639 diceremus:

2174 5653 2328 5705 Pater
2365 5663 2558 5719 noster,
2583 5656 2671 5722 qui
2702 5670 2752 5706 es
2790 5658 2839 5708 in
2881 5657 3035 5715 cells.
3080 5658 3245 5715 Slater
3275 5661 3576 5732 Svnngoga,~
3624 5660 3725 5718 ﬁlia
