3938 6332
212 221 325 275 9ῗ“5

1174 217 1522 274 COMMENT.
1564 216 1627 270 IN
1674 215 2105 272 MATTll/EUM.
2149 246 2217 256 -—
2253 216 2379 272 LIB.
2422 217 2504 271 Ill.

3340 183 3468 286 seu

209 337 297 382 cst
344 326 576 383 Ecclesia
623 327 913 396 primitiva,
943 342 1060 396 qua:
1090 335 1141 382 et
1171 343 1285 382 eam
1304 369 1318 392 ,
1360 329 1426 383 de
1463 344 1566 397 qua
1615 343 1783 400 genus
1812 336 1855 390 ε’,
1887 330 2080 392 amori,
2099 337 2152 383 et
2173 339 2390 399 propter
2412 330 2627 382 minima
2650 339 2701 384 et
2725 331 2920 386 caduca
2949 334 3175 387 maxima
3195 326 3465 394 ctu-terna

215 423 389 486 ditxit,
424 421 758 492 Synagogam
806 420 926 475 ﬁdei
963 422 1380 490 persecutrieem
1429 421 1699 485 sustinuit,
1736 429 1790 474 et

215 510 333 580 ipsa
361 513 534 565 eidem
583 511 876 581 Synagogre
907 510 1024 564 ﬁdei
1059 511 1281 564 veritate
1321 510 1663 564 contradixit.
1693 511 1791 564 So-

214 615 342 654 crus
370 600 662 669 Synagogaa
701 615 867 653 nurus
893 607 974 652 est
1003 598 1237 652 Ecclesia
1268 601 1332 653 de
1360 600 1632 667 gentibus;
1666 601 1788 668 quia

213 706 446 757 sponsus
490 689 740 743 Ecclesia:
766 688 1006 742 Christus
1056 687 1194 765 ﬁlius
1238 695 1318 741 est
1369 687 1791 765 Syuagogce,_di-

213 788 374 834 cente
403 779 649 848 Apostolo
677 798 690 831 :
719 778 955 843 Quorum
984 758 1155 846 patre;
1180 787 1226 830 et
1251 794 1314 831 ea:
1341 758 1534 848 quibus
1550 758 1789 834 Christus

213 861 503 925 secundum
530 887 737 924 carnem
766 868 941 940 (Rom.-
967 870 1064 940 ιχ).
1647 942 1654 952 ⁸

291 961 491 1016 Socrus
525 962 709 1031 igitur,
736 960 788 1013 id
815 968 896 1013 est
937 967 1107 1013 mater
1137 962 1338 1029 sponsi,
1373 971 1427 1017 et
1481 963 1531 1016 in
1571 979 1787 1028 nurum,

215 1053 355 1106 sicut
385 1053 751 1122 praediximus,
781 1067 932 1106 suam
965 1060 1019 1105 et
1048 1053 1099 1105 in
1140 1053 1298 1107 ﬁliam
1331 1056 1498 1110 divisa
1526 1065 1630 1120 est,
1664 1055 1790 1124 quia

217 1149 500 1218 Synagoga
547 1149 779 1202 carnalis
824 1150 937 1203 sive
981 1150 1045 1202 de
1088 1147 1518 1211 circumcisione,
1567 1147 1679 1201 sive
1724 1144 1792 1199 de

217 1240 501 1307 pra-patio,
559 1241 839 1294 credentes
887 1241 1132 1310 persequi
1180 1241 1290 1294 non“
1334 1248 1527 1294 cessat.
1582 1238 1688 1293 Sed
1736 1247 1792 1293 et

217 1329 350 1394 ipsae
395 1329 446 1381 in
493 1343 706 1382 socrum
750 1339 1086 1398 matremque
1133 1338 1256 1384 sunt
1303 1330 1503 1393 divisse,
1549 1329 1794 1383 nolentes

218 1419 689 1473 circumcisionem
746 1418 985 1486 recipere
1030 1419 1298 1472 carnalem
1320 1459 1333 1481 ,
1366 1426 1425 1471 ut
1465 1418 1632 1472 Actus
1666 1433 1794 1487 apo-

219 1495 486 1559 stolorum
537 1507 755 1571 docent,
797 1523 918 1561 cum
967 1508 1159 1576 quibus
1209 1518 1363 1561 antea
1402 1509 1792 1562 consuetudine

221 1595 526 1665 implicatus
553 1605 669 1650 erat
700 1616 711 1649 :
742 1598 882 1650 nulla
911 1599 1054 1652 enim
1096 1597 1235 1668 apud
1264 1613 1356 1652 eos
1376 1596 1498 1667 jura
1528 1598 1788 1653 custodiri

217 1694 466 1755 possunt,
498 1687 636 1741 inter
660 1702 795 1756 quos
823 1687 945 1742 ﬁdei
964 1685 1169 1742 bellum
1195 1695 1298 1742 est.

216 1879 295 1922 est
325 1885 406 1920 me
429 1867 644 1938 digitus;
669 1870 757 1939 qui
796 1878 937 1922 amat
965 1869 1133 1937 ﬁlium
1171 1881 1260 1924 aut
1302 1869 1469 1938 ﬁliam
1505 1886 1662 1939 super
1685 1886 1786 1933 me,

217 1975 325 2011 non
359 1969 431 2012 est
465 1975 542 2011 me
573 1959 779 2029 dignus.
819 1957 1084 2031 (Ηῑενοη.)
1127 1959 1224 2026 Qui
1254 1968 1378 2014 ante
1411 1959 1786 2029 prtcmiserat:

221 2051 347 2106 Non
389 2052 503 2106 veni
539 2069 714 2120 pacem
763 2055 979 2114 mittere,
1026 2052 1116 2106 sed
1154 2052 1422 2123 gladium,
1462 2063 1517 2120 et
1553 2052 1791 2106 dividere

219 2141 468 2194 homines
495 2142 750 2194 adversus
773 2149 1002 2209 patrem,
1026 2150 1074 2194 et
1106 2140 1350 2204 matrem,
1379 2148 1432 2194 et
1459 2153 1692 2202 socrum,
1725 2154 1792 2194 ne

217 2230 343 2297 quis
374 2229 626 2298 pietatem
674 2229 916 2299 religioni
946 2227 1260 2294 anteferret,
1308 2227 1534 2295 subjecit
1565 2229 1787 2284 dicens:

220 2320 328 2384 Qui
367 2330 508 2372 amat
536 2331 735 2389 patrem
773 2330 863 2372 aut
898 2330 1112 2373 matrem
1151 2320 1266 2389 plus
1303 2336 1458 2390 quam
1501 2336 1602 2375 me.
1634 2321 1701 2374 Et
1737 2321 1791 2375 in

218 2410 447 2466 Cantico
472 2412 699 2482 legimus
720 2406 1050 2465 canticorum
1079 2428 1090 2464 :
1119 2410 1370 2465 Ordinate
1393 2412 1446 2464 in
1468 2427 1548 2464 me
1571 2412 1794 2464 charito—

215 2510 322 2556 tem
360 2501 534 2574 (Cant.
561 2502 643 2572 ιι).
677 2501 772 2555 ilic
802 2502 932 2555 ordo
967 2497 1024 2554 in
1055 2500 1197 2554 omni
1234 2500 1422 2555 aﬁ‘eetu
1457 2501 1794 2555 necessarius

215 2599 324 2648 cst.
342 2592 495 2656 Ama,
515 2599 637 2660 post
651 2591 838 2655 Deum,
855 2597 1082 2659 patrem,
1100 2604 1216 2642 ama
1236 2596 1479 2653 matrem,
1497 2602 1618 2641 ama
1633 2587 1790 2641 ﬁlios.

218 2679 283 2735 Si
328 2690 508 2734 autem
543 2681 834 2734 necessitas
870 2679 1098 2742 venerit,
1128 2688 1186 2731 ut
1215 2693 1368 2733 amor
1405 2685 1690 2747 parentum
1732 2692 1796 2734 ac

220 2771 456 2826 ﬁliorum
485 2770 576 2824 Dei
605 2771 773 2824 amori
800 2777 1159 2839 comparetur,
1183 2776 1238 2822 et
1265 2783 1369 2823 non
1399 2768 1564 2837 possit
1589 2776 1795 2821 utrum-

219 2877 328 2932 que
354 2861 581 2925 servari,
607 2861 787 2914 odium
815 2860 864 2913 in
896 2873 1022 2913 suos
1059 2859 1229 2928 pietas
1271 2858 1324 2912 in
1352 2859 1518 2912 Deum
1540 2867 1642 2914 est.
1674 2856 1792 2913 Non

218 2966 351 3020 ergo
379 2950 654 3020 prohibuit
679 2964 861 3004 amare
892 2956 985 3002 aut
1014 2957 1244 3019 patrem,
1277 2957 1368 3002 aut
1399 2958 1657 3013 matrem,
1697 2949 1791 3003 sed

1891 432 2133 486 quau-ere
2163 419 2398 490 negligit.
2861 482 2866 486 _

1965 509 2066 574 Qui
2093 511 2280 564 invenit
2308 512 2536 564 animam
2566 528 2738 577 suam,
2765 514 2939 581 perdet
2965 532 3097 568 eam.
3129 514 3292 585 (Beda
3321 517 3338 590 )
3368 517 3466 574 llic

1889 613 2016 668 ergo
2063 599 2253 676 anima:
2300 601 2516 653 nomine
2560 601 2664 654 vita
2701 598 2938 677 pricsens
2987 604 3318 673 designatur,
3357 624 3464 678 qua

1885 692 2117 760 quisque
2165 692 2470 745 animaliter
2500 694 2645 760 cupit
2691 695 2890 748 vivere.
2937 695 3005 747 Et
3047 698 3255 752 duobus
3295 701 3467 754 modis

1891 779 2007 834 haec
2051 780 2311 834 sententia
2362 791 2506 835 recte
2543 790 2720 849 potest
2762 783 3017 853 intelligi,
3065 788 3157 839 sed
3204 787 3269 841 ad
3301 804 3464 843 unum

1898 870 2107 924 omnino
2150 870 2307 926 ﬁnem
2345 859 2568 938 uterque
2599 871 2897 928 intellectus
2942 875 3192 942 refertur,
3219 887 3277 931 ut
3318 879 3464 937 vidc-

1890 956 2013 1010 licct
2058 959 2278 1012 adversa
2322 975 2418 1028 pro
2463 961 2677 1015 Christo
2717 963 2848 1032 pati,
2881 963 2986 1017 imo
3032 965 3202 1035 ipsam
3235 977 3464 1024 mortem

1891 1063 1996 1100 non
2027 1048 2306 1101 timeamus
2329 1050 2478 1104 obire
2504 1068 2516 1102 :
2540 1051 2631 1119 qui
2659 1051 2802 1105 enim
2829 1050 3064 1110 minante
3095 1066 3318 1112 mortem
3351 1071 3473 1130 per-
3559 1045 3562 1047 Δ

1891 1146 2138 1192 secutore
2164 1140 2436 1220 negaverit
2460 1139 2755 1207 Christum,
2781 1144 2954 1214 magis
2980 1144 3128 1216 eligit
3155 1146 3220 1201 ad
3257 1157 3468 1218 tempus

1851 1262 1855 1266 -
1893 1229 2099 1283 salvare
2143 1231 2376 1284 animam
2406 1247 2555 1286 suam
2577 1273 2590 1296 ,
2638 1235 2882 1303 negando
2912 1236 3051 1292 hanc
3089 1240 3277 1306 procul
3306 1241 3467 1296 dubio

1893 1329 2105 1375 :etcrme
2125 1324 2411 1392 perditioni
2437 1335 2730 1394 prteparat;
2758 1327 2886 1380 item
2908 1329 2996 1396 qui
3022 1330 3246 1385 salutem
3276 1334 3471 1389 animas

1896 1427 2006 1465 sua:
2030 1414 2222 1480 quzerit
2249 1422 2528 1478 :ctcrnam,
2561 1416 2930 1484 temporaliter
2954 1433 3073 1473 eam
3117 1421 3256 1477 inter
3284 1439 3469 1492 perse-

1893 1513 2138 1557 cutorum
2184 1521 2373 1560 manus
2401 1509 2646 1575 perdere,
2680 1509 2781 1563 hoc
2808 1519 2890 1564 est
2935 1512 2986 1565 in
3038 1522 3265 1568 mortem
3312 1517 3460 1582 dare,

1894 1612 2002 1649 non
2052 1597 2281 1652 dubitat.
2325 1599 2550 1668 Utrique
2596 1609 2775 1655 autem
2826 1605 3004 1657 sensui
3053 1607 3299 1676 congruit
3343 1617 3466 1678 apte

1822 1694 1868 1751 B
1896 1688 2037 1756 quod
2065 1690 2311 1759 sequitur
2335 1707 2347 1741 :

294 1775 399 1840 Qui
427 1784 568 1828 amat
598 1787 794 1844 patrem
835 1785 925 1830 aut
958 1786 1173 1830 matrem
1209 1776 1325 1846 plus
1362 1793 1519 1848 quam
1550 1793 1650 1840 me,
1686 1793 1787 1830 non
1879 1784 1881 1786 ’

1964 1776 2032 1830 Et
2059 1779 2148 1849 qui
2188 1765 2470 1849 perdiderit
2514 1783 2741 1836 animam
2776 1801 2925 1838 suam
2954 1798 3164 1858 propter
3190 1807 3288 1853 me.
3324 1794 3469 1848 inre-

1893 1868 1994 1922 niet
2015 1884 2151 1922 eam.
2185 1869 2239 1923 ld
2272 1878 2375 1934 est,
2403 1871 2494 1941 qui
2537 1872 2622 1926 hic
2648 1871 2962 1942 perdiderit,
2997 1878 3102 1933 illic
3133 1880 3462 1938 viviﬁcabit:

1892 1959 1983 2028 qui
2011 1969 2233 2029 propter
2259 1960 2532 2018 Christum
2561 1964 2716 2017 morti
2749 1966 3047 2033 tradiderit,
3079 1976 3187 2023 tota
3215 1971 3301 2025 die
3326 1972 3467 2027 testi-

1893 2067 2048 2106 mans
2075 2067 2194 2107 eam
2233 2060 2292 2106 ut
2334 2067 2487 2108 ovem
2529 2055 2833 2120 occisionis,
2881 2068 3204 2130 exsurgentc
3251 2070 3378 2118 tunc
3411 2077 3469 2121 et

1892 2141 2178 2211 adjuvante
2199 2141 2432 2207 Christo,
2465 2142 2685 2198 liberam
2714 2160 2832 2199 eam
2861 2142 3094 2203 inveniet
3120 2158 3341 2220 propter
3367 2168 3463 2206 no-

1893 2244 2014 2284 men
2042 2229 2264 2286 Christi.

1965 2318 2069 2384 Qui
2093 2321 2270 2390 recipit
2293 2337 2403 2387 vos,
2431 2340 2510 2376 me
2535 2326 2743 2394 recipit;
2766 2336 2812 2380 et
2838 2329 2926 2396 qui
2951 2345 3030 2382 me
3055 2330 3253 2400 recipit,
3283 2333 3460 2402 recipit

1892 2429 2010 2467 eum
2037 2415 2126 2485 qui
2151 2431 2232 2468 me
2259 2415 2418 2469 misit.
2455 2415 2679 2488 (IIilar.)
2705 2417 2870 2474 Docet
2896 2421 2948 2474 in
2979 2437 3038 2476 se
3070 2423 3232 2478 etiam
3257 2425 3462 2490 media-

1895 2503 2028 2558 toris
2090 2501 2322 2559 olIicium
2364 2523 2377 2558 :
2422 2507 2727 2576 quicunque
2787 2511 2857 2564 sit
2909 2521 3157 2582 receptus
3205 2529 3236 2568 a
3282 2516 3458 2580 nobis,

1895 2602 2056 2664 atque
2087 2595 2173 2650 ille
2197 2594 2469 2664 profectus
2490 2611 2552 2650 ex
2580 2597 2688 2652 Deo
2714 2600 2804 2664 sit,
2839 2600 2977 2656 Deus
3005 2616 3100 2671 per
3123 2602 3271 2657 illum
3297 2598 3472 2661 transi

1894 2682 2047 2738 fusus
2077 2685 2128 2738 in
2174 2700 2270 2738 nos
2320 2687 2425 2771 sit;
2471 2694 2630 2755 atque
2675 2687 2749 2741 ita
2795 2689 2884 2758 qui
2924 2691 3196 2768 apostolos
3238 2693 3466 2764 recipit,
3512 2696 3523 2705 '

1893 2773 2164 2829 Christum
2216 2776 2442 2845 recipit:
2477 2778 2566 2846 qui
2609 2793 2733 2832 vero
2766 2779 3035 2838 Christum
3058 2781 3307 2854 .gt‘tmipit,
3358 2785 3464 2842 Pa-

1893 2871 2027 2920 trem
2059 2867 2222 2920 Deum
2258 2868 2498 2936 recipiet,
2535 2870 2660 2938 quia
2686 2885 2793 2924 non
2827 2871 2968 2926 aliud
3013 2871 3070 2926 in
3093 2875 3349 2944 apostolis
3379 2892 3464 2932 re-

1894 2955 2023 3023 cipit
2062 2970 2222 3024 quam
2264 2957 2405 3024 quod
2451 2957 2504 3010 in
2547 2956 2761 3012 Christo
2807 2968 2917 3025 est,
2962 2977 3134 3032 neque
3169 2965 3220 3018 in
3251 2965 3465 3022 Christo

221 3040 562 3108 asSignanter
586 3039 769 3093 addit:
805 3038 907 3103 Qui
934 3047 1074 3090 amat
1103 3049 1297 3107 patrem
1321 3048 1409 3090 aut
1437 3047 1653 3092 matrem
1673 3037 1790 3108 plus
1819 3035 1862 3096 C
1894 3046 2038 3102 aliud
2075 3055 2157 3103 est
2194 3066 2354 3119 quam
2394 3053 2534 3120 quod
2577 3053 2628 3106 in
2670 3053 2778 3107 Deo
2806 3060 2906 3105 est.
2949 3052 3158 3122 Perque
3191 3055 3333 3111 hunc
3370 3073 3462 3113 or-

220 3144 380 3194 quam
410 3145 511 3191 me,
541 3144 642 3181 non
667 3137 740 3181 est
768 3144 849 3181 me
880 3128 1086 3197 dignus.

298 3218 364 3272 Et
386 3221 475 3289 qui
513 3237 615 3272 non
659 3220 843 3288 accipit
884 3235 1086 3271 crucem
1122 3235 1302 3282 suam,
1341 3229 1387 3271 et
1425 3220 1655 3288 sequitur
1690 3235 1788 3284 me,

219 3324 326 3362 non
355 3317 431 3361 est
465 3324 545 3361 me
572 3308 778 3378 dignus.
818 3307 873 3361 ln
905 3307 1010 3362 alio
1049 3308 1333 3376 Evangelio
1360 3309 1612 3362 scribitur
1639 3308 1787 3379 (Luc.

219 3397 300 3469 lx)
327 3415 338 3449 :
368 3397 470 3460 Qui
498 3414 600 3449 non
625 3398 808 3466 accipit
837 3415 1038 3452 crucem
1070 3415 1218 3452 suam
1249 3400 1498 3467 quotidie.
1525 3398 1600 3452 Nc
1628 3398 1794 3453 semel

219 3497 472 3557 putemus
500 3487 746 3542 ardorem
776 3486 896 3542 ﬁdei
931 3504 1085 3557 posse
1124 3489 1386 3553 suﬁieere,
1411 3505 1620 3557 semper
1662 3505 1790 3542 crux

220 3577 483 3646 portanda
512 3585 612 3639 est,
637 3580 698 3630 ’ut
724 3592 937 3646 semper
965 3594 1061 3631 nos
1094 3578 1362 3632 Christum
1394 3594 1574 3632 amare
1607 3580 1795 3633 docea-

220 3680 366 3722 mur.
394 3663 604 3736 (Beda.)
635 3664 776 3718 Crux
805 3667 1001 3735 quippe
1027 3682 1055 3719 a
1081 3667 1322 3720 cruciatu
1347 3667 1558 3731 dicitur,
1588 3676 1642 3719 ct
1671 3666 1796 3720 duo-

219 3754 327 3810 bus
359 3754 531 3808 moJis
557 3769 769 3808 crucem
807 3755 1014 3809 Domini
1051 3756 1383 3825 bajulamus:
1414 3771 1535 3809 cum
1567 3765 1659 3809 aut
1701 3773 1797 3825 per

219 3843 603 3898 abstinentiam
639 3859 853 3898 carnem
899 3843 1175 3910 allicimus,
1205 3855 1295 3899 aut
1333 3860 1427 3914 per
1466 3847 1813 3915 compassio-,

220 3948 348 3987 nem
376 3932 605 4001 proximi
646 3934 1021 3987 necessitatem
1050 3933 1191 3986 illius
1235 3942 1472 3987 nostram
1514 3944 1790 4002 putamus;

219 4024 313 4091 qui
344 4023 486 4076 enim
513 4023 752 4076 dolorem
787 4023 1005 4078 exhibet
1031 4024 1084 4077 in
1112 4024 1282 4078 aliena
1308 4026 1644 4089 necessitate,
1675 4043 1795 4080 cru-
1834 4055 1844 4067 ο

219 4126 340 4165 cem
385 4120 561 4180 portat
587 4113 641 4165 in
674 4121 869 4166 mente.
906 4111 1188 4167 Sciendum
1220 4128 1348 4168 vero
1378 4125 1460 4168 est
1487 4117 1627 4183 quod
1671 4126 1794 4169 sunt

221 4206 465 4258 nonnulli
510 4207 600 4273 qui
647 4206 824 4260 carnis
874 4207 1250 4260 abstinentiam
1282 4223 1385 4261 non
1417 4224 1513 4276 pro
1543 4209 1673 4271 Dco,
1702 4209 1794 4262 sed

221 4309 322 4364 pro
350 4295 495 4348 inani
529 4294 695 4364 gloria
730 4295 1002 4348 exhibent.
1032 4295 1096 4348 Et
1122 4303 1246 4349 sunt
1273 4296 1512 4366 plerique
1535 4299 1621 4366 qui
1648 4313 1795 4352 com-

217 4387 527 4456 passionem
557 4387 802 4454 proximo
833 4402 938 4441 non
988 4387 1297 4456 spiritaliter
1346 4389 1684 4457 impendunt,
1735 4402 1791 4444 ut
1824 4371 1869 4428 ἶ)

217 4477 273 4532 ei
317 4493 422 4530 non
465 4478 531 4530 ad
560 4478 810 4551 virtutem
839 4480 931 4533 scd
976 4480 1126 4548 quasi
1176 4481 1475 4535 miserando
1505 4484 1568 4536 ad
1610 4483 1790 4552 culpas

216 4567 475 4620 faveant:
507 4566 560 4619 hi
606 4567 784 4635 itaque
827 4581 1043 4621 crucem
1085 4567 1297 4637 quidem
1348 4571 1592 4624 videntur
1626 4571 1787 4636 ferre,

217 4655 314 4710 sed
343 4655 626 4708 Dominum
651 4671 752 4709 non
780 4650 1093 4724 sequuntur.
1124 4657 1272 4712 Unde
1300 4671 1441 4713 recte
1468 4661 1578 4714 luce
1602 4663 1784 4715 eadem

218 4744 437 4800 Veritas
465 4745 632 4800 dicit:
673 4744 775 4809 Qui
818 4761 921 4799 non
960 4748 1146 4815 accipit
1182 4763 1384 4800 crucem
1410 4765 1590 4816 suum,
1629 4763 1674 4805 et
1702 4771 1784 4806 se-

215 4839 400 4907 quitur
428 4854 526 4902 me,
554 4854 658 4890 non
686 4847 760 4891 est
796 4855 875 4891 me
909 4838 1130 4908 dignus;
1175 4841 1417 4910 accipere
1443 4844 1638 4898 etenim
1669 4838 1801 4898 cru-i

217 4945 362 4997 cem,
393 4939 447 4986 et
474 4940 596 5002 post
622 4932 786 4986 Deum
815 4933 913 4997 ire,
953 4944 1036 4988 est
1063 4934 1144 4987 vel
1181 4937 1358 4990 carnis
1385 4938 1783 5003 abstinentiam,

219 5023 306 5076 vel
330 5024 753 5092 compassionem
778 5026 1022 5095 proximo
1046 5026 1220 5079 studio
1242 5035 1454 5080 interna:
1479 5028 1787 5082 intentionis

217 5118 478 5174 exhibere
501 5136 514 5170 :
540 5133 660 5171 nam
681 5118 924 5186 quisquis
946 5118 1058 5171 haec
1079 5133 1175 5187 pro
1198 5118 1470 5186 temporali
1496 5119 1788 5174 intentione

219 5207 457 5272 exhibet,
497 5223 711 5262 crucem
737 5206 951 5275 quidem
983 5206 1195 5275 baiulat,
1237 5209 1329 5262 sed
1367 5210 1445 5262 ire
1474 5217 1590 5278 post
1620 5209 1785 5263 Deum

221 5306 452 5353 recusat.
482 5300 706 5368 (Mitem)
751 5300 899 5366 Quod
946 5309 1122 5353 autem
1167 5301 1254 5355 hic
1285 5309 1339 5355 et
1380 5304 1643 5369 superius,
1685 5319 1786 5356 non

219 5401 297 5444 est
328 5407 408 5443 me
436 5389 642 5458 dignus,
672 5391 821 5454 dicit,
853 5389 1116 5460 signiﬁcat
1163 5391 1375 5459 quilem
1414 5392 1557 5446 illum
1607 5393 1786 5448 divino

220 5485 495 5538 consortio
526 5497 644 5536 esse
680 5482 971 5550 indignum,
1002 5481 1090 5550 qui
1120 5482 1338 5536 delicias
1365 5484 1543 5538 mundi
1575 5494 1630 5537 et
1659 5499 1785 5538 Cun-

219 5573 598 5645 sauguinimtis
644 5573 911 5626 carnalem
962 5587 1196 5626 amorem
1251 5559 1504 5642 pneponit
1557 5576 1782 5644 spiritali

703 5664 974 5722 PATltOL.
1023 5662 1203 5720 CVII.

1894 3138 2074 3193 dinem
2110 3131 2405 3210 gratiarum
2437 3159 2539 3196 non
2573 3143 2715 3196 aliud
2750 3152 2833 3198 est
2860 3143 3130 3212 apostolos
3173 3149 3464 3218 recepisse,

1894 3243 2054 3297 quam
2084 3229 2272 3294 Deum,
2310 3231 2435 3299 quia
2470 3240 2522 3285 ct
2568 3233 2620 3285 in
2663 3232 2766 3286 illis
2792 3232 3056 3300 Christus,
3085 3243 3138 3289 et
3169 3236 3222 3289 in
3251 3236 3468 3294 Christo

1896 3321 2034 3375 Deus
2062 3320 2281 3395 habitet.
2313 3322 2448 3376 Ecce
2475 3323 2607 3376 ordo
2632 3323 3040 3392 pulcherrimus,
3069 3340 3191 3379 cum
3224 3328 3291 3382 ad
3331 3345 3467 3399 prte-

1897 3411 2220 3465 dicationem‘
2253 3412 2434 3475 mittit,
2468 3414 2624 3466 docet
2656 3413 2889 3482 pericula
2931 3429 3036 3468 non
3080 3416 3341 3484 timenda,
3387 3419 3467 3474 af-

1898 3499 2092 3556 fectum
2138 3501 2356 3570 sul'jicit
2399 3504 2559 3557 statui
2588 3503 2879 3579 religionis,
2923 3520 3110 3559 aurum
3141 3524 3299 3577 supra
3331 3512 3464 3567 tule-

1898 3601 2009 3657 rat,
2047 3608 2120 3647 (es
2165 3593 2230 3647 de
2274 3609 2406 3647 zona
2455 3601 2799 3660 excusserat,
2845 3595 2976 3649 dura
3019 3598 3468 3668 evangelistarum

1897 3687 2152 3740 conditio.
2676 3673 2682 3680 ’

1971 3775 2120 3830 Unde
2171 3790 2299 3845 ergo
2360 3783 2632 3846 sumptus,
2681 3777 2822 3830 unde
2879 3777 3050 3832 victus
3122 3783 3472 3837 necessaria?

1894 3864 2277 3917 Austeritatem
2343 3866 2714 3918 mandatorum
2774 3882 2869 3935 spe
2917 3875 3182 3937 temperat
3234 3874 3465 3940 promis-

1898 3970 2119 4009 sorum:
2155 3955 2258 4018 Qui
2298 3956 2504 4024 recipit,
2545 3956 2835 4025 inquiens,
2887 3973 2991 4022 vos,
3042 3975 3122 4011 me
3169 3962 3381 4030 recipit;
3420 3974 3469 4018 et

1896 4046 1985 4116 qui
2015 4047 2188 4114 recipit
2228 4062 2330 4111 me,
2360 4047 2532 4116 recipit
2565 4063 2681 4100 eum
2709 4049 2797 4118 qui
2827 4065 2906 4101 me
2937 4050 3092 4106 misit.
3124 4050 3189 4106 Ut
3221 4053 3271 4107 in
3298 4055 3470 4108 susci-

1897 4137 2104 4206 piendis
2152 4137 2405 4206 apostolis
2453 4138 2818 4208 unusquisque
2862 4138 3190 4195 Credentium
3246 4159 3305 4198 se
3352 4161 3470 4200 sus-

1897 4229 2104 4297 cepisse
2161 4229 2432 4282 Christum
2506 4230 2816 4295 arbitretur,
2862 4239 2916 4286 et
2964 4232 3017 4285 in
3073 4237 3470 4292 resurrectione

1897 4318 2098 4372 Christi
2130 4319 2314 4372 credat
2345 4335 2403 4373 se
2435 4320 2601 4373 Deum
2640 4317 2854 4373 Patrem
2889 4323 3178 4391 accepisse,
3217 4324 3376 4380 talem
3407 4343 3468 4382 se

1897 4408 2080 4475 utique
2110 4424 2172 4461 ac
2203 4419 2409 4461 tantmn
2452 4409 2566 4462 vult
2609 4409 2778 4473 credi,
2821 4411 2994 4480 qualis
3022 4421 3074 4466 et
3107 4425 3343 4482 quantus
3381 4427 3469 4472 est

1897 4498 2056 4551 l'ater
2083 4516 2094 4549 :
2123 4498 2302 4566 Usque
2332 4498 2464 4552 adeo
2491 4499 2654 4560 enim,
2700 4499 2890 4568 inquit,
2943 4503 3072 4556 nihil
3119 4507 3280 4560 distat
3324 4507 3465 4562 inter

1895 4603 1979 4639 mc
2023 4598 2076 4640 et
2106 4603 2248 4652 cum,
2283 4597 2338 4639 ut
2367 4589 2454 4657 qui
2488 4605 2568 4640 mc
2607 4590 2813 4656 recipit,
2847 4592 3064 4660 recipiat
3089 4608 3210 4648 eum
3254 4595 3344 4665 qui
3377 4612 3462 4651 me

1892 4691 2056 4732 nihil.

1953 4767 2068 4831 Qui
2101 4768 2274 4834 recipit
2299 4768 2598 4836 prophetam
2634 4769 2684 4821 in
2713 4771 2916 4823 nomine
2951 4773 3233 4840 prapheta’,
3262 4792 3458 4830 merce-

1891 4858 2006 4909 dem
2035 4857 2294 4925 propheta:
2323 4857 2536 4926 accipiet
2566 4875 2582 4920 ;
2627 4868 2673 4910 et
2702 4859 2789 4926 qui
2817 4860 2993 4928 recipit
3033 4862 3237 4930 justum
3266 4866 3322 4918 in
3364 4885 3458 4921 no-

1891 4948 2028 4999 mine
2047 4947 2201 5015 justi,
2255 4948 2536 5000 mercedem
2567 4948 2702 5015 justi
2737 4949 2973 5018 accipiet.
3020 4949 3221 5023 ((Ireg.)
3259 4954 3314 5008 In
3344 4960 3460 5026 qui-

1889 5037 1989 5090 bus
2017 5037 2193 5091 verbis
2229 5037 2516 5090 notandum
2541 5047 2622 5090 est
2645 5039 2769 5108 quia
2806 5055 2909 5093 non
2939 5041 3034 5104 ait,
3067 5042 3360 5099 Mercet'em
3394 5049 3459 5102 dc

1889 5128 2171 5195 propheta,
2213 5127 2318 5189 vel,
2372 5125 2667 5180 Mercedem
2715 5125 2962 5195 dcjusto,
3011 5131 3125 5194 sed,
3171 5132 3458 5188 Mercedem

1889 5213 2172 5287 prophetat,
2213 5223 2284 5276 et,
2320 5214 2605 5268 Mercedem
2626 5217 2778 5284 justi.
2832 5217 2990 5272 Aliud
3029 5229 3111 5271 est
3147 5222 3288 5275 cnim
3319 5239 3458 5278 mcr-

1891 5321 1981 5360 ces
2011 5307 2076 5360 de
2096 5307 2376 5375 propheta,
2400 5305 2542 5358 aliud
2565 5321 2769 5360 merces
2790 5309 3060 5376 propheta:
3083 5326 3095 5373 ;
3123 5321 3283 5378 atque
3313 5314 3454 5366 aliud

1893 5412 2101 5451 merces
2140 5397 2204 5449 de
2225 5393 2390 5462 ju'sto,
2443 5397 2586 5450 aliud
2611 5412 2816 5451 merces
2849 5397 3001 5466 justi.
3027 5399 3172 5466 Quid
3200 5410 3282 5457 est
3311 5404 3453 5458 enim

1890 5489 2170 5543 mercedem
2206 5489 2462 5558 propheta:
2492 5490 2724 5558 accipiet,
2759 5489 2856 5542 nisi
2889 5491 3012 5558 quia
3041 5491 3083 5544 is
3116 5493 3205 5561 qui
3229 5493 3456 5562 prophe-

1892 5590 1996 5633 tam
2025 5596 2117 5633 sua
2140 5579 2385 5648 largitate
2408 5587 2689 5644 sustentat,
2717 5581 2958 5649 quamvis
2985 5581 3095 5651 ipse
3123 5583 3449 5652 prephetiam

2944 5674 3021 5733 29
