3938 6378
380 272 494 346 ὐῡτ

395 495 687 566 prophetia}
708 492 928 562 praemia
957 491 1337 551 habebitziste
1363 490 1505 545 enim
1540 489 1766 544 fortasse
1790 488 1969 557 justus

395 593 495 651 est,
521 593 575 639 et
603 592 803 653 quanto
829 582 883 636 in
927 583 1031 637 hoc
1064 583 1260 636 mundo
1290 580 1421 635 nihil
1446 579 1706 649 possidet,
1730 588 1877 634 tanto
1899 580 1973 651 lo.

394 675 594 745 quendi
636 689 733 743 pro
763 672 970 741 justitia
1009 671 1256 727 ﬁduciam
1305 670 1565 740 majorem
1609 670 1787 725 habet.
1819 669 1974 724 llunc

396 768 523 822 dum
554 769 642 822 ille
674 775 940 823 sustentat
981 766 1069 834 qui
1116 765 1168 819 in
1200 765 1301 819 hoc
1331 765 1529 820 mundo
1570 764 1773 833 aliquid
1796 764 1973 832 possi-

398 860 511 924 det,
553 867 611 912 et
634 858 878 913 fortassis
925 855 1129 923 aliquid
1156 855 1330 910 adhuc
1355 870 1453 924 pro
1494 854 1701 923 justitia
1737 853 1880 923 loqui
1912 853 1976 906 li-

398 950 532 1003 bere
564 964 667 1003 non
713 946 1030 1016 praesumit,
1074 943 1302 1012 justitia:
1345 936 1833 1000 illiuslihertatcm
1874 940 1975 995 sibi

400 1040 716 1107 participem
743 1036 892 1101 facit,
927 1044 981 1089 ut
1012 1051 1135 1090 cum
1164 1050 1229 1090 eo
1257 1036 1464 1106 pariter
1496 1034 1719 1116 justitite
1757 1034 1977 1102 prmmia

400 1130 645 1198 recipiat,
678 1143 840 1198 quem
866 1128 1219 1182 sustentando
1240 1128 1400 1197 juvit,
1432 1134 1702 1194 quatenus
1731 1126 1978 1180 eamdem

397 1221 659 1287 justitiam
687 1221 858 1275 libere
887 1219 1031 1289 loqui
1060 1218 1342 1289 potuisset.
1391 1215 1482 1270 llle
1529 1215 1721 1285 spiritu
1747 1214 1980 1285 prophe-

401 1312 490 1365 tiae
527 1310 721 1387 plenus
742 1318 855 1373 est,
902 1309 997 1362 sed
1040 1317 1216 1361 tamen
1241 1319 1504 1380 corporeo
1532 1312 1657 1376 eget
1701 1304 1976 1358 alimento.

395 1408 471 1461 .Et
490 1407 535 1460 si
564 1420 759 1473 corpus
784 1419 890 1461 non
921 1402 1184 1466 reﬁcitur,
1213 1409 1422 1455 certum
1459 1406 1544 1454 est
1570 1397 1714 1468 quod
1736 1412 1836 1451 vox
1866 1396 1978 1465 ipsa

404 1499 771 1554 subtrahatur.
806 1493 907 1561 Qui
934 1495 1098 1565 igitur
1125 1493 1439 1548 alimentum
1462 1493 1736 1563 prophetae
1763 1499 1983 1562 propter

404 1588 508 1641 hoc
527 1585 667 1654 quod
691 1584 952 1655 prOpheta
976 1591 1087 1649 est,
1119 1580 1327 1649 tribuit,
1354 1582 1653 1652 prophetia:
1676 1581 1815 1635 illius
1840 1580 1983 1634 vires

408 1679 474 1735 ad
497 1678 823 1746 loquendum
856 1677 1020 1731 dedit.
1062 1675 1194 1731 Cum
1234 1676 1498 1745 propheta
1524 1689 1652 1745 ergo
1676 1673 1987 1727 mercedem

1045 285 1104 339 Β.
1147 282 1395 339 liABANl
1435 254 1649 340 MAURI
1689 270 1999 337 ARCllllSl’.
2046 277 2347 333 MOGUNT.
2388 276 2667 333 OPERUM
2706 277 2884 347 PARS
2923 278 2959 331 Ι.

396 422 501 459 non
541 404 771 464 haheat,
810 403 946 469 apud
988 400 1409 469 omnipotentem
1461 406 1639 453 tamen
1680 396 1964 450 Dominum
1995 399 2045 455 Α
2070 406 2218 443 amen
2267 390 2381 443 dico
2420 389 2561 443 vobis
2608 404 2709 441 non
2754 388 2928 455 perdet
2963 388 3244 444 mercedem
3265 383 3455 441 'suam.
3491 388 3647 460 Legi-

3542 278 3643 335 908

2074 496 2191 535 mus
2229 482 2281 535 in
2307 481 2561 550 propheta
2588 478 2753 534 David
2778 496 2791 531 :
2826 477 2915 530 ‘Ad
2940 478 3267 532 excusandas
3289 478 3648 535 excusationes

2072 569 2127 624 in
2148 573 2367 641 peccatis
2393 568 2564 641 (Psal.
2602 568 2746 640 exc),
2773 568 2915 637 quod
2943 568 3093 621 multi
3132 576 3477 638 peccatorum
3524 584 3649 625 suo-
3870 568 3877 641 1

2076 676 2194 714 rum
2224 661 2377 728 quasi
2425 660 2600 729 justas
2644 658 2978 728 praetendant
3026 661 3338 715 occasiones
3363 699 3380 727 ,
3418 668 3483 714 ut
3506 660 3651 729 quod
3862 670 3863 673 ‘

2078 754 2349 823 voluptate
2378 752 2484 824 [ΑΙ.
2504 793 2518 817 ,
2564 749 2861 823 voluntate]
2890 750 3205 821 delinquunt
3244 752 3529 807 videantur
3556 766 3652 807 ne-
3852 658 3877 837 ἢ

2078 754 2349 823 voluptate
2378 752 2484 824 [ΑΙ.
2504 793 2518 817 ,
2564 749 2861 823 voluntate]
2890 750 3205 821 delinquunt
3244 752 3529 807 videantur
3556 766 3652 807 ne-

2076 844 2329 899 cessitate
2356 858 2613 914 peccare;
2669 842 2761 898 sed
2808 842 3065 898 Dominus
3095 850 3364 897 scrutator
3386 841 3566 898 cordis
3591 852 3651 897 et

2079 948 2289 1000 renum,
2330 934 2421 1002 qui
2449 934 2655 987 futuras
2702 933 3055 1005 cogitationes
3081 933 3135 986 in
3178 932 3404 1003 singulis
3432 932 3654 987 contue-

2079 1033 2189 1090 tur,
2232 1022 2482 1077 dixerat:
2515 1022 2616 1087 Qui
2644 1023 2839 1097 recipit
2864 1039 2970 1086 vos,
3015 1038 3096 1075 me
3145 1022 3343 1091 recipit.
3398 1020 3506 1076 Sed
3526 1021 3653 1089 quia

2081 1113 2184 1167 hoc
2214 1120 2535 1181 praeceptum
2564 1110 2712 1165 multi
2737 1111 3213 1181 pseudOpropheue
3231 1119 3285 1166 et
3315 1110 3435 1165 falsi
3462 1112 3657 1180 prndi-

2082 1212 2291 1258 catores
2318 1211 2570 1273 poterant
2606 1203 2887 1273 impedire,
2916 1203 3212 1257 medicatus
3240 1213 3325 1258 est
3365 1204 3490 1259 huic
3517 1219 3656 1272 quo-

2081 1308 2188 1362 que
2216 1293 2491 1357 seandalo,
2529 1293 2711 1347 dicens
2740 1310 2754 1347 :
2790 1292 2895 1358 Qui
2926 1292 3103 1362 recipit
3121 1292 3325 1362 justum
3356 1292 3413 1345 in
3452 1293 3659 1346 nomine

2072 1387 2229 1457 justi,
2262 1387 2544 1440 mercedem
2587 1385 2713 1453 iusti
2742 1387 2978 1455 accipiet.
3026 1385 3234 1439 Rursus
3276 1392 3492 1454 poterat
3520 1383 3657 1437 alius

2084 1475 2296 1532 causari
2345 1485 2400 1531 et
2446 1476 2653 1531 dicere:
2696 1475 3019 1545 Paupertate
3048 1474 3377 1545 prohibeor,
3429 1474 3659 1532 tenuitas

2086 1583 2173 1624 me
2200 1568 2398 1624 retinet
2427 1578 2485 1623 ut
2528 1568 2808 1637 hospitalis
2843 1582 2964 1623 esse
2993 1583 3099 1623 non
3144 1556 3365 1637 possim.
3432 1567 3501 1621 Et
3524 1566 3661 1620 hanc

2084 1658 2486 1715 excusationem
2513 1658 2785 1713 levissimo
2810 1666 3079 1729 praecepto
3104 1656 3319 1722 delevit,
3356 1664 3419 1710 ut
3436 1656 3660 1712 calicem

405 1768 682 1838 propheta:
722 1767 967 1836 recipiet,
1017 1767 1143 1836 quia
1182 1766 1285 1821 etsi
1321 1764 1513 1834 spiritu
1542 1763 1837 1833 pr0phetite
1863 1761 1976 1831 ple-

2099 1764 2233 1819 tqua:
2254 1746 2461 1820 frigida:
2485 1757 2597 1805 toto
2616 1749 2798 1804 animo
2821 1750 3172 1819 porrigamus.
3197 1747 3448 1825 Frigida,
3464 1747 3659 1816 inquit,

406 1872 507 1911 nus
553 1856 805 1921 nonfuit,
855 1857 959 1911 hoc
1009 1864 1191 1910 tamen
1217 1866 1345 1909 ante
1370 1855 1465 1909 Dei
1513 1853 1698 1908 oculos
1741 1851 1986 1906 exhibuit

404 1948 552 2015 quod
579 1947 783 2002 audivit
806 1945 1076 2019 [adjuvit].
1106 1945 1374 2019 (Hierom)
1400 1944 1526 2001 Sive
1556 1944 1748 1999 aliter:
1775 1942 1875 2010 Qui
1907 1955 1988 1996 re-

407 2037 538 2107 cipit
580 2034 983 2107 prophetamut
1008 2038 1361 2112 prophetam,
1388 2045 1444 2090 ct
1483 2025 1734 2105 intelligit
1777 2048 1901 2087 eum
1924 2032 1989 2087 de

406 2127 605 2182 futuris
627 2126 955 2196 loquentem,
990 2126 1081 2182 hic
1108 2125 1414 2182 mercedem
1439 2125 1714 2195 propheta:
1743 2122 1985 2191 accipiet.

408 2218 775 2289 lgiturludaei,
803 2217 1095 2282 carnaliter
1117 2216 1475 2288 intelligcntes
1505 2215 1815 2285 prophetas,
1850 2227 1991 2266 mer-

406 2308 595 2362 cedem
645 2322 751 2361 non
802 2308 1068 2377 accipient
1095 2308 1500 2377 prophetarum.
1543 2305 1677 2358 [tem
1703 2304 1897 2377 aliter;
1931 2302 1989 2356 in

410 2400 555 2452 omni
585 2398 919 2468 professione
948 2400 1214 2453 zizanium
1255 2399 1474 2453 mistum
1502 2404 1587 2451 est
1613 2396 1810 2451 tritico.
1848 2394 1993 2450 Prae-

414 2478 637 2543 miserat
662 2506 674 2540 :
710 2488 813 2553 Qui
840 2490 1017 2559 recipit
1046 2505 1151 2553 vos,
1174 2506 1255 2542 me
1277 2489 1484 2558 recipit;
1511 2498 1557 2541 et
1581 2489 1669 2558 qui
1695 2505 1773 2541 me
1793 2488 1990 2557 recipit,

414 2581 591 2647 recipit
614 2596 730 2632 eum
751 2580 838 2648 qui
862 2596 941 2637 me
971 2580 1132 2633 misit.
1165 2578 1245 2632 Ad
1289 2578 1684 2647 susceptionem
1715 2579 1995 2648 magistro-

416 2657 533 2724 rum
584 2671 873 2739 discipulos
917 2678 1320 2741 provoeaverat.
1361 2668 1579 2727 Poterat
1619 2684 1741 2725 esse
1784 2669 1994 2723 occulta

416 2764 752 2819 credentium
784 2759 1096 2832 responsio:
1128 2762 1267 2832 Ergo
1307 2769 1362 2816 et
1402 2761 1899 2831 pseudoprophetas
1941 2771 1997 2815 et

412 2857 607 2911 ludam
629 2855 958 2926 proditorem
988 2854 1243 2909 debemus
1272 2854 1546 2925 suscipere
1585 2862 1640 2908 et
1680 2854 1786 2907 illis
1811 2854 1999 2907 alimo-

419 2943 563 2997 niam
592 2943 920 3021 ministrare.
965 2942 1078 2996 Hoc
1117 2944 1376 2999 Dominus
1418 2951 1544 3019 ante
1588 2958 1888 3011 procurans
1920 2942 2001 2997 dir

415 3038 491 3090 cit
519 3051 623 3089 non
662 3049 923 3105 personas
952 3033 1326 3106 suscipiendas
1355 3049 1506 3098 esse,
1539 3033 1631 3088 sed
1659 3034 1900 3098 nomina,
1946 3049 2000 3088 et

2086 1855 2263 1912 aquae,
2293 1846 2350 1897 et
2374 1839 2713 1911 non'calidap,
2755 1854 2825 1894 ne
2865 1848 2920 1895 et
2954 1838 3009 1893 in
3038 1837 3215 1894 calida
3240 1837 3581 1907 paupertatis
3606 1845 3660 1891 et
3876 1878 3877 1912 1

2086 1906 2278 2002 inopia:
2326 1929 2592 2002 lignorum
2638 1906 2850 1984 occasio
2892 1906 3254 1998 quaereretur;
3293 1906 3426 1980 Tale
3448 1924 3580 1995 quid
3606 1934 3661 1980 et
3876 1906 3877 1991 ]

2085 2018 2391 2090 Apostolus,
2433 2018 2571 2073 sicut
2599 2027 2723 2072 ante
2758 2018 2870 2088 jam
2905 2017 3162 2081 diximus,
3190 2015 3257 2071 ad
3286 2014 3502 2072 Galatas
3525 2028 3661 2084 pra:-

2086 2111 2231 2180 cepit
2265 2126 2277 2161 :
2310 2107 2663 2163 Communicet
2692 2117 2889 2173 autem,
2918 2107 3127 2175 inquit,
3165 2105 3211 2159 is
3257 2105 3347 2176 qui
3374 2103 3662 2157 catccltizu-

2091 2209 2177 2252 tur
2203 2200 2250 2252 ei
2279 2200 2368 2269 qui
2410 2215 2464 2251 se
2499 2198 2785 2250 ctttccliizat
2828 2197 2883 2249 in
2923 2195 3159 2249 omnibus
3209 2194 3354 2248 bonis
3385 2189 3530 2263 (Gal.
3569 2193 3663 2260 v1),

2090 2297 2145 2343 et
2180 2288 2470 2358 discipulos
2498 2289 2563 2342 ad
2595 2288 2976 2357 magistrorum
3017 2284 3301 2356 refrigeria
3329 2284 3663 2339 cohortatur.

2091 2378 2160 2433 Et
2187 2378 2312 2448 quia
2351 2386 2561 2448 poterat
2588 2378 2813 2446 quilibet
2860 2376 3151 2431 obtendere
3187 2382 3586 2446 paupertatem,
3614 2381 3666 2427 et

2094 2478 2415 2541 praeceptum
2445 2468 2679 2531 eludere,
2713 2468 3024 2537 priusquam
3044 2465 3138 2529 ille
3168 2472 3454 2535 proponat,
3484 2463 3667 2517 immi-

2093 2569 2309 2614 nentem
2357 2559 2517 2613 solvit
2566 2559 2934 2627 qumstionem,
2985 2556 3216 2611 dicens:
3269 2554 3447 2608 Nolite
3471 2570 3668 2617 errare,
3730 2598 3737 2603 .

2095 2649 2235 2702 Deus
2262 2665 2365 2702 non
2393 2647 2661 2711 irridetur.
2720 2646 2849 2711 Qua:
2872 2655 3043 2699 autem
3072 2643 3593 2707 seminaria-illlam,
3621 2651 3666 2696 et

2095 2748 2253 2792 metet
2288 2736 2496 2808 (Ibid.).
2534 2736 2599 2790 Et
2630 2746 2713 2790 est
2757 2750 2948 2791 sensus
2991 2752 3004 2788 :
3042 2735 3266 2789 Frustra
3302 2734 3545 2789 causaris
3590 2734 3669 2787 in-
3714 2734 3717 2735 ⁷

2095 2830 2298 2899 cpiam,
2328 2844 2450 2884 cum
2489 2829 2632 2884 aliud
2681 2821 3235 2884 habeat'couscientia
3264 2845 3278 2881 :
3309 2835 3366 2883 ct
3392 2840 3479 2881 me
3520 2834 3670 2897 potes

2098 2920 2286 2975 fallere
2313 2921 2707 2985 cohortantem,
2745 2919 2839 2974 sed
2869 2919 2983 2975 scio
3016 2920 3157 2989 quod
3199 2926 3669 2989 quantumcunque

2100 3011 2471 3077 seminaveris,
2504 3018 2709 3066 tantum
2752 3021 2809 3065 et
2838 3017 3115 3067 messurus
3140 3026 3217 3065 es.

416 3126 725 3180 mercedem
764 3140 869 3179 non
894 3126 1122 3195 perdere
1166 3125 1556 3194 suscipientes,
1598 3124 1725 3179 licet
1751 3125 1998 3195 indignus

2173 3102 2304 3157 Nam
2333 3102 2455 3171 quia
2482 3101 2655 3156 ﬁnivit
2683 3101 3021 3173 Evangelista
3042 3101 3146 3157 hoc
3166 3102 3221 3156 in
3252 3100 3371 3156 loco
3397 3113 3670 3155 sermones

422 3216 586 3271 tuerit
614 3215 706 3284 qui
744 3224 1023 3284 susceptus
1059 3216 1155 3272 sit.

496 3305 562 3357 Et
595 3305 887 3375 quicunque
918 3313 1092 3373 potum
1136 3303 1335 3358 dederit
1386 3305 1572 3359 unica:
1615 3305 1842 3359 minimis
1866 3304 1999 3368 istis,

421 3394 636 3448 calicem
664 3409 812 3463 aqurc
856 3393 1064 3463 frigida:
1096 3402 1299 3448 tantum
1321 3433 1336 3459 ,
1393 3393 1448 3447 in
1494 3395 1699 3447 nomine
1735 3392 2001 3461 discipuli,

2107 3194 2350 3258 Domini,
2398 3209 2532 3262 quos
2554 3208 2705 3249 cum-
2724 3192 2980 3263 apostolis
3012 3193 3237 3257 habuit,
3274 3191 3435 3246 simul
3478 3200 3536 3244 et
3580 3203 3671 3243 nos

2108 3282 2251 3335 hunc
2280 3282 2475 3335 librum
2507 3282 2752 3337 ﬁnientes
2773 3298 2894 3338 cum
2919 3282 3029 3347 illo,
3073 3282 3217 3337 aliud
3240 3282 3453 3335 initium
3475 3295 3661 3335 sermo-

2110 3388 2238 3428 num
2276 3382 2330 3427 et
2366 3372 2629 3428 factorum
2655 3373 2770 3442 ejus
2805 3374 2858 3428 in
2888 3374 3129 3443 sequenti
3151 3372 3288 3428 libro
3310 3386 3606 3428 sumamus.

3416 3533 3660 3554 μ

1601 3654 1905 3734 LIBER
1968 3656 2466 3748 QUARTUS.

1043 3938 1269 3997 CAPUT
1303 3938 1389 3992 Xl.

432 4054 463 4111 Ι
468 4074 555 4109 esu
581 4054 764 4125 legatis
795 4054 858 4105 ab
883 4051 1087 4105 Joanne
1113 4052 1284 4125 missis
1307 4051 1600 4125 respondet,
1619 4052 1683 4105 de
1712 4069 1869 4125 eoque
1899 4065 2011 4106 tur-

417 4183 419 4185 ,
503 4127 593 4178 bus
618 4121 763 4176 docet
789 4139 805 4175 :
833 4122 1317 4191 increpat_civitalcs
1337 4136 1455 4191 qua:
1480 4121 1687 4174 credere
1708 4121 2005 4190 noluerunt.

504 4193 772 4262 Confessio
819 4191 935 4260 ejus
964 4188 1033 4244 ad
1061 4188 1294 4256 Patrem,
1343 4188 1476 4243 etde
1514 4191 1629 4261 ejus
1660 4188 1792 4262 ju'go
1836 4195 2005 4259 suavi,

501 4274 606 4317 CiC.

504 4396 638 4451 Cum
688 4404 867 4449 autem
921 4408 1196 4449 sermones
1239 4393 1450 4450 Domini
1510 4396 1576 4451 de
1626 4368 2086 4463 convocationeD

438 4487 799 4555 apostolorum
826 4493 881 4540 et
905 4484 971 4539 de
1000 4485 1355 4540 instructione
1390 4500 1577 4541 eorum
1606 4486 1886 4542 Matthazus
1916 4504 2009 4542 ex-

437 4576 730 4645 plicuisset,
768 4576 919 4644 quasi
948 4576 1015 4629 ad
1038 4574 1141 4628 alia
1170 4576 1563 4646 transmigrans
1592 4577 1669 4632 sic
1691 4577 2011 4633 subsecutus

438 4676 540 4730 est,
572 4666 759 4719 dicens
782 4683 794 4715 τ

511 4754 599 4827 [1.]
625 4755 919 4823 «Ιζιιίασιυηι
958 4765 1031 4808 est
1057 4772 1174 4809 cum
1201 4768 1599 4811 consummasset
1635 4757 1812 4823 Iesus,
1831 4760 2015 4828 prteci-

440 4849 584 4917 piens
612 4846 883 4900 duodecim
912 4846 1181 4916 discipulis
1211 4848 1340 4911 suis,
1369 4849 1574 4901 transiit
1592 4848 1710 4901 inde
1736 4857 1791 4900 ut
1810 4849 2013 4901 doceret

443 4940 496 4989 in
518 4936 805 4990 civitatibus
827 4952 1025 4989 eorum.
1079 4935 1463 4990 Rememorans
1488 4937 1651 5005 igitur
1686 4935 2015 5003 evangelista

445 5027 610 5079 illlum
641 5027 822 5079 locum
846 5026 897 5078 in
948 5040 1054 5093 quo
1082 5025 1340 5078 Dominus
1371 5024 1439 5076 ad
1480 5024 1769 5092 discipulos
1788 5038 1914 5077 suos
1936 5023 2015 5076 di-

446 5118 523 5170 xit
555 5134 567 5168 :
605 5115 789 5170 Messis
824 5115 1030 5183 quidem
1060 5115 1245 5178 multa,
1298 5114 1526 5185 operarii
1538 5129 1662 5169 vero
1708 5115 1880 5181 pauci.
1908 5111 2016 5165 Ro-

445 5216 562 5275 gate
604 5190 885 5258 Dominum
914 5206 1091 5255 messis
1132 5214 1188 5256 ut
1222 5205 1389 5256 mittat
1414 5204 1680 5271 operarios
1722 5204 1775 5255 in
1805 5218 2017 5257 messem

446 5311 619 5359 suam,
666 5309 833 5362 usque
864 5294 929 5345 ad
974 5292 1099 5345 illud
1131 5294 1217 5346 ubi
1255 5294 1363 5348 ait:
1411 5293 1525 5345 llos
1558 5294 1831 5346 duodecim
1880 5296 2036 5348 misit.

444 5388 622 5444 Jesus.
657 5387 956 5455 prwcipiens
980 5386 1053 5437 eis
1093 5395 1139 5437 et
1180 5384 1353 5439 dicens
1382 5400 1398 5437 :
1447 5386 1514 5439 In
1547 5387 1679 5439 viam
1704 5388 1933 5455 gentium
1960 5403 2021 5438 ne

444 5480 678 5533 abierilis
704 5487 749 5532 et
789 5480 841 5530 in
875 5478 1105 5531 civitates
1159 5478 1617 5533 Samaritanorum
1647 5496 1709 5532 ne
1750 5480 2023 5532 intraveri-

449 5570 514 5622 tis
543 5583 559 5619 :
585 5569 673 5621 sed
693 5572 863 5639 potius
890 5570 956 5623 ite
977 5569 1046 5622 ad
1066 5586 1179 5623 oves
1203 5584 1320 5639 qua:
1339 5569 1597 5636 perierunt
1625 5569 1808 5623 domus
1826 5568 2017 5635 Israel,

452 5662 676 5712 ostendit
726 5662 893 5729 ipsum
938 5660 1217 5714 Dominum
1268 5660 1321 5713 id
1350 5658 1505 5712 factis
1537 5667 1593 5711 ut
1633 5661 1828 5713 bonum
1860 5662 2023 5728 magi-

2081 5583 2084 5586 ’
2125 5573 2271 5641 quasi
2304 5573 2552 5640 ignorans
2585 5574 2902 5640 interrogat;
2949 5572 3059 5637 ipse
3094 5569 3235 5621 enim
3279 5567 3487 5622 caeteris
3532 5566 3686 5633 ignué

2113 3952 2281 3997 strum
2311 3943 2547 4012 implere,
2601 3946 2741 4015 quod
2769 3961 2890 4001 eum
2921 3956 3127 4003 constat
3163 3946 3342 4004 verbis
3373 3958 3503 4005 ante
3529 3967 3679 4008 man-

2113 4034 2287 4087 dasse.
2326 4033 2559 4089 Transiit
2587 4051 2713 4107 ergo
2742 4047 2796 4091 et
2825 4038 3135 4107 praedicavit
3180 4039 3232 4093 in
3260 4040 3567 4096 civitatibus
3587 4041 3682 4097 Ju-

2112 4123 2371 4188 darorum,
2414 4134 2473 4179 ut
2524 4125 2602 4180 eis
2634 4127 2968 4182 occasionem
3013 4127 3345 4184 credulitatis
3371 4129 3677 4197 tribueret;

2110 4214 2233 4268 etsi
2277 4214 2511 4268 oblatum
2547 4230 2740 4269 munus
2764 4231 3007 4286 superna;
3038 4218 3223 4288 gratias
3259 4220 3509 4289 nequiter
3534 4235 3683 4290 sper.

2112 4309 2320 4367 nerant,
2346 4302 2733 4358 inexcusabiles
2762 4302 2958 4370 forent,
3004 4306 3126 4374 quia
3154 4307 3294 4375 quod
3319 4306 3461 4363 Deus
3486 4322 3677 4363 eorum

2111 4390 2375 4460 promisit,
2402 4391 2667 4446 veraciter
2690 4392 2944 4462 implevit,
2993 4395 3212 4449 mittens
3231 4394 3310 4449 eis
3332 4393 3679 4466 Unigenituut

2112 4498 2268 4538 suum
2312 4484 2631 4539 salvatorem
2667 4493 2723 4539 et
2760 4479 3229 4557 prepugnatorem,
3280 4487 3373 4556 qui
3428 4486 3681 4541 liberaret
3876 4516 3877 4587 ι

2112 4592 2206 4630 eos
2231 4596 2244 4629 :
2290 4575 2617 4646 Prop/ictam,
2647 4577 2913 4643 videlicet,
2934 4578 3008 4632 eis
3029 4577 3307 4643 suscitans,
3344 4578 3407 4632 de
3428 4578 3682 4647 fratribus

2116 4668 2220 4701 sui.
2245 4682 2402 4701 nnnm
2438 4667 2705 4701 Innicltnnn
2730 4669 2807 4701 οἶα
2838 4669 3076 4701 “nn-uicis
3112 4668 3270 4701 ('Imel
3318 4668 3472 4701 vunnl\
3524 4668 3583 4701 ῐιἺ
3607 4669 3680 4701 ιιι.

2112 4668 2220 4721 suis
2245 4682 2405 4736 quem
2435 4667 2705 4737 legislator
2730 4669 2810 4723 eis
2838 4669 3081 4738 promisit
3112 4668 3291 4741 (Deut.
3318 4668 3493 4739 xvm).
3523 4668 3590 4722 Et
3606 4669 3680 4723 ob

2114 4760 2217 4813 hoc
2272 4759 2471 4813 eisdem
2530 4759 2710 4814 evenit
2766 4761 2907 4828 quod
2958 4760 3097 4814 idem
3160 4758 3343 4830 legifer
3392 4759 3680 4829 pradixit:

2114 4848 2257 4916 quod
2282 4846 2374 4916 qui
2401 4848 2713 4918 prophetam
2739 4848 2887 4902 illum
2923 4849 3108 4903 audire
3150 4859 3204 4903 et
3229 4850 3467 4919 recipere
3492 4847 3677 4912 nollet,

2070 4961 2075 4966 ’
2116 4939 2566 4992 exterminaretur
2606 4940 2780 4992 anima
2828 4940 2947 5008 ejus
2973 4940 3038 4993 de
3063 4938 3269 5008 populis
3299 4940 3430 4992 suis.
3471 4938 3681 5007 Ipsique

2118 5038 2364 5084 auctores
2388 5038 2441 5083 et
2483 5038 2641 5084 testes
2694 5031 3005 5098 perditionis
3047 5046 3156 5083 sua:
3198 5030 3319 5099 jure
3340 5030 3681 5091 exstiterant,

2117 5121 2242 5189 quia
2273 5130 2481 5189 tempus
2509 5120 2831 5174 visitationis
2870 5135 2980 5173 sua:
3013 5120 3287 5172 attendere
3312 5118 3677 5189 neglexerant.

2119 5212 2373 5280 Sequitur
2394 5220 2510 5280 post
2539 5212 2652 5265 hmo
2677 5211 3000 5282 evangelista
3022 5220 3075 5264 et
3100 5210 3229 5265 dicit
3257 5227 3269 5261 ;

2189 5301 2421 5355 Joannes
2442 5312 2613 5355 autem
2636 5318 2753 5354 cum
2779 5302 3003 5354 audisset
3041 5304 3095 5353 in
3122 5301 3338 5353 vinculis
3358 5315 3514 5367 opera
3535 5297 3686 5351 Citri-
3710 5328 3711 5331 η

2121 5394 2211 5457 sti,
2236 5393 2439 5445 mittens
2465 5391 2595 5444 duos
2624 5391 2688 5443 de
2711 5390 2978 5459 discipulis
3005 5392 3133 5453 suis,
3163 5391 3236 5442 ait
3264 5388 3383 5440 illi:
3419 5386 3495 5439 Tu
3516 5403 3569 5439 cs
3591 5387 3683 5455 qui

2126 5494 2367 5536 venturus
2394 5500 2477 5543 es,
2512 5499 2579 5535 an
2610 5481 2770 5535 alium
2812 5480 3211 5550 exspectamus?
3248 5476 3515 5548 (Πίθωνι.)
3564 5475 3684 5529 Non

2126 5654 2364 5714 rantibus
2396 5660 2742 5723 demonstrat,
2779 5660 2961 5713 dicens
2987 5676 2997 5709 :
3036 5656 3167 5710 Ecce
3191 5658 3368 5725 Agnus
3398 5655 3491 5708 Dei
3510 5693 3524 5719 ,
3567 5668 3682 5707 erce

3596 5930 3878 6280 ...Δ
