3938 6392
202 398 305 453 909

1176 392 1537 449 ΕΟΜΜΕΝΤ.
1576 392 1641 446 ΙΝ
1680 392 2111 450 ΜΛΤἸῊΛΕΠΜ.
2152 425 2223 434 -
2256 395 2382 449 LIB.
2424 393 2502 450 IV.

3318 394 3420 450 θιυ

202 509 291 579 qui
331 504 459 561 tollit
482 512 692 575 peccata
715 501 894 555 mundi
931 500 1108 571 (Joan.
1134 509 1172 569 ι)
1206 516 1220 565 ;
1272 507 1327 567 et
1362 499 1537 553 Patris
1573 514 1757 554 vocem
1785 504 1837 562 Α
1861 503 2171 567 veritatem,
2215 504 2426 573 quando
2453 503 2629 559 omnis
2666 504 2802 574 apud
2827 519 2948 559 cum
2985 504 3073 573 qui
3100 503 3293 558 salvari
3324 520 3421 575 po—

205 601 495 657 intonantis
525 598 769 651 audierat
794 610 808 648 :
844 594 942 649 Hic
967 604 1041 647 est
1070 591 1240 647 Fifius
1271 608 1415 645 meus
1443 590 1679 659 dilectus,
1709 590 1765 644 in

201 710 302 764 quo
330 691 455 744 milii
491 686 777 759 complacui
808 685 1022 757 (Matth.
1052 681 1131 753 Ill)
1161 700 1176 749 ;
1230 680 1768 764 sedquomodoSal-

204 760 361 839 vator
384 783 677 852 interrogat
711 780 797 833 ubi
838 778 908 832 sit
931 776 1136 847 positus
1170 774 1425 841 Lazarus,
1474 784 1533 827 ut
1564 760 1655 842 qui
1690 772 1768 827 lo-

205 895 329 933 cum
378 875 606 946 sepulcri
636 874 979 939 indicabant,
1029 872 1214 927 saltem
1242 872 1320 927 sic
1346 878 1666 940 pararentur
1701 869 1768 923 ad

207 968 388 1032 ﬁdem,
439 976 493 1021 et
540 965 782 1019 viderent
811 969 1080 1016 mortuum
1127 969 1545 1029 resurgentem:
1592 958 1672 1014 sic
1717 964 1789 1011 et‘

204 1060 440 1117 Joannes
488 1057 882 1135 interficiendos
933 1058 1001 1112 ab
1034 1053 1599 1135 Herode,_discipulos
1646 1069 1773 1110 suos

207 1153 374 1207 mittit
401 1152 466 1206 ad
501 1132 793 1215 Christum,
843 1157 902 1202 ut
929 1163 1027 1218 per
1052 1148 1191 1201 hanc
1215 1132 1555 1201 occasionem
1589 1145 1773 1200 viden-

207 1254 293 1300 tes
314 1246 465 1316 signa
491 1254 651 1315 atque
679 1245 924 1308 virtutes,
956 1243 1237 1297 crederent
1261 1240 1315 1294 in
1345 1254 1485 1301 eum,
1515 1246 1571 1293 et
1608 1238 1775 1309 magi-

208 1345 323 1389 stro
339 1336 720 1406 interrogante,
737 1333 834 1387 sibi
852 1334 1141 1387 discerent.
1158 1328 1385 1403 (Hilar.)
1401 1328 1543 1383 Misit
1562 1344 1775 1399 quoque

208 1425 276 1478 ad
296 1426 603 1490 Dominum,
645 1432 703 1478 ut
725 1422 1095 1477 auctoritatem
1118 1421 1275 1476 dictis
1310 1420 1424 1475 suis
1443 1420 1584 1474 illius
1613 1434 1776 1488 opera

206 1514 542 1580 conferrent,
580 1529 647 1568 ne
674 1513 921 1569 Christus
949 1512 1084 1567 alius
1130 1519 1568 1583 exspectaretur,
1616 1524 1779 1579 quam

207 1606 295 1661 cui
323 1605 685 1660 testimonium
715 1620 879 1679 opera
919 1594 1311 1674 pralstitisscnt.
1366 1601 1472 1658 Sed
1510 1600 1779 1671 praebetur

210 1695 262 1749 in
290 1694 378 1749 his
407 1708 527 1764 quae
549 1709 580 1747 a
604 1692 809 1749 Joanne
830 1703 977 1765 gesta
999 1702 1123 1750 sunt
1143 1692 1493 1764 intelligentia
1518 1690 1773 1765 amplior;

208 1798 265 1841 et
298 1801 423 1842 cum
455 1784 579 1840 facti
607 1784 906 1851 efﬁcientia,
940 1786 1111 1855 gratia
1136 1785 1191 1839 in
1229 1799 1293 1840 eo
1320 1798 1575 1854 expressa
1609 1782 1777 1838 senti-

1869 600 1973 646 test
1992 592 2211 660 arqualis
2238 601 2337 647 est.
2365 593 2515 661 Quod
2545 603 2721 648 autem
2754 594 2827 647 ait
2853 609 2866 649 :
2900 592 2968 646 Et
3000 593 3176 647 beatus
3206 593 3295 664 qui
3324 609 3427 649 non

1868 683 2024 752 fuerit
2075 683 2460 738 scandalizatus
2499 685 2553 738 in
2602 701 2701 749 me,
2746 675 3204 740 interim'nuntios
3240 683 3430 756 [inter-

1870 772 2107 847 nuntios]
2154 775 2428 844 percutit,
2468 776 2604 830 sicut
2638 776 2691 829 in
2734 774 3182 845 consequentibus
3209 775 3429 833 demon-

1872 869 2146 924 strabitur.

1941 959 2257 1013 Abeuntibus
2284 969 2456 1013 autem
2489 958 2617 1023 illis,
2663 959 2805 1027 erupit
2837 958 2989 1013 Jesus
3030 960 3199 1014 dicere
3225 960 3293 1014 ad
3316 967 3433 1015 tur-

1874 1050 1963 1105 bas
2014 1051 2076 1104 de
2116 1052 2320 1106 Joanne
2347 1064 2367 1102 :
2419 1050 2559 1116 Quid
2605 1051 2781 1103 existis
2819 1052 2874 1103 in
2920 1051 3174 1105 desertum
3218 1050 3466 1110 viderer

1874 1140 2181 1195 arundinem
2211 1151 2357 1196 uento
2396 1142 2647 1211 agitatam
2671 1141 2694 1193 ?
2721 1139 2826 1212 Sed
2858 1140 2980 1211 quid
3022 1142 3197 1197 existis
3221 1142 3391 1199 videre
3414 1143 3440 1200 7

1875 1231 2130 1285 hominem
2174 1229 2416 1283 mollibus
2448 1229 2728 1283 vestitum?
2776 1228 2908 1283 Ecce
2953 1229 3042 1302 qui
3083 1225 3321 1288 mollibus
3351 1250 3436 1291 ue-

1875 1324 2107 1385 stiuntur
2128 1322 2183 1378 in
2217 1308 2452 1375 domibus
2482 1337 2654 1391 regum
2687 1330 2826 1377 sunt.
2860 1322 2916 1377 Si
2952 1323 3196 1391 superior
3223 1333 3441 1380 sentcn-

1875 1414 1951 1468 tia
1986 1421 2174 1489 contra
2212 1411 2475 1469 Joannem
2520 1411 2721 1481 prolata
2759 1412 2947 1481 fuerat,
2992 1423 3052 1469 ut
3075 1414 3314 1485 plerique
3358 1429 3446 1471 ar-

1877 1505 2169 1570 bitrantur,
2198 1504 2250 1559 in
2287 1518 2352 1561 eo
2378 1504 2519 1575 quod
2553 1504 2627 1558 ait
2657 1522 2671 1557 :
2702 1503 2894 1559 Beatus
2933 1516 3005 1560 est
3031 1507 3119 1574 qui
3159 1522 3259 1560 non
3288 1504 3446 1575 fuerit

1878 1594 2269 1660 scandalizatus
2310 1597 2364 1652 in
2389 1614 2467 1653 me
2492 1636 2507 1661 ,
2544 1597 2809 1668 quomodo
2842 1612 2983 1652 nunc
3025 1595 3258 1653 Joannes
3284 1597 3447 1653 tantis

1878 1686 2126 1743 laudibus
2168 1687 2530 1759 prtedicatur'l
2582 1686 2687 1743 Sed
2735 1687 2859 1756 quia
2902 1687 3057 1741 turba
3095 1688 3450 1743 circumstans

1881 1777 2317 1850 interrogationis
2356 1777 2669 1850 mysterium
2722 1777 3013 1842 nesciebat,
3048 1777 3118 1831 ita
3153 1785 3214 1831 ut
3238 1784 3452 1847 putaret

209 1886 332 1930 tur:
366 1883 428 1929 ut
446 1876 703 1946 propheta
735 1876 869 1947 ipse,
908 1875 1035 1947 ipso
1056 1888 1268 1946 quoque
1307 1872 1630 1929 conditionis
1673 1885 1783 1927 sum
1811 1863 1857 1923 Β
1883 1868 2144 1925 Joannem
2165 1869 2500 1925 dubitarevde
2525 1866 2756 1932 Christo,
2783 1883 2941 1939 quem
2972 1868 3084 1938 ipse
3122 1876 3452 1923 monstrave-

210 1971 409 2037 genere
434 1969 806 2038 prophetaret,‘
841 1966 965 2037 quia
996 1966 1050 2020 in
1075 1980 1141 2020 eo
1165 1963 1337 2020 forma
1358 1963 1492 2034 legis
1513 1962 1652 2018 elata
1681 1969 1783 2016 est.

209 2058 485 2113 Christum
507 2060 648 2113 enim
683 2058 767 2113 lex
790 2055 1147 2121 annuntiavit,
1180 2061 1235 2109 et
1266 2054 1633 2109 remissionem
1658 2047 1786 2121 pec-

211 2156 459 2203 catorum
479 2148 810 2219 praedicavit,
841 2155 898 2202 et
920 2160 1145 2217 regnum
1174 2143 1431 2200 cmlorum
1461 2141 1741 2212 spopondit
1768 2158 1798 2194 :.

209 2249 267 2295 et
293 2238 533 2294 Joannes
558 2239 660 2293 hoc
683 2252 818 2308 opus
840 2243 1012 2292 totum
1035 2234 1168 2305 legis
1195 2233 1453 2303 explevit.
1488 2231 1654 2304 Igitur
1671 2246 1788 2286 ces-

212 2340 372 2386 sante
394 2330 507 2401 jam
540 2329 675 2399 lege,
713 2340 835 2398 quae
861 2324 1099 2396 peccatis
1122 2322 1292 2394 plebis
1325 2325 1552 2389 inclusa,
1604 2330 1659 2377 et
1696 2335 1793 2391 po-

211 2422 327 2491 puli
357 2421 534 2475 viucta
554 2418 720 2484 vitiis,
763 2431 831 2473 ne
851 2415 1097 2475 Christus
1121 2423 1302 2489 posset
1325 2411 1568 2483 intelligi,
1598 2412 1785 2466 vincu-

214 2514 282 2568 lis
310 2522 367 2568 et
390 2526 608 2569 carcere
638 2510 1037 2573 continebatur.
1075 2508 1218 2583 Ergo
1246 2506 1314 2565 ad
1332 2501 1619 2575 Evangelia
1660 2514 1791 2555 con-

215 2604 420 2675 tuenda
441 2603 528 2663 lex
563 2606 748 2671 mittit,
782 2614 842 2660 ut
872 2602 1162 2660 infidelitas
1189 2603 1348 2660 ﬁdem
1368 2600 1630 2657 dictorum
1667 2604 1797 2655 con-

216 2698 512 2769 templetur
542 2698 597 2752 in
622 2695 815 2752 factis:
868 2703 923 2752 et
949 2694 1092 2765 quod
1118 2694 1258 2750 intra
1303 2708 1419 2749 eam
1448 2698 1792 2764 peccatorum

116 2846 117 2849 η
216 2788 415 2843 fraude
477 2788 547 2843 sit
597 2788 837 2842 vinctum
864 2826 880 2853 ,
928 2801 1025 2857 per
1071 2784 1481 2856 intelligentiam
1531 2780 1796 2839 libertatis

213 2878 552 2954 evangelicae
578 2876 826 2935 abluatur
853 2876 984 2949 [Αι.,
1016 2876 1363 2950 absolvatur].

293 2969 570 3049 [Hierom]
600 2968 751 3040 Quod
776 2975 955 3025 autem
983 2965 1323 3049 superbirent
1360 2962 1609 3037 discipuli
1638 2958 1799 3017 Joan-

216 3048 306 3123 nis
349 3048 607 3123 adversus
632 3064 949 3129 Dominum,
1000 3068 1054 3117 et
1081 3059 1341 3115 haberent
1364 3057 1568 3128 aliquid
1592 3053 1801 3112 morda-

1887 1970 1991 2029 rat,
2023 1970 2083 2017 ut
2123 1961 2481 2033 intelligerent
2516 1960 2776 2017 Joannem
2808 1975 2911 2015 non
2944 1959 3043 2015 sibi
3076 1960 3450 2032 interrogasse,

1887 2056 1981 2111 sed
2007 2055 2284 2127 discipulis
2307 2044 2440 2111 suis'.
2474 2054 2614 2121 Quid
2635 2055 2833 2121 existis,
2862 2054 3056 2124 inquit,
3082 2054 3135 2108 in
3160 2054 3416 2109 desertum
3432 2066 3451 2105 :

1888 2147 2127 2218 nunquid
2154 2148 2222 2204 ob
2247 2147 2351 2203 hoc
2375 2154 2436 2203 ut
2478 2146 2749 2204 hominem
2786 2146 3039 2201 videretis
3066 2145 3275 2201 calamo
3304 2144 3457 2201 simi-

1889 2239 2015 2306 lem,
2060 2239 2149 2311 qui
2170 2240 2316 2296 omni
2339 2248 2497 2296 vento
2530 2240 2926 2306 circumfertur,
2964 2246 3022 2295 ut
3056 2238 3271 2293 levitate
3306 2252 3455 2292 men-

1891 2330 1962 2385 tis
1996 2329 2061 2385 de
2079 2346 2149 2404 eo
2172 2330 2487 2402 ambigeret,
2523 2345 2682 2400 quem
2710 2337 2866 2384 antea
2914 2327 3338 2399 praedicaverat?
3374 2326 3456 2381 An

1893 2418 2118 2475 forsitan
2146 2420 2376 2477 stimulis
2405 2420 2616 2479 invidia:
2641 2427 2828 2481 contra
2853 2434 2940 2481 me
2967 2421 3206 2497 cogitur,
3232 2427 3289 2475 et
3324 2435 3464 2492 pra!-

1894 2511 2092 2567 dicatio
2120 2506 2236 2583 eju’s
2259 2527 2452 2573 vanam
2490 2526 2730 2576 sectatur
2753 2519 2999 2591 gloriam,
3037 2522 3095 2576 ut
3120 2529 3186 2576 ex
3230 2528 3296 2577 eo
3319 2527 3451 2591 qure-

1896 2613 1981 2664 rat
2021 2605 2213 2665 lucra?
2250 2606 2360 2665 Cur
2405 2609 2620 2666 divitias
2667 2612 2869 2683 cupiat,
2914 2621 2974 2668 ut
3002 2611 3184 2668 allluat
3215 2612 3460 2684 dapibus.

1894 2700 2141 2758 Locustis
2160 2699 2397 2758 vescitur
2436 2707 2492 2757 et
2515 2700 2671 2782 melle
2698 2702 2952 2759 silvestri.
3009 2703 3093 2759 An
3134 2711 3189 2759 ut
3211 2703 3461 2761 mollibus

1895 2790 2197 2873 vestiatur?
2232 2790 2332 2847 Pili
2351 2790 2679 2847 camelorum
2715 2799 2928 2861 tegmen
2957 2790 3071 2861 ejus
3101 2801 3242 2849 sunt.
3278 2792 3461 2849 Istius-

1896 2880 2040 2937 modi
2064 2880 2217 2937 cibus
2240 2888 2297 2938 et
2319 2880 2484 2937 vestis
2515 2880 2748 2938 carceris
2777 2881 3008 2952 hospitio
3034 2884 3382 2954 recipiuntur,
3409 2892 3465 2940 et

1896 2968 2217 3044 praedicatio,
2234 2973 2475 3029 veritatis
2497 2973 2606 3029 tale
2636 2973 2799 3029 habet
2822 2974 3205 3029 habitaculum.
3245 2974 3349 3043 Qui
3368 2989 3464 3031 au-

1901 3066 2015 3117 tem
2036 3061 2169 3118 falso
2186 3062 2481 3132 praedicant
2500 3061 2803 3118 adulatores
2828 3069 2972 3127 sunt,
2997 3050 3273 3118 sectantur
3291 3062 3460 3127 lucra,

212 3160 409 3217 citatis
447 3174 514 3215 ex
556 3156 725 3213 livore
746 3162 803 3211 et
843 3152 1064 3219 invidia,
1108 3149 1354 3222 superior
1380 3162 1593 3219 quoque
1629 3149 1795 3202 inlef-
1834 3222 1863 3227 _
1898 3155 2398 3227 qureruntdivitias,
2423 3162 2478 3211 et
2503 3154 2706 3211 deliciis
2732 3153 2971 3222 allluunt,
3018 3162 3072 3211 et
3105 3144 3355 3227 mollibus
3376 3168 3466 3212 ve-

210 3252 460 3324 pretatio
489 3233 895 3317 demonstravit,
920 3242 1260 3319 evangelista
1298 3240 1566 3308 referente
1599 3256 1615 3295 :
1649 3238 1791 3294 Tunc

1901 3222 2155 3314 stiuutur,
2199 3247 2368 3304 isti'in
2389 3247 2635 3303 domibus
2654 3262 2841 3320 regum
2861 3254 3004 3303 sunt.
3035 3226 3124 3303 Ex.
3143 3262 3248 3319 quo
3282 3254 3467 3304 osten-

211 3352 557 3401 accesserunt
585 3332 829 3410 discipuli
851 3338 1073 3395 Joannis
1112 3336 1337 3391 dicentes
1362 3333 1381 3385 ὲ
1428 3331 1605 3399 Quare
1630 3347 1726 3385 nos
1749 3339 1800 3386 et

214 3436 496 3492 Pharisaei
525 3435 829 3511 jejunamus
862 3416 1191 3503 frequenter,
1243 3424 1483 3495 discipuli
1510 3434 1685 3478 autem
1722 3423 1801 3477 tui

208 3546 328 3584 non
348 3523 644 3601 jejunum?
666 3523 732 3578 Et
756 3522 884 3577 alibi
911 3538 923 3575 :
959 3520 1229 3591 Magister,
1255 3516 1343 3572 cui
1373 3522 1431 3570 tu
1457 3513 1799 3568 testimonium

205 3619 501 3691 prabuisti
534 3617 604 3673 ad
631 3615 937 3679 Iordanem,
968 3629 1082 3668 ecce
1105 3610 1345 3682 discipuli
1370 3609 1484 3681 ejus
1502 3607 1800 3679 vltaptisant,

204 3720 261 3765 et
292 3710 481 3781 plures
504 3711 713 3765 veniunt
737 3707 806 3765 ad
827 3721 965 3764 eum.
1004 3702 1171 3773 Quasi
1209 3704 1444 3758 dixerint
1468 3720 1482 3756 :
1517 3702 1624 3757 Nos
1648 3698 1823 3756 dese-'

208 3803 421 3867 timur,
467 3802 555 3857 hic
589 3802 805 3869 raritas,
834 3808 890 3858 et
921 3799 993 3857 ad
1021 3796 1171 3857 illum
1200 3794 1359 3850 turba
1387 3794 1677 3849 concurrit.
1723 3792 1800 3846 Tu

200 3897 287 3959 es,
334 3892 535 3967 inquit,
564 3892 655 3962 qui
694 3902 940 3947 venturus
981 3910 1057 3958 es,
1102 3910 1171 3948 an
1208 3886 1373 3947 alium
1409 3884 1803 3959 exspectamus?

202 3984 337 4037 Non
375 3968 452 4036 ait
483 4001 495 4035 :
528 3982 605 4036 Tu
634 3998 694 4037 es
721 3983 811 4052 qui
836 3984 1051 4066 veni/sti,
1083 3985 1199 4050 sed,
1231 3985 1308 4038 Tu
1346 4003 1399 4040 es
1433 3982 1526 4057 qui
1553 3989 1801 4034 venturus

198 4092 285 4130 es.
324 4072 499 4140 Cujus
526 4073 804 4127 sententia:
836 4073 955 4128 talis
979 4088 1098 4129 esse
1125 4082 1301 4144 potest
1325 4075 1515 4131 sensus
1539 4092 1551 4128 :
1589 4068 1800 4134 Munda,

198 4166 426 4234 inquit,
485 4162 637 4228 mibi,
681 4162 809 4232 quia
861 4162 929 4215 ad
973 4161 1183 4217 inferna
1245 4162 1603 4218 descensurus
1657 4173 1797 4223 sum,

198 4265 409 4310 utrum
454 4262 506 4308 te
535 4261 588 4309 et
626 4252 812 4307 inferis
841 4252 1063 4307 debeam
1114 4254 1382 4318 nuntiare,
1426 4253 1518 4322 qui
1558 4250 1800 4305 nuntiavi

196 4332 439 4419 superis
466 4362 484 4402 :
518 4361 588 4399 an
616 4360 721 4401 non
754 4346 1036 4400 conveniat
1062 4344 1198 4399 Filio
1224 4344 1318 4399 Dei
1347 4353 1408 4398 ut
1434 4352 1615 4412 gustet
1658 4357 1802 4397 mor-

198 4452 352 4505 tem,
391 4448 447 4494 et
480 4439 642 4493 alium
671 4439 738 4493 ad
766 4439 879 4494 haec
900 4446 1233 4495 sacramenta
1261 4437 1524 4491 missurus
1557 4451 1637 4491 es.

278 4531 358 4585 Et
398 4528 709 4598 respondens
741 4527 895 4583 Iesus
924 4529 998 4582 ait
1043 4527 1149 4582 illis
1187 4544 1205 4581 :
1254 4524 1562 4580 Renuntiate
1605 4524 1801 4578 Joanni

1904 3341 2050 3397 ditur
2072 3338 2298 3410 rigidam
2328 3338 2491 3394 vitam
2516 3346 2571 3394 et
2606 3347 2876 3395 austeram
2916 3340 3354 3410 praedicationem
3381 3340 3463 3395 vi-

1903 3441 2020 3487 tare
2040 3432 2241 3489 debere
2264 3433 2416 3488 aulas
2461 3446 2669 3503 regum,
2715 3438 2770 3487 et
2795 3430 3035 3489 mollium
3064 3431 3341 3488 hominum
3368 3444 3467 3503 pa-

1901 3520 2029 3576 latia
2055 3522 2344 3589 declinare,
2376 3538 2499 3593 quae
2519 3510 2859 3595 frequentant
2878 3522 2967 3594 qui
2999 3522 3179 3594 bysso,
3214 3522 3392 3579 serico
3413 3531 3468 3576 et

1904 3612 2152 3668 mollibus
2179 3613 2499 3669 vestiuntur.

1976 3701 2080 3759 Sed
2128 3703 2253 3774 quid
2288 3704 2464 3759 existis
2502 3703 3090 3775 oidere.’prophetami
3132 3704 3310 3760 Etiam
3352 3704 3470 3759 diro

1904 3792 2044 3851 vobis
2082 3803 2133 3850 et
2173 3792 2449 3866 plusquam
2500 3794 2818 3865 prophetam.
2865 3792 2964 3862 Hic
2992 3803 3065 3848 est
3103 3794 3239 3848 enim
3273 3794 3337 3848 de
3366 3811 3469 3865 quo

1902 3888 2150 3956 scriptum
2188 3896 2302 3941 est:
2355 3882 2489 3940 Ecce
2526 3900 2618 3957 ego
2667 3884 2815 3938 mitto
2841 3881 3084 3953 angelum
3143 3899 3314 3937 meum
3351 3892 3471 3937 ante

1905 3976 2091 4048 faciem
2116 3986 2280 4043 tuam,
2303 3978 2392 4049 qui
2411 3976 2725 4050 praeparabit
2751 3975 2885 4035 viam
2911 3986 3058 4033 tuam
3079 3983 3199 4029 ante
3221 3983 3285 4029 te.
3310 3972 3367 4029 In
3404 3990 3470 4029 eo

1904 4067 2137 4124 Joannes
2155 4066 2432 4139 prophetis
2453 4070 2663 4125 caeteris
2688 4067 2859 4138 major
2877 4068 2997 4135 est,‘
3033 4074 3172 4142 quod
3201 4081 3363 4144 quem
3396 4065 3474 4132 illi

1904 4160 2324 4230 praedicaverant
2360 4176 2479 4217 esse
2497 4169 2799 4226 venturum,-
2840 4161 2929 4219 hic
2954 4163 3166 4220 venisse
3190 4164 3357 4236 digito
3385 4167 3468 4223 de-

1905 4248 2222 4304 monstravit
2251 4248 2468 4305 dicens:
2512 4250 2649 4305 Ecce
2690 4252 2868 4322 Agnus
2913 4251 3026 4318 Dei,
3068 4269 3181 4307 ecce
3214 4254 3305 4326 qui
3332 4253 3467 4309 tollit

1900 4346 2113 4411 peccata
2139 4338 2336 4393 mundi.
2374 4339 2440 4394 Et
2464 4340 2548 4395 cui
2588 4340 2652 4395 ad
2683 4340 2951 4413 fastigium
2973 4343 3284 4413 prophetale
3305 4346 3466 4401 etiam

1904 4432 2155 4501 Baptistae
2198 4431 2426 4486 accessit
2459 4431 2829 4503 privilegium,
2879 4442 2938 4487 ut
2980 4448 3135 4487 suum
3180 4434 3462 4490 Dominum

1904 4525 2217 4593 baptizaret,
2252 4523 2391 4578 unde
2425 4523 2587 4578 infert
2613 4523 2923 4579 meritorum
2957 4522 3211 4597 [αὔξησιν]
3242 4527 3470 4581 mentio-

188 4636 329 4690 qtae
355 4594 589 4671 audistis
614 4604 661 4670 εἰ
698 4617 916 4670 vidistis.
967 4615 1105 4670 chi
1138 4614 1306 4669 vident
1332 4655 1346 4677 ,
1400 4613 1575 4668 claudi
1614 4611 1797 4692 ambu-
1828 4594 1878 4651 D
1902 4632 2025 4673 nem
2047 4616 2209 4689 [Del.,
2257 4614 2601 4687 mentionem]
2629 4615 2833 4670 faciens
2859 4616 2924 4670 de
2948 4594 3210 4670 Malachia—
3231 4617 3468 4673 testimo-

190 4713 350 4775 lanl,
376 4707 572 4777 leprosi
597 4705 933 4769 mandantur,
966 4705 1112 4759 surdi
1140 4704 1381 4769 audiunt,
1410 4702 1601 4755 mortui
1624 4712 1799 4753 resur—

187 4807 375 4870 gunt,
432 4784 767 4865 et‘pauperes
803 4793 1251 4865 eoangelizantur,
1305 4801 1351 4845 et
1391 4791 1568 4845 beatus
1596 4799 1671 4843 est
1714 4789 1801 4859 qui

191 4907 313 4945 non
362 4886 533 4954 fuerit
562 4884 949 4939 scandalizatus
1002 4885 1057 4948 in
1101 4900 1199 4937 me.
1249 4880 1515 4955 (Ηὶενοη.)
1571 4880 1802 4936 Joannes

189 4982 659 5047 interrogaverat
703 4991 801 5045 per
851 4975 1177 5045 discipulos:
1226 4974 1385 5048 Tuges
1414 4974 1501 5043 qui
1554 4980 1798 5050 venturus

184 5089 273 5134 es,
348 5086 434 5122 an
476 5067 637 5120 alium
686 5065 1086 5135 exspectamus?
1118 5063 1362 5119 Christus
1399 5063 1548 5134 signa
1582 5063 1800 5116 demon-

187 5170 379 5223 strat,
418 5172 527 5210 non
549 5157 615 5210 ad
636 5171 697 5209 ea
730 5156 1059 5225 respondens
1080 5170 1196 5222 qua“:
1217 5156 1581 5224 interrogatus
1600 5153 1797 5219 fuerat,

184 5252 297 5309 sed
323 5249 409 5304 ad
447 5248 754 5301 scandalum
787 5247 1114 5300 nuntiorum.
1165 5244 1274 5310 Ite,
1322 5246 1514 5315 inquit,
1552 5256 1598 5299 et
1648 5247 1801 5299 dicite

179 5338 425 5397 λωιηηί
456 5337 607 5405 signa
650 5352 765 5405 qua:
795 5336 1033 5399 cernitis,
1067 5350 1238 5389 caecos
1264 5335 1528 5399 videntes,
1584 5334 1802 5388 claudos

180 5427 589 5487 ambulantes,
627 5432 757 5486 etc.,
783 5434 857 5487 et,
888 5425 1031 5493 quod
1064 5425 1149 5478 his
1178 5439 1283 5477 non
1330 5425 1505 5478 minus
1538 5434 1639 5487 est,
1671 5441 1802 5494 pau-

179 5534 372 5592 peres
414 5514 837 5584 cvangelizatos.
873 5514 968 5568 Vel
1005 5529 1267 5583 pauperes
1294 5514 1506 5583 spiritu,
1548 5516 1630 5568 vel
1655 5524 1801 5568 certe

178 5612 417 5685 Opibus
453 5621 733 5674 pauperes,
767 5615 827 5659 ut
855 5605 997 5659 nulla
1029 5606 1169 5659 inter
1197 5606 1403 5659 nobiles
1437 5613 1491 5659 et
1521 5606 1800 5674 ignobiles,

181 5714 354 5760 mter
393 5696 600 5751 divites
630 5703 681 5748 et
709 5711 901 5764 mgros,
932 5696 983 5748 in
1013 5695 1394 5764 praedicatione
1435 5695 1681 5748 distantia
1712 5698 1799 5749 sit.

179 5800 331 5853 lia-(2
370 5786 633 5855 magistri
659 5786 908 5855 rigorem,
942 5787 1053 5840 haec
1078 5785 1424 5854 praeceptoris
1452 5788 1805 5853 comprobant

1902 4708 2073 4771 nium,
2098 4708 2150 4760 in
2178 4721 2284 4775 quo
2311 4707 2471 4760 etiam
2497 4705 2714 4777 angelus
2738 4706 3058 4775 praedicatur
3084 4706 3340 4777 (Meliten.
3379 4708 3461 4780 ιι).

1900 4796 2161 4867 Angelum
2198 4804 2374 4849 autem
2400 4796 2487 4850 hic
2514 4795 2618 4849 dici
2662 4794 2921 4849 Joannem
2970 4810 3075 4850 non
3104 4805 3352 4866 putemus
3378 4815 3468 4855 na-

1903 4894 2037 4939 tura:
2059 4884 2332 4946 societate,
2363 4884 2455 4938 sed
2477 4882 2637 4937 ofﬁcii
2668 4882 2945 4953 dignitate,
2994 4883 3045 4938 id
3086 4891 3167 4938 est
3193 4885 3455 4948 nuntium,

1905 4976 2046 5045 quod
2083 4983 2365 5029 venturum
2410 4975 2578 5029 Deum
2608 4974 2989 5027 nuntiaverat.
3044 4969 3245 5045 (ϐυ-ες.)
3296 4974 3459 5031 Recte

1904 5083 2031 5137 ergo
2054 5068 2143 5136 qui
2172 5065 2416 5119 nuntiare
2444 5080 2729 5134 supernum
2751 5062 2985 5129 judicem
3022 5065 3269 5130 mittitur,
3302 5080 3465 5136 auge-

1907 5158 1986 5211 lus
2013 5166 2251 5220 vocatur,
2292 5166 2349 5209 ut
2377 5156 2686 5224 dignitatem
2722 5160 2899 5207 servet
2949 5154 3001 5207 in
3051 5154 3263 5209 nomine
3301 5170 3462 5226 quam

1905 5247 2083 5315 explet
2100 5245 2426 5316 operatione.
2459 5244 2635 5297 Altum
2662 5243 2875 5311 quidem
2900 5260 3090 5299 nomen
3111 5254 3219 5315 est,
3240 5246 3334 5304 sed
3356 5245 3465 5302 vita

1906 5336 2123 5389 nomine
2148 5334 2367 5390 inferior
2393 5349 2495 5387 non
2522 5340 2619 5388 est.
3250 5394 3255 5398 _

1973 5426 2133 5478 Amen
2158 5425 2273 5477 dico
2300 5424 2455 5487 vobis,
2484 5439 2587 5477 non
2607 5424 2829 5476 surrexit
2856 5424 2989 5477 inter
3011 5433 3160 5479 natos
3182 5426 3462 5482 mulierum

1904 5518 2075 5586 major
2094 5515 2570 5585 Joanne-Baptista.
2595 5516 2739 5571 Inter
2750 5517 3050 5580 mulierum,
3071 5519 3261 5587 inquit,
3286 5526 3459 5573 natos.

1907 5606 2000 5661 His
2042 5622 2170 5675 ergo
2212 5604 2491 5675 prcefertur
2542 5588 2844 5660 hominibus
2888 5607 2977 5674 qui
3043 5607 3109 5662 de
3150 5609 3463 5662 mulieribus

1908 5697 2015 5748 nati
2059 5705 2202 5759 sunt,
2234 5704 2287 5747 et
2316 5696 2381 5749 de
2415 5696 2698 5749 concubitu
2746 5696 2866 5759 viri,
2896 5705 2950 5749 et
2991 5712 3096 5750 non
3146 5699 3195 5750 ei
3241 5699 3330 5766 qui
3379 5704 3465 5752 c’st

1908 5796 2061 5841 natus
2087 5802 2149 5841 ex
2181 5787 2396 5854 Virgine
2428 5796 2481 5839 ct
2508 5785 2709 5853 Spiritu
2735 5798 2939 5840 sancto.
2973 5788 3284 5855 Quanquam
3317 5788 3368 5840 iu
3398 5804 3463 5843 eo
