3938 6332
410 258 621 346 ’.ιιι-

1010 331 1014 335 ς
1093 293 1153 346 Β.
1193 295 1444 349 ῐιᾹΒΛΜ
1487 298 1698 352 MAUliI
1738 299 2051 353 MtClllEP.
2092 300 2394 355 MUGUNT.
2436 299 2714 356 Ol’ERUM
2753 300 2927 355 PARS
2967 303 3002 354 Ι.
3566 308 3672 361 912

457 405 628 472 quod,
657 403 790 481 dixit
830 400 863 455 ε’
893 402 1011 456 Non
1063 405 1285 457 surrexit
1355 406 1485 457 inter
1527 416 1688 469 natos
1739 409 2011 460 mulierum
2043 406 2090 469 Α
2117 417 2368 460 :cternam
2412 407 2654 476 percipit,
2693 407 2844 475 quasi
2895 408 2948 461 in
2999 409 3171 463 locum
3217 421 3467 480 peccator
3511 413 3673 467 intrat

455 497 628 566 major
671 495 874 549 Joanne
927 491 1202 566 Baptista,
1256 511 1359 549 non
1431 497 1642 551 caeteris
1693 499 2012 566 prOphctis,

411 596 414 599 ’
452 588 773 658 patriarchis
804 589 1115 656 cunctisque
1144 587 1445 642 hominibus
1471 585 1736 642 Joannem
1761 589 2011 659 prmtulit,

455 677 550 732 sed
594 675 784 732 Joanni
841 684 1063 731 caeteros
1107 676 1404 744 exmquavit
1449 695 1461 729 :
1502 693 1607 732 non
1648 679 1792 730 enim
1835 679 2010 732 statim

429 767 717 837 sequitur,
748 767 868 820 utsi
893 765 979 819 alii
1025 763 1258 832 majores
1285 780 1349 819 eo
1377 781 1483 822 non
1531 777 1679 834 sunt,
1711 768 1799 821 ille
1845 767 2015 836 major

457 855 681 910 aliorum
710 855 780 909 sit
817 862 1150 919 cunctorum,
1178 860 1237 906 ut
1269 854 1628 923 mqualitatem
1653 869 1775 909 cum
1804 853 2013 909 caeteris

441 947 656 1002 sanctis
686 946 894 1000 haheat.
1566 963 1573 965 >

518 1035 629 1102 Ωιιὶ
649 1022 832 1087 autem
875 1033 1045 1088 minor
1067 1043 1139 1087 est
1179 1035 1230 1086 in
1266 1049 1419 1102 regno
1453 1031 1695 1107 caelorum
1720 1034 1893 1102 major
1933 1044 2011 1089 est

453 1122 749 1177 illo.'Multi
791 1122 857 1177 de
903 1110 1179 1177 salvatore
1226 1122 1325 1175 hoc
1364 1121 1588 1192 intelligi
1636 1121 1838 1187 volunt,
1870 1125 2011 1192 quod

452 1214 544 1283 qui
598 1208 773 1266 minor
805 1221 889 1266 est
947 1220 1207 1280 tempore,
1240 1203 1411 1280 major
1453 1211 1524 1264 sit
1571 1211 1848 1282 dignitate.
1903 1212 2011 1268 Nos

454 1313 632 1361 autem
663 1301 976 1371 simpliciter
1002 1299 1358 1369 intelligamus
1402 1300 1542 1368 quod
1569 1302 1744 1356 omnis
1794 1311 2012 1357 sanctus

424 1395 688 1466 ,ani.jam
736 1407 855 1447 cum
894 1391 1022 1444 .Deo
1075 1398 1178 1454 est,
1215 1387 1386 1456 major
1441 1390 1512 1442 sit
1566 1389 1656 1459 illo
1699 1391 1790 1459 qui
1838 1390 2012 1445 adhuc

450 1484 693 1542 consistit
719 1483 771 1536 in
795 1479 992 1552 praelia.
1024 1479 1179 1535 Aliud
1201 1489 1286 1533 est
1312 1478 1456 1532 enim
1488 1486 1743 1534 coronam
1771 1469 2012 1535 victoria:

422 1593 425 1597 ·
449 1573 751 1647 possidere,
787 1569 928 1626 aliud
957 1570 1131 1625 adhuc
1160 1570 1214 1624 in
1235 1555 1369 1623 Iacie
1417 1569 1696 1636 dimicare,
1723 1571 1845 1639 quia
1876 1570 2008 1643 [AI.,

414 1660 692 1734 quidam]
746 1659 1092 1714 novissimum
1146 1658 1394 1729 angelum
1459 1658 1513 1711 in
1573 1658 1728 1713 caelis
1784 1659 2010 1712 Domino

2118 497 2366 553 alienum.
2392 492 2657 566 (llieron.)
2683 495 2834 551 Unde
2856 497 2898 551 si
2926 498 3129 567 primus
3154 498 3406 565 Joannes,
3435 509 3494 554 ut
3511 516 3669 570 supra

2117 583 2385 648 diximus,
2427 585 2794 653 penitentiam
2842 586 3050 655 populis
3095 590 3387 653 nuntiavit,
3439 590 3668 644 dicens:

2116 673 2477 729 Pwnitcntiam
2521 679 2674 748 agite,
2704 681 3076 750 apprOpinquat
3099 688 3234 732 enim
3267 699 3475 752 regnum
3520 681 3669 737 caio-

2115 780 2254 827 rum,
2311 779 2700 837 consequenter
2737 785 2767 822 a
2814 770 3000 824 diebus
3027 770 3132 824 illis
3169 787 3378 839 regnum
3427 774 3668 827 caelorum

2112 852 2212 907 vim
2239 853 2458 922 patitur,
2485 866 2533 907 et
2580 857 2782 911 violenti
2837 859 3089 929 diripiunt
3138 859 3289 912 illud.
3318 860 3548 917 Grandis
3591 873 3670 918 est

2111 944 2255 999 enim
2304 945 2592 1010 violentia,
2647 947 2700 1002 in
2753 959 2894 1003 terra
2941 965 3038 1004 nos
3067 965 3209 1024 esse
3259 960 3576 1021 generatos,
3616 963 3672 1008 et

2113 1034 2372 1088 calorum
2415 1036 2596 1090 sedem
2641 1052 2913 1106 quaerere;
2956 1053 3052 1106 per
3099 1039 3351 1093 virtutem
3401 1042 3674 1109 possidere

2112 1125 2255 1196 quod
2283 1141 2390 1180 non
2419 1127 2687 1196 potuimus
2713 1128 2988 1196 possidere
3011 1143 3110 1198 per
3134 1140 3402 1184 naturam.

2184 1211 2374 1268 Omnes
2403 1216 2537 1268 enim
2587 1218 2867 1285 prophetae,
2891 1230 2938 1270 et
2967 1217 3050 1271 lex
3093 1235 3252 1288 usque
3298 1221 3370 1273 ad
3413 1221 3672 1279 Joannem

2113 1303 2562 1371 prOphetaverunt.
2615 1303 2729 1358 Non
2769 1306 2907 1374 quod
2955 1315 3075 1375 post
3119 1306 3379 1362 Joannem
3424 1308 3673 1361 excludat

2111 1392 2416 1460 prophetas.
2437 1393 2683 1463 Legimus
2709 1393 2761 1447 in
2781 1393 3002 1450 Actibus
3025 1395 3383 1466 apostolorum
3408 1396 3546 1468 (Act.
3573 1398 3670 1468 xl),

2111 1493 2166 1536 et
2201 1484 2443 1553 Agabum
2485 1485 2832 1554 prophetasse
2855 1527 2868 1550 ,
2894 1494 2948 1540 et
2973 1496 3201 1556 quatuor
3244 1488 3480 1559 virgines
3533 1487 3673 1542 ﬁlias

2108 1570 2369 1639 Philippi;
2418 1572 2510 1626 sed
2550 1588 2656 1641 quo
2700 1573 2786 1628 lex
2842 1581 2898 1628 et
2943 1576 3212 1643 propheta:
3261 1591 3396 1644 quos
3439 1577 3668 1646 scriptos

2111 1658 2352 1729 legimus,
2384 1660 2640 1730 quidquid
2666 1661 3117 1730 prophetaverunt
3139 1664 3202 1717 de
3228 1664 3456 1719 Domino
3483 1667 3667 1720 vatici-

413 1753 844 1808 .ministrantem
895 1748 1080 1803 volunt
1136 1746 1412 1802 meliorem
1473 1748 1718 1826 accipere
1772 1748 2013 1816 quolibet
2040 1739 2084 1797 Β
2113 1748 2220 1800 nati
2251 1757 2393 1802 sunt.
2423 1747 2644 1814 Quando
2680 1754 2806 1818 ergo
2850 1750 3066 1814 dicitur,
3091 1767 3265 1804 omnes
3317 1753 3580 1821 ρτοριιειω
3623 1763 3668 1806 et

364 1861 372 1872 ο
438 1837 986 1912 'primo'homine-qui
1013 1845 1260 1892 versatur
1293 1838 1346 1890 in
1380 1837 1559 1892 terris.

517 1931 799 1986 'A'diebue
851 1939 1022 1984 autem
1062 1928 1296 1984 Joannis
1351 1929 1606 1999 Baptistae
1659 1947 1820 2001 usque
1875 1947 2010 1984 nunc

453 2040 663 2096 regnum
710 2021 950 2077 calorum
999 2022 1100 2075 vim
1154 2021 1448 2092 patitur,et
1502 2020 1709 2077 violenti
1755 2021 2009 2092 diripiunt

448 2114 601 2184 illud.
629 2109 955 2184 (Hilar.)‘lre
976 2109 1230 2164 Dominus
1250 2109 1518 2179 apostolos
1537 2111 1603 2165 ad
1624 2125 1752 2166 oves
1770 2110 2010 2181 perditas

433 2183 615 2259 ’lsrael
637 2183 917 2270 jusserat:
957 2201 1099 2271 ipsos
1137 2200 1388 2254 constitui
1434 2187 1717 2269 oportebat
1742 2200 1796 2253 in
1823 2213 2010 2271 regno,

457 2301 512 2346 et
546 2293 598 2346 in
629 2290 877 2352 Abrahae,
907 2298 960 2344 et
1007 2288 1273 2352 in'1saac,
1303 2296 1357 2342 et
1396 2286 1562 2342 Jaoob
1603 2287 1824 2355 familia,
1851 2286 2013 2358 atque

459 2384 740 2451 agnatione
770 2379 1007 2434 retineri.
1039 2377 1144 2432 Sed
1161 2379 1336 2434 omnis
1362 2378 1477 2432 huic
1500 2377 1808 2447 praedicatio
1831 2377 2010 2448 profe-

402 2526 404 2528 τ
451 2476 594 2519 ctum
623 2467 924 2534 publicanis
970 2470 1022 2515 et
1060 2461 1435 2531 peccatoribus
1479 2464 1754 2520 afferebat.
1805 2467 1885 2520 Ex
1929 2468 2013 2522 his

455 2556 596 2610 cnim
619 2555 727 2624 jam
757 2554 1053 2619 credentes,
1080 2560 1133 2608 et
1157 2568 1221 2607 ex
1264 2553 1349 2609 his
1383 2553 1496 2622 jam
1543 2558 1788 2624 apostoli,
1825 2572 1891 2610 ex
1929 2557 2013 2610 his

446 2646 557 2715 jam
606 2658 825 2714 regnum
868 2642 1146 2696 caelorum.
1216 2642 1478 2699 Craterum
1513 2642 1722 2700 ‘Joanni
1787 2659 1818 2698 a
1861 2643 2014 2713 plebe

454 2752 560 2792 non
590 2733 843 2799 creditur,
869 2735 1240 2790 anetoritatem
1261 2728 1460 2789 Christi
1484 2749 1646 2805 opera
1669 2750 1777 2790 non
1803 2749 2015 2790 meren-

433 2835 561 2890 'tnr.,
609 2839 739 2879 crux
799 2822 982 2877 futura-
1034 2832 1149 2877 erat
1214 2823 1485 2878 seandalo.
1545 2822 1663 2877 Jam
1729 2824 2012 2894 prophetia

443 2920 644 2974 cessat,
698 2910 808 2980 jam
851 2912 933 2966 lex
979 2912 1260 2981 expletur,
1312 2911 1423 2978 jam
1480 2913 1785 2982 praedictum
1841 2913 2014 2968 omnis

448 3002 788 3068 excluditur,
846 3003 957 3073 jam
1019 3002 1147 3055 Elim
1213 3001 1432 3071 spiritus
1486 3003 1540 3055 in
1597 3001 1814 3056 Joannis
1878 3017 2008 3057 voce

448 3083 808 3162 premuntur.
833 3067 964 3145 Ᾰιίίε
985 3067 1588 3161 οιιιηίειιιέρττεάίςαιυτ,
1613 3091 1681 3145 ab
1708 3092 1826 3146 aliis
1846 3107 2006 3163 agno-
2035 3067 2080 3129 ο

451 3182 650 3245 scitur;
685 3181 803 3235 aliis
857 3172 1113 3258 nascitur,
1143 3181 1209 3234 ab
1257 3179 1376 3234 aliis
1430 3179 1686 3250 diligitur.
1734 3179 1829 3234 Sui
1883 3195 2007 3234 eum

451 3279 706 3341 respuunt
737 3316 752 3338 ,
790 3269 944 3324 alieni
1001 3270 1327 3340 suscipiunt;
1380 3270 1580 3339 proprii
1640 3269 2006 3332 insectantur,

456 3363 878 3434 complectuntur
904 3360 1123 3414 inimici.
1157 3359 1532 3413 Hrereditatem
1547 3358 1771 3426 vadOptio
1788 3356 2007 3425 expetit,

425 3452 652 3507 "familia
709 3448 896 3518 rcjicit.
943 3449 1343 3504 Testamentum
1391 3446 1485 3500 filii
1538 3438 1835 3514 repudiarit,
1869 3445 2043 3502 servi.

454 3548 856 3613 recognoscunt.
883 3540 1068 3609 Itaque
1107 3539 1212 3592 vim
1256 3553 1476 3607 regnum
1503 3537 1761 3591 caelorum
1787 3538 2007 3607 patitur,

454 3633 847 3701 inferentesque
874 3630 1129 3700 diripiunt
1158 3647 1171 3683 :
1197 3631 1322 3698 quia
1341 3621 1507 3697 gloria
1531 3628 1692 3682 Israel
1717 3644 1749 3683 a
1769 3630 2010 3699 patribus

454 3722 654 3784 debita,
685 3738 715 3774 a
738 3719 1012 3790 prophetis
1035 3719 1300 3784 nuntiata,
1332 3733 1362 3771 a
1409 3716 1624 3772 Christo
1678 3717 1879 3782 oblata,
1906 3716 2011 3789 fide

453 3816 687 3890 gentium
704 3819 991 3881 occupatur
1006 3819 1058 3866 et
1079 3810 1297 3879 rapitur.
1315 3809 1442 3862 Item
1459 3807 1640 3862 aliter:
1665 3807 2008 3874 quaerendum

448 3912 530 3958 est
554 3902 816 3971 quomodo
842 3900 1044 3969 perpeti
1089 3899 1196 3948 vim
1241 3911 1464 3964 regnum
1502 3894 1761 3948 caelorum
1811 3893 2012 3961 possit?

454 3996 583 4061 Quis
611 3993 750 4047 enim
778 3992 914 4041 coelo
943 3987 1247 4069 violentiam
1282 3986 1520 4054 irrogat?
1542 3985 1609 4038 Et
1633 3999 1817 4038 rursus
1860 3999 2008 4052 quaa-

451 4080 672 4135 reudum
702 4088 803 4141 est,
837 4079 882 4130 si
933 4078 1042 4148 pati
1087 4077 1194 4129 vim
1244 4091 1464 4145 regnum
1513 4075 1770 4128 caelorum
1814 4082 2008 4144 potest,

451 4187 549 4224 cur
572 4169 811 4224 eamdem
841 4168 946 4222 vim
986 4183 1014 4220 a
1043 4167 1229 4221 diebus
1251 4164 1470 4219 Joannis
1510 4164 1778 4232 Baptistze,
1803 4176 1857 4218 et
1903 4182 2008 4220 non

452 4248 612 4313 etiam
644 4266 788 4320 ante,
819 4255 1119 4326 pertulerit.
1158 4255 1262 4309 Sed
1289 4269 1412 4309 cum
1460 4253 1543 4308 lex
1594 4255 1758 4319 dicat,
1791 4254 1846 4308 Si
1891 4256 2011 4324 quis

450 4350 559 4402 lucc
587 4348 668 4402 vel
695 4347 779 4401 illa
815 4345 1020 4409 fecerit,
1052 4355 1222 4400 morte
1249 4345 1528 4409 moriatur,
1555 4345 1761 4398 cunctis
1791 4345 2007 4414 legenti-

450 4441 546 4490 bus
577 4438 738 4506 liquet
764 4439 884 4505 quia
924 4445 1234 4506 peccatores
1269 4451 1508 4504 quosque
1533 4451 1692 4504 pmna
1715 4451 1824 4489 sum
1847 4451 2002 4489 seve-

450 4528 629 4580 ritatis
656 4527 902 4596 perculit,
927 4541 1029 4580 non
1051 4534 1226 4579 autem
1249 4541 1344 4595 per
1360 4525 1728 4593 pmuiteutiam
1751 4524 1816 4578 ad
1842 4525 2001 4578 vitam

425 4612 687 4672 reduxit.

518 4706 649 4761 Cum
673 4721 797 4760 vero
825 4704 1057 4759 Joannes
1087 4705 1342 4774 Baptista,
1376 4705 1746 4775 Redemptoris
1773 4705 2000 4774 gratiam

445 4810 794 4864 prtecurrens,
827 4796 1192 4864 pmnitentiam
1238 4797 1509 4864 praedicat,
1535 4804 1594 4848 ut
1615 4805 1880 4864 peccator,
1910 4795 2001 4863 qui

446 4901 511 4938 ex
548 4887 697 4954 culpa
730 4894 810 4939 est
832 4893 1094 4946 mortuus,
1130 4898 1230 4952 per
1259 4886 1657 4939 conversionem
1685 4886 1844 4946 vivat,
1879 4899 2004 4954 pro-

448 4975 586 5029 fecto
613 4992 642 5026 a
685 4975 870 5026 diebus
914 4972 1133 5028 Joannis
1182 4971 1432 5040 Baptista:
1480 4987 1698 5041 regnum
1747 4973 2002 5026 oculorum

449 5068 556 5119 vim
587 5065 806 5134 patitur.
841 5062 974 5128 Quid
1004 5071 1084 5115 est
1116 5072 1291 5115 autem
1325 5075 1545 5131 regnum
1595 5061 1872 5123 (telorum,
1905 5062 2004 5114 nisi

451 5158 597 5210 locus
631 5153 934 5222 justorum?
976 5152 1102 5206 solis
1146 5153 1285 5205 enim
1334 5152 1496 5219 justis
1540 5153 1775 5206 caelestis
1822 5153 2006 5220 patria:

448 5250 662 5320 prmmia
725 5247 1006 5306 debeatur,
1036 5252 1094 5295 ut
1148 5245 1394 5307 humiles,
1439 5243 1592 5300 casti.
1648 5243 1802 5295 mites
1849 5254 2005 5309 atque

449 5336 844 5397 misericordes,
883 5335 949 5387 ad
991 5332 1180 5402 gaudia
1236 5348 1460 5399 superna
1510 5331 2004 5400 perveniant..(luru

446 5442 576 5482 vero
602 5427 721 5494 quis
747 5423 828 5477 vel
860 5422 1106 5491 superbia
1135 5421 1390 5484 tumidus,
1418 5421 1499 5474 vel
1548 5420 1728 5474 carnis
1772 5418 2009 5472 facinore

449 5515 698 5582 pollutus,
750 5510 829 5563 vel
879 5510 1150 5564 iracundia
1206 5523 1462 5561 accensus
1495 5548 1506 5568 ,
1567 5507 1646 5560 vel
1693 5505 2007 5560 crudelitate

445 5601 660 5670 impius,
693 5608 810 5666 past
841 5598 1023 5666 culpas
1058 5598 1122 5649 atl
1147 5596 1518 5664 pmnitcntium
1554 5595 1706 5651 redit.
1739 5605 1789 5647 et
1843 5596 2004 5647 vitam

2111 1836 2193 1888 lea:
2220 1852 2380 1906 usque
2399 1836 2467 1888 ad
2491 1835 2747 1890 Joannem
2768 1838 3214 1906 prophetauerunt,
3239 1839 3437 1893 Christi
3463 1850 3667 1910 tempus

2111 1930 2433 1995 ostenditur,
2462 1938 2520 1983 ut
2574 1945 2731 1999 quem
2783 1929 2857 1983 illi
2909 1931 3158 1985 dixerunt
3185 1940 3469 1985 venturum
3529 1946 3662 1996 esse,

2109 2024 2342 2078 Joannes
2371 2023 2578 2078 venisse
2619 2023 2930 2077 ostenderit.

2181 2113 2249 2167 Et
2285 2114 2333 2168 si
2363 2112 2514 2167 vultis
2559 2113 2799 2180 recipere,
2826 2112 2931 2181 ipse
2976 2114 3074 2165 est‘
3100 2111 3246 2165 Elias
3291 2113 3380 2180 qui
3427 2119 3667 2164 venturus

2110 2213 2206 2258 est.
2257 2202 2358 2268 Qui
2412 2202 2560 2254 habet
2608 2219 2758 2256 aures
2807 2202 3074 2264 audiendi,
3122 2203 3324 2254 audiat.
3377 2201 3489 2255 Hoc
3532 2203 3666 2271 quod

2112 2296 2311 2350 dictum
2343 2301 2424 2348 est
2451 2311 2463 2346 :
2497 2291 2554 2347 Si
2596 2293 2748 2346 vultis
2777 2293 3014 2363 recipere,
3043 2293 3149 2363 ipse
3173 2292 3452 2356 est'Elias,
3485 2292 3666 2361 mysti-

2081 2372 2232 2439 cum
2293 2399 2434 2447 esse,
2478 2391 2533 2438 et
2583 2395 2740 2452 egere
2801 2382 3146 2446 intelligentia
3202 2398 3430 2452 sequens
3480 2398 3657 2438 sermo

2114 2472 2324 2526 Domini
2391 2473 2763 2530 demonstrat,
2835 2467 3017 2521 dicens
3067 2485 3078 2518 :
3132 2466 3234 2531 Qui
3297 2473 3444 2525 habet
3517 2488 3662 2525 aures

2111 2556 2379 2620 audiendi,
2407 2557 2608 2608 audiat.
2656 2553 2712 2608 Si
2759 2556 2900 2610 enim
2949 2555 3139 2624 planus
3181 2566 3326 2612 esset
3369 2573 3586 2620 sensus,
3617 2570 3667 2610 et

2113 2646 2394 2702 manifesta
2425 2645 2709 2710 sententia,
2737 2646 2860 2714 quid
2889 2661 3107 2700 necesse
3134 2645 3237 2700 fuit
3285 2661 3384 2702 nos
3430 2649 3496 2700 ad
3533 2648 3666 2700 illius

2114 2734 2513 2804 intelligentiam
2539 2717 2859 2802 praeparari?
2883 2728 3033 2789 Elias‘
3049 2749 3174 2805 ergo
3194 2735 3429 2790 Joannes
3457 2737 3665 2797 dicitur,

2113 2841 2219 2880 non
2279 2825 2570 2879 secundum
2633 2825 2822 2878 stultos
2886 2825 3231 2893 philosophos
3294 2834 3348 2877 et
3412 2825 3663 2892 quosdam

2113 2915 2412 2978 haereticos,
2455 2914 2545 2983 qui
2590 2913 2929 2968 introducunt
2976 2915 3181 2967 animas
3210 2914 3261 2967 in
3290 2928 3518 2980 corpora
3566 2913 3661 2965 alia

2113 3005 2306 3060 reverti
2335 3023 2346 3056 :
2371 3005 2462 3057 sed
2487 3004 2626 3072 quod
2643 3001 2796 3071 juxta
2821 3004 2962 3057 aliud
2985 3004 3349 3073 testimonium
3374 3004 3663 3073 Evangelii,

2111 3096 2314 3150 venerit
2339 3097 2391 3148 in
2416 3096 2598 3163 spiritu
2620 3105 2668 3148 et
2703 3098 2885 3150 virtute
2928 3096 3083 3163 Elite,
3109 3106 3164 3152 et
3211 3095 3456 3152 eamdem
3490 3101 3659 3153 sancti

2111 3184 2341 3253 Spiritus
2379 3183 2460 3237 vel
2498 3185 2743 3238 habuerit
2789 3187 3013 3253 gratiam
3049 3185 3130 3238 vel
3180 3200 3512 3240 mensuram.
3563 3186 3666 3240 Sed

2111 3282 2165 3326 et
2189 3273 2309 3326 vita:
2339 3272 2622 3325 austeritas
2665 3272 2911 3340 rigorque
2961 3273 3153 3326 mentis
3181 3272 3310 3326 Elia:
3350 3281 3406 3327 et
3449 3272 3667 3327 Joannis

2108 3363 2260 3432 paria
2309 3362 2510 3434 [pares]
2558 3371 2682 3417 sunt
2736 3380 2748 3414 :
2818 3362 2905 3416 ille
2970 3362 3025 3415 in
3089 3378 3289 3427 eremo,
3341 3373 3397 3416 et
3466 3365 3564 3416 iste
3613 3364 3665 3414 in

2108 3469 2320 3518 eremo;
2349 3455 2434 3508 ille
2464 3469 2598 3508 zona
2645 3453 2863 3522 pellieea
2897 3452 3230 3520 cingebatur,
3261 3462 3316 3506 ct
3351 3453 3452 3504 iste
3496 3452 3668 3505 simile

2111 3543 2297 3598 habuit
2351 3542 2642 3610 cingulum.
2697 3540 2786 3593 llle
2833 3540 3083 3608 quoniam
3149 3554 3324 3607 regem
3375 3538 3557 3590 Achab
3616 3546 3669 3589 ct

2109 3631 2405 3687 Jesabelem
2436 3631 2721 3701 impietatis
2745 3631 2947 3699 arguit,
2981 3630 3165 3698 fugere
3213 3627 3521 3696 compulsus
3546 3636 3665 3689 est;

2113 3721 2215 3774 iste
2261 3719 2383 3788 quia
2433 3718 2657 3773 Herodis
2710 3726 2764 3772 et
2817 3716 3132 3772 Herodiadis
3188 3715 3402 3770 illicitas
3455 3716 3667 3785 nuptias

2111 3809 2304 3878 arguit,
2332 3807 2503 3876 capite
2537 3816 2828 3860 truncatur.
2858 3802 2994 3857 Sunt
3017 3803 3232 3872 quidam
3255 3805 3345 3874 qui
3375 3814 3658 3873 propterea

2110 3898 2365 3952 Joannem
2390 3898 2554 3950 Eliam
2578 3895 2754 3949 vocari
2772 3903 2974 3963 putent,
2999 3895 3264 3963 quomodo
3292 3897 3342 3946 in
3367 3894 3665 3947 Salvatoris

2112 3990 2342 4042 adventu
2398 3987 2668 4050 secundo,
2712 3985 2861 4052 juxta
2913 3985 3223 4039 Malachiam
3256 3983 3510 4055 (Holach.
3560 3985 3664 4052 ιι),

2111 4092 2467 4150 ιιτωςεεδυτιιε
2517 4085 2601 4131 est
2644 4077 2812 4141 Elias,
2842 4085 2897 4131 et
2923 4085 3204 4130 venturum
3246 4074 3477 4142 judiccm
3533 4090 3665 4127 nuu-

2112 4167 2366 4230 tiaturus;
2397 4165 2474 4219 sic
2511 4164 2743 4219 Joannes
2770 4165 2820 4217 in
2870 4166 3043 4233 primo
3077 4165 3309 4218 adventu
3352 4162 3570 4226 fecerit;
3611 4171 3664 4216 et

2109 4265 2335 4324 uterque
2360 4256 2428 4309 sit
2453 4256 2673 4310 nuntius
2701 4255 2782 4308 vel
2824 4255 2981 4325 primi
3036 4254 3295 4308 adventus
3324 4252 3554 4316 Domini,
3582 4250 3665 4305 vel

2111 4345 2353 4399 secundi.
2905 4398 2908 4402 ,

2181 4437 2278 4490 Cui
2305 4447 2477 4490 autem
2514 4436 2731 4490 similem
2771 4437 3035 4490 wstimabo
3064 4437 3437 4505 generationem
3471 4435 3667 4489 istam?

2111 4526 2307 4579 Similis
2333 4537 2404 4578 est
2431 4526 2603 4594 pueris
2643 4521 2932 4579 sedentibus
2970 4529 3022 4579 in
3064 4527 3178 4594 [ora
3199 4566 3214 4590 ,
3241 4528 3328 4596 qui
3381 4525 3663 4578 clamantes

2109 4613 2456 4684 coa'qualibus
2481 4614 2655 4666 dicunt
2679 4628 2696 4663 :
2723 4612 3012 4666 Cecinimus
3033 4614 3190 4677 vobis,
3211 4623 3259 4667 et
3282 4631 3382 4666 non
3401 4613 3664 4674 saltastis;

2109 4707 2499 4758 (amentavimus
2526 4744 2540 4768 ,
2580 4717 2627 4757 et
2681 4721 2784 4757 non
2833 4704 3123 4773 planxistis.
3159 4703 3338 4773 (Aug.)
3379 4703 3664 4758 Generatio

2108 4796 2410 4851 Judmorum
2451 4801 2794 4863 comparatur
2840 4793 3021 4871 pueris
3067 4793 3370 4846 sedentibus
3400 4792 3451 4844 in
3504 4789 3618 4843 foro
3646 4805 3664 4842 :

2108 4885 2232 4954 quia
2256 4884 2504 4938 doctores
2524 4883 2651 4936 olim
2674 4891 2728 4934 et
2746 4882 3034 4950 prophetas
3059 4880 3372 4949 accipiebat,
3386 4880 3450 4933 de
3470 4880 3665 4945 quibus

2108 4974 2301 5026 dicitur
2330 4990 2342 5024 :
2374 4971 2458 5024 Ea:
2497 4987 2583 5024 ore
2629 4971 2907 5038 infantium
2954 4979 3001 5022 et
3054 4970 3351 5022 ludentium
3407 4969 3664 5038 perfecistr

2108 5061 2310 5113 laudem
2342 5057 2509 5127 (Psal.
2564 5058 2717 5127 vin);
2752 5066 2804 5110 et
2834 5057 2958 5111 alibi
2990 5076 3002 5109 :
3037 5057 3328 5110 Declaratio
3373 5073 3663 5111 sermonum

2110 5161 2313 5203 tuorum
2345 5149 2604 5202 illuminat
2627 5162 2731 5211 me,
2750 5156 2796 5198 et
2826 5146 3132 5198 intellectum
3148 5146 3237 5198 dat
3252 5141 3662 5213 parvulis(Psal.

2109 5240 2303 5310 cxvm)
2333 5279 2345 5303 ,
2383 5239 2432 5291 id
2487 5245 2589 5300 est,
2644 5236 2930 5289 humilibus
2981 5236 3190 5303 spiritu.
3244 5233 3437 5286 Forum
3487 5241 3666 5285 autem

2110 5330 2442 5384 Dominicum
2475 5326 2556 5380 vel
2581 5325 2860 5394 Synagoga
2887 5323 2970 5376 vel
3010 5324 3120 5392 ipsa
3151 5331 3233 5376 est
3260 5321 3577 5384 Jerusalem,
3612 5322 3669 5372 iu

2109 5433 2211 5486 qua
2261 5422 2646 5484 praeceptorum
2695 5410 2994 5464 caelestium
3039 5408 3160 5475 jura
3212 5409 3669 5467 recondebautur,

2109 5505 2198 5555 ubi
2255 5503 2321 5556 ad
2375 5502 2598 5554 invicem
2655 5498 2808 5565 juxta
2848 5494 3089 5560 ‘Lucam,
3138 5497 3249 5551 sive
3301 5497 3456 5565 juxta
3526 5494 3672 5547 hunc

2113 5593 2434 5652 illattlurum,
2469 5591 2532 5642 ad
2585 5587 2881 5654 coa'qualcs
2931 5601 3052 5640 suos
3115 5587 3470 5656 loquebantur
3501 5604 3513 5635 :
3544 5586 3672 5653 quia
