3938 6336
344 304 482 383 ats'

1321 332 1663 388 COMMENT.
1706 330 1770 384 ΠΝ
1812 327 2237 384 MAT'I'HASUM.
2278 361 2344 370 —
2381 333 2506 386 LIB.
2545 334 2627 389 IV.

3453 340 3548 395 ΟΠ

343 445 554 512 generis
577 446 853 516 gentisque
879 461 985 500 suae
1011 447 1217 517 populis
1263 450 1431 518 patria
1481 449 1718 518 quotidie
1763 461 1890 501 voce
1918 448 1964 506 A
1994 448 2252 515 sapientia
2278 453 2472 523 quippe
2501 469 2605 509 non
2636 457 2826 524 qurcrit
2854 458 2999 512 vocis
3047 459 3433 527 testimonium,
3464 466 3556 516 sed

343 534 587 588 solebant
606 528 930 603 exprobrare
953 538 1093 605 quod
1125 552 1222 591 ncc
1249 537 1470 606 psalmis
1488 539 1660 606 primo
1681 538 1894 603 Davidi-

343 625 421 676 ci;
470 625 679 687 allecti,
717 640 816 679 nec
866 626 1065 689 tbrenis
1100 635 1284 696 postea
1340 629 1569 695 correpti
1616 628 1896 682 voluerunt

342 729 578 768 annucre
607 715 949 783 propheticis.
990 716 1206 781 Quoties
1232 716 1452 770 victoria
1499 718 1564 770 de
1619 718 1770 771 hoste
1814 718 1896 770 vel

342 802 521 854 futura
556 803 967 871 przccinebatur,
995 803 1080 856 vel
1115 802 1252 857 facta
1297 805 1662 871 recolebatur,
1702 821 1802 861 nee
1831 806 1896 860 ad

341 890 663 953 laudesmec
687 891 750 944 ad
764 891 974 945 virtutis
993 906 1151 960 opera
1174 894 1712 950 consentiebantassu
1722 910 1893 965 rgere.

343 978 474 1032 Nam
508 979 803 1034 saltationis
823 983 986 1036 verbo
1013 997 1116 1036 non
1142 984 1438 1040 histrionici
1485 995 1679 1051 motus,
1703 987 1896 1040 sinuati

341 1071 585 1138 corporis
633 1079 858 1135 rotatus,
912 1072 1003 1126 sed
1064 1073 1273 1143 impigri
1329 1076 1541 1129 devotio
1596 1075 1792 1140 cordis,
1845 1084 1899 1129 ct

342 1160 590 1230 religiosa
636 1161 996 1214 membrorum
1042 1160 1354 1231 designatur
1399 1163 1630 1234 agilitas.
1681 1164 1899 1230 Quoties

338 1251 549 1305 excidia
579 1240 662 1304 vel
696 1248 835 1305 facta
858 1251 941 1305 vel
967 1250 1214 1322 fugienda
1245 1253 1621 1322 prophetarum
1666 1253 1896 1306 lamenta

341 1343 707 1408 resonabant,
733 1352 785 1398 et
824 1359 921 1398 nec
966 1344 1044 1398 sic
1075 1344 1345 1400 auditores
1382 1347 1448 1400 ad
1485 1345 1734 1400 salutaris
1780 1360 1897 1414 poe-

339 1434 582 1489 nitentiae
623 1435 853 1489 remedia
895 1433 1180 1505 confugere
1226 1437 1501 1490 curabant.
1551 1435 1706 1490 Canit
1754 1435 1901 1489 Psal-

339 1526 503 1580 mista
541 1522 712 1595 (Psal.
741 1523 904 1595 Lux)
939 1540 951 1576 :
980 1524 1253 1578 Exsultate
1281 1524 1389 1577 Deo
1425 1524 1657 1593 adjutori
1704 1534 1896 1586 nostra,

333 1614 560 1683 jubilate
585 1613 694 1668 Deo
713 1612 900 1678 Jacob,
913 1613 1099 1667 sumite
1108 1612 1385 1683 psalntum,
1399 1622 1445 1666 et
1469 1614 1588 1666 date
1602 1623 1921 1682 tympanum,

337 1715 445 1761 etc.
509 1705 612 1760 Sed
667 1706 793 1774 quid
845 1705 1087 1773 sequitur
1124 1722 1137 1758 :
1168 1705 1236 1756 Et
1294 1721 1394 1758 non
1440 1705 1635 1757 audivit
1679 1702 1900 1772 papulas

1999 551 2240 604 operum.

2070 627 2185 698 [IL]
2240 629 2382 684 Tunc
2425 636 2574 702 capit
2610 636 2918 704 exprobrare
2948 638 3234 692 civitatibus
3279 640 3330 693 in
3370 640 3564 709 quibus

1999 720 2152 788 factm
2214 733 2380 789 essent
2428 723 2664 793 plurimm
2717 727 2926 781 uirtutes
2951 768 2965 792 ,
3014 731 3136 798 quia
3196 747 3296 784 non
3339 732 3552 801 egissent

1997 812 2365 880 paenitentiam.
2394 813 2660 886 (ιιὶενοη.)
2704 816 3054 886 Exprobratio
3100 821 3372 875 civitatum
3410 819 3553 876 Cho-

1999 899 2202 965 rozain,
2233 910 2286 954 et
2311 900 2615 970 Bethsaida,
2643 912 2698 958 et
2725 904 3114 975 Capharnaum,
3144 909 3356 980 capituli
3397 908 3568 981 huius

1999 989 2152 1042 titulo
2195 991 2461 1058 panditur,
2515 994 2664 1060 Quod
2721 996 2841 1051 ideo
2882 1000 3282 1067 exprobraverit
3303 1001 3398 1066 eis,
3427 1000 3550 1071 quia

1997 1088 2117 1148 post
2170 1081 2335 1136 factas
2385 1083 2612 1138 virtutes
2664 1094 2715 1139 et
2764 1087 2914 1156 signa
2978 1076 3374 1157 quamplurima,
3443 1105 3563 1144 non:

1998 1181 2220 1242 egerunt
2243 1174 2628 1238 pmniteutiam.

1990 1281 1996 1288 ι
2079 1259 2165 1314 Va:
2203 1261 2314 1325 tibi,
2341 1261 2629 1317 Cltorosain
2656 1305 2670 1331 ,
2715 1281 2790 1319 ea!
2834 1267 2924 1318 tibi
2950 1307 2964 1332 ,
3027 1257 3323 1320 Bethsaidn.
3371 1269 3548 1338 (Αησ.)

1997 1347 2314 1413 Chorozain,
2349 1365 2467 1419 qua:
2519 1351 2897 1421 interpretatur
2939 1356 3234 1424 mysterium
3278 1373 3466 1418 meum,
3493 1367 3560 1410 et‘

1999 1439 2301 1502 Belhsaida,
2328 1455 2446 1508 qua:
2459 1439 2644 1494 domus
2670 1441 2930 1510 fructuum
2961 1443 3237 1499 veldomus
3251 1455 3548 1499 venatorum

2000 1529 2212 1592 dicitur,
2239 1530 2382 1591 sicut,
2412 1539 2466 1583 et
2493 1530 2864 1600 Capharuaum
2885 1574 2898 1598 ,
2924 1530 3082 1603 atque
3136 1535 3390 1598 Tiberias,
3417 1551 3550 1606 quas

1997 1618 2228 1675 Joannes
2283 1621 2540 1686 nominat,
2567 1624 2810 1678 civitates
2855 1633 2977 1679 sunt
3032 1625 3279 1687 Galilzeze,
3326 1628 3441 1681 sitae
3493 1628 3544 1680 in

1998 1710 2175 1764 littore
2196 1709 2295 1764 laci
2321 1710 2709 1774 Genncsareth,
2725 1714 2812 1782 qui
2837 1713 3064 1770 Iordane
3081 1714 3272 1770 ﬂuente
3285 1715 3511 1771 eﬂicitur
3529 1757 3544 1781 ,

337 1803 512 1875 vocem
558 1813 744 1861 meam,
796 1806 842 1850 et
891 1795 1059 1849 Israel
1107 1812 1206 1849 non
1259 1797 1476 1848 intendit
1507 1797 1632 1848 mihi
1677 1795 1893 1866 (Ibid.).
1927 1784 2052 1853 Βοι
2093 1799 2161 1852 ab
2201 1800 2542 1869 evangelistis
2591 1802 2749 1855 etiam
2802 1818 2948 1857 mare
2996 1804 3242 1869 Galilzeaz,
3275 1805 3355 1859 vel
3404 1821 3571 1859 mare-

338 1888 550 1943 Clamat
571 1889 864 1956 propheta:
899 1886 1026 1940 lleec
1055 1887 1180 1939 dicit
1211 1886 1457 1940 Dominus
1485 1899 1502 1936 :
1534 1884 1898 1940 Convertimini

338 1978 408 2030 od
444 1993 522 2030 me
549 1977 604 2029 in
638 1984 744 2029 toto
796 1975 948 2029 corde
993 1985 1190 2040 uestro,
1227 1975 1280 2028 in
1323 1974 1549 2044 jejunio,
1582 1985 1628 2026 et
1674 1975 1816 2042 ﬂetu,
1850 1982 1896 2026 et

335 2065 580 2135 planctu;
614 2074 661 2119 et
686 2065 902 2118 scindite
934 2064 1092 2118 corda
1123 2059 1318 2138 vestra,’
1351 2073 1396 2116 et
1446 2079 1548 2115 non
1604 2062 1898 2115 vestimenta

336 2164 506 2209 vestra
532 2153 689 2226 (Joel.
722 2155 804 2226 tt).
836 2155 902 2208 Et
926 2155 1156 2208 iterum:
1204 2150 1437 2217 Ventrem
1474 2160 1899 2213 meutn,centrem

337 2259 504 2296 meum
531 2241 701 2304 doleo,
725 2259 905 2295 sensus
931 2241 1100 2294 cordis
1121 2241 1220 2312 mei
1245 2238 1538 2292 conturbati
1563 2248 1682 2292 sunt
1711 2240 1763 2291 in
1777 2254 1856 2289 nte
1877 2254 1895 2290 :

335 2349 440 2387 non
486 2333 681 2397 tacebo,
712 2335 835 2404 quia
863 2348 1033 2386 uocem
1063 2331 1290 2384 buccina:
1315 2330 1512 2404 audivit
1550 2331 1725 2381 animo
1755 2346 1892 2394 mea,

334 2424 612 2478 clamorem
640 2422 808 2492 praelii
831 2422 962 2493 (λεν.
985 2424 1084 2492 ιν).
1109 2421 1173 2475 Et
1204 2421 1358 2490 paulo
1375 2428 1516 2488 post,
1547 2419 1682 2483 Quia
1709 2422 1896 2472 stultus

333 2511 556 2582 populus
577 2528 721 2566 meus
743 2529 820 2566 me
849 2528 952 2565 non
980 2511 1232 2580 cognovit,
1260 2509 1360 2579 ﬁlii
1411 2510 1711 2579 insipientes
1752 2520 1892 2574 sunt,

335 2612 388 2655 et
413 2602 670 2656 vecordes.
700 2602 749 2674 (1
755 2603 892 2668 bid.)

417 2733 567 2789 Venit
619 2736 755 2789 enim
804 2733 1072 2801 Joannes,
1118 2752 1277 2806 neque
1327 2735 1646 2788 manducetis
1675 2773 1688 2796 ,
1740 2747 1898 2801 neque

334 2831 545 2895 bibens,
605 2840 652 2884 et
699 2830 879 2884 dicunt
911 2850 929 2887 :
961 2823 1284 2886 Damonium
1337 2829 1504 2882 habet.
1560 2826 1708 2881 Venit
1756 2825 1897 2894 ﬁlius

331 2920 577 2984 hominis,
606 2919 926 2973 manducans
955 2928 1001 2973 et
1028 2919 1231 2984 bibens,
1260 2928 1305 2973 et
1334 2919 1509 2972 dicunt
1540 2934 1556 2971 :
1589 2917 1724 2970 Ecce
1746 2921 1896 2969 homo

330 3025 515 3074 corax,
546 3019 594 3063 et
631 3017 838 3079 potator
865 3011 988 3073 vini,
1030 3009 1426 3079 publicanorum
1472 3017 1519 3061 et
1570 3016 1896 3077 peccatorum

329 3100 552 3152 amicus.
590 3098 760 3164 Sicut,
794 3099 982 3168 inquit,
1014 3106 1160 3162 tunc,
1210 3099 1288 3154 sic
1329 3107 1385 3153 et
1429 3114 1570 3153 nunc
1613 3105 1895 3164 utramque
1919 3115 1964 3175 ρ

329 3188 520 3243 salutis
541 3187 678 3241 viam
692 3188 959 3256 respuitis.
992 3186 1122 3241 Nam
1145 3187 1286 3256 quod
1313 3187 1388 3240 ait
1414 3206 1428 3239 :
1457 3185 1887 3247 Lomentavimus,

327 3289 378 3333 et
406 3296 507 3332 non
526 3280 868 3348 plorostis,ad
888 3278 1149 3334 Joannem
1171 3279 1419 3349 pertinet,
1441 3278 1593 3348 cujus
1615 3266 1888 3332 abstinen-

327 3369 406 3421 tia
431 3383 460 3419 a
489 3368 621 3421 cibis
651 3376 706 3422 et
732 3359 856 3436 potu
902 3368 1102 3421 luctum
1154 3367 1484 3436 poenitentiae
1531 3354 1886 3436 signiﬁcabat.

327 3461 480 3528 Quod
508 3472 684 3517 autem
711 3463 820 3515 ait:
846 3460 1136 3516 Cecinimus
1160 3462 1318 3524 vobis,
1349 3471 1394 3513 et
1420 3476 1524 3513 non
1544 3459 1793 3522 sattastis,
1823 3460 1888 3512 ad

325 3554 505 3621 ipsum
530 3551 696 3605 Deum
729 3552 990 3620 pertinet,
1017 3551 1107 3620 qui
1145 3551 1341 3606 utendo
1369 3565 1491 3604 eum
1534 3550 1742 3603 caeteris
1771 3547 1889 3602 cibo

325 3651 386 3696 et
410 3651 557 3711 potu,
581 3643 817 3698 laetitiam
842 3644 989 3711 regni
1007 3643 1287 3714 ﬁgurabat.
1314 3641 1383 3696 At
1408 3642 1479 3695 illi
1503 3656 1600 3696 nec
1619 3639 1888 3694 humiliari

324 3747 451 3785 eum
501 3731 728 3799 Joanne,
751 3748 853 3788 nec
883 3749 1002 3788 cum
1051 3731 1268 3787 Christo
1313 3733 1543 3802 gaudere
1586 3731 1885 3796 voluerunt,

324 3825 565 3880 dicentes
594 3825 739 3879 illum
780 3826 1099 3881 daemonium
1135 3825 1362 3889 habere;
1410 3823 1568 3878 istum
1617 3837 1888 3885 voracem,

321 3927 385 3969 et
406 3915 698 3978 ebriosum,
712 3925 764 3968 et
780 3915 1011 3968 amicum
1030 3913 1431 3984 publicanorum
1454 3923 1506 3968 et
1526 3921 1884 3983 peccatorum.

324 4004 480 4071 Quod
519 4014 700 4058 autem
717 4004 988 4073 subjungit
1028 4022 1040 4056 :
1743 3989 1745 3992 ﬁ

399 4115 466 4168 Et
495 4115 787 4184 justiﬁcata
839 4123 914 4169 est
968 4115 1282 4184 sapientiaa
1330 4114 1453 4183 filiis
1501 4116 1630 4178 suis,
1679 4114 1727 4168 id
1782 4123 1884 4181 est,

320 4204 422 4258 Dei
449 4205 705 4274 sapientia
731 4212 891 4273 atque
918 4203 1179 4258 doctrina.
1210 4203 1288 4258 A'c
1333 4204 1378 4258 si
1415 4213 1599 4273 aperte
1646 4204 1884 4258 diceret:

322 4294 440 4363 Ego
461 4296 550 4363 qui
575 4309 691 4349 sum
723 4293 815 4348 Dei
844 4294 1033 4356 virtus,
1054 4301 1110 4347 et
1139 4293 1231 4346 Dei
1261 4293 1544 4362 sapientia,
1569 4292 1668 4346 ista
1698 4290 1888 4346 fecisse

319 4385 396 4439 ab
416 4385 664 4454 apostolis
693 4384 824 4438 meis
852 4383 1228 4453 comprobatus
1245 4385 1390 4446 ‘sum,
1422 4382 1614 4451 quibus
1639 4381 1890 4435 revelavit

317 4445 485 4527 Pater
539 4489 656 4542 qua:
706 4489 735 4526 a
798 4445 1125 4543 sapientibus
1191 4445 1580 4532 absconderat,
1633 4479 1793 4540 atque
1855 4486 1884 4523 a
1917 4445 1965 4502 Ῑ)

319 4563 673 4631 prudentibus
708 4562 848 4644 apud
870 4560 1204 4628 semetipsos.

397 4671 576 4741 (Aug)
606 4670 848 4727 Ostendit
877 4670 1015 4724 ﬁlios
1048 4655 1320 4739 sapientia:
1356 4668 1649 4738 intelligere
1683 4684 1780 4723 nec
1831 4671 1906 4736 in

317 4761 693 4816 manducando
717 4774 814 4829 nec
854 4760 907 4814 in
956 4761 1269 4814 abstinendo
1310 4774 1430 4813 esse
1471 4757 1753 4826 justitiam,
1791 4760 1884 4812 sed

313 4852 381 4910 in
410 4851 804 4921 aequanimitate
839 4850 1100 4904 tolerandi
1145 4850 1399 4920 inopiam,
1428 4859 1480 4904 et
1531 4851 1884 4918 temperantia

315 4956 422 5010 per
491 4939 866 4995 abundantiam
939 4933 1046 4993 non
1117 4954 1176 4993 se
1244 4936 1658 5007 corrumpendi,
1721 4944 1880 5006 atque

315 5039 620 5100 opportune
676 5029 915 5083 sumendi
956 5028 1039 5082 vel
1095 5043 1200 5081 non
1248 5026 1489 5081 sumendi
1543 5044 1605 5081 ea
1653 5042 1879 5096 quorum

317 5136 430 5174 non
484 5133 640 5183 usus,
667 5119 761 5173 sed
806 5118 1234 5187 concupiscentia
1298 5116 1730 5186 reprehendenda
1777 5125 1876 5170 est.

319 5211 450 5265 Non
502 5220 575 5264 est
639 5211 772 5263 enim
825 5226 1036 5278 regnum
1098 5209 1194 5262 Dei
1263 5225 1379 5261 esca
1439 5218 1486 5260 et
1551 5218 1738 5276 potus“,
1791 5208 1879 5262 sed

306 5301 544 5370 justitia,
588 5309 635 5353 et
684 5316 806 5368 pax,
851 5311 898 5351 et
939 5299 1209 5368 gaudium.
1262 5299 1582 5372 (Rom.xuv).
1633 5301 1699 5353 Et
1753 5301 1876 5369 quia

315 5396 498 5452 solent
550 5393 790 5448 homines
856 5394 1077 5446 multum
1147 5394 1379 5463 gaudere
1447 5397 1511 5449 de
1576 5393 1879 5448 carnalibus

315 5484 510 5556 epulis,
559 5484 762 5538 addidit
809 5526 820 5536 .
873 5483 939 5536 In
993 5482 1191 5554 Spiritu
1247 5495 1444 5549 sancto,
1495 5485 1547 5537 in
1601 5501 1706 5554 quo
1752 5501 1876 5538 vera

316 5578 544 5632 satietas
588 5575 858 5629 tribuitur.
907 5575 962 5628 ln
1013 5576 1327 5644 quihusdam
1400 5591 1526 5642 ergo
1581 5577 1878 5647 Evangeliis

316 5671 519 5739 legitur
546 5686 557 5697 '
589 5665 886 5736 Jttstiﬁrutu
929 5679 999 5720 est
1054 5669 1304 5738 sapientia
1349 5671 1409 5722 ab
1450 5670 1681 5739 opt-ribus
1728 5672 1874 5734 suis;

2000 1891 2300 1946 Tiberiadis
2326 1892 2635 1961 appellatur.
2653 1893 2862 1964 Plangit
2883 1909 3011 1964 ergo
3033 1895 3287 1949 Dominus
3308 1896 3551 1951 civitates

1997 1995 2116 2050 qua:
2141 1982 2404 2050 quondam
2433 1982 2742 2052 mysterium
2769 1983 2860 2038 Dei
2890 1991 3195 2049 tenuerunt,
3220 1991 3273 2037 et
3292 1984 3546 2038 virtutum

1991 2069 2102 2138 jam
2135 2067 2362 2124 fructum
2390 2071 2605 2140 gignere
2627 2071 2958 2125 debuerunt:
2983 2071 3035 2126 in
3057 2087 3188 2141 quas
3207 2080 3254 2127 et
3285 2071 3550 2141 spiritales

1997 2165 2279 2212 venatores
2331 2159 2475 2212 missi
2547 2167 2689 2224 sunt,
2729 2161 2865 2228 quod
2919 2170 3037 2230 post
3099 2170 3243 2216 tanta
3292 2161 3549 2216 miracula

1997 2256 2157 2316 atque
2191 2249 2414 2303 virtutes
2447 2264 2551 2302 non
2579 2251 2962 2319 pmnituerunt,
2994 2250 3308 2322 pejoresque
3335 2253 3547 2322 gentili-

1990 2335 2095 2400 ,bus
2121 2337 2209 2403 qui
2255 2337 2496 2390 naturale
2539 2337 2872 2392 solummodo
2915 2330 3003 2406 jus
3056 2340 3398 2410 dissipabant,
3430 2349 3547 2410 post

1996 2424 2275 2494 descripta:
2299 2425 2428 2495 legis
2454 2433 2833 2495 contemptum,
2866 2426 3055 2480 Filium
3079 2442 3288 2498 quoque
3311 2429 3402 2483 Dei
3422 2444 3550 2483 eon-

1996 2512 2208 2568 culeare
2236 2504 2569 2584 gratiamque
2596 2515 2788 2586 ingrati
2819 2531 3069 2586 spernere
3096 2533 3198 2572 non
3231 2518 3546 2573 timuerunt.

1997 2600 2296 2668 Q‘uzerimus
2326 2617 2452 2672 ergo
2480 2603 2567 2657 ubi
2593 2604 2850 2674 scriptmn
2877 2607 2948 2659 sit
2973 2606 3113 2674 quod
3164 2608 3217 2662 in
3246 2607 3548 2663 Chorozaiu

1994 2705 2050 2750 et
2074 2695 2359 2751 Betbsaida
2387 2698 2645 2753 Dominus
2672 2700 2822 2769 signa
2844 2699 3048 2755 fecerit.
3081 2701 3253 2770 Supra
3272 2700 3504 2770 legimus
3531 2719 3562 2753 :.

1997 2784 2062 2838 Et
2094 2788 2394 2841 circumibat
2421 2788 2572 2842 Jesus
2605 2791 2830 2844 civitates
2856 2799 2904 2844 et
2953 2807 3126 2845 omnes
3174 2791 3332 2855 vicos,
3357 2807 3547 2844 curans

1996 2891 2196 2928 omnem
2231 2877 2606 2945 inﬁrmitatem,
2637 2887 2690 2933 et
2716 2879 2937 2950 reliqua.
2969 2882 3108 2935 Inter
3146 2893 3366 2937 caeteras
3413 2897 3541 2952 ergo

1993 2964 2154 3018 urbes
2177 2973 2230 3017 et
2253 2965 2400 3019 vicos
2429 2967 2796 3047 aestimandum
2825 2976 2904 3022 est
2933 2969 2981 3022 in
3011 2968 3308 3024 Cliorozain
3330 2986 3544 3040 quoque

1996 3063 2050 3108 et
2078 3054 2358 3109 Bcthsaida
2389 3056 2666 3110 Dominum
2696 3057 2902 3121 fecisse.
3389 3059 3402 3072 '

2067 3147 2202 3212 Quia
2230 3147 2276 3202 si
2319 3149 2373 3201 in
2422 3146 2555 3217 Tyro
2593 3158 2642 3201 et
2689 3148 2882 3202 Sidone
2937 3149 3088 3216 facta!
3133 3160 3295 3204 essent
3340 3151 3559 3203 virtutes.

1991 3251 2106 3305 quia
2144 3235 2298 3304 [αι-ηε
2341 3246 2460 3290 sunt
2505 3238 2558 3289 in
2607 3237 2772 3301 vobis,
2818 3237 2939 3290 olim
2989 3239 3041 3291 in
3087 3237 3255 3292 cilicio
3311 3249 3358 3292 et
3377 3239 3567 3291 cinere-

1988 3325 2342 3394 ptlm'tentiam
2392 3327 2632 3396 egissent.
2682 3325 2900 3398 (Aug)
2965 3329 3205 3398 Denique
3268 3329 3564 3398 impletum.

1991 3413 2234 3467 videmus
2295 3414 2454 3468 hodie
2502 3415 2700 3470 dictum
2757 3414 3068 3472 Salvatoris.
3130 3417 3267 3484 Quia
3337 3418 3569 3474 scilicet-

1993 3500 2294 3557 Chorozain
2327 3511 2381 3556 ct
2413 3502 2720 3564 Bethsaida,
2747 3514 3008 3572 praesente
3056 3505 3299 3572 Domino,
3324 3492 3542 3562 credere

1990 3590 2301 3658 noluerunt;
2359 3594 2532 3663 Tyrus
2586 3602 2762 3649 autem
2816 3610 2879 3650 ae
2930 3596 3096 3651 Sidon
3144 3606 3199 3651 et
3267 3595 3537 3668 quondam

1991 3681 2156 3735 David
2181 3697 2246 3737 ac
2279 3683 2548 3739 Salomoni
2597 3686 2795 3740 amica:
2829 3686 2999 3751 tuere,
3031 3695 3085 3742 et
3109 3696 3231 3756 post
3273 3689 3543 3758 evangeli—.

1991 3774 2237 3828 zantibus
2260 3774 2460 3830 Christi
2481 3777 2758 3832 credidere
2780 3779 3051 3848 discipulis
3076 3797 3088 3832 :
3117 3789 3365 3850 tantaque
3384 3781 3541 3835 ﬁdem

1991 3863 2271 3919 devotione
2295 3875 2662 3934 susceperunt,
2694 3875 2751 3921 ut
2794 3867 3032 3922 Paulum
3062 3869 3358 3938 apostolum
3405 3868 3544 3939 Tyro

1991 3951 2298 4018 abeuntem,
2322 3954 2498 4008 cuncti
2529 3954 2673 4009 cives
2697 3970 2817 4009 cum
2841 3955 3100 4009 uxoribus
3133 3965 3188 4010 ct
3232 3955 3355 4010 ﬁliis
3380 3972 3545 4024 usque

1990 4040 2135 4095 foras
2189 4039 2641 4111 prosequerentur
2688 4043 2825 4110 (Act.
2865 4043 3036 4112 .nI);
3081 4045 3545 4115 pulcherrimoquc

1989 4129 2294 4198 spectaculo
2350 4139 2497 4186 tanta
2543 4132 2815 4185 huminum
2867 4134 3148 4189 multitudo
3193 4135 3544 4203 paucissimos

1991 4219 2243 4287 hospites,
2271 4220 2362 4273 sed
2387 4236 2484 4289 pro
2508 4221 2706 4275 Christi
2735 4221 2838 4276 ﬁde
2874 4221 3240 4289 eharissimos,
3271 4226 3336 4279 ad
3387 4242 3546 4278 naves

1990 4323 2159 4377 usque
2185 4307 2508 4364 valefactura
2531 4311 2837 4366 deduceret.
2867 4310 2972 4366 Sed
2990 4328 3156 4382 quare
3177 4332 3282 4370 non
3306 4315 3430 4370 olim
3459 4317 3541 4370 Itis

1992 4404 2081 4472 qui
2103 4404 2321 4458 credere
2371 4413 2698 4472 potuerunt,
2729 4419 2912 4458 verum
2955 4405 3152 4462 Judaeis
3196 4409 3284 4477 qui
3327 4409 3545 4462 credere

1992 4492 2295 4555 uoluerunt,
2327 4493 2396 4545 sit
2422 4492 2867 4562 evangelizatum,
2899 4494 3064 4561 ipsius
3085 4505 3167 4549 est
3205 4497 3343 4549 seire
3389 4496 3542 4564 cujus

1933 4629 1942 4638 ,
1989 4580 2238 4632 universa:
2276 4580 2369 4634 ria:
2421 4580 2775 4634 misericordia
2832 4592 2879 4635 et
2928 4585 3131 4635 veritas.
3170 4582 3337 4653 (Psal.
3374 4586 3543 4652 xxn'.)

2058 4671 2391 4739 Propositum
2427 4675 2656 4742 namque
2693 4673 2864 4727 fuerat
2904 4674 3128 4727 Domino
3177 4675 3367 4729 Iudaeae
3414 4676 3544 4729 ﬁnes

1990 4779 2092 4816 non
2120 4764 2400 4826 excedere,
2430 4759 2716 4831 ne'justam
2756 4764 3040 4818 Phariszcis
3080 4774 3147 4819 eL
3177 4768 3544 4821 sacerdotibus

1986 4853 2324 4906 occasionem
2345 4853 2729 4922 persecutionis
2751 4853 2923 4908 daret.
2956 4854 3099 4909 Sane
3125 4857 3263 4924 quod
3287 4856 3544 4912 Dominus

1991 4941 2066 4993 ait
2099 4959 2110 4992 :
2143 4939 2204 4993 In
2234 4941 2401 4994 cilicio
2436 4950 2484 4994 et
2507 4943 2674 4995 cinere
2697 4944 2991 5012 poeniterent
3027 4957 3045 4993 :
3075 4944 3127 4996 in
3168 4944 3364 5010 cilicio,
3397 4947 3539 5016 quod

1990 5032 2054 5086 de
2074 5032 2194 5100 pilis
2218 5037 2516 5101 caprarum
2532 5033 2748 5096 texitur,
2771 5049 3014 5101 asperam
3029 5036 3232 5101 peccati
3255 5037 3540 5106 pungentis

1989 5124 2328 5186 memoriam,
2373 5138 2475 5190 qua
2528 5123 2579 5175 iu
2635 5123 2719 5176 die
2771 5121 2961 5189 judicii
3010 5125 3224 5178 sinistra
3284 5142 3408 5193 pars
3459 5139 3539 5181 est

1988 5213 2272 5276 induenda,
2301 5213 2593 5289 signiﬁcat;
2628 5211 2688 5264 in
2710 5212 2890 5268 cinere
2917 5220 3092 5266 autem
3123 5215 3314 5268 mortis
3361 5217 3539 5270 cousi-

1986 5306 2335 5367 derationem,
2366 5319 2461 5372 per
2483 5317 2643 5371 quam
2679 5311 2788 5356 tota
2833 5303 3048 5373 humani
3097 5305 3308 5373 generis
3361 5318 3535 5359 massa

1985 5397 2038 5451 in
2068 5396 2335 5466 pulverem
2360 5395 2774 5467 est'redigenda,
2795 5396 3129 5450 demonstrat
3164 5413 3167 5415 ’

2056 5487 2355 5542 Notandum
2431 5488 2813 5556 autemquod
2874 5487 3046 5557 Tyrus
3102 5487 3406 5556 metropolis
3455 5495 3541 5540 est

1986 5578 2273 5640 thnieis,
2307 5577 2358 5630 in
2385 5578 2525 5631 tribu
2549 5576 2908 5646 Nephthalim.
2933 5578 3054 5633 Haec
3075 5580 3339 5648 quondam
3367 5578 3540 5634 insula

1985 5656 2092 5724 fuit.
2107 5668 2277 5737 posita
2303 5667 2410 5721 alto
2435 5668 2588 5733 mari,
2617 5667 2708 5721 sed
2732 5683 2869 5721 nunc
2894 5667 3139 5736 contigua
3161 5665 3535 5722 terrae..Siduu
