3938 6316
455 205 558 261 925
1098 210 1159 263 Β.
1198 210 1448 267 [{ABANI
1488 213 1706 269 MAURI
1743 212 2010 268 ARCHIEI

2125 211 2399 269 lOGUNT.
2439 212 2719 286 orenam
2758 215 2934 271 psus
2964 216 3005 270 ι.
3576 226 3680 277 9:0

445 334 661 393 quoque
684 322 811 377 urbs
845 330 925 377 est
961 321 1232 379 Pbmnicis
1278 324 1532 396 insignis,
1576 327 1700 381 olim
1753 325 2009 379 terminus
2039 330 2082 388 Δ
2114 325 2376 397 (Ηεενοη.)
2401 326 2731 384 Blandientis
2755 329 2947 385 aﬂ'ectu
2978 331 3214 402 loquitur
3249 333 3314 386 ad
3351 332 3591 400 Patrem,
3622 348 3683 389 ιιι

448 412 900 477 Chananaeorum,
948 414 1015 473 ad
1040 417 1342 485 aquilonem
1372 418 1687 486 respiciens,
1742 425 1798 469 ct
1822 425 2007 485 postea
2109 424 2340 485 emptum
2371 419 2422 471 in
2463 420 2731 487 apostolos
2753 422 3071 479 beneﬁcium
3096 425 3446 494 compleatur.
3476 426 3681 497 (Greg.)

446 506 681 577 regionis
736 502 949 561 ludam.
1000 506 1207 563 Cecidit
1259 517 1437 561 autem
1488 507 1542 561 in
1592 516 1793 562 sortem
1837 508 2009 562 tribus
2110 502 2205 558 His
2225 504 2429 559 Domini
2458 507 2635 561 verbis
2662 510 2904 579 exempla
2936 512 3249 567 humilitatis
3287 515 3576 584 accipimus
3607 532 3681 570 ne

445 592 600 661 Aser,
624 594 717 651 sed
749 610 857 650 non
885 612 1004 651 eam
1028 596 1281 666 possedit,
1307 598 1429 667 quia
1459 599 1645 673 hostes
1668 611 2005 668 nequaquam
2110 601 2313 648 temere
2339 596 2606 650 discutere
2636 612 2866 667 superna
2902 602 3124 655 consilia
3154 604 3219 656 de
3252 604 3475 659 aliorum
3514 621 3680 661 voca-

446 684 910 756 valuitexpellere.
929 686 1351 755 interpretantur
1368 697 1546 741 autem
1560 688 2005 759 Tyrnsangustia,
2110 684 2254 737 tione
2276 685 2568 740 aliorumve
2595 688 2897 758 repulsione
2924 706 3326 759 prmsumamus.
3372 694 3503 749 Cum
3532 698 3679 750 enim

445 784 502 832 et
530 774 694 831 Sidon
723 777 942 849 venatio,
972 783 1026 829 et
1058 776 1363 846 signiﬁcant
1390 785 1577 847 gentes
1613 794 1750 848 quas
1790 788 2011 834 venator
2111 774 2377 831 intulisset
2428 786 2737 848 utrumque,
2792 798 2895 835 non
2945 800 3066 837 mox
3105 787 3367 839 rationem
3418 776 3673 851 reddidit,

446 866 690 923 diabolus
737 866 789 920 in
852 866 1097 936 angustia
1153 868 1362 937 peccati
1422 870 1867 937 comprehendit,
1915 868 2009 922 sed
2110 865 2203 917 sed
2228 867 2305 919 sic
2346 865 2457 920 Deo
2482 868 2734 937 placitum
2762 871 2933 925 dixit:
2978 874 3079 928 hoc
3108 875 3360 930 videlicet
3384 878 3680 932 ostendens

446 954 693 1012 Salvator
715 956 872 1011 Jesus
900 971 994 1026 per
1020 957 1365 1027 Evangelium
1394 957 1653 1012 absolvit.
2110 958 2232 1025 quia
2260 959 2514 1027 injustum
2558 963 2680 1014 e’sse
2730 979 2834 1016 non
2865 974 3042 1032 potest
3086 967 3226 1035 quod
3281 968 3479 1037 placuit
3510 968 3676 1036 justo.

513 1046 581 1099 Et
630 1054 706 1109 tu,
754 1042 1157 1117 Capharnaum,
1208 1046 1437 1116 nunquid
1494 1062 1654 1115 usque
1700 1045 1769 1097 ad
1825 1045 2008 1097 ccelum
2112 1044 2263 1099 Unde
2292 1055 2347 1099 et
2386 1046 2437 1099 in
2465 1047 2619 1101 vinea
2670 1052 2972 1105 mercedem
3018 1052 3377 1117 laborantibus
3426 1059 3681 1125 reddens,

442 1135 799 1190 exaltaberis.’
842 1153 912 1189 an
962 1152 1121 1206 usque
1158 1137 1211 1188 in
1271 1134 1533 1202 infernum
1587 1134 1903 1189 descendes?
1951 1135 2008 1187 ln
2111 1150 2231 1190 cum
2256 1138 2513 1205 quosdam
2542 1140 2816 1208 operarios
2845 1142 3133 1210 iumqualcs
3161 1144 3212 1197 in
3238 1160 3403 1215 Opere
3441 1157 3683 1216 aequaret

443 1225 615 1283 altero
667 1227 959 1297 exemplari
1016 1226 1313 1297 reperimus
1350 1245 1363 1281 :
1395 1226 1461 1279 Et
1509 1236 1587 1291 tu,
1615 1225 2007 1296 Capharnaum,
2112 1226 2163 1278 in
2187 1227 2426 1294 praemio,
2454 1235 2509 1280 et
2551 1226 2668 1296 plus
2719 1228 2770 1281 in
2820 1230 3068 1284 mercede
3095 1240 3365 1301 quaereret
3392 1234 3484 1302 qui
3512 1234 3685 1287 labori

444 1333 564 1389 qua
586 1334 746 1390 usque
787 1318 855 1371 ad
897 1317 1081 1373 calam
1131 1315 1361 1372 excitata
1386 1333 1461 1382 es,
1484 1332 1645 1387 usque
1685 1316 1754 1370 ad
1803 1315 2010 1386 inferna
2111 1315 2338 1386 amplius
2382 1316 2703 1377 insndasset.
2738 1320 2850 1372 ait:
2906 1320 3092 1375 Nonne
3130 1338 3194 1375 ea:
3236 1324 3452 1377 denario
3499 1341 3685 1377 conve-

444 1408 771 1463 descendisti.
799 1408 867 1461 Et
892 1414 977 1461 est
1013 1406 1208 1475 duplex
1258 1405 1644 1477 intelligentia:
1670 1405 1753 1460 vel
1780 1405 1898 1460 ideo
1942 1404 2010 1459 ad
2112 1404 2234 1457 nisti
2257 1422 2452 1459 mecum
2480 1406 2634 1459 7volo
2663 1417 2832 1460 autem
2858 1420 2904 1462 et
2934 1410 3053 1463 huic
3083 1412 3362 1465 novissimo
3399 1413 3528 1465 dare
3548 1413 3685 1466 sicut

446 1494 653 1552 inferna
683 1495 1000 1561 descendes,
1021 1496 1146 1564 quia
1168 1502 1353 1549 contra
1374 1494 1810 1564 praedicationem
1834 1507 2007 1547 meam
2110 1506 2156 1549 et
2177 1496 2290 1550 tibi.
2318 1496 2419 1549 Aut
2453 1514 2555 1551 non
2578 1496 2694 1550 licet
2723 1499 2849 1551 mihi
2883 1500 3022 1569 quod
3062 1501 3173 1553 vo.’o
3204 1487 3429 1569 facere?
3468 1501 3683 1572 (Matth.

442 1585 827 1656 superbissime
874 1586 1153 1652 restitisti,
1205 1585 1285 1641 vel
1335 1586 1454 1641 ideo
1497 1587 1622 1655 quia
1670 1585 1904 1641 exaltata
1950 1600 2011 1640 es
2113 1586 2305 1659 xs).ln
2342 1589 2548 1643 cunctis
2571 1604 2696 1660 ergo
2720 1604 2838 1658 qua:
2858 1591 3097 1645 exterius
3122 1592 3478 1661 disponuntur
3501 1603 3683 1660 aperte

445 1691 613 1749 usque
633 1678 702 1733 ad
729 1677 927 1733 ccelum
949 1692 1068 1731 meo
1091 1677 1326 1747 hospitio
1348 1685 1402 1733 et
1429 1678 1563 1733 meis
1586 1678 1772 1749 signis,
1802 1683 2007 1731 tantum
2038 1691 2084 1749 Β
2111 1693 2271 1733 causa
2297 1678 2518 1732 rationis
2554 1687 2658 1743 est,
2688 1679 2907 1733 occulta:
2923 1678 3133 1749 justitia
3162 1681 3471 1737 voluntatis.

447 1773 650 1829 habens
670 1772 1004 1844 privilegium
1031 1812 1046 1837 ,
1074 1770 1371 1841 majoribus
1405 1772 1667 1842 'plecteris
1711 1770 2007 1841 suppliciis,
2184 1768 2373 1823 Omnia
2403 1771 2527 1823 mihi
2569 1770 2762 1824 tradita
2801 1782 2920 1824 sunt
2947 1788 2978 1823 a
3022 1770 3182 1825 Patre
3207 1789 3338 1826 meo.
3375 1773 3443 1826 Et
3472 1774 3683 1827 traden.

446 1860 585 1931 quod
619 1861 705 1919 his
734 1876 945 1931 quoque
971 1860 1192 1917 credere
1241 1860 1483 1915 noluisti.
1530 1861 1587 1915 In
1633 1860 2008 1930 Capharnaum
2112 1867 2218 1919 tem
2244 1859 2478 1923 Patrem,
2520 1866 2576 1912 et
2602 1859 2951 1927 accipientem
2997 1859 3212 1925 Filium,
3262 1862 3488 1932 mystice
3524 1863 3677 1916 intel-

446 1960 645 2017 autem,
689 1966 809 2021 quae
856 1952 1243 2021 interpretatur
1272 1950 1412 2026 villa
1454 1951 1826 2021 pulcherrima,
1878 1966 2008 2005 con-
2110 1948 2232 2019 lige.
2262 1942 2603 2017 Alioquin,si
2644 1947 2796 2016 juxta
2842 1947 3184 2019 fragilitatem
3213 1942 3454 2003 nostram
3485 1953 3683 2006 sentire

446 2042 728 2099 demnatur
775 2042 1048 2097 incredula
1113 2040 1445 2096 Hierusalem
1476 2084 1490 2107 ,
1536 2042 1621 2097 cui
1669 2042 1868 2097 dicitur
1913 2055 2011 2111 per
2109 2041 2371 2101 volumus,
2406 2055 2527 2093 cum
2556 2040 2777 2109 coeperit
2811 2040 3011 2094 habere
3060 2039 3151 2109 qui
3199 2041 3415 2110 accipit,
3464 2042 3683 2110 incipiet

446 2133 778 2190 Ezechielem
805 2152 819 2187 :
848 2132 1148 2202 Justi/icata
1170 2142 1242 2185 est
1272 2130 1522 2196 Sodoma,
1547 2148 1696 2185 soror
1714 2140 1825 2196 tua,
1849 2147 1913 2185 etr-
1936 2120 2005 2184 te.
2111 2149 2216 2186 non
2244 2132 2441 2186 habere
2486 2132 2574 2200 qui
2606 2132 2829 2185 dederit.
2876 2132 3007 2186 Cum
3050 2132 3223 2186 omnia
3255 2132 3409 2204 legis,
3441 2135 3683 2204 omnipo-

444 2225 659 2297 (Esech.
686 2223 825 2295 XVI).
848 2222 998 2279 Unde
1026 2232 1082 2277 et
1102 2230 1498 2292 consequenter
1520 2222 1765 2276 subditur
1793 2239 1807 2275 :
2114 2232 2310 2301 tentem
2362 2223 2630 2293 agnoscis,
2686 2237 2789 2276 non
2827 2222 3145 2298 decolorem,
3202 2238 3306 2276 non
3360 2223 3682 2292 degenerem

514 2313 654 2381 Quia
694 2314 739 2368 si
790 2314 844 2367 in
893 2312 1134 2369 Sodomis
1186 2312 1340 2381 factae
1398 2311 1620 2379 fuissent
1660 2311 1871 2364 virtutes
1893 2327 2009 2380 quae
2108 2314 2440 2378 Patri;cum
2486 2312 2681 2365 tradita
2725 2312 2878 2382 legis.
2925 2312 3118 2366 Filium
3142 2311 3436 2375 conﬁteris,
3474 2314 3558 2367 cui
3588 2328 3684 2382 per

446 2405 601 2475 facta
622 2414 743 2460 sunt
768 2406 822 2458 in
851 2414 917 2469 te,
944 2404 1077 2473 forte
1099 2404 1405 2457 mansissent
1424 2404 1477 2455 in
1507 2402 1644 2454 hunc
1666 2418 1826 2471 usque
1847 2401 2003 2454 diem.
2109 2411 2354 2457 naturam
2380 2402 2555 2455 omnia
2584 2402 2741 2456 unius
2789 2401 3100 2455 substantia:
3138 2400 3262 2469 jure
3290 2409 3414 2455 sunt
3440 2403 3680 2471 propria,

444 2495 731 2565 (iuuans)
763 2493 982 2548 Minoris
1004 2488 1130 2564 ergo
1178 2492 1449 2563 injustitiae
1496 2490 1728 2544 Sodoma
1772 2498 1825 2543 et
1855 2489 2005 2558 quasi
2108 2510 2215 2550 non
2242 2495 2382 2549 dono
2407 2494 2598 2548 collata
2648 2507 2745 2562 per
2794 2492 3043 2563 gratiam.
3093 2492 3307 2545 Tradita
3359 2479 3537 2546 autem
3581 2493 3682 2547 sibi
3736 2562 3739 2565 _

442 2588 585 2655 iusta
609 2600 732 2641 esse
761 2585 957 2639 dicitur
986 2584 1040 2637 in
1063 2582 1465 2653 comparatione
1494 2581 1712 2651 majoris
1734 2579 2008 2649 injustitia:
2108 2587 2306 2651 omnia,
2338 2602 2443 2640 non
2466 2586 2683 2649 ctelum,
2708 2594 2763 2639 et
2784 2594 2951 2649 terra,
2977 2593 3033 2638 et
3050 2584 3311 2639 elementa
3336 2582 3679 2654 intelligenda

448 2676 801 2739 Hierusalem,
830 2689 951 2729 cum
982 2674 1071 2753 illa
1099 2672 1358 2741 exemplis
1387 2672 1484 2726 Lot
1508 2687 1612 2725 non
1645 2671 1802 2725 fuerit
1829 2684 2011 2723 corre-
2108 2686 2253 2740 stmt,
2280 2686 2333 2729 et
2352 2684 2546 2730 uetera
2577 2690 2693 2744 qua:
2717 2676 2829 2743 ipse
2857 2673 2984 2727 fecit
3004 2682 3058 2727 et
3084 2674 3342 2737 condidit,
3386 2674 3481 2727 sed
3508 2674 3559 2726 hi
3590 2673 3680 2741 qui

445 2778 554 2832 cta,
584 2775 641 2820 et
665 2766 767 2820 ista
806 2764 927 2819 Filii
977 2763 1070 2817 Dei
1128 2763 1307 2817 verbis
1366 2769 1421 2816 et
1466 2761 1743 2815 miraculis
1794 2774 2008 2829 semper
2108 2782 2204 2836 per
2232 2764 2420 2820 Filium
2468 2782 2741 2822 accessum
2773 2768 2976 2821 habent
2996 2768 3061 2821 ad
3110 2766 3343 2833 Patrem,
3370 2776 3423 2821 et
3450 2776 3572 2820 ante
3601 2783 3681 2821 re-

443 2854 715 2911 exstiterit
746 2853 973 2923 ingrata.
1001 2850 1113 2905 lmo
1146 2851 1436 2920 prophetas
1465 2863 1565 2903 nec
1595 2864 1700 2903 non
1750 2856 1803 2902 et
1832 2849 2006 2917 ipsum
2106 2857 2293 2922 belles,
2322 2857 2485 2911 Deum
2516 2846 2698 2927 postea
2724 2858 2922 2911 sentire
2943 2864 3241 2924 cmpemnt.

447 2943 784 3000 Salvatorem
838 2941 1072 3005 oecldit,
1129 2948 1185 2996 et
1237 2938 1509 3008 apostolos
1554 2935 1673 3005 ejus
1722 2944 2002 3007 persecuta

2180 2949 2403 3021 (Hilam)
2434 2950 2648 3003 Tradita
2672 2958 2848 3003 autem
2874 2964 2978 3003 non
3007 2948 3107 3001 alia
3136 2956 3259 3002 sunt
3285 2961 3449 3016 quam
3475 2964 3595 3017 quae
3622 2950 3672 3002 in

445 3044 548 3092 est.
2036 3032 2081 3095 C
2111 3040 2248 3100 Filio
2270 3041 2366 3095 soli
2390 3048 2512 3093 nota
2556 3048 2679 3094 sunt
2706 3039 2855 3093 Patri
2880 3056 2894 3102 ;
2947 3048 3069 3091 nota
3096 3053 3227 3093 vero
3270 3037 3408 3093 Filio
3435 3040 3535 3092 soli
3563 3054 3677 3093 esse

524 3122 891 3179 Verumtamen
938 3121 1055 3174 dico
1106 3119 1243 3173 vobis
1280 3119 1405 3188 quia
1461 3126 1613 3171 terra!
1666 3115 2011 3171 Sodomorum

2121 3143 2229 3199 qtae
2256 3129 2430 3182 Patris
2455 3136 2615 3183 sunt:
2645 3135 2804 3195 atque
2835 3127 2907 3179 ita
2934 3126 2988 3180 in
3020 3127 3122 3179 hoc
3146 3135 3341 3179 mutua:
3362 3128 3676 3195 cognitionis

446 3214 712 3270 remissius
738 3213 833 3266 erit
862 3227 1017 3283 quam
1049 3210 1161 3264 tibi.
1192 3209 1490 3263 Remissior
1530 3222 1659 3277 ergo
1691 3220 1876 3261 eorum
1900 3207 2001 3284 peril

2122 3229 2318 3273 secreto
2344 3217 2653 3287 intelligitur
2694 3231 2799 3270 non
2838 3214 2979 3269 aliud
3022 3214 3075 3267 in
3101 3213 3235 3269 Filio
3260 3230 3423 3283 quam
3450 3214 3505 3269 in
3528 3215 3677 3269 Patro

448 3322 625 3378 pcena,
648 3318 877 3375 quorum
922 3303 1096 3357 minor
1136 3310 1219 3357 est
1257 3301 1443 3370 culpa;
1473 3310 1528 3355 et
1575 3300 1628 3353 in
1672 3315 1767 3354 eos
1823 3298 2014 3354 fortior
2114 3307 2412 3377 ignorabile
2441 3306 2729 3361 exstitisse.
3490 3350 3499 3363 ,

448 3397 761 3468 procederet
789 3395 1041 3459 vindicta,
1071 3408 1299 3463 quorum
1328 3390 1500 3460 major
1529 3397 1611 3446 est
1637 3405 1795 3444 noxa.

2180 3397 2247 3451 Et
2278 3415 2425 3452 nemo
2446 3400 2587 3477 novit
2632 3396 2829 3450 Filium
2875 3397 2974 3451 nisi
3023 3396 3220 3461 Pater;
3273 3412 3433 3465 neque
3472 3392 3676 3449 Patren!

519 3506 653 3583 [ιιι]
690 3506 756 3561 In
783 3506 872 3560 illo
900 3516 1123 3576 tempore
1152 3504 1463 3573 respondens
1489 3503 1643 3557 Jesus
1673 3502 1805 3556 dixit
1834 3515 1851 3554 :
1877 3500 2013 3555 Con-

2116 3494 2224 3562 qais
2249 3493 2382 3545 norit
2416 3492 2513 3544 nisi
2544 3488 2736 3553 Filius,
2770 3499 2816 3542 et
2842 3491 2926 3543 cui
2968 3489 3185 3543 voluerit
3234 3488 3279 3540 F
3282 3490 3407 3543 ilius
3435 3490 3671 3544 revelare.

448 3577 597 3667 ﬁteor
619 3577 729 3662 tibi,
756 3596 934 3662 Pater,
962 3594 1179 3649 Domine
1200 3592 1313 3649 cceli
1336 3602 1384 3647 et
1414 3604 1583 3647 τεῖναι.
1607 3591 1886 3647 Confessio
1907 3608 2011 3646 non
2112 3582 2232 3636 Non
2259 3583 2331 3635 ita
2374 3577 2771 3650 intelligendum
2801 3588 2884 3633 est
2911 3581 3061 3649 quasi
3087 3580 3255 3633 Filius
3280 3596 3309 3634 a
3346 3580 3493 3635 nullo
3517 3580 3679 3650 possit

450 3704 661 3760 semper
710 3686 1101 3757 paenitentiam,
1134 3685 1228 3739 sed
1278 3693 1333 3739 et
1391 3685 1688 3752 gratiarum
1743 3683 2012 3737 actionem
2112 3674 2236 3728 sciri
2266 3674 2367 3727 nisi
2396 3688 2423 3727 a
2452 3673 2606 3727 Patre
2635 3675 2767 3737 solo,
2809 3674 2968 3728 Pater
2996 3684 3171 3727 autem
3200 3691 3304 3728 non
3344 3675 3513 3729 solum
3543 3690 3571 3727 a
3598 3672 3677 3727 Fi-

449 3781 735 3850 signiﬁcat,
758 3788 817 3834 ut
842 3778 896 3833 in
928 3777 1154 3833 Psalmis
1182 3776 1478 3846 smpissime
1501 3776 1747 3843 legimus.
1779 3775 2013 3829 Audiam
2110 3765 2202 3829 lio,
2236 3766 2327 3820 sed
2367 3764 2526 3818 etiam
2556 3764 2621 3817 ab
2646 3766 2724 3819 eis
2766 3765 2958 3833 quibus
2987 3764 3307 3818 revelaverit
3356 3764 3397 3817 F
3404 3765 3562 3818 ilius:
3590 3764 3677 3818 sed

451 3873 543 3941 qui
566 3870 901 3927 Salvatorem
933 3884 1039 3924 non
1072 3877 1254 3922 natum
1284 3867 1377 3922 sed
1408 3876 1649 3922 creatum
1679 3865 2006 3921 calumnian-

2120 3855 2176 3909 ad
2213 3863 2497 3922 utrumque
2527 3852 2861 3908 referendum
2912 3862 2995 3907 est
3036 3854 3174 3921 quod
3212 3856 3325 3908 ait:
3366 3854 3432 3911 Et
3462 3856 3547 3908 cui
3592 3871 3675 3907 ro—

454 3972 556 4026 ιυιη,
581 3962 723 4032 quod
754 3961 968 4016 pan-em
993 3976 1145 4016 suum
1172 3968 1347 4026 νοοει,
1372 3958 1493 4015 ρωιί
1523 3966 1699 4013 autem
1729 3958 2011 4012 Dominum
2112 3946 2264 3998 luerit
2300 3942 2347 3996 F
2349 3944 2469 3998 ilius
2499 3944 2740 4006 revelare,
2791 3953 2849 3997 ut
2876 3952 2930 3997 et
2979 3944 3189 3997 Patrem
3243 3944 3600 4014 intelligamus
3627 3952 3679 3997 et

452 4064 506 4109 et
532 4062 706 4109 terrm.
740 4053 798 4108 Si
820 4053 961 4107 enim
992 4060 1047 4106 et
1078 4053 1191 4121 ipse
1238 4059 1499 4111 creatura
1530 4059 1635 4115 est,
1664 4058 1721 4105 et
1767 4057 2013 4105 creatura
2100 4036 2283 4104 ipsum
2323 4034 2514 4087 Filium
2559 4049 2656 4103 Per
2699 4033 2892 4086 Filium
2941 4033 3205 4087 ι’θνθιεπίῖ
3265 4033 3389 4102 qm“
3437 4034 3551 4100 ipse
3596 4040 3677 4085 εει

452 4146 782 4201 conditorem
811 4158 965 4199 suum
993 4143 1206 4199 Patrem
1239 4142 1486 4198 similiter
1520 4140 1787 4211 appellare
1812 4147 2007 4209 potest,

2124 4125 2306 4180 mentis
2330 4133 2525 4179 nostra:
2562 4124 2760 4176 lumen.
2790 4123 2974 4177 Verbo
3009 4124 3152 4176 enim
3192 4138 3289 4177 suo
3317 4138 3373 4177 se
3402 4123 3562 4176 Pater
3585 4125 3679 4176 de-

452 4234 674 4290 stultum
701 4220 797 4289 fuit
822 4250 927 4290 non
972 4244 1027 4290 et
1055 4235 1134 4289 sui
1165 4242 1219 4289 et
1243 4233 1387 4299 εαξη,
1418 4242 1474 4288 et
1525 4244 1683 4287 terra:
1727 4232 2007 4287 Dominum

2124 4216 2305 4281 :larat,
2326 4216 2558 4270 Verbum
2595 4226 2771 4268 autem
2817 4230 2921 4268 non
2968 4214 3139 4268 solum
3165 4215 3215 4267 id
3240 4214 3383 4284 quod
3419 4228 3515 4283 per
3547 4214 3679 4267 Ver-

444 4324 535 4380 νοι
568 4323 781 4379 patrem
806 4323 1051 4378 δίιηίιίιει-
1077 4321 1363 4392 appcuare,
2034 4370 2086 4392 ἢ
2113 4306 2237 4360 bum
2264 4305 2582 4367 declaratur,
2614 4304 2706 4358 sed
2727 4303 2888 4357 etiam
2924 4304 3153 4372 seipsum
3191 4302 3443 4356 declarat.
3480 4302 3683 4357 Erube-

521 4370 659 4481 Qitia
687 4370 1464 4482 abscondis-t'ivlitejiapi—eniibus
1493 4420 1545 4464 et
1568 4407 1929 4479 prudentibus,
1958 4413 2007 4459 et
2034 4370 2086 4428 Β
2113 4402 2228 4449 seat
2256 4395 2567 4457 Eunomius,
2600 4404 2799 4447 tantam
2846 4393 2945 4447 sibi
2972 4370 3213 4445 notitiam
3246 4391 3421 4445 Patris
3458 4400 3509 4445 et
3538 4391 3677 4482 Filii,

451 4475 778 4559 revelasti‘ea
802 4475 1051 4572 parvulis.
1080 4475 1293 4556 Gratias
1313 4500 1422 4569 agit
1442 4508 1496 4553 et
1518 4475 1749 4553 eisnltat
1774 4496 1828 4549 in
1851 4494 2006 4549 Patre

2124 4490 2365 4552 quantam
2400 4481 2716 4543 alterutrum
2750 4480 2887 4535 inter
2912 4495 2969 4533 se
3012 4480 3228 4543 habent,
3264 4478 3495 4547 jactans.
3526 4475 3679 4543 Quod

449 4593 591 4662 quod
626 4570 881 4663 apostolis
921 4590 1176 4645 adventus
1206 4590 1286 4643 sui
1337 4586 1608 4657 aperuerit
1649 4592 2008 4649 sacramenta,
2113 4574 2157 4627 si
2189 4573 2311 4627 inde
2338 4573 2691 4625 contenditet
2718 4586 2868 4625 suam
2911 4570 3224 4624 consolatu'
3252 4570 3511 4623 insaniam
3552 4570 3678 4637 quia

448 4658 567 4750 σξιιςιε
610 4658 993 4753 ίεῇοηγει-υηι
1038 4672 1228 4734 scriba;
1282 4690 1337 4733 ει
1398 4678 1697 4743 pharisggi,
1754 4677 1845 4746 qui
1907 4680 2009 4733 sibi
2112 4666 2387 4735 sequitur:
2423 4663 2489 4716 Et
2527 4664 2609 4715 cui
2640 4661 2853 4721 voluerit
2904 4658 3077 4714 Filius
3120 4659 3555 4753 revelare,hali_ud
3594 4668 3680 4713 est

451 4747 719 4839 sapienies
747 4770 995 4825 videntur
1017 4778 1072 4824 et
1116 4769 1167 4822 in
1214 4778 1503 4838 conspectu
1546 4783 1643 4822 suo
1667 4768 2006 4850 \prudentes.

2125 4764 2317 4809 natura:
2345 4753 2645 4822 mqualitate
2685 4766 2844 4805 nosse
2880 4750 3021 4819 quod
3058 4756 3300 4811 noverat,
3342 4747 3484 4800 aliud
3528 4761 3680 4800 reve-

448 4858 748 4928 Justiﬁcata
774 4860 1031 4930 sapientia
1059 4876 1092 4911 a
1119 4857 1245 4927 ﬁliis
1270 4858 1398 4911 suis.
1423 4856 1524 4911 Ubi
1550 4843 1771 4925 pulchre
1793 4858 2007 4926 sapien-
2115 4846 2276 4899 Ῑίιιιῑίε
2303 4843 2633 4912 ἀίῧηθίίοηο.

452 4922 602 5001 tibus
623 4956 676 5001 et
700 4922 1048 5017 prudentibus
1071 4922 1176 5001 non
1202 4946 1516 5016 insipientes
1547 4922 1601 4999 ct
1628 4922 1871 5008 hebetes;
1916 4947 2007 5000 sed

2186 4934 2321 5007 [ΗΠ]
2357 4933 2532 4987 Venite
2560 4935 2626 4985 ad
2655 4947 2753 4995 me,
2794 4946 2967 4983 omnes
2992 4928 3080 4997 qui
3118 4925 3364 4978 laboratis
3404 4932 3452 4977 et
3478 4922 3678 4976 onerati

452 5039 722 5108 parvulos,
749 5039 797 5093 id
838 5047 919 5092 cst
962 5039 1211 5103 humiles,
1234 5038 1503 5112 opposuit,
1542 5046 1600 5091 ut
1650 5038 1903 5107 probaret
1953 5052 2010 5091 se
2113 5028 2253 5088 estis,
2281 5036 2327 5078 et
2366 5041 2456 5094 ego
2484 5023 2709 5090 reﬁciam
2753 5038 2859 5074 vos.
2909 5018 3099 5073 Gravia
3128 5026 3291 5112 onera
3472 5018 3677 5112 peccati

454 5105 713 5185 tumorem
743 5129 1026 5185 damnasse
1049 5145 1152 5183 non
1177 5105 1399 5197 acu-men
1431 5147 1443 5181 :
1477 5128 1600 5197 quia
1628 5105 1743 5181 litae
1789 5136 1871 5181 est
1896 5126 2007 5180 cla~
2113 5124 2166 5168 Cl
2204 5113 2492 5166 Ζίιοιιιὶτὶθε
2534 5112 2790 5180 ιποριιοιει
2834 5116 3081 5197 testatur.
3124 5107 3307 5161 dicens
3352 5105 3677 5197 ﬁgite“?!

451 5220 534 5274 vis
557 5220 623 5274 de
650 5235 755 5289 qua
785 5218 911 5273 alibi
936 5217 1066 5272 dicit
1096 5235 1107 5270 :
1144 5192 1352 5271 Tulittis
1374 5192 1568 5270 clavem
1598 5216 1825 5268 scientia:
1854 5213 2005 5284 (Luc.
2114 5204 2288 5255 δειίενε
2313 5218 2465 5269 super
2497 5201 2743 5253 ιαίεητυτπ
2778 5198 2969 5268 Ρίωηθί
3002 5196 3185 5267 (luat
3210 5197 3263 5265 ν)
3291 5212 3303 5248 ⁵
3356 5194 3421 5247 Et
3455 5192 3678 5246 Psalmi"

452 5311 551 5375 tu),
580 5310 633 5364 id
659 5318 757 5372 est,
785 5308 1142 5363 humilitatem
1184 5306 1301 5359 ﬁdei
1326 5306 1547 5369 Christi,
1578 5321 1682 5374 qua
1727 5303 1791 5356 ad
1820 5304 2010 5356 divini-
2111 5304 2190 5348 δίει
2221 5292 2547 5360 ςοιιιριοτθιε
2581 5290 2886 5361 ῙηίίῙιιίῑαιεδ
2910 5306 3035 5342 ἠΰτε
3064 5295 3357 5358 ασθναυαίω
3380 5295 3500 5375 mm
3522 5299 3679 5352 sup"

453 5374 581 5455 tatis
600 5400 717 5470 ejus
763 5400 1088 5470 agnitionem
1127 5397 1410 5466 pervenire
1446 5385 1723 5465 potei'atis,
1750 5410 2008 5466 spernen-

2121 5402 2191 5437 me
2220 5381 2389 5453 (Psal.
2416 5382 2640 5451 xxxvii).
2690 5380 2780 5435 Vel
2815 5389 2957 5435 certe
2987 5394 3079 5433 eos
3115 5378 3202 5445 qni
3232 5379 3360 5446 jugo
3402 5374 3532 5444 legis
3554 5389 3676 5443 gm—

452 5501 557 5556 tes,
586 5466 822 5561 abjicere
852 5488 1136 5543 maluistis.
1794 5502 1797 5506 ‘
2112 5476 2329 5529 vissimo
2378 5474 2749 5541 premebantur
2793 5472 2857 5524 ad
2895 5469 3160 5538 Evangelii
3214 5468 3398 5522 invitat
3426 5466 3671 5536 gratiam.

523 5579 627 5645 Ita,
678 5578 853 5646 Pater,
908 5579 1151 5649 quoniam
1199 5580 1281 5630 sic
1330 5576 1427 5643 fuit
1481 5574 1723 5639 placitum
1777 5585 1892 5623 ante
1944 5584 2007 5627 te.
2118 5566 2649 5632 llnfc-etscquitur'
