3938 6324
244 365 346 421 917

1232 355 1582 431 COMMENT.
1626 355 1689 408 1N
1734 353 2164 409 MA'l"l'lL-EU.\L
2208 385 2272 393 ——-
2317 353 2439 407 ΜΒ.
2482 355 2567 408 ιν.

3386 370 3485 419 es

313 481 501 538 Tollite
517 483 707 555 jugum
737 494 905 533 meum
930 494 1081 547 super
1108 494 1208 539 vos,
1245 462 1303 530 et.
1320 476 1497 530 discite
1524 493 1555 527 a
1585 492 1662 527 me
1687 476 1810 543 quia
1842 490 1887 546 Α
1917 475 2029 529 hcce
2056 476 2320 530 sententia
2345 492 2449 545 qua
2474 476 2729 531 Dominus
2754 476 2883 531 dicit
2910 497 2920 530 :
2947 476 3141 548 Iugum
3164 480 3295 533 Cilllil
3320 498 3484 533 metu."

241 568 384 629 mitis
430 589 545 627 sum
592 580 637 625 et
688 566 897 623 humilis
944 569 1117 621 corde.
1168 566 1358 638 Iugum
1414 567 1558 621 enim
1609 566 1807 621 Christi

242 662 589 733 Evangelium
631 668 712 715 est
742 660 962 724 Christi,
1008 659 1148 727 quod
1193 657 1402 712 Judmos
1447 666 1501 710 et
1544 664 1729 725 gentes
1760 655 1811 708 in

239 755 449 808 unitate
481 751 601 805 ﬁdei
624 750 897 821 conjungit
922 758 976 804 et
1003 750 1171 804 sociat
1196 768 1206 801 :
1234 750 1334 803 hoc
1359 747 1501 801 enim
1530 762 1689 815 super
1719 761 1815 800 nos

233 842 493 912 prbentur
519 856 747 906 sumere,
778 842 829 897 id
854 848 957 906 est,
992 841 1044 894 in
1074 842 1277 895 honore
1305 840 1519 901 habere,
1567 854 1633 893 ne
1679 837 1814 891 forte

238 936 431 989 subtus
457 940 736 1004 ponentes,
768 932 821 987 id
855 941 955 997 est,
1004 946 1169 1001 prave
1214 930 1345 984 illud
1386 936 1812 989 contemnentes,

238 1026 518 1080 lutulentis
564 1026 789 1095 pedibus
845 1024 1095 1078 vitiorum
1145 1021 1539 1077 conculcemus.
1598 1019 1815 1073 Discere

238 1114 371 1170 item
418 1106 671 1185 jnb'emur
716 1113 785 1168 ab
839 1111 953 1182 ipso
1007 1112 1132 1182 quia
1182 1110 1321 1164 mitis
1359 1118 1457 1174 est,
1504 1117 1549 1161 et
1603 1105 1814 1159 humilis

234 1204 416 1261 corde.
1105 1219 1109 1223 '

307 1316 425 1372 Hoc
463 1316 625 1372 etiam
676 1315 729 1371 in
766 1314 1033 1386 baptismo
1074 1312 1191 1382 ejus
1236 1312 1471 1383 Spiritus
1512 1317 1727 1366 sanctus
1762 1309 1815 1363 in

232 1408 502 1463 columbae
527 1407 704 1479 specie
727 1422 887 1476 super
908 1406 1079 1475 ipsum
1102 1403 1431 1459 descendens
1459 1402 1815 1473 signiﬁcabat,

233 1498 363 1566 quia
389 1505 708 1567 potestatem
731 1494 847 1564 ejus
866 1494 1217 1548 mansuetudo
1241 1492 1588 1563 temperabat.
1617 1491 1690 1544 De
1711 1505 1818 1559 quo

232 1590 498 1657 propheta
527 1587 687 1643 dicit:
728 1586 852 1640 Non
881 1584 1149 1649 clamabit,
1194 1600 1357 1654 neque
1382 1584 1596 1653 accipiet
1639 1598 1817 1653 perso-

233 1696 383 1743 nam,
421 1696 581 1751 neque
607 1678 852 1734 audietur
888 1678 1017 1747 foris
1052 1694 1148 1731 vox
1176 1677 1307 1747 ejus.
1346 1675 1620 1731 Calamam
1660 1692 1813 1746 quas-

232 1780 413 1823 satum
456 1786 558 1823 non
590 1777 816 1822 conteret
846 1779 892 1821 et
924 1768 1119 1837 lignum
1171 1767 1431 1836 fumignns
1476 1782 1577 1818 non
1623 1766 1815 1818 exstin-

230 1871 398 1930 guet:
442 1860 495 1913 in
534 1860 719 1913 virtute
771 1858 949 1911 educet
987 1856 1273 1925 judicium.
1327 1853 1449 1908 Non
1488 1854 1581 1908 erit
1626 1854 1811 1921 tristis,

232 1967 399 2020 neque
427 1947 773 2013 turbulentus,
802 1947 964 2001 donec
998 1955 1156 2015 ponat
1195 1946 1248 1999 in
1273 1955 1414 1999 terra
1448 1945 1733 2015 judicium,
1762 1954 1808 1999 et

232 2042 403 2110 legem
431 2038 543 2108 ejus
571 2037 758 2092 insula:
785 2036 1149 2107 exspectabant
1178 2026 1311 2106 (Isa.
1341 2034 1495 2106 xm).

303 2149 628 2205 Discendum
670 2162 798 2217 ergo
824 2146 978 2201 nobis
1019 2153 1102 2200 est
1149 2162 1181 2201 a
1231 2144 1508 2200 Salvatore
1542 2155 1727 2201 nostro
1755 2154 1813 2199 ut

229 2240 406 2295 simus
433 2240 592 2295 mites
636 2239 877 2294 moribus
906 2247 959 2293 et
987 2238 1217 2293 humiles
1245 2238 1532 2302 mentibus,
1562 2246 1620 2291 ut
1646 2238 1813 2293 nemi-

229 2347 359 2384 nem
410 2330 686 2395 lmdamus,
739 2329 1008 2384 neminem
1043 2338 1485 2392 ‘contemnamus,
1544 2329 1811 2383 neminem

231 2422 441 2475 frustra
467 2420 766 2485 irritemus,
809 2431 906 2489 per
951 2418 1147 2473 fastum
1190 2418 1459 2472 neminem
1504 2429 1813 2472 contemna-

228 2525 393 2564 mus:
421 2518 476 2564 et
518 2508 743 2564 virtutes
794 2523 927 2578 quas
978 2506 1110 2563 feris
1157 2507 1490 2562 ostendimus
1528 2508 1580 2561 in
1631 2523 1813 2577 opere,

226 2601 383 2655 intus
411 2600 678 2656 veraciter
702 2608 981 2656 teneamus
1009 2600 1063 2654 in
1112 2599 1291 2654 corde.
1336 2598 1437 2666 Qui
1481 2599 1623 2653 enim
1664 2600 1817 2669 ﬁngit

226 2706 295 2744 se
323 2704 443 2746 esse
484 2698 579 2745 aut
620 2691 828 2757 mitem,
881 2697 975 2744 aut
1017 2689 1291 2755 humilem,
1339 2698 1396 2744 et
1447 2704 1552 2744 non
1582 2705 1646 2744 ex
1682 2704 1813 2758 pura

227 2784 554 2850 intentione,
585 2783 683 2838 sub
706 2782 862 2837 ovina
883 2780 1020 2857 pelle
1045 2780 1227 2851 lupum
1250 2780 1399 2851 tegit,
1429 2789 1485 2834 et
1518 2782 1615 2835 sub
1638 2781 1815 2849 specie
1892 2796 1897 2800 '

225 2873 493 2927 columba?
517 2871 593 2926 fel
636 2863 1195 2941 serpentinumcelat.
1248 2869 1364 2926 Non
1413 2860 1556 2925 enim
1599 2881 1685 2925 est
1712 2871 1817 2925 iste

224 2962 529 3033 discipulus
557 2962 781 3028 Christi,
816 2962 910 3018 sed
957 2961 1192 3017 imitator
1230 2961 1446 3017 diaboli.
1501 2961 1567 3015 Et
1614 2961 1814 3017 frustra

223 3052 445 3109 laborat
494 3052 620 3122 quia
668 3068 775 3107 non
820 3052 890 3107 ad
935 3037 1190 3108 aeternam
1236 3052 1497 3121 requiem,
1552 3052 1647 3106 sed
1687 3068 1812 3123 per-

224 3153 451 3216 petuum
484 3144 657 3199 tendit
698 3144 765 3199 ad
808 3144 1009 3214 ignem,
1056 3158 1183 3199 vera
1242 3144 1385 3198 enim
1446 3144 1659 3213 requies
1706 3153 1809 3209 est,

224 3229 395 3306 quam
441 3234 689 3291 Salvator
732 3234 977 3304 sequenti
1023 3248 1272 3290 sermone
1327 3234 1660 3289 demonstrat
1730 3234 1812 3290 di-

225 3343 363 3383 cens
389 3341 408 3382 2
987 3340 1001 3349 “

300 3441 377 3506 Et
404 3439 670 3496 invenietis
710 3442 936 3513 requiem
979 3441 1255 3495 animabus
1296 3440 1496 3496 vestris.
1540 3439 1641 3505 Qui
1668 3438 1814 3493 enim

225 3531 433 3587 Christi
458 3532 702 3600 sequitur
731 3530 974 3601 vestigia,
1006 3537 1060 3584 et
1092 3530 1554 3584 mansuetudinem
1598 3527 1733 3597 ejus,
1762 3536 1818 3583 et

227 3621 611 3687 humilitatem,
635 3620 1092 3691 longanimitatem
1122 3629 1175 3674 et
1208 3619 1520 3689 patientiam
1552 3625 1813 3687 quantum

227 3712 490 3783 prazvalet
515 3711 779 3777 imitatur,
804 3711 892 3765 hic
920 3710 1099 3765 anima
1125 3708 1240 3780 ejus
1258 3708 1369 3779 jam
1392 3708 1603 3763 laetatur
1626 3709 1679 3762 in
1700 3722 1811 3776 spe,

226 3812 288 3857 et
338 3803 391 3857 in
440 3800 731 3858 futuro'in
789 3810 1046 3872 perpetua
1104 3799 1353 3872 gaudebit
1397 3800 1605 3868 requie,
1657 3806 1818 3867 atque

227 3903 439 3948 :eterna
465 3907 587 3949 cum
622 3892 823 3947 sanctis
876 3890 1081 3961 angelis
1112 3888 1415 3960 perfruetur
1462 3889 1815 3954 beatitudine,

229 3984 377 4037 sicut
408 3996 505 4053 per
535 3974 824 4035 Ieremiam
853 3979 1168 4050 prophetam
1194 3978 1312 4049 ipse
1332 3985 1577 4033 testatur
1596 3977 1814 4033 dicens:

234 4055 389 4127 State
415 4086 570 4142 super
596 4071 725 4135 vias,
765 4080 813 4123 et
856 4069 1027 4123 videte
1075 4076 1123 4121 et
1166 4068 1477 4137 interrogate
1521 4066 1585 4120 de
1624 4066 1817 4120 semitis

229 4165 489 4234 antiquis,
515 4178 631 4234 qua:
655 4163 720 4237 sit
746 4162 830 4214 via
854 4159 1010 4225 bona,
1050 4167 1098 4213 et
1122 4158 1382 4212 ambulate
1404 4159 1460 4211 in
1488 4174 1570 4224 ea,
1608 4167 1656 4211 et
1681 4158 1819 4212 inve-

232 4255 389 4307 nietis
412 4252 741 4322 refrigerium
760 4248 1034 4303 animabus
1058 4248 1244 4303 vestris
1272 4246 1405 4319 (Jer.
1435 4246 1533 4317 vr).

305 4364 508 4434 Iugum
555 4364 691 4417 enim
736 4377 907 4414 meum
950 4377 1105 4414 suave
1146 4368 1244 4425 est,
1271 4368 1318 4413 et
1347 4376 1477 4413 onus
1507 4374 1679 4412 meum
1708 4360 1817 4413 leve

230 4468 335 4511 est.
373 4454 643 4529 (Hierom)
675 4452 950 4521 Quomodo
970 4452 1139 4508 levius
1160 4451 1276 4523 lege
1300 4450 1666 4521 Evangelium,
1690 4465 1813 4505 cum

234 4549 292 4603 in
324 4522 440 4617 lege
461 4522 825 4607 homicidium,
852 4543 906 4596 in
936 4541 1222 4620 Evangelio
1263 4540 1337 4595 ita
1367 4539 1668 4594 damnetur.
1702 4538 1816 4606 Qua
1845 4522 1896 4581 Ῑ)

234 4636 449 4692 ratione
478 4635 749 4704 Evangelii
783 4633 953 4704 gratia
998 4618 1230 4698 facilior,
1274 4648 1399 4698 cum
1448 4633 1501 4685 in
1531 4631 1645 4701 lege
1672 4632 1821 4687 adul-

236 4728 458 4794 terium,
504 4727 557 4780 in
605 4726 890 4797 Evangelio
941 4724 1369 4794 concupiscentia
1418 4725 1707 4793 puniatur?
1764 4725 1819 4779 ln

236 4818 360 4889 l-ge
388 4816 551 4871 multa
578 4825 840 4886 praecepta
889 4823 1013 4869 sunt
1040 4829 1159 4884 quae
1204 4814 1488 4882 Apostolus
1527 4830 1632 4869 non
1662 4830 1820 4883 posse

234 4906 499 4977 compleri
525 4906 849 4977 plenissime
887 4906 1059 4960 docet.
1111 4905 1168 4959 ln
1195 4904 1311 4975 lege
1352 4920 1515 4975 opera
1545 4907 1823 4975 requirun-

238 5007 353 5061 tur,
382 5011 501 5065 quas
545 4996 636 5065 qni
668 4995 856 5051 fecerit
900 4996 1044 5050 vivet
1068 4996 1141 5051 in
1190 4996 1287 5051 eis.
1327 4996 1383 5050 lu
1414 4997 1702 5067 Evangelio
1727 5014 1821 5053 vo-

236 5086 422 5140 luntas
443 5084 729 5154 quaeritur:
762 5100 880 5153 qua:
902 5084 946 5137 si
968 5084 1129 5138 etiam
1149 5084 1396 5161 cll'cctum
1420 5100 1523 5139 non
1552 5086 1819 5150 habuerit,

236 5188 424 5231 tamen
464 5173 739 5243 prmmium
786 5189 892 5228 non
934 5173 1149 5227 amittit.
1191 5174 1532 5243 Evangelium
1576 5189 1638 5229 ca
1683 5192 1819 5245 pra:-

236 5264 377 5334 cipit
429 5278 549 5332 qua:
593 5277 917 5331 possumus:
969 5278 1035 5317 ne
1084 5252 1290 5323 scilicet
1330 5266 1810 5341 concupiscamus;

237 5355 348 5407 hoc
382 5352 435 5405 in
461 5352 685 5407 arbitrio
705 5361 892 5406 nostro
920 5361 1021 5407 est.
1050 5352 1179 5414 Lex,
1208 5368 1329 5407 cum
1356 5353 1683 5409 voluntatem
1707 5370 1811 5409 non

239 5442 451 5514 puniat,
482 5441 939 5511 puniteﬁ‘ectum:
976 5426 1041 5496 ne
1079 5444 1399 5498 adulterium
1436 5443 1620 5499 facias.
1652 5444 1817 5514 Finge

240 5533 296 5585 in
326 5531 696 5600 persecutione
723 5530 954 5599 aliquam
1003 5532 1260 5602 virginem
1297 5534 1635 5603 prostitutam
1662 5553 1675 5587 :
1706 5536 1818 5589 lucc

237 5622 381 5690 apud
406 5621 775 5689 Evangelium.
804 5624 927 5690 quia
957 5622 1226 5678 voluntate
1253 5641 1355 5679 non
1387 5626 1648 5693 peccavit,
1675 5626 1822 5696 virgo

238 5713 567 5781 suscipitur:
604 5712 655 5765 in
701 5712 815 5781 lege
857 5714 1010 5782 quasi
1053 5728 1302 5784 corrupta
1335 5718 1661 5786 repudiatur.
1692 5717 1819 5771 llcm

1918 580 2075 617 suave
2096 572 2189 627 est,
2216 574 2262 618 et
2287 582 2417 617 onus
2448 581 2611 619 meum
2638 564 2741 621 lere
2781 578 2875 631 est,
2905 568 3033 621 satis
3067 569 3381 637 quihusdam
3413 573 3488 623 vi-

1914 655 2070 709 detur
2092 657 2373 711 adversum
2420 657 2491 710 illi
2540 660 2818 711 sententia:
2848 674 3006 727 quam
3054 646 3237 713 eadem
3280 660 3486 715 Veritus

1914 746 2037 799 alibi
2064 747 2318 815 protulit:
2347 747 2597 815 Angusta,
2642 748 2838 817 inquit,
2882 748 2958 801 via
3000 759 3071 801 est
3105 766 3220 818 quia
3252 751 3391 803 ducit
3422 752 3486 802 ml

1915 836 2090 888 vitam.
2123 834 2189 888 Et
2234 836 2500 905 Propheta
2548 836 2771 891 Domino
2816 840 2925 892 ait:
2971 838 3191 907 Propter
3235 842 3385 893 verba
3413 841 3487 893 [αα

1915 924 2115 978 biorum
2143 934 2350 979 tuorum
2397 942 2487 995 ego
2533 928 2783 980 custodiri
2811 929 2916 982 vias
2963 930 3123 983 duras
3157 927 3327 1001 (1)εαὶ.
3355 933 3486 1001 xvr).

1916 1015 2120 1086 Quippe
2149 1032 2269 1071 cum
2298 1017 2585 1087 Apostolus
2614 1017 2757 1073 dicat
2785 1037 2797 1072 :
2846 1019 3034 1075 Omnes
3077 1024 3166 1093 qui
3207 1022 3380 1076 volunt
3410 1025 3491 1093 pic

1916 1108 2079 1161 vivere
2110 1108 2161 1161 in
2183 1109 2407 1175 Christo,
2434 1113 2811 1179 persecutiones
2830 1113 3091 1181 patientur
3114 1114 3197 1183 (II
3225 1114 3357 1168 Tim.
3385 1116 3487 1185 ιιι).

1916 1200 2183 1270 Quidquid
2222 1210 2400 1255 autem
2433 1202 2623 1256 durum
2646 1211 2700 1257 et
2729 1204 3190 1271 persccutionibus
3214 1204 3489 1269 refertum,

1917 1305 2017 1345 nec
2044 1288 2158 1344 leve
2187 1299 2364 1360 potest
2393 1306 2510 1344 esse
2539 1307 2639 1346 nec
2668 1307 2849 1346 suave.
2878 1292 2983 1346 Sed
3016 1293 3347 1346 verissimam
3386 1293 3491 1347 Do-

1916 1378 2045 1432 mini
2078 1394 2141 1433 ac
2182 1379 2478 1433 Salvatoris
2508 1381 2676 1435 nostri
2703 1396 2820 1435 esse
2846 1382 3188 1447 sententiam,
3216 1385 3493 1452 experien-

1919 1469 2003 1521 tiae
2050 1470 2216 1539 ipsius
2262 1469 2609 1540 probabimus
2661 1467 3000 1524 documento.
3042 1470 3098 1524 Si
3150 1469 3494 1540 perfectionis

1918 1560 2057 1611 viam
2083 1559 2320 1629 legitime
2348 1568 2402 1613 et
2430 1561 2719 1631 secundum
2763 1559 3091 1619 voluntatem
3125 1561 3323 1615 Christi
3372 1562 3487 1615 fuc-

1919 1649 2086 1703 rimus
2134 1648 2392 1719 aggressi,
2447 1658 2501 1703 et
2559 1638 2946 1704 mertiﬁcantes
2998 1650 3177 1727 omnia
3233 1650 3492 1705 desideria

1919 1748 2101 1793 nostra
2148 1754 2209 1794 ac
2248 1739 2552 1795 voluntates
2588 1740 2777 1794 noxias
2821 1740 3221 1806 abscindentcs,
3266 1756 3371 1795 non
3409 1757 3493 1797 so-

1845 1845 1889 1902 B
1918 1830 2026 1882 lum
2057 1830 2185 1883 nihil
2230 1830 2466 1884 residere
2508 1830 2663 1883 nobis
2691 1831 2755 1884 de
2790 1828 2947 1897 hujus
2978 1831 3157 1885 mundi
3205 1833 3496 1903 cupiditate

1915 1920 2215 1985 siverimus,
2244 1934 2339 1988 per
2367 1934 2529 1988 quam
2565 1918 2750 1989 utique
2793 1935 2914 1974 cum
2963 1920 3169 1974 libitum
3209 1920 3370 1975 fuerit
3399 1938 3493 1977 va-

1913 2010 2091 2063 standi
2122 2025 2219 2063 nos
2244 2025 2307 2064 ac
2350 2010 2674 2063 dilacerandi
2702 2019 3022 2078 potestatem
3073 2010 3323 2066 inimicus
3348 2012 3495 2067 inve-

1913 2098 2044 2163 uiet,
2073 2098 2167 2152 sed
2214 2099 2376 2153 etiam
2422 2099 2595 2153 nostri
2638 2099 2738 2167 ipsi
2795 2114 2897 2153 non
2939 2114 3057 2155 esse
3105 2115 3203 2155 nos
3242 2101 3491 2156 dominos

1917 2187 2287 2242 senserimus:
2316 2188 2444 2242 illud
2488 2189 2842 2259 apostolicum
2885 2189 2935 2243 in
2970 2191 3197 2246 veritate
3225 2192 3497 2260 complen—

1917 2289 2015 2342 tes,
2053 2279 2178 2334 Vivo
2205 2291 2379 2334 autem
2434 2298 2535 2335 non
2565 2298 2679 2351 ego,
2713 2282 2831 2334 virit
2875 2298 2995 2336 vero
3038 2284 3091 2335 in
3139 2299 3217 2336 me
3260 2282 3496 2337 Christus

1918 2371 2065 2441 (Gal.
2091 2371 2173 2441 ιι).
2219 2372 2356 2437 Quid
2386 2373 2529 2426 enim
2560 2388 2720 2442 grave
2745 2388 2863 2427 esse
2888 2376 3104 2442 poterit,
3133 2376 3260 2444 quid
3302 2376 3494 2430 durum

1914 2463 1962 2516 ei
1990 2463 2079 2531 qui
2098 2460 2284 2531 jugum
2315 2462 2515 2517 Christi
2541 2470 2649 2517 tota
2673 2475 2854 2518 mente
2896 2467 3215 2534 susceperit,
3238 2467 3331 2536 qui
3372 2483 3497 2522 vera

1914 2551 2215 2605 humilitate
2261 2550 2537 2621 fundatus,
2586 2566 2903 2622 semperque
2946 2553 3011 2606 ad
3058 2554 3267 2608 Domini
3327 2558 3497 2625 respi-

1914 2642 2060 2696 ciens
2087 2640 2387 2710 passiones,
2418 2640 2474 2694 in
2510 2641 2759 2695 omnibus
2794 2656 2913 2709 qua:
2954 2642 3055 2695 sibi
3106 2642 3305 2698 fuerint
3351 2647 3493 2699 irro-

1914 2737 2051 2799 gata:
2070 2728 2285 2783 letatur
2304 2726 2535 2796 injuriis,
2558 2728 2743 2783 dicens
2767 2746 2779 2781 :
2807 2727 3028 2799 Propter
3047 2732 3184 2801 quod
3207 2732 3497 2803 complaceo

1914 2822 2041 2875 mihi
2068 2820 2122 2874 in
2163 2808 2581 2889 inﬁrmitatibus,
2626 2822 2680 2874 in
2725 2822 3073 2885 contumeliis,
3121 2824 3173 2876 in
3226 2826 3497 2878 necessita-

1912 2911 2067 2974 tibus,
2107 2912 2163 2964 in
2209 2911 2673 2981 persecutionibus,
2722 2913 2777 2964 in
2825 2914 3079 2981 angustiis
3126 2929 3217 2981 pro
3270 2912 3494 2968 Christe.

1914 3000 2043 3055 Cum
2072 3003 2209 3055 enim
2251 3002 2511 3072 inﬁrmor,
2559 3013 2682 3057 tunc
2725 3011 2904 3073 potens
2950 3021 3066 3057 sum
3114 3004 3197 3075 (11
3229 3004 3349 3058 Cor.
3378 3006 3493 3075 xtl).

1913 3092 2011 3145 Via
2038 3106 2167 3161 ergo
2215 3091 2404 3147 salutis
2451 3102 2679 3163 angusta
2720 3092 2939 3158 dicitur,
2972 3094 3120 3163 quia,
3147 3094 3285 3148 sicut
3314 3096 3501 3148 beatus

1841 3183 1886 3245 C
1919 3181 2077 3236 Pater
2102 3188 2285 3236 noster
2304 3179 2627 3236 Benedictus
2649 3181 2743 3247 ait,
2772 3197 2877 3237 non
2905 3190 2989 3237 est
3016 3182 3117 3236 nisi
3148 3193 3375 3253 angusto
3400 3184 3499 3237 ini-

1919 3270 1995 3324 tio
2025 3270 2351 3339 incipienda,
2394 3285 2651 3340 processu
2677 3286 2806 3325 vero
2835 3272 3261 3326 conversationis
3295 3282 3348 3326 et
3376 3273 3498 3326 ﬁdei

1918 3358 2141 3414 dilatato
2170 3358 2351 3422 corde,
2380 3358 2726 3413 inenarrabili
2748 3358 3049 3415 dilectionis
3074 3360 3353 3415 dulcedine
3379 3377 3498 3415 cur-

1918 3447 2057 3501 ritur
2076 3448 2159 3501 via
2190 3448 2564 3501 mandatorum
2604 3448 2722 3503 Dei.

1989 3538 2216 3610 (Hilar.)
2264 3538 2402 3605 Quid
2453 3540 2613 3596 enim
2643 3540 2774 3612 jugo
2824 3542 3024 3597 Christi
3076 3544 3320 3609 suavius,
3373 3546 3500 3614 quid
3548 3580 3559 3591 ο

1886 3640 2081 3685 ‘onere
2132 3630 2347 3685 levius?
2392 3631 2727 3699 probabilem
2776 3632 2916 3696 ﬁcri,
2962 3633 3029 3687 ab
3076 3632 3279 3688 scelere
3330 3634 3497 3689 absti-

1917 3733 2068 3784 nere,
2108 3721 2307 3774 bonum
2361 3720 2522 3784 velle,
2578 3721 2777 3774 malum
2834 3720 3006 3786 nolle,
3039 3721 3252 3776 ‘amarc
3288 3737 3497 3785 omnes,

1916 3810 2096 3866 odisse
2148 3809 2375 3875 nullum,
2414 3818 2612 3864 aeterna
2652 3811 2948 3879 consequi,
3000 3812 3356 3881 praesentibus
3393 3829 3522 3876 non,

1917 3903 2058 3971 capi,
2098 3902 2240 3957 nolle
2279 3900 2479 3955 inferre
2517 3901 2672 3957 alteri
2710 3903 2853 3972 quod
2910 3902 3009 3959 sibi
3050 3903 3146 3972 ipsi
3186 3906 3390 3975 perpeti
3432 3898 3519 3960 sit'

1920 3992 2224 4048 molestum.
2387 3980 2392 3991 ’

2520 4084 2746 4141 CAPUT
2779 4084 2897 4141 ΧΠ.

1917 4194 2172 4267 Discipuli
2195 4197 2365 4267 spicas
2402 4194 2615 4251 vellunt.
2655 4195 2809 4251 Jesus
2841 4206 2993 4251 sanat
3028 4210 3237 4267 manum
3273 4201 3499 4266 aridam,

1987 4275 2035 4318 et
2068 4264 2449 4319 daemoniacum
2470 4282 2667 4319 eiscum
2706 4278 2753 4321 et
2800 4278 2998 4320 mutum
3033 4283 3050 4320 :
3092 4265 3378 4325 Pltarisceis
3420 4264 3496 4325 υἰέ

1987 4347 2146 4404 gnum
2168 4334 2322 4389 Iona:
2354 4336 2468 4401 dat,
2508 4344 2614 4390 etc.

1928 4516 1933 4520 _
1985 4447 2075 4520 [1.]
2103 4448 2170 4501 In
2211 4447 2303 4501 illo
2343 4458 2569 4519 tempore
2612 4449 2739 4503 abiit
2782 4450 2937 4505 Iesus
2976 4452 3191 4506 sabbato
3224 4469 3317 4523 per
3360 4466 3498 4521 sata,

1925 4538 2168 4609 discipuli
2193 4550 2364 4592 autem
2394 4540 2507 4609 ejus
2527 4541 2807 4596 esurientes
2837 4553 3093 4610 coeperunt
3132 4544 3313 4598 vellere
3331 4546 3500 4615 spicas

1926 4638 1974 4681 et
2000 4630 2335 4683 manducare.
2356 4628 2620 4702 (Hieron.)
2650 4630 2719 4687 Ut
2746 4633 2797 4686 in
2820 4633 2925 4687 alio
2941 4648 3153 4704 quoque
3173 4638 3501 4706 evangelista

1924 4719 2169 4790 legimus,
2208 4730 2426 4790 propter
2460 4722 2677 4776 nimiam
2715 4723 3169 4791 importunitatem
3202 4726 3317 4795 ejus
3358 4728 3497 4800 [DeL

1924 4811 2084 4883 ejus],
2121 4828 2221 4867 nec
2252 4812 2497 4867 vescendi
2526 4814 2740 4881 quidem
2776 4814 3044 4869 habebant
3073 4815 3270 4883 lo‘cum,
3300 4827 3355 4873 et
3382 4818 3500 4873 ideo

1924 4906 2078 4976 quasi
2124 4906 2368 4961 homines
2395 4907 2729 4961 esuriebant.
2778 4907 2930 4973 Quod
2973 4917 3150 4962 autem
3197 4910 3374 4978 spicas
3417 4919 3514 4964 se-‘

1923 5006 2102 5076 ge‘tum
2155 4996 2403 5051 manibus
2440 4995 2871 5067 confringehaut,
2916 5007 2969 5050 ct
3025 4998 3254 5053 inediam
3309 5016 3501 5057 conso-

1920 5084 2119 5151 lantur,
2165 5087 2287 5141 vita:
2338 5089 2653 5143 austerioris
2699 5088 2950 5142 indicium
2986 5098 3087 5153 est,
3142 5105 3246 5145 non
3290 5106 3497 5161 ιιι-[ερε-

1918 5186 2063 5230 ratas
2090 5175 2299 5244 epulas,
2340 5177 2433 5231 scd
2483 5177 2633 5231 cibos
2674 5175 2988 5245 simpliciter
3017 5175 3329 5250 [simplices]
3355 5196 3499 5249 qua:-

1918 5267 2169 5321 rentium.
2768 5298 2770 5301 -
2986 5275 2991 5283 ·

1989 5354 2249 5407 Phariswi
2289 5364 2462 5409 autem
2489 5356 2713 5409 videntes
2758 5356 2999 5409 dixerunt
3024 5356 3072 5408 ei
3095 5368 3113 5405 :
3159 5355 3491 5411 Επεᾜὶιεὶ-

1918 5443 2027 5514 puli
2059 5445 2134 5497 tui
2156 5445 2354 5513 faciunt
2381 5446 2520 5516 quod
2544 5463 2644 5498 non
2690 5446 2807 5499 licet
2847 5446 3015 5515 facere
3056 5445 3305 5499 sabbatis.
3356 5446 3491 5503 Nota

1922 5535 2064 5604 quod
2090 5535 2247 5603 primi
2298 5536 2524 5606 apostoli
2568 5536 2859 5591 Salvatoris
2891 5536 3123 5591 litteram
3166 5538 3374 5592 sabbati
3403 5539 3493 5592 de-

1920 5634 2154 5689 struunt,
2194 5626 2475 5680 adversum
2510 5627 2803 5693 Ehionitas,
2840 5628 2951 5696 qui,
2996 5643 3115 5681 cum
3152 5638 3374 5683 cancros
3414 5647 3491 5685 rc-
3556 5633 3561 5638 ’

1925 5718 2121 5793 cipiunt
2154 5720 2444 5787 apostolus,
2473 5719 2691 5774 Paulum
2718 5722 2867 5789 quasi
2893 5730 3336 5792 transgressorcm
3366 5722 3493 5791 legis
