3938 6324
487 338 589 390 iiii)

1057 396 1062 399 ἡ
1153 335 1213 388 Β.
1261 334 1506 389 ὶὶᾹέΞᾹΪξι
1551 334 1761 387 λιιῐιιι
1803 332 2063 387 AllClllEi

2168 332 2463 419 uocesjr.
2505 315 2782 389 obtinuit
2823 333 2996 388 rans
3035 333 3071 387 l.

3623 333 3730 388 [ΞΟ

489 448 785 516 ι·υιι;ιιὶί.ιιιι.
813 446 890 518 lily
907 447 1032 500 stiee
1053 454 1229 500 autem
1254 445 1475 515 apostoli
1499 461 1593 514 per
1615 455 1724 497 sata
1751 454 2048 507 transeunt,
2079 452 2125 507 Α
2157 448 2303 501 bant.
2338 446 2486 501 Sicut
2506 447 2644 500 enim
2667 446 2952 514 asperitate
2976 447 3290 512 aristarum,
3325 463 3445 516 quae
3471 446 3730 508 horrent.

489 545 574 596 illa
605 541 850 596 videlicet
875 529 941 596 dc
985 541 1178 611 quibus
1217 540 1472 597 Dominus
1509 538 1619 589 ait:
1667 529 1852 589 Levate
1881 535 2055 589 oculos

490 642 704 696 vestros,
751 641 796 684 et
846 632 1012 686 videte
1049 633 1298 700 regiones,
1339 629 1462 697 quia
1510 626 1641 679 alba:
1682 635 1801 678 sunt
1843 626 1959 694 jam
1987 625 2056 677 ad

487 739 718 785 messem,
739 733 786 776 et
816 724 902 792 qui
924 723 1089 785 metit,
1111 721 1390 774 mercedem
1414 718 1648 786 accipiet,
1671 731 1791 771 cum
1812 715 2058 771 doctores

489 815 659 868 sancti
685 829 778 868 eos
812 829 946 883 quos
985 813 1034 864 in
1073 810 1175 864 ﬁde
1204 809 1448 863 veritatis
1473 809 1750 862 instituere
1791 815 2056 876 qumrunt,

488 919 617 957 cura
654 904 756 973 pia:
796 899 1165 956 sollicitudinis
1192 899 1500 968 inspiciunt,
1529 908 1582 952 et
1609 897 1838 966 qualiter
1863 911 2060 968 unum-

489 990 755 1062 quemque
780 1007 952 1060 quove
985 991 1171 1046 ordine
1205 990 1273 1043 ad
1323 989 1546 1042 salutem
1588 987 1861 1042 attrahere
1907 987 2062 1040 debe-

489 1094 604 1148 ant,
634 1081 815 1138 sedula
841 1079 1266 1137 consideratione
1313 1077 1684 1147 perpendunt:
1734 1086 1894 1144 atque
1941 1076 2060 1129 ideo

487 1173 620 1227 nihil
649 1172 842 1227 melius
869 1171 1092 1235 esurire,
1142 1185 1301 1238 quam
1343 1167 1566 1220 salutem
1614 1167 1914 1236 intelligunt
1961 1167 2060 1220 ho-

489 1263 714 1318 minum.
743 1258 915 1329 Quam
942 1261 1054 1328 ipse
1075 1271 1370 1312 messorum
1398 1256 1604 1323 primus
1626 1256 1891 1323 quondam
1922 1254 2062 1308 inter

489 1369 677 1424 preces
706 1352 967 1414 esuriens,
1005 1364 1122 1402 mox
1162 1346 1355 1401 oblatis
1392 1346 1490 1400 sibi
1539 1345 1636 1409 eis,
1682 1351 1817 1413 quas
1856 1344 2061 1398 deside-

490 1444 660 1507 rabat,
688 1442 927 1512 dapibus,
953 1439 1173 1501 audivit,
1206 1436 1391 1507 Surge,
1439 1434 1612 1498 Petre,
1643 1435 1816 1488 occide
1841 1444 1886 1487 et
1915 1451 2062 1487 man-

488 1535 621 1586 duca
651 1533 783 1601 (Act.
828 1529 906 1602 x).
944 1528 1010 1583 Et
1054 1527 1188 1582 mira
1229 1525 1548 1580 sacramenti
1587 1525 1890 1579 concordia.
1924 1524 2060 1591 Quia

487 1631 541 1678 et
566 1622 638 1677 ibi
670 1619 894 1675 mactari
925 1633 988 1672 ac
1017 1615 1326 1672 manducari
1367 1615 1623 1684 iubentur
1661 1612 1909 1666 animalia
1952 1626 2062 1666 cm-

488 1713 616 1768 litus
659 1707 857 1777 missa,"
874 1717 930 1765 et
957 1710 1044 1764 hic
1087 1708 1262 1778 spicas
1299 1706 1524 1760 Domino
1548 1705 1826 1759 .lustrante
1865 1719 2057 1759 conse-

2161 537 2402 591 velantur
2443 551 2605 607 grana
2656 526 2814 589 tritici
2856 535 2976 604 quae
3013 535 3281 599 reﬁciunt,
3325 537 3397 591 ita
3453 552 3596 606 saepe
3629 538 3731 590 sub

2159 638 2221 676 ea
2251 639 2368 692 quae
2393 624 2670 678 videbatur
2693 622 2893 676 vilitate
2935 623 3147 688 litterae,
3191 632 3441 695 teguntur
3479 626 3621 679 dona
3650 625 3734 676 di.

2158 713 2296 766 vinas
2338 714 2670 779 dilectionis,
2720 728 2837 782 quae
2881 722 3088 768 mentes
3137 713 3370 769 ﬁdelium
3425 717 3733 770 esurientes

2159 801 2504 870 sitientesque
2524 802 2784 871 justitiam
2815 803 3091 857 suavitatis
3136 806 3358 859 internae
3387 807 3612 876 dapibus
3634 822 3729 876 pa-

2159 899 2330 946 scant.
2364 892 2556 946 Verum
2588 894 2702 948 haec
2741 894 2996 947 mentium
3041 892 3262 948 refectio
3289 895 3466 952 stultis
3505 899 3729 967 quidem

2161 982 2366 1036 sabbati
2395 981 2760 1036 defensoribus
2782 984 3044 1052 displicet,
3077 984 3167 1038 sed
3191 1000 3220 1037 a
3251 985 3474 1040 Domino
3506 988 3724 1042 sabbati

2160 1072 2454 1140 probatur:
2501 1071 2624 1140 quia
2674 1070 2764 1140 qui
2804 1071 2973 1126 solam
3023 1073 3214 1128 litterae
3249 1075 3584 1144 superﬁciem
3635 1093 3729 1133 se-

2162 1170 2419 1230 qnuntur,
2448 1176 2546 1216 nec
2573 1176 2754 1216 veram
2774 1161 3030 1216 mentium
3057 1162 3401 1218 refectionem
3424 1181 3598 1231 nosse,
3629 1183 3730 1222 nec

2160 1254 2228 1307 ad
2255 1254 2517 1306 internam
2563 1253 2840 1322 pervenire
2871 1252 3170 1307 animarum
3220 1257 3459 1326 requiem
3504 1267 3725 1310 norunt.

2133 1344 2313 1398 ‘Unde
2346 1344 2618 1397 temeritas
2654 1358 2834 1396 eorum
2861 1343 3052 1397 merito
3091 1341 3345 1400 Veritatis
3373 1358 3467 1398 ore
3495 1342 3726 1398 confun-

2160 1435 2326 1498 ditur,
2349 1433 2475 1486 dum
2502 1432 2744 1487 subditur
2770 1451 2784 1486 :

2232 1521 2407 1575 Atille
2429 1521 2560 1575 dixit
2583 1522 2656 1575 eis
2686 1537 2704 1575 :
2753 1520 2873 1575 Non
2915 1520 3110 1591 legistis
3154 1522 3278 1591 quid
3306 1521 3484 1590 fecerit
3532 1522 3725 1587 Darid,

2158 1613 2366 1684 quando
2386 1612 2586 1691 esuriit,
2613 1622 2658 1666 et
2687 1611 2774 1681 qui
2796 1627 2913 1664 cum
2933 1627 2991 1664 eo
3017 1619 3165 1665 erant
3186 1625 3205 1662 :
3232 1612 3490 1680 quomodo
3511 1613 3724 1664 intravit

2159 1707 2214 1757 in
2242 1705 2448 1757 domum
2480 1703 2592 1766 Dei,
2625 1711 2672 1755 et
2713 1718 2870 1772 partes
2911 1701 3272 1772 propositionis
3317 1704 3556 1767 comedit,
3598 1720 3724 1772 quos

488 1816 669 1862 cratas
689 1803 945 1862 evulsisse
971 1801 1235 1871 discipuli,
1266 1808 1422 1868 atque
1437 1798 1588 1866 juxta
1619 1799 1839 1853 aliorum
1866 1813 2056 1852 narra-
2084 1807 2131 1865 Β
2160 1811 2260 1848 non
2289 1795 2472 1847 licebat
2501 1792 2899 1857 eimanducare,
2938 1809 3096 1862 neque
3119 1793 3200 1846 his
3224 1794 3311 1863 qui
3337 1810 3452 1847 cum
3475 1811 3533 1847 ea
3554 1805 3720 1858 erant,

490 1902 688 1954 tionem
712 1896 1182 1968 evangelistarum,
1205 1894 1556 1963 'confricantes
1580 1891 1815 1945 manibus
1840 1889 2062 1943 mandu-

488 2007 640 2046 casse
663 1989 1028 2059 perhibentur.

561 2083 672 2136 lloc
724 2089 805 2135 est
848 2079 990 2136 enim
1044 2080 1186 2148 quod
1232 2079 1309 2131 ait
1360 2075 1685 2146 Apostolus:
1751 2073 2063 2141 Mortiﬁcate

482 2172 717 2226 membra
745 2180 913 2224 vestra
951 2185 1066 2240 quae
1094 2176 1214 2222 sunt
1255 2183 1408 2237 super
1441 2176 1655 2229 terram,
1691 2174 1737 2217 et
1779 2163 1950 2217 exuite
1978 2177 2061 2213 vos

489 2272 705 2335 ueterem
733 2262 988 2321 hominem
1016 2276 1130 2313 cum
1159 2259 1359 2312 actibus
1386 2257 1498 2326 ejus
1527 2255 1751 2326 (Coloss.
1777 2252 1881 2322 ιιι).
1928 2251 2061 2318 Quia

491 2367 598 2406 non
647 2350 802 2404 aliter
840 2348 1029 2403 transit
1073 2347 1299 2418 quisque
1352 2346 1404 2399 in
1453 2359 1646 2412 corpus
1687 2342 1906 2407 Christi,
1955 2356 2063 2394 non

491 2441 646 2496 aliter
672 2440 943 2496 doctorem
984 2436 1252 2506 profectus
1275 2434 1356 2490 sui
1400 2432 1660 2487 fructibus
1681 2430 1874 2501 pascit,
1902 2442 2062 2498 quam

489 2532 560 2594 si,
609 2528 881 2584 veteribus
926 2525 1376 2595 concupiscentiis
1421 2521 1704 2584 abdicatis,
1753 2534 1889 2573 novo
1935 2517 2064 2573 dile-

490 2620 684 2674 ctionis
711 2617 962 2673 mandato
993 2629 1162 2670 novus
1205 2614 1378 2669 homo
1410 2610 1568 2667 fuerit
1613 2609 1806 2668 factus.
1857 2600 2065 2662 Vellere

492 2711 671 2780 itaque
699 2709 873 2779 spicas
905 2716 990 2760 est
1017 2703 1261 2761 homines
1284 2719 1316 2760 ιι
1353 2712 1569 2758 terrena
1617 2699 1932 2762 intentione,
1959 2711 2064 2766 qua

492 2798 667 2854 solum
713 2795 908 2851 mentis
948 2792 1100 2863 quasi
1135 2793 1373 2848 radicem
1419 2789 1669 2855 ﬁxerant.
1699 2801 1909 2843 eruere.
1943 2785 2063 2839 Fri-

494 2903 620 2944 care
657 2895 835 2941 autem
889 2884 1154 2946 manibus,
1213 2879 1469 2951 exemplis
1503 2865 1776 2934 «virtutum
1829 2878 1896 2929 ab
1950 2876 2064 2942 ipsa

492 2978 655 3033 etiam
699 2974 877 3035 carnis
923 2971 1377 3042 concupiscentia.
1422 2963 1872 3039 quaslfolliculis
1906 2972 2066 3032 atque

397 3070 404 3076 '
490 3081 560 3120 ex
595 3062 920 3135 tegumentis
949 3061 1231 3115 aristarum
1275 3059 1560 3128 puritatem
1607 3054 1802 3109 mentis
1843 3067 2059 3106 exuere.

2164 1885 2265 1938 nisi
2313 1883 2435 1938 satis
2486 1878 3160 1954 sacerdotibus7(Hieron.)
3213 1883 3292 1937 Ad
3346 1884 3718 1939 confutandam

2163 1972 2483 2028 calumniam
2529 1971 2941 2035 Pharisaeorum,
2982 1971 3528 2026 veteris'recordatur
3557 1975 3721 2027 ιιίκιο-

2163 2069 2255 2121 rim
2286 2085 2298 2118 :
2334 2065 2545 2134 quando
2569 2063 2734 2118 David
2774 2061 2982 2133 fugiens
3025 2059 3238 2117 Saulém
3267 2065 3413 2118 venit
3456 2065 3508 2118 in
3555 2063 3716 2130 Nobe,

2165 2167 2217 2213 ct
2259 2157 2327 2212 ab
2370 2155 2714 2210 Achimelecb
2765 2153 3041 2209 sacerdote
3083 2152 3385 2222 susceptus,
3439 2155 3721 2223 postulavit

2164 2246 2311 2300 cibos
2338 2262 2352 2311 ;
2385 2245 2474 2314 qui
2504 2260 2627 2299 cum
2655 2254 2819 2315 panes
2864 2243 3033 2298 laieos
3075 2258 3181 2298 non
3227 2242 3472 2308 haberet,
3499 2245 3648 2298 dedit
3673 2245 3720 2298 ei

2148 2342 2520 2410 consecratos,
2543 2334 2732 2402 quibus
2753 2347 2858 2386 non
2877 2331 3072 2386 licebat
3098 2329 3242 2385 vesci
3264 2329 3367 2385 nisi
3396 2328 3524 2385 salis
3549 2345 3723 2385 sacer-

2162 2427 2373 2482 dotibus
2395 2433 2448 2480 et
2473 2424 2668 2479 Levitis
2695 2422 2745 2495 (Ι
2779 2422 2900 2493 Reg.
2925 2422 3061 2493 ut).
3110 2421 3176 2475 Et
3201 2421 3303 2476 hoc
3329 2429 3537 2475 tantum
3564 2421 3723 2474 inter-

2164 2516 2389 2586 rogavit,
2424 2515 2468 2569 si
2507 2513 2686 2568 mundi
2732 2520 2893 2566 essent
2927 2511 3071 2580 pueri
3112 2527 3144 2564 a
3185 2508 3506 2573 ntulieribus,
3555 2517 3611 2563 et
3639 2509 3724 2562 illo

2165 2606 2518 2676 respondente
2548 2605 2610 2658 ab
2649 2604 2760 2657 lteri
2798 2612 2846 2656 et
2882 2595 3071 2656 nudius
3110 2601 3312 2666 tertius,
3361 2615 3467 2656 non
3509 2599 3718 2654 dubita-

2162 2697 2299 2751 verit
2341 2710 2508 2766 panes
2557 2694 2705 2757 dare,
2751 2691 2943 2746 melius
2987 2689 3295 2754 arbitratus,
3341 2689 3606 2758 propheta
3649 2689 3723 2741 di-

2162 2795 2319 2842 cente
2346 2802 2360 2839 :
2393 2781 2802 2839 Misericordiam
2843 2779 2974 2845 colo,
3007 2790 3054 2834 et
3081 2795 3182 2833 non
3213 2779 3530 2847 sacriﬁcium
3571 2778 3713 2849 (Ose.

2163 2874 2261 2943 vi),
2285 2874 2350 2927 de
2379 2871 2536 2926 famis
2587 2868 2820 2940 periculo
2857 2867 3113 2922 homines
3153 2865 3385 2920 liberare
3427 2879 3590 2933 quam
3617 2866 3724 2918 Deo

2163 2963 2354 3019 olTerre
2379 2946 2734 3026 sacriﬁcium.
2764 2956 2945 3012 Hostia
2986 2957 3129 3010 enim
3164 2954 3274 3010 Deo
3323 2953 3605 3024 placabilis
3628 2955 3723 3007 ho-

2163 3057 2364 3110 minum
2411 3053 2553 3108 salus
2587 3059 2687 3105 est.
2733 3048 2960 3119 Opponit
2984 3061 3112 3116 ergo
3155 3046 3429 3107 Dominus,
3475 3053 3532 3099 et
3559 3044 3721 3098 dicit:

493 3131 677 3211 Graua
699 3168 826 3208 vero
861 3151 1182 3206 manducare
1228 3158 1308 3204 est
1355 3147 1700 3202 emundatum
1745 3158 2010 3215 quemque
2037 3157 2068 3196 a
2097 3136 2140 3197 C
2175 3145 2229 3199 Si
2259 3152 2311 3200 et
2357 3142 2522 3197 David
2563 3147 2779 3196 sanctus
2805 3148 2906 3203 est,
2939 3144 2994 3191 et
3035 3134 3375 3190 Acbimelech
3419 3131 3662 3215 pontifex
3693 3145 3722 3182 a

495 3247 743 3303 sordibus
786 3244 1037 3298 vitiorum
1094 3259 1188 3313 per
1231 3255 1325 3295 ora
1373 3237 1774 3307 praedicandum
1814 3233 2064 3288 Ecclesia:

395 3373 403 3381 -
496 3338 753 3394 membris
798 3334 1148 3403 incorporari.
1179 3331 1243 3385 Et
1272 3330 1406 3384 bene
1433 3329 1548 3382 huic
1569 3323 1818 3395 discipuli
1836 3337 2066 3392 praegre-

495 3430 704 3486 dientes
725 3436 848 3482 ante
879 3424 1158 3479 Dominum
1185 3420 1374 3475 fecisse
1403 3420 1905 3495 eammemorantur.
1931 3410 2065 3492 Quia

496 3524 733 3579 doctoris
759 3533 978 3576 necesse
1020 3525 1102 3571 cst
1129 3527 1304 3570 sermo
1348 3509 1631 3581 prmcedat,
1662 3514 1716 3560 et
1745 3505 1822 3559 sic
1847 3518 1941 3558 cor
1967 3517 2064 3555 au-

498 3613 686 3670 ditoris
728 3610 1060 3678 subsequens
1089 3603 1272 3676 .gratia
1314 3613 1558 3670 superna:
1592 3593 1912 3650 visitationis
1947 3590 2066 3645 illu-

499 3713 652 3761 stret.
687 3703 829 3757 Bene
851 3677 1106 3760 sabbatis,
1138 3695 1262 3764 quia
1301 3691 1468 3748 sancti
1502 3690 1748 3743 doctores
1790 3685 1843 3739 in
1870 3677 2066 3754 prmdi-

497 3794 669 3850 cando
710 3800 764 3848 et
805 3791 906 3861 ipsi
951 3803 1048 3859 pro
1093 3800 1187 3854 spe
1235 3783 1428 3837 futurae
1475 3779 1673 3848 quietis
1714 3777 1978 3839 laborant,
2011 3780 2068 3826 et

499 3884 773 3938 auditores
791 3894 940 3948 mque
975 3891 1102 3932 suos
1126 3874 1413 3929 admonent
1437 3885 1543 3923 non
1588 3875 1806 3938 pr0pter
1827 3879 2064 3920 amorem

501 3973 680 4028 saeculi
707 3966 1048 4041 supervacuis
1078 3965 1324 4019 insistere
1364 3959 1610 4030 negotiis,
1640 3956 1731 4012 sed
1763 3956 1938 4026 potius
1971 3969 2067 4025 pro

500 4071 699 4118 aeterna
727 4058 911 4127 requie
933 4055 1088 4110 bonis
1126 4051 1375 4107 insudare
1402 4048 1693 4103 laboribus.

569 4151 702 4204 Item
739 4163 835 4217 per
873 4155 990 4200 sata
1020 4140 1292 4196 ambulant
1329 4152 1450 4191 cum
1481 4135 1705 4190 Domino
1733 4133 1845 4202 qui,
1872 4132 2066 4185 divinis

499 4242 874 4307 obtemperare
921 4231 1197 4287 studentes
1245 4226 1513 4296 imperiis,
1571 4223 1799 4277 solerter
1850 4220 2064 4289 eloquia

501 4343 655 4384 sacra
685 4322 931 4379 medi‘ari
965 4320 1316 4375 delectantur.
1365 4313 1623 4368 Esuriunt
1662 4313 1717 4364 in
1765 4309 1915 4372 satis,
1944 4322 2065 4363 cum

503 4424 556 4478 in
585 4420 786 4477 eisdem
810 4415 979 4471 sacris
1007 4410 1251 4480 eloquiis,
1274 4421 1394 4476 quae
1418 4404 1640 4474 legendo
1667 4405 2061 4471 pertranseunt,

502 4527 695 4585 panem
747 4510 870 4562 vitre
925 4501 1166 4558 invenire
1209 4496 1535 4556 desiderant,
1589 4495 1691 4548 hoc
1738 4499 1821 4546 est
1868 4490 1933 4543 ad
1982 4487 2068 4541 illa

416 4628 417 4631 η
503 4579 696 4659 curant
730 4598 890 4652 verba
931 4591 1210 4664 pervenire
1236 4585 1429 4658 quibus
1468 4583 1776 4652 ampliorem
1810 4581 1862 4634 in
1896 4593 1953 4634 se
1986 4579 2067 4631 sui

503 4687 806 4747 Conditoris
849 4695 1081 4736 amorem
1128 4677 1432 4734 incendant.
1479 4673 1547 4725 Et
1575 4672 1677 4725 hoc
1713 4671 1765 4722 in
1812 4666 2067 4731 sabbatis,

498 4796 648 4845 cum,
677 4776 849 4846 sopita
878 4779 1057 4827 mente
1086 4783 1116 4820 a
1159 4763 1477 4820 turbulentis
1503 4758 1933 4831 cogitationibus,
1975 4771 2070 4808 va-

504 4886 629 4927 care
671 4867 904 4939 gaudent
933 4871 987 4918 et
1029 4861 1212 4915 videre
1255 4871 1411 4925 quam
1452 4852 1624 4907 suavis
1666 4859 1740 4904 est
1791 4847 2063 4910 Dominus,

506 4934 772 5032 quamque
796 4957 972 5010 beatus
1012 4952 1093 5008 vir
1132 4949 1220 5020 qui
1249 4954 1418 5016 sperat
1453 4945 1506 4996 in
1543 4958 1601 4995 eo
1647 4938 1817 5011 (Psal.
1847 4934 2064 5006 χχχιιι),

505 5029 884 5120 assumptoque
928 5042 1142 5114 pietatis
1189 5052 1244 5094 et
1291 5033 1609 5091 humilitatis
1637 5031 1842 5092 habitu,
1889 5029 1955 5081 ad
1983 5041 2068 5080 re-

505 5116 1043 5218 quiemvlanimarum
1092 5143 1310 5187 suarum
1367 5124 1631 5192 attingere
1695 5116 2063 5172 contendunt:

505 5205 706 5289 vfellunt
723 5206 910 5299 spicas
939 5236 1057 5291 qua:
1085 5219 1218 5273 forte
1239 5220 1549 5273 occurrunt,
1575 5213 1629 5262 et
1653 5205 1833 5259 tandiu
1856 5208 2070 5254 versant

437 5383 439 5390 ,
507 5296 1144 5382 manibus—contritasque
1169 5312 1415 5377 purgant,
1445 5302 1613 5355 donec
1652 5296 1716 5348 ad
1746 5306 1923 5347 escam
1947 5304 2069 5358 pcr-

505 5414 754 5467 veniant:
796 5421 916 5460 cum
959 5397 1260 5456 testimonia
1299 5394 1717 5460 Scripturarum,
1746 5384 1810 5436 ad
1843 5397 1959 5448 qua:
1996 5379 2072 5431 le-

507 5495 693 5574 gentes
736 5495 1069 5568 perveniunt,
1119 5467 1424 5542 meditando
1463 5485 1763 5539 assumunt,
1805 5481 1859 5526 et
1887 5468 2068 5574 tap‘diu

510 5558 834 5647 scrutatione
861 5582 1042 5638 sedula
1065 5576 1372 5634 discutiunt,
1405 5571 1570 5623 donec
1601 5568 1650 5620 in
1691 5565 1768 5619 eis
1789 5558 2068 5616 medullam

517 5679 835 5741 dilectionis,
863 5689 981 5744 qua:
1029 5671 1196 5724 latere
1221 5663 1515 5724 videbatur,
1549 5655 1872 5710 invenientes
1897 5657 2073 5704 extra—

2169 3236 2320 3290 vohis
2346 3249 2450 3287 non
2476 3228 2900 3300 reprehenditur,
2939 3225 3033 3282 sed
3076 3223 3205 3294 legis
3243 3229 3469 3291 uterque
3501 3208 3718 3274 manda-

2167 3337 2277 3381 tum
2309 3323 2572 3395 probabili
2593 3321 2934 3376 excusatione
2961 3312 3273 3383 transgressi
3300 3315 3444 3375 su'nt,
3471 3318 3526 3364 et
3557 3309 3726 3385 fames

2167 3420 2220 3472 in
2242 3403 2399 3472 causa
2428 3422 2526 3478 est,
2577 3428 2674 3468 cur
2722 3410 2964 3465 eamdem
3014 3398 3208 3460 famem
3253 3417 3361 3458 non
3409 3401 3651 3472 probatis
3674 3400 3726 3452 in

2167 3504 2441 3576 apostolis,
2462 3517 2622 3573 quam
2641 3498 2876 3570 probatis
2896 3488 2949 3551 in
2975 3494 3184 3550 caeteris
3205 3492 3228 3545 ?
3253 3491 3568 3559 Quanquam
3596 3497 3649 3542 et
3675 3489 3726 3541 in

2166 3597 2268 3650 hoc
2298 3593 2464 3648 multa
2490 3589 2740 3647 distantia
2765 3584 2972 3642 sit.'lsti
3017 3583 3192 3652 spicas
3221 3581 3273 3635 in
3317 3580 3541 3634 sabbato
3567 3593 3727 3630 manu

2165 3683 2486 3744 confricant,
2524 3679 2598 3733 illi
2628 3691 2791 3750 panes
2817 3673 3166 3730 comederunt
3191 3669 3479 3724 Leviticos.

2237 3769 2445 3842 (Beda.)
2496 3769 2869 3843 Coquebantur
2931 3763 3074 3818 enim
3131 3775 3296 3830 panes
3341 3756 3726 3829 propositionis

2167 3871 2290 3918 ante
2332 3860 2630 3922 sabbatum,
2672 3864 2727 3912 et
2762 3853 2985 3911 sabbato
3026 3865 3182 3905 mane
3231 3849 3395 3903 oblati
3425 3860 3588 3916 super
3631 3861 3722 3898 sa-

2168 3969 2314 4009 cram
2369 3958 2605 4006 tnensam
2658 3943 3014 4018 ponebantur,
3065 3941 3267 3997 bisseni
3322 3941 3388 3994 ad
3441 3940 3728 3993 alterutros

2167 4043 2432 4104 conversi,
2474 4040 2677 4094 duabus
2721 4034 2915 4106 patinis
2953 4031 3131 4086 aureis
3171 4029 3540 4099 superpositis,
3573 4027 3730 4080 thure

2167 4133 2358 4202 plenis,
2388 4145 2505 4199 qua:
2542 4126 2924 4196 permanebant
2949 4136 3118 4190 usque
3160 4120 3226 4173 ad
3252 4119 3396 4172 aliud
3422 4118 3729 4178 sabbatum,

2167 4229 2222 4274 et
2249 4227 2375 4273 tunc
2411 4231 2506 4286 pro
2528 4216 2630 4270 illis
2656 4213 2746 4283 alii.
2778 4211 3226 4282 deportabantur:
3271 4206 3346 4260 illi
3385 4220 3516 4282 vero
3543 4219 3726 4258 sacer—

2168 4308 2377 4363 dotibus
2398 4303 2803 4364 exhibebantur,
2834 4309 2889 4354 et
2915 4299 3071 4352 thure
3091 4297 3309 4350 incenso
3348 4296 3401 4348 in
3431 4295 3552 4364 igne
3573 4307 3732 4347 sacro

2169 4396 2222 4449 in
2249 4410 2353 4463 quo
2381 4393 2558 4447 omnia
2604 4389 2912 4445 holocausta
2955 4384 3070 4440 ﬁeri
3118 4383 3381 4446 solebant,
3432 4381 3574 4438 aliud
3610 4381 3731 4433 thus

2094 4457 2144 4516 Β
2171 4457 2330 4557 super
2356 4485 2488 4540 alios
2514 4479 2789 4538 duodecim
2820 4491 2983 4548 panes
3029 4471 3415 4541 adﬁciebatur;
3461 4485 3564 4538 qua
3597 4471 3732 4523 hora

2170 4575 2548 4646 superveniens
2571 4570 2736 4625 David
2778 4581 2942 4638 panes
2969 4569 3308 4619 consecratos
3349 4563 3572 4628 accepit.
3623 4557 3734 4614 Nec

2168 4681 2274 4720 non
2294 4662 2359 4718 ad
2377 4659 2587 4717 sabbati
2622 4656 3006 4712 solemnitatem
3043 4649 3365 4704 accedebant
3416 4647 3737 4700 Neomenia-

2169 4770 2288 4808 rum
2311 4753 2444 4817 dies,
2468 4749 2661 4821 quibus
2696 4747 2753 4800 in
2790 4742 3034 4800 convivio
3071 4738 3359 4808 requisitas
3384 4735 3484 4790 fuit
3511 4751 3576 4790 ex
3609 4736 3731 4788 aula

2169 4845 2334 4913 regia.

2236 4910 2416 5000 Ling.)
2446 4925 2697 4994 Figurate
2725 4927 2922 4983 autem,
2951 4916 3090 4986 quod
3131 4913 3300 4970 David
3341 4921 3396 4965 et
3420 4910 3735 4996 pueri\ejus

2164 4999 2326 5091 panes
2346 5029 2599 5083 accepere
2642 5010 3025 5070 sanctiﬁcatos,
3067 5003 3300 5058 ostendit
3345 4999 3735 5054 sacerdotalem

2129 5175 2132 5180 ν
2164 5089 2339 5165 cibum
2381 5107 2446 5159 ad
2474 5118 2627 5158 usum
2668 5100 3015 5154 transiturum
3063 5109 3179 5149 esse
3209 5090 3524 5162 populorum
3553 5106 3565 5140 :
3617 5089 3737 5140 sive

2165 5197 2306 5265 quod
2343 5207 2525 5249 omnes
2565 5191 2725 5244 vitam
2779 5182 3163 5241 sacerdotalem
3207 5179 3465 5233 debemus
3509 5175 3736 5238 imitari,

2170 5263 2281 5341 sive
2301 5284 2440 5352 quod
2461 5293 2645 5336 omnes
2666 5277 2758 5330 ﬁlii
2786 5275 3034 5328 Ecclesiae
3058 5269 3366 5325 sacerdotes
3390 5273 3533 5320 sunt.
3566 5263 3739 5333 Ungi-

2171 5391 2291 5429 mur
2316 5373 2457 5427 enim
2494 5371 2546 5424 in
2576 5364 2928 5421 sacerdotium
2977 5367 3238 5420 sanctum,
3287 5353 3575 5409 olferentes
3611 5367 3740 5404 nos-

2172 5463 2426 5529 metipsos
2448 5457 2557 5511 Deo
2579 5453 2781 5507 hostias
2818 5448 3084 5519 spiritales

2241 5527 2341 5603 Aut
2369 5563 2472 5599 non
2500 5542 2690 5612 legistis
2717 5541 2773 5592 in
2815 5538 2922 5606 lege
2957 5535 3079 5602 quia
3109 5530 3342 5583 sabbatis
3359 5527 3658 5581 sacerdotes
3687 5528 3742 5578 in

2172 5640 2356 5708 templo
2370 5636 2635 5690 sabbatum
2660 5629 2845 5684 violant
2867 5636 2911 5679 et
2933 5626 3042 5678 sine
3061 5622 3271 5675 crimine
3291 5627 3409 5673 sunt
3428 5618 3453 5670 7
3472 5617 3740 5684 (Hieroni
