3938 6316
306 335 402 390 Oil

1282 335 1629 391 COMMENT.
1669 334 1734 389 ΙΝ
1774 333 2206 393 ΜᾹΤΤΙΙᾸΞΕΜ.
2245 369 2316 380 -
2350 340 2475 393 LIB.
2515 339 2596 396 IV.

3415 342 3520 400 92!

303 448 739 514 Calumniamini,
777 449 967 520 inquit,
997 448 1285 519 discipulos
1329 465 1477 504 meos
1508 464 1606 503 cur
1647 463 1744 516 per
1767 463 1855 502 se-
1884 450 1930 507 Α
1960 464 2085 503 num
2121 451 2348 505 habebat
2377 451 2582 504 aridam
2610 491 2624 516 ,
2669 450 2958 509 humanum
2995 467 3164 524 genus
3212 452 3410 508 indicat
3463 454 3515 508 in

304 548 454 607 getes
477 547 811 594 transeuntes
835 541 1011 608 spicas
1038 529 1303 606 ,triverint,
1328 547 1381 592 et
1403 539 1503 593 hoc
1539 537 1762 622 fecerint
1786 536 1862 591 fa-

305 628 409 680 mis
437 627 755 682 necessitate
778 638 1019 696 cogente,
1067 643 1186 683 cum
1228 628 1328 696 ipsi
1354 628 1629 694 sabbatum
1656 625 1864 680 violetis

306 717 358 770 in
386 718 580 785 templo
605 719 942 786 immolantes
968 719 1230 782 victimas,
1255 718 1518 771 caedentes
1545 725 1745 775 tauros,
1769 716 1884 768 ho-'

304 805 545 860 locausta
599 823 759 875 super
811 807 1068 877 lignorum
1108 816 1304 860 struem
1352 805 1595 859 incendio
1641 818 1862 858 concre-

303 905 533 962 mantes,
554 905 628 958 et,
651 895 802 963 juxta
829 896 1043 949 alterius
1076 895 1340 964 Evangelii
1370 894 1545 957 ﬁdem,
1591 895 1861 947 circumci-

305 977 750 1055 dentesparvulos
779 985 830 1038 in
857 986 1103 1039 sabbato:
1135 995 1192 1039 ut
1219 987 1340 1040 dum
1371 986 1528 1039 aliam
1551 985 1720 1054 legem
1753 998 1865 1036 ser-

305 1092 432 1130 vare
474 1077 683 1146 cupitis,
729 1078 1003 1131 sabbatum
1033 1078 1338 1132 destruatis.
1376 1075 1655 1144 Nunquam
1682 1086 1863 1127 autem

303 1171 450 1238 leges
479 1171 568 1223 Dei
596 1170 694 1224 sibi
719 1170 998 1224 centrarias
1031 1177 1169 1223 sunt.
1196 1169 1260 1220 Et
1283 1167 1569 1236 prudenter
1589 1165 1676 1219 ubi
1699 1165 1863 1219 disci-

302 1261 414 1329 puli
444 1261 524 1314 sui
553 1260 967 1329 transgressione
989 1259 1136 1329 argui
1159 1266 1421 1326 poterant,
1452 1245 1613 1310 David
1637 1254 1867 1309 etAchi-

304 1348 510 1402 inelech
536 1348 664 1402 dicit
686 1346 924 1415 exempla
950 1356 1198 1409 secutos;
1227 1360 1409 1398 verum
1449 1353 1628 1398 autem
1650 1351 1710 1396 et
1739 1341 1867 1396 abs-

203 1490 206 1492 .
303 1454 412 1506 que
442 1437 770 1492 necessitatis
795 1438 1012 1491 obtentu
1057 1435 1260 1490 sabbati
1292 1433 1781 1502 praevaricationem
1812 1432 1863 1484 in

303 1528 452 1597 ipsos
480 1527 664 1590 refert,
691 1528 779 1596 qui
806 1529 1123 1583 calumniam
1151 1528 1407 1592 fecerant.-

385 1616 508 1669 Dico
539 1626 710 1670 autem
738 1618 874 1671 vobis
895 1618 1016 1686 quia
1043 1617 1230 1686 templo
1259 1618 1431 1685 major
1449 1625 1521 1669 est
1534 1610 1865 1682 Itic.(Msun.)

301 1705 364 1759 In
391 1708 490 1761 hac
514 1708 776 1762 sententia
805 1707 1074 1777 Evangelii
1109 1706 1367 1775 particula
1395 1706 1477 1757 hic
1500 1720 1604 1758 non
1628 1711 1711 1756 est
1738 1717 1865 1770 pro-

302 1811 520 1859 nomen,
550 1796 639 1851 sed
671 1796 976 1851 adverbium
1007 1796 1124 1858 loci,
1151 1802 1205 1849 et
1243 1793 1506 1864 signiﬁcat
1534 1791 1674 1860 quod
1724 1798 1855 1842 tem-
1892 1787 1934 1842 B

294 1884 393 1951 plo
439 1885 607 1954 major
636 1885 706 1938 sit
740 1885 887 1939 locus
913 1885 1001 1953 qui
1029 1884 1308 1938 Dominum
1347 1882 1526 1950 templi
1560 1890 1766 1944 teneat;
1798 1894 1862 1932 ac

299 1974 349 2026 si
404 1973 663 2035 diceret_:
708 1973 762 2028 Si
797 1974 1014 2042 ﬁgurale
1052 1974 1304 2042 templum
1357 1972 1528 2042 potuit
1576 1970 1861 2043 defendere

301 2063 614 2116 sacerdotes
657 2063 756 2116 sibi
803 2063 1116 2127 servientes,
1147 2077 1244 2114 cur
1278 2061 1517 2130 spiritale
1546 2074 1652 2121 non
1684 2064 1861 2126 potest

297 2150 588 2205 defendere
636 2151 920 2220 discipulos
948 2151 1046 2206 sibi
1073 2150 1386 2206 credentes?
1423 2148 1644 2221 (Hilar.)
1672 2149 1862 2202 Osten-

301 2239 382 2292 dit
411 2241 551 2292 enim
577 2241 698 2308 quia
729 2255 824 2309 per
856 2256 914 2294 se
952 2239 1122 2309 ipsum
1159 2240 1209 2293 in
1255 2239 1541 2308 apostolica
1570 2237 1812 2292 doctrina
1843 2275 1858 2298 ,

299 2328 500 2396 populo
527 2329 660 2399 legis
684 2330 966 2383 inﬁdeliter
979 2331 1204 2394 ‘otiante,
1228 2329 1370 2383 salus
1395 2329 1642 2398 gentibus
1671 2326 1856 2380 datur:

300 2418 431 2485 quia
459 2418 627 2487 major
659 2419 772 2487 ipse
802 2419 867 2472 sit
891 2419 1111 2474 sabbato
1136 2459 1150 2484 ,
1179 2428 1233 2474 et
1265 2419 1464 2489 absque
1494 2418 1703 2472 violate
1729 2417 1861 2487 legis

297 2508 488 2585 culpa,
533 2510 836 2579 evangelica
877 2510 1009 2564 ﬁdes
1036 2518 1288 2580 operetur
1329 2511 1381 2562 in
1411 2509 1644 2564 Christo.
1684 2508 1860 2576 Atque

297 2608 363 2652 nt
395 2601 699 2653 ostenderet
742 2606 952 2654 omnem
1007 2615 1185 2655 rerum
1239 2598 1579 2654 eﬂicieutiam
1627 2598 1857 2669 speciem

301 2688 468 2742 futuri
500 2689 676 2759 operis
701 2691 992 2754 continere,
1016 2691 1237 2761 adjecit:

376 2777 436 2833 Si
462 2787 632 2832 autem
663 2780 864 2848 sciretis
903 2781 1026 2850 quid
1063 2792 1157 2845 est,
1204 2780 1613 2834 Mtsericordiam
1642 2796 1774 2845 voto,
1812 2789 1860 2833 et

298 2883 408 2920 non
433 2867 768 2934 sacriﬁcium,
795 2886 1054 2938 nunquam
1084 2870 1516 2923 condemnassetis
1543 2871 1856 2926 innocentes.

296 2957 568 3027 (Ηίετοη.)
597 2957 732 3022 Quid
759 2959 827 3012 sit
848 2957 1257 3012 Misericordia»:
1291 2959 1401 3012 volo
1419 3000 1432 3023 ,
1457 2969 1503 3012 et
1527 2975 1629 3012 non
1648 2959 1859 3027 sacriﬁ-

294 3050 439 3103 cium
463 3089 476 3114 ,
525 3064 683 3118 supra
710 3049 960 3102 diximus.
989 3049 1137 3115 Quod
1164 3057 1342 3104 autem
1376 3050 1618 3119 sequitur
1641 3089 1655 3112 ,
1704 3048 1857 3101 Nun-

293 3156 459 3206 quam
502 3139 932 3193 condemnassetis
967 3140 1288 3209 innocentes,
1315 3141 1380 3192 de
1401 3137 1655 3208 apostolis
1674 3147 1757 3192 est
1779 3138 1858 3190 in-

296 3228 662 3296 telligendum,
692 3235 747 3282 et
771 3239 854 3282 est
893 3244 1079 3282 sensus
1109 3247 1121 3258 °
1155 3227 1573 3282 Misericordiam
1615 3241 1862 3296 compro—

289 3319 443 3372 batis
467 3318 805 3373 Achimelcch
842 3333 906 3372 eo
932 3318 1239 3386 quod'fame
1271 3317 1661 3386 periclitantem
1693 3315 1858 3371 David

299 3406 626 3463 refocillaret
655 3415 710 3460 et
737 3421 930 3475 pueros
967 3407 1082 3476 ejus
1127 3406 1177 3472 (ι
1203 3405 1328 3475 Reg.
1355 3405 1466 3475 XI),
1515 3421 1681 3474 quare
1712 3424 1860 3462 meos
1898 3413 1902 3415 ’

295 3498 588 3566 discipulos
628 3497 1032 3559 condemnatis,
1083 3496 1174 3565 qui
1219 3496 1350 3549 nihil
1402 3496 1510 3550 tale
1571 3495 1859 3551 fecerunt?

375 3583 623 3637 Dominus
647 3583 781 3635 enim
803 3592 876 3635 est
904 3583 1044 3648 [ilius
1069 3584 1289 3636 hominis
1314 3584 1469 3636 etiam
1494 3585 1710 3637 sabbati.
1757 3584 1812 3638 Si
1841 3626 1854 3646 ,

299 3675 498 3743 inquit,
528 3674 692 3727 David
725 3689 816 3727 rex
857 3673 1170 3727 sacerdotali
1211 3675 1331 3727 cibo
1375 3684 1558 3742 pastus
1585 3676 1861 3729 excusabi-

296 3765 371 3818 lis
397 3774 495 3828 est,
528 3775 580 3819 et
603 3764 753 3832 juxta
800 3765 1018 3824 alterius
1063 3765 1407 3835 evangelistze
1445 3767 1805 3821 narrationem
1842 3809 1856 3832 ,

297 3857 612 3908 sacerdotes
655 3855 932 3910 sabbatum
971 3870 1066 3924 per
1111 3855 1291 3924 templi
1344 3857 1700 3911 ministerium
1748 3860 1861 3912 vio-

295 3949 473 4002 lantes
517 3956 701 4001 carent
748 3948 989 4010 crimine,
1010 3932 1222 4017 quanto
1250 3949 1418 4019 magis
1446 3948 1584 4004 ﬁlius
1605 3950 1858 4016 hominis,

297 4042 395 4112 qui
421 4056 580 4096 verus
619 4055 709 4094 rex
739 4050 838 4106 est,
862 4048 915 4094 et
938 4055 1098 4094 verus
1141 4042 1411 4104 sacerdos,
1435 4049 1491 4095 et
1530 4041 1649 4097 ideo
1683 4042 1860 4098 Domi-

295 4148 404 4187 nus
438 4129 520 4186 esi
546 4132 786 4195 sabbatip
822 4131 1124 4186 evulsarum
1153 4134 1376 4187 sabbato
1408 4135 1676 4202 spicarum
1720 4151 1859 4189 noxa

295 4235 408 4273 non
452 4220 693 4273 tenetur?
752 4221 984 4274 maxime
1034 4236 1154 4275 cum
1217 4221 1356 4275 idem
1399 4221 1563 4274 Filius
1603 4223 1696 4276 Dei
1737 4239 1858 4277 cum

295 4309 462 4363 Patre
499 4316 553 4362 et
601 4306 800 4378 Spiritu
829 4319 1014 4365 sancto
1037 4327 1142 4365 non
1176 4310 1346 4365 solum
1375 4321 1589 4367 creator
1625 4313 1694 4368 sit
1727 4315 1861 4378 sab-

295 4399 438 4460 bati,
460 4398 551 4452 sed
574 4399 731 4452 etiam
757 4400 996 4453 omnium
1020 4407 1315 4470 temporum
1339 4408 1394 4454 et
1430 4402 1592 4455 totius
1616 4402 1818 4455 mundi.
1884 4437 1934 4494 ι)

372 4487 482 4559 [IL]
514 4487 578 4540 Et
602 4505 716 4540 cum
739 4491 1005 4542 transisset
1028 4490 1314 4550 inde,uenit
1341 4493 1392 4543 in
1424 4489 1748 4559 Synagogam
1772 4508 1860 4544 eo-

294 4595 436 4643 rum,
474 4587 518 4631 et
563 4594 673 4632 ecce
694 4579 843 4631 homo
879 4596 1086 4632 manum
1108 4580 1298 4633 habens
1323 4566 1546 4633 aridam.
1575 4581 1754 4650 (Aug.)
1785 4581 1857 4634 De

229 4704 232 4707 -
296 4670 405 4723 isto
438 4669 649 4722 homine
677 4669 768 4737 qui
800 4684 1016 4722 manum
1039 4670 1270 4723 habebat
1294 4671 1496 4723 aridam
1527 4669 1686 4724 etiam
1720 4671 1858 4724 Mar-

295 4774 396 4812 cus
424 4767 477 4811 et
501 4757 673 4812 Lucas
704 4773 807 4813 non
843 4765 1020 4812 tacent
1047 4757 1238 4828 (Marc.
1269 4774 1356 4820 Ill;
1389 4756 1515 4811 Luc.
1542 4757 1638 4828 'vt).
1669 4757 1858 4814 Posset

295 4856 480 4901 autem
515 4847 687 4916 putari
718 4862 781 4900 eo
822 4847 908 4900 die
951 4845 1149 4900 factum
1192 4855 1240 4899 et
1271 4847 1336 4900 de
1377 4847 1536 4915 spicis
1575 4856 1630 4902 et
1658 4848 1720 4901 de
1743 4848 1857 4916 ipso

297 4945 512 5001 sanato,
555 4936 805 5005 quoniam
849 4932 1125 4991 sabbatum
1162 4942 1218 4989 et
1249 4935 1338 4988 hic
1385 4943 1854 4998 commemoratur,

297 5026 407 5080 nisi
443 5025 614 5079 Lucas
651 5025 962 5094 aperuisset
988 5024 1092 5077 alio
1150 5024 1371 5078 sabbato
1407 5022 1602 5077 factum
1639 5037 1759 5076 esse
1792 5021 1859 5077 de

298 5115 532 5170 sanitate
571 5111 981 5172 aridtemanus'.
1034 5113 1268 5168 Proinde
1327 5113 1469 5182 quod
1537 5111 1856 5179 Matthmus,

296 5213 351 5257 et
381 5219 496 5256 cum
527 5203 645 5255 inde
680 5203 944 5258 transisset
973 5242 986 5266 ,
1038 5203 1171 5254 venit
1212 5201 1266 5253 in
1311 5217 1625 5269 synagogam
1659 5217 1856 5263 eorum,

298 5307 412 5347 non
460 5292 674 5361 quidem
711 5292 858 5345 venit
908 5290 1010 5344 nisi
1062 5305 1182 5344 cum
1226 5289 1350 5343 inde
1396 5289 1718 5352 transisset;
1766 5288 1860 5341 sed

302 5389 427 5450 post
459 5391 590 5450 quot
615 5381 728 5434 dies
757 5382 808 5434 in
841 5394 1164 5451 synagogan)
1190 5393 1375 5432 eorum
1423 5377 1636 5431 venerit
1673 5385 1889 5444 postea-

302 5485 464 5540 quam
502 5485 530 5521 a
574 5480 752 5538 segete
798 5470 883 5523 illa
927 5470 1136 5522 transiit
1177 5483 1281 5520 non
1320 5481 1632 5535 expressum
1657 5475 1754 5519 est.
1785 5465 1862 5519 Ac

302 5575 403 5629 per
430 5560 530 5614 hoc
561 5558 706 5613 locus
733 5559 887 5612 datur
931 5558 1221 5612 narrationi
1267 5557 1444 5622 Lucae,
1475 5558 1562 5626 qui
1600 5557 1729 5610 dicit
1756 5556 1860 5610 alio

304 5649 532 5705 sabbato
561 5647 719 5718 hujus
746 5663 957 5702 manum
978 5655 1239 5715 sanatam.
1275 5646 1445 5700 Homo
1476 5660 1603 5700 sane
1631 5645 1716 5713 qui
1747 5661 1859 5698 ma—

1965 539 2286 597 fecunditate
2313 543 2435 597 boni
2458 543 2637 610 operis
2661 542 2977 607 arefactum,
3002 543 3093 598 sed
3123 542 3331 598 Domini
3361 541 3516 597 mise~

1963 634 2169 687 ratione
2197 643 2466 690 curatum.
2501 634 2662 705 Cujus
2687 637 2928 699 dextera,
2958 652 3077 706 qua:
3123 639 3174 691 in
3219 639 3393 707 primo
3426 653 3517 708 pa-

1961 737 2114 783 rente
2135 731 2256 794 dum
2283 733 2460 785 vetita:
2486 732 2694 786 arboris
2715 747 2868 801 poma
2906 733 3243 801 decerperet,
3277 743 3515 795 aruerat,

1963 833 2058 886 per
2101 818 2474 888 Redemptoris
2516 822 2764 889 gratiam,
2797 821 2922 873 dum
2966 821 3204 874 insontes
3238 836 3427 874 manus
3462 821 3517 873 in

1962 907 2155 959 arbore
2184 907 2359 960 crucis
2383 905 2643 968 tenderet.
2675 909 2934 962 bonorum
2975 923 3194 977 operum
3236 911 3408 963 succis
3435 919 3517 962 est

1963 995 2206 1048 restituta
2229 995 2406 1048 saluti.
2457 996 2520 1048 Et
2565 997 2698 1050 bene
2747 997 2798 1049 in
2851 1012 3114 1067 synagoga
3165 1011 3353 1051 manus
3401 1007 3516 1051 erat

1961 1085 2108 1137 arida
2143 1087 2300 1154 :quia
2334 1086 2421 1139 ubi
2457 1085 2692 1139 scientia:
2719 1086 2913 1140 donum
2947 1085 3118 1153 majus
3145 1126 3158 1150 ,
3190 1087 3259 1140 ibi
3299 1087 3516 1156 gravius

1962 1180 2045 1227 est
2070 1174 2442 1230 inexcusabilis
2464 1190 2614 1228 nosse
2645 1175 2956 1244 periculum.

2035 1260 2100 1313 Et
2145 1262 2526 1331 interrogabant
2559 1279 2675 1316 eum
2705 1264 2930 1317 dicentes
2967 1280 2985 1317 :
3029 1263 3088 1318 Si
3126 1263 3256 1317 licet
3291 1265 3515 1318 sabbatis

1963 1351 2194 1404 curare?
2227 1363 2281 1404 ut
2308 1362 2610 1406 accusarent
2633 1370 2768 1407 eum.
2797 1355 2930 1421 Quia
2953 1355 3368 1410 destructionem
3396 1358 3516 1410 sal)-

1965 1439 2105 1502 bati,
2129 1454 2289 1508 quam
2319 1439 2569 1493 Pharismi
2617 1429 2970 1511 in'discipulis
3013 1446 3341 1512 arguebant,
3394 1461 3515 1514 pro-

1965 1528 2124 1582 babili
2151 1529 2396 1598 exemplo
2427 1539 2774 1584 excusaverat
2800 1571 2813 1594 ,
2863 1533 3031 1600 ipsum
3075 1533 3384 1588 calumniari
3424 1552 3514 1589 νος

1969 1617 2114 1683 lunt;
2163 1627 2217 1671 et
2260 1610 2662 1688 interrogabant
2687 1628 2863 1673 utrum
2891 1621 3043 1675 liceat
3073 1636 3262 1676 curare
3297 1624 3348 1677 in
3396 1627 3474 1679 sal
3495 1656 3516 1666 -

1969 1710 2108 1764 batis
2137 1727 2149 1761 :
2177 1718 2232 1761 ut
2268 1709 2313 1762 si
2367 1724 2472 1763 non
2512 1711 2780 1764 curaverit
2806 1750 2820 1773 ,
2863 1712 3193 1766 crudelitatis
3227 1721 3320 1765 aut
3350 1713 3514 1767 imbe-

1963 1799 2233 1864 cillitatis;
2297 1798 2342 1852 si
2388 1799 2688 1862 curaverit.
2741 1808 3188 1870 transgressorem
3241 1815 3510 1858 accusent.

1965 1888 2212 1948 Sahbatis
2243 1889 2506 1958 praecipue
2535 1889 2792 1942 Dominus
2820 1890 2874 1942 in
2906 1884 3168 1960 synagoga
3198 1892 3350 1945 docet
3385 1907 3510 1961 0pc-

1917 1988 2218 2056 .Lraturque
2243 1978 2468 2032 virtutes
2502 1993 2606 2031 non
2644 1978 2817 2033 solum
2865 1988 3082 2049 prepter
3136 1980 3508 2034 insinuaudum

1963 2071 2205 2141 spiritale
2229 2071 2507 2126 sabbatum
2537 2111 2574 2141 ,_
2596 2072 2688 2126 sed
2731 2079 2787 2126 et
2830 2064 3046 2141 propter
3079 2071 3422 2126 celebriorem
3449 2087 3511 2127 eo

1961 2156 2051 2215 die
2075 2161 2248 2232 populi
2283 2170 2619 2230 conventum.
2650 2160 2746 2216 Cui
2777 2171 2903 2216 tunc
2929 2176 2995 2216 ex
3032 2163 3254 2242 antiqua
3302 2172 3526 2232 patrum,

1961 2254 2298 2308 institutione
2326 2253 2493 2307 moris
2517 2259 2653 2315 erat,
2683 2254 2806 2321 quia
2837 2269 3026 2307 vacare
3059 2268 3088 2307 a
3117 2253 3295 2307 labore
3320 2268 3415 2322 per
3439 2253 3514 2306 le-

1941 2359 2079 2413 .gem
2120 2342 2449 2412 jubebatur,
2501 2341 2737 2412 legendis
2787 2343 3165 2412 audiendisque
3223 2341 3512 2412 Scripturis

1959 2448 2176 2502 operam
2223 2434 2370 2485 dare.
2421 2430 2579 2486 Juxta
2622 2431 2846 2499 quodin
2895 2429 3115 2485 Actibus
3155 2432 3512 2500 apostolorum

1959 2521 2198 2577 Iacobus.
2239 2522 2473 2591 loquitur
2505 2540 2518 2574 :
2555 2520 2778 2589 Moyses.
2807 2522 2940 2573 enim
2982 2538 3014 2573 a
3053 2520 3231 2574 diebus
3285 2521 3507 2590 antiquis

1958 2616 2128 2682 habet,
2164 2616 2254 2686 qui
2277 2631 2393 2668 eum
2422 2614 2699 2683 prwdicent
2728 2614 2781 2665 in
2809 2613 3081 2682 synagogis
3107 2652 3120 2675 ,
3149 2613 3234 2665 ubi
3253 2629 3343 2680 per
3363 2628 3507 2666 omne

1944 2703 2227 2758 sabbatum
2249 2701 2437 2770 legitur
2461 2700 2600 2769 (Aet.
2635 2701 2744 2768 xv).
2773 2699 2904 2752 Nam
2944 2699 3078 2776 sicut
3116 2700 3168 2752 hi
3205 2699 3394 2768 quibus
3425 2714 3512 2753 ve-

1959 2781 2117 2847 nandi
2166 2806 2254 2844 ars
2303 2799 2422 2851 est,
2467 2789 2556 2842 ubi
2591 2787 2768 2850 feras,
2824 2788 2999 2856 pisces
3027 2796 3082 2842 et
3116 2788 3355 2843 volucres
3395 2788 3508 2856 plus

1945 2882 2233 2935 abundare
2259 2879 2583 2942 didicerint,
2613 2878 2685 2931 ibi
2714 2892 2808 2930 sua
2836 2877 3066 2931 maxime
3089 2879 3217 2931 retia
3247 2880 3464 2932 tendunt
3490 2896 3502 2930 :

1959 2972 2032 3027 ita
2060 2978 2115 3025 et
2157 2969 2414 3024 Dominus
2461 2981 2676 3035 semper
2707 2967 2887 3020 docuit
2939 2966 2990 3020 in
3043 2981 3304 3036 synagoga
3357 2975 3408 3019 et
3453 2966 3503 3019 in

1960 3061 2161 3130 templo
2218 3075 2326 3129 quo
2390 3072 2580 3112 omnes
2629 3055 2796 3110 Judaei
2853 3055 3277 3117 conveniebant,
3329 3055 3505 3108 volens

1962 3165 2150 3206 omnes
2169 3140 2341 3206 Salvos
2355 3147 2492 3211 ﬁeri,
2509 3153 2566 3201 et
2596 3146 2662 3199 ad
2688 3144 3012 3214 agnitionem
3036 3143 3274 3198 veritatis
3299 3144 3480 3196 venire

2039 3240 2152 3310 Ipse
2185 3247 2356 3292 autem
2401 3237 2531 3290 dixit
2569 3234 2675 3288 illis
2712 3249 2730 3286 :
2771 3231 2903 3297 Quis
2941 3232 3037 3284 erit
3071 3247 3134 3284 ea:
3155 3233 3290 3284 vobis
3318 3232 3464 3282 homo
3492 3267 3506 3289 ,

1960 3330 2049 3398 qui
2081 3328 2264 3381 habeat
2295 3341 2453 3379 unam
2496 3339 2656 3388 ovem,
2692 3332 2739 3376 et
2785 3322 2831 3376 si
2865 3319 3103 3374 ceciderit
3146 3320 3220 3372 [ιε’
3288 3317 3492 3371 salt/mis

1960 3418 2014 3470 in
2047 3415 2267 3484 faveam,
2293 3428 2457 3465 nonne
2486 3421 2660 3470 tenens
2692 3409 2875 3463 levabit
2909 3421 3020 3461 eam
3045 3406 3069 3458 ἲ
3099 3406 3302 3468 Quanto
3344 3408 3503 3457 meai:

1959 3503 2141 3556 melior
2168 3511 2240 3555 est
2263 3503 2418 3555 homo
2442 3500 2569 3552 ove!
2596 3498 2780 3568 Itaque
2809 3498 2924 3550 licet
2949 3497 3171 3550 sabbatis
3198 3494 3486 3554 bcne‘lrcei'e.

1961 3589 2228 3660 (Ilieron.)
2263 3589 2354 3644 Sic
2381 3588 2539 3643 solvit
2589 3587 2912 3656 propositam
2942 3583 3307 3652 quaestionem,
3338 3577 3377 3632 ti.
3415 3582 3490 3632 in-

1962 3690 2293 3752 terrogantes
2309 3679 2544 3733 avaritia:
2573 3679 2971 3735 condemnaret.
3007 3671 3060 3726 Si
3086 3686 3200 3734 vos,
3222 3670 3394 3737 inquit.
3442 3669 3492 3720 iu

1961 3775 2184 3828 sabbato
2216 3786 2368 3826 ovem
2398 3778 2453 3823 et
2487 3769 2627 3822 aliud
2656 3766 2929 3836 quodlibet
2969 3760 3165 3816 animal
3209 3761 3258 3812 in
3305 3758 3494 3811 foveam

1961 3863 2214 3918 decidens
2235 3860 2444 3929 eripere
2472 3857 2738 3911 festinatis
2758 3895 2773 3920 ,
2799 3850 3162 3911 non'animali,
3197 3849 3290 3902 sed
3322 3863 3498 3929 vesane

1960 3950 2196 4004 avaritize
2240 3946 2582 4003 consulentes
2607 3984 2621 4007 ,
2651 3951 2851 4012 quanto
2885 3940 3050 4010 magis
3075 3954 3171 4008 ego
3196 3936 3453 3990 hominem
3487 3974 3499 3995 ,

1959 4041 2048 4107 qui
2082 4039 2246 4091 multo
2281 4036 2468 4089 melior
2495 4043 2576 4089 est
2615 4047 2714 4087 ove
2743 4073 2756 4096 ,
2787 4032 2976 4086 debeo.
2998 4029 3263 4084 liberare!
3307 4025 3504 4079 Pra:vc~

1959 4128 2111 4182 nicns
2147 4126 2404 4179 Dominus
2438 4123 2758 4178 calumniam
2809 4119 2991 4174 Judaao
3025 4134 3109 4173 um
3136 4158 3151 4182 ,
3177 4132 3353 4194 quam
3406 4115 3504 4168 sibi

1957 4219 2159 4288 perﬁda
2211 4225 2390 4269 mente
2440 4221 2800 4284 paraverant,
2853 4210 3029 4280 arguit
3060 4222 3168 4265 eos.
3205 4208 3328 4276 quia
3372 4205 3502 4274 legis

1956 4317 2220 4377 praecepta
2252 4321 2415 4375 prava
2445 4304 2888 4372 interpretatione
2927 4300 3207 4361 violarent,
3239 4298 3506 4352 testimau—
3541 4352 3543 4354 ,

1959 4398 2026 4448 do
2066 4396 2117 4448 in
2164 4396 2384 4450 sabbato
2435 4394 2594 4448 etiam
2639 4408 2667 4446 a
2716 4391 2870 4445 bonis
2895 4389 3144 4458 operibus
3166 4385 3461 4440 feriandum
3493 4422 3507 4445 ,
3549 4380 3552 4382 ⁷

1963 4500 2082 4538 cum
2108 4484 2189 4538 lex
2219 4498 2247 4536 a
2283 4482 2436 4535 malis
2461 4467 2730 4534 abstinere
2752 4478 2957 4546 jubeat,
2987 4477 3187 4538 dicens,
3207 4473 3368 4529 Omne
3386 4489 3510 4542 opus

1960 4575 2142 4627 servile
2168 4591 2270 4627 non
2293 4572 2492 4642 facietis
2517 4573 2570 4623 in
2589 4587 2647 4624 eo
2672 4569 2853 4639 (Leuit.
2887 4569 3042 4634 χχιιι)
3068 4605 3082 4629 ,
3124 4565 3176 4618 id
3201 4573 3302 4627 est,
3329 4577 3512 4632 pecea-

1963 4675 2071 4718 tum
2104 4681 2115 4716 :
2154 4662 2333 4716 Omnis
2360 4708 2373 4712 _
2401 4661 2543 4714 enim
2600 4658 2687 4728 qui
2737 4657 2863 4726 facit
2916 4665 3178 4726 peccatum
3216 4668 3389 4708 serus
3438 4659 3510 4703 est

1959 4739 2151 4822 peccati
2176 4751 2351 4821 (Joan.
2383 4748 2497 4818 vni)
2532 4749 2761 4802 :eodem
2794 4754 3059 4816 praecepto
3084 4743 3324 4798 simulet
3346 4740 3508 4794 futuri

1961 4841 2139 4896 saeculi
2183 4838 2407 4892 formam
2434 4837 2485 4889 in
2514 4835 2864 4904 praesentibus
2907 4831 3247 4894 adumbrans,
3289 4828 3375 4885 ubi
3421 4828 3511 4896 qui

1961 4950 2059 5004 per
2086 4941 2196 4986 tres
2223 4929 2401 4985 saeculi
2424 4927 2581 4996 hujus
2601 4935 2786 4981 aetates
2813 4925 2951 4978 bona
2977 4923 3231 4984 fecerunt,
3251 4920 3318 4979 ,in
3355 4920 3514 4987 septi-

1963 5019 2258 5089 ma'quiete
2287 5019 2546 5071 malorum
2579 5012 2961 5071 tantummodo,
2993 5025 3100 5063 non
3130 5018 3304 5061 autem
3345 5006 3509 5061 bono-

1963 5127 2105 5175 rum,
2128 5111 2237 5164 sint
2264 5109 2424 5163 ferias
2456 5106 2720 5169 habituri;
2746 5118 2868 5157 nant
2898 5103 3022 5156 licet
3050 5100 3324 5155 saicularia
3351 5113 3511 5166 Opera

1964 5199 2369 5268 conquiescant,
2415 5210 2520 5248 non
2570 5195 2774 5248 otiosus
2804 5200 2980 5245 tamen
3009 5191 3131 5245 boni
3163 5189 3338 5258 operis
3368 5196 3514 5241 actus

1961 5300 2044 5345 est
2074 5291 2125 5343 in
2154 5289 2247 5344 Dei
2275 5287 2429 5341 laude
2453 5285 2726 5352 quiescere
2995 5273 2997 5278 “

2035 5380 2176 5432 Tunc
2205 5379 2277 5430 ait
2300 5375 2497 5428 homini
2536 5388 2554 5425 :
2601 5373 2836 5427 Extende
2874 5386 3082 5440 manum
3133 5379 3297 5431 tuam,
3335 5375 3380 5419 et
3422 5380 3512 5416 ea:-

1960 5468 2142 5521 tendit.
2175 5464 2420 5518 Sananda
2461 5459 2824 5516 manus‘arida
2862 5459 3079 5526 jubetur
3120 5455 3366 5517 extendi,
3393 5453 3523 5520 quia.

1963 5555 2306 5609 infructuosa:
2351 5551 2599 5605 debilitas
2658 5551 2847 5602 animae
2897 5547 3040 5601 nullo
3095 5544 3286 5619 melius
3331 5541 3515 5596 ordine

1960 5662 2120 5717 quam
2143 5644 2600 5714 elecmosynarum
2631 5641 2878 5711 largitate
2914 5645 3152 5693 curatur.
3178 5631 3329 5690 Unde
3355 5628 3507 5686 Joan-
