3938 6380
478 299 583 353 923

1109 296 1169 349 ιι.
1212 296 1461 351 ιιΑιιΑΝι
1504 296 1717 377 nium
1751 295 2051 353 Ancntsp,

2155 258 2731 358 occurrentem-it
2770 304 2947 359 rans
2985 306 3023 360 ι.

3610 312 3717 363 ῦὲὶ

476 425 570 462 nes
610 407 865 475 Baptista,
900 407 1073 461 turbis
1109 408 1505 462 sciscitantibus
1552 407 1677 476 quid
1724 406 1959 460 facerent
1982 414 2039 461 ut
2073 411 2115 469 Α
2142 424 2315 462 versus
2338 427 2453 464 eunt
2478 412 2733 482 quomodo
2756 430 2872 467 eum
2896 416 3183 483 perderent.
3225 418 3453 491 (Μιωι.)
3492 420 3728 473 Exeun-

476 514 581 549 uou
610 496 751 550 velut
776 496 998 550 arbores
1027 496 1191 550 arida:
1215 498 1555 550 mitterentur
1588 497 1639 547 in
1672 494 1845 562 ignem
1870 534 1884 559 ,
1938 495 2040 549 hoc

476 588 646 640 solum
693 586 947 655 praecepit
990 604 1002 639 :
1056 586 1158 651 Qui
1208 588 1356 639 habet
1404 586 1534 637 duas
1575 586 1780 637 tunicas
1812 585 1895 637 det
1938 603 2040 638 non

479 676 700 741 babenti,
733 687 780 730 et
811 678 899 747 qui
939 677 1087 731 habet
1126 694 1267 729 escas
1292 676 1532 729 similiter
1572 677 1733 745 faciat
1760 676 1910 748 (Luc.
1936 680 2038 748 ιιι).

477 768 541 819 lit
567 770 617 817 in
645 766 1023 821 Ecclesiastico
1048 766 1277 819 dicitur:
1310 762 1417 816 Fili
1444 804 1459 827 ,
1492 782 1595 818 non
1640 768 1706 819 sit
1734 784 1920 820 atauus
1951 779 2041 820 tua

477 858 543 909 ad
570 858 929 926 accipiendum
965 864 1198 926 porrecta
1220 867 1267 908 et
1290 856 1357 907 ad
1394 857 1626 909 dandum
1675 858 1890 911 collecta
1922 858 2044 929 (Ec-

479 948 565 999 cli.
602 947 698 1017 tv).
728 947 949 1007 Frustra
979 944 1119 997 enim
1157 959 1345 997 manus
1373 945 1439 998 ad
1482 946 1647 999 Deum
1675 962 1773 1015 pro
1809 947 2046 1016 peceatis

479 1046 761 1106 rogaturus
804 1032 1075 1103 expandit,
1109 1032 1199 1100 qui
1228 1049 1331 1086 non
1374 1034 1471 1087 bas
1505 1034 1571 1087 ad
1608 1034 1819 1087 viduam
1840 1032 2044 1109 rogan-

481 1136 588 1180 tem
635 1125 947 1180 beneficium
1001 1123 1207 1177 laturus
1247 1125 1583 1187 extenderit;
1640 1126 1778 1180 unde
1826 1126 2047 1195 pulchre

479 1215 813 1286 subiungitur
842 1228 857 1266 :
940 1286 943 1287 ν
1408 1228 1409 1231 ‘

552 1308 618 1361 Et
645 1308 879 1360 restituta
924 1314 1001 1360 est
1040 1305 1277 1372 sanitati,
1332 1308 1464 1361 sicut
1511 1308 1696 1361 altera.
1748 1307 2046 1363 Humanum

481 1399 672 1468 quippe
720 1412 886 1465 genus
933 1382 1057 1451 ante
1092 1398 1377 1453 adventum
1425 1399 1719 1454 Salvatoris
1770 1400 2044 1455 dexteram

484 1500 693 1537 iiianum
723 1483 909 1537 habuit
931 1484 1259 1555 languidam,
1292 1496 1352 1558 et
1377 1488 1648 1542 sinistram
1688 1504 1896 1557 sanam,
1924 1490 2048 1560 quia

482 1574 715 1629 marcide
741 1574 986 1645 torpebat
1015 1577 1083 1631 ab
1109 1576 1566 1647 eleemosynarum
1620 1594 1800 1647 opere,
1843 1590 1897 1634 et
1939 1594 2049 1634 sua:

483 1672 685 1716 tantum
716 1651 918 1718 intenta
949 1674 1066 1718 erat
1087 1666 1303 1719 studere
1329 1666 1564 1719 utilitati.
1596 1666 1701 1721 Sed
1734 1668 2050 1722 adveniente

2146 508 2226 554 tes
2252 516 2379 571 ergo
2403 494 2673 568 eosdicit,
2700 520 2803 557 non
2846 506 3121 569 adeuntes,
3167 508 3247 562 vel
3278 498 3727 580 appropinquan-

2144 599 2225 647 tes
2255 633 2269 656 ,
2324 595 2445 661 quia
2506 609 2690 649 eorum
2742 611 2894 650 mens
2934 591 3095 666 prava
3143 614 3354 669 semper
3394 618 3425 656 a
3484 603 3727 658 Dom'no

2144 696 2330 734 aversa
2358 681 2475 747 fuit,
2506 699 2606 738 nec
2631 686 2971 753 pertinebant
2994 688 3058 741 ad
3083 704 3265 743 eorum
3293 701 3490 747 sortem
3512 694 3726 763 quibus

2145 769 2420 837 Scriptura
2462 773 2590 826 dicit
2622 792 2634 827 :
2669 776 2908 830 Accedite
2946 778 3013 830 ad
3055 795 3191 843 eum,
3240 791 3287 833 et
3314 781 3723 846 illuminamim',

2144 867 2198 913 et
2245 860 2450 929 reliqua
2507 860 2676 934 (Psal.
2708 865 2921 936 xum).
2969 866 3236 922 Exeuntes
3287 870 3538 925 videlicet
3591 888 3719 926 cum

2146 950 2401 1017 magistro
2430 967 2525 1005 suo
2552 954 2762 1007 dialolo
2791 994 2805 1021 ,
2845 958 2922 1033 de
2956 972 3063 1026 quo
3091 960 3348 1027 scriptum
3376 970 3458 1014 est
3483 978 3497 1015 :
3529 961 3719 1031 Exit-it

2146 1034 2307 1091 Satan
2334 1056 2367 1091 a
2389 1039 2522 1108 facie
2549 1040 2760 1117 Domini
2793 1044 2935 1116 (Iob.
2979 1062 3016 1109 ι,
3051 1048 3132 1118 ιιι),
3164 1049 3441 1126 consilium
3466 1051 3723 1106 fecerunt

2145 1129 2410 1193 quomodo
2439 1128 2601 1183 vitam
2628 1132 2932 1199 perderent,
2964 1151 3067 1189 non
3098 1139 3365 1205 quomodo
3403 1140 3500 1207 ipsi
3540 1141 3719 1193 vitam

2146 1213 2466 1272 invenirent.
2497 1218 2648 1285 Quod
2696 1209 2873 1276 autem
2920 1210 3145 1280 Domino
3196 1226 3364 1295 iniqui
3420 1226 3724 1282 moliuntur

2148 1304 2370 1361 insidias
2413 1305 2550 1362 livor
2586 1310 2639 1363 in
2684 1325 2843 1366 causa
2886 1321 2970 1367 est
2998 1330 3011 1366 :
3042 1315 3170 1384 quid
3209 1317 3353 1370 enim
3404 1299 3723 1372 fecerat‘~'ut

2146 1392 2445 1452 Pharisaeos
2470 1397 2539 1451 ad
2562 1398 2987 1456 interfectionem
3027 1406 3109 1459 sui
3140 1416 3455 1475 provocarat
3476 1448 3491 1469 ,
3518 1423 3720 1477 nempe

2148 1485 2291 1553 quod
2344 1487 2505 1542 homo
2553 1490 2866 1544 extenderat
2893 1508 3129 1548 'manum
3167 1511 3339 1550 suam.
3391 1497 3521 1564 Quis
3566 1499 3715 1552 enim

2148 1573 2535 1631 Pharisaeorum
2568 1579 2619 1633 in
2647 1580 2733 1635 die
2758 1581 2962 1636 sabbati
2992 1576 3096 1638 non
3122 1588 3439 1641 extenderat
3466 1576 3709 1649 manum.

2148 1673 2370 1747 portans
2416 1667 2602 1733 cibos,
2644 1669 2863 1725 calicem
2917 1675 3196 1743 porrigens
3250 1684 3304 1729 et
3357 1688 3549 1732 cetera
3600 1696 3719 1747 qua:

483 1753 705 1807 Demino
753 1754 880 1809 .lesu
927 1755 1177 1819 Christo,
1226 1756 1445 1810 dextera
1498 1754 1572 1838 illi
1616 1767 1841 1812 sanatur
1880 1767 1937 1812 ut
1978 1760 2050 1814 si—
2079 1764 2123 1822 B
2153 1746 2320 1815 νῖοιυὶ
2360 1756 2665 1817 necessaria
2701 1768 2826 1813 sunt
2854 1776 2868 1812 ε
2900 1760 2945 1814 Si
2976 1776 3103 1831 ergo
3149 1779 3366 1818 manum
3405 1746 3714 1829 exteudél'e.

480 1842 653 1898 nistra
684 1862 695 1897 :
723 1845 850 1915 quia
879 1845 1020 1913 quod
1049 1853 1174 1899 ante
1212 1855 1629 1916 congregaverat
1658 1848 1813 1901 avide
1838 1888 1852 1912 ,
1906 1863 2047 1903 nunc

480 1944 807 2004 praeceptum
838 1943 923 1989 est
949 1935 998 1988 ei
1028 1941 1088 1987 ut
1135 1935 1337 1989 tribuat
1364 1936 1539 2006 large;
1573 1944 1629 1989 et
1657 1937 1717 1989 fit
1746 1937 1875 1991 illud
1908 1939 2049 2007 quod

479 2028 733 2098 scriptum
763 2036 864 2093 est,
892 2034 952 2082 ut
996 2029 1085 2098 qui
1128 2037 1347 2081 utuntur
1396 2029 1492 2082 hoc
1534 2030 1751 2093 mundo,
1801 2040 2050 2099 tanquam

480 2135 581 2179 non
610 2128 804 2172 utentes
828 2119 929 2172 sint
960 2116 1019 2189 (17
1035 2116 1157 2171 Cor.
1187 2116 1287 2188 vn)
1312 2133 1328 2184 ;
1359 2126 1413 2172 et
1440 2137 1463 2171 :7
1491 2118 1594 2183 Qui
1625 2118 1846 2173 multum
1870 2112 2049 2179 habuit

481 2225 584 2262 non
661 2208 987 2273 abundabit,
1055 2217 1103 2261 et
1154 2208 1243 2279 qui
1294 2208 1554 2262 modicum
1624 2226 1730 2263 non
1772 2209 2052 2263 minorabit

481 2298 565 2369 (II
590 2296 711 2351 Cor.
740 2298 878 2370 vin).

496 2458 505 2466 ἰ
552 2387 821 2459 (Hier-on.)
875 2387 1177 2443 Notandum
1226 2402 1438 2457 quoque
1478 2387 1619 2456 quod
1663 2387 1715 2441 in
1764 2387 2054 2465 Evangelia

480 2480 771 2533 secundum
806 2478 1090 2543 Hebraeos,
1121 2494 1228 2549 quo
1254 2487 1479 2533 utuntur
1518 2477 1797 2533 Νηπωηὶ
1820 2486 1875 2532 et
1897 2478 2054 2532 Ebio-

481 2569 605 2623 niue
630 2610 644 2635 ,
675 2578 731 2623 et
763 2570 903 2638 quod
939 2578 1234 2624 vocatur-a
1274 2569 1545 2639 plerisque
1570 2568 1805 2623 Matthzei
1828 2571 2055 2631 authen-

492 2659 653 2712 ticum
674 2697 689 2722 ,
729 2658 890 2713 homo
922 2658 1025 2713 iste
1049 2698 1063 2724 ,
1110 2658 1201 2728 qui
1238 2658 1446 2711 aridam
1498 2656 1659 2711 habet
1686 2671 1929 2719 manum,
1952 2672 2055 2710 cae-

482 2749 778 2802 iuentarius
821 2748 1112 2813 scribitur,
1170 2746 1470 2802 istiusmodi
1524 2746 1744 2800 vocibus
1796 2745 2053 2799 auxilium

480 2853 706 2907 preeans
741 2856 753 2891 :
785 2836 1170 2892 Ctementarius
1198 2850 1369 2901 eram,
1406 2836 1651 2890 manibus
1677 2836 1876 2888 victum
1906 2851 2053 2904 qua:-

481 2928 680 2994 ritans;
716 2942 909 2997 precor
937 2936 1010 2993 te,
1039 2925 1192 2991 Jesu,
1225 2933 1283 2979 ut
1310 2925 1440 2979 mihi
1464 2924 1713 2979 restituas
1744 2926 2052 2987 sanitatem,

482 3040 547 3079 ne
574 3024 803 3093 turpiter
845 3023 1143 3077 mendicem
1177 3021 1348 3077 cibos.
1399 3019 1638 3087 Denique
1666 3034 1836 3087 usque
1865 3017 1931 3071 ad
1962 3018 2055 3071 ad-

2149 1848 2203 1895 et
2242 1841 2493 1897 alimenta
2522 1844 2803 1899 sublevare
2828 1846 2912 1901 vel
2934 1857 3143 1917 potum,
3170 1850 3226 1904 in
3249 1853 3473 1908 sabbato
3500 1870 3605 1908 non
3638 1865 3719 1910 est

2149 1933 2413 2000 criminis,
2443 1950 2540 1989 cur
2564 1936 2667 1991 hoc
2694 1936 2819 1991 mali
2843 1948 3072 2008 arguant
3096 1942 3239 2010 quod
3261 1942 3361 2012 ipsi
3407 1942 3586 1999 facere
3631 1962 3719 2000 co-

2102 2038 2109 2040 “
2149 2030 2381 2090 guntur;
2422 2025 2722 2093 praesertim
2749 2042 2883 2081 cum.
2911 2027 3015 2083 iste
3042 2031 3419 2092 cazmentarius
3452 2034 3585 2087 nihil
3619 2035 3718 2088 tale

2149 2114 2447 2179 portaverit
2472 2152 2486 2177 ,
2514 2115 2610 2169 sed
2634 2115 2700 2169 ad
2726 2126 3047 2186 praeceptum
3076 2120 3286 2174 Domini
3311 2121 3515 2177 salvam
3542 2134 3720 2178 exten-

2152 2200 2291 2253 derit
2328 2216 2566 2256 manum.
2619 2202 2803 2274 Neque
2847 2206 2992 2262 enim
3039 2207 3148 2273 ille,
3193 2211 3284 2280 qui
3326 2211 3482 2276 dixit,
3511 2223 3561 2266 et
3585 2214 3717 2282 facta

2153 2300 2275 2344 sunt
2317 2289 2488 2362 (Psat.
2555 2295 2731 2365 xxxii)
2775 2298 2956 2353 omnia
2989 2338 3004 2364 ,
3050 2300 3272 2357 sabbato
3323 2302 3575 2361 laborare
3620 2322 3714 2377 po-

2153 2389 2293 2437 terat
2317 2382 2583 2441 convinci.

2222 2476 2379 2529 Iesus
2417 2486 2590 2532 autem
2617 2496 2785 2535 8628M
2809 2521 2825 2547 ,
2875 2484 3084 2538 secessit
3107 2485 3247 2540 inde.
3280 2484 3472 2543 Sciens
3502 2490 3719 2547 insidias

2152 2578 2358 2626 eorum,
2392 2567 2534 2634 quod
2562 2568 2757 2624 vellent
2796 2572 3023 2639 perdere
3052 2560 3387 2629 Salv'atorem
3417 2592 3573 2631 suum
3591 2618 3607 2642 ,
3634 2594 3716 2634 re-

2152 2655 2316 2708 cessit
2339 2655 2480 2722 inde,
2507 2664 2565 2710 ut
2592 2655 2877 2714 Pharismis
2906 2662 3245 2717 occasionem
3285 2665 3583 2733 impietatis
3623 2682 3714 2722 au-

2154 2742 2339 2799 ferret.
2372 2746 2582 2820 (Beda.)
2616 2748 2856 2805 Se‘cessit
2898 2751 3052 2821 quasi
3105 2752 3267 2806 homo
3305 2752 3518 2824 fugiens
3546 2770 3718 2824 persc-

2154 2836 2431 2903 quentium
2464 2837 2703 2903 insidias,
2744 2838 2870 2908 quia
2921 2855 3095 2909 neque
3145 2840 3319 2896 adhuc
3344 2853 3569 2897 venerat
3595 2846 3717 2899 hora

2152 2926 2423 2995 passionis
2450 2926 2566 2996 ejus
2594 2967 2610 2992 ,
2654 2943 2830 2998 neque
2872 2938 3027 2984 extra
3067 2930 3401 2987 Hierusalem
3438 2933 3539 2987 fuit
3578 2935 3717 2990 locus

2153 3016 2441 3084 passionis.
2478 3015 2720 3082 Secessit,
2764 3017 2974 3089 fugiens
3000 3033 3118 3074 sese
3142 3020 3267 3074 odio
3296 3032 3680 3092 persequentes
3702 3065 3716 3089 ,

486 3122 703 3169 ventum
734 3113 1030 3169 Salvatoris
1049 3125 1261 3175 manus,
1292 3111 1377 3166 cui
1401 3109 1657 3179 spiritalis
1686 3110 1894 3164 aedilicii
1920 3124 2050 3163 cura
2079 3107 2121 3168 C
2153 3104 2247 3157 sed
2275 3118 2340 3158 eo
2366 3105 2595 3159 accessit
2623 3106 2713 3160 ubi
2742 3106 2918 3175 plures
2946 3109 3149 3162 invenit
3193 3124 3314 3164 sese
3346 3126 3444 3179 per
3485 3126 3716 3168 amorem

484 3203 725 3271 delegata
754 3200 949 3265 fuerat,
979 3200 1127 3255 arida
1160 3200 1211 3253 in
1243 3198 1524 3269 Synagoga
1550 3183 1853 3251 Judaedrum
1900 3196 2001 3249 fuit
2030 3236 2046 3261 ,

481 3302 537 3346 et
570 3292 664 3346 Dei
693 3306 857 3361 opera
886 3306 991 3346 non
1014 3290 1214 3344 ﬁebant
1257 3289 1311 3343 in
1342 3304 1405 3343 ea
1440 3302 1455 3341 :
1485 3296 1767 3357 postquam
1791 3288 1931 3341 enim
1964 3287 2051 3365 ille

484 3382 629 3435 venit
658 3382 711 3435 in
738 3389 937 3446 terras,
985 3380 1189 3434 reddita
1218 3386 1301 3433 est
1331 3378 1383 3431 in
1429 3376 1683 3445 apostolis
1714 3376 2053 3431 credentibus

483 3475 705 3529 dextera
734 3482 789 3528 et
815 3472 963 3541 operi
990 3472 1216 3542 pristino
1245 3471 1513 3526 restituta.

560 3562 739 3635 (Aug.)
797 3562 902 3617 Sed
942 3570 1115 3632 potest
1158 3574 1374 3615 movere
1429 3558 1697 3629 quomodo
1767 3556 2053 3610 Matthzcus

484 3654 679 3708 dixerit
704 3651 845 3721 quod
890 3651 992 3722 ipsi
1018 3650 1464 3721 interrogaverint
1492 3648 1797 3709 Dominum,
1838 3644 1900 3700 Si
1933 3644 2051 3698 licet

486 3744 700 3798 sabbato
727 3759 911 3818 curare
938 3743 964 3796 t
1008 3742 1247 3797 volentes
1286 3741 1527 3795 invenire
1569 3736 1853 3793 accusandi
1899 3750 2056 3791 occa-

484 3836 725 3899 sionem;
758 3835 869 3904 ipse
899 3848 1025 3888 vero
1054 3832 1161 3888 illis
1194 3834 1258 3887 de
1285 3847 1384 3886 ove
1418 3829 1760 3901 proposuerit
1798 3828 2052 3881 similitu-

484 3924 685 3987 dinem,
711 3923 897 3978 dicens
926 3940 939 3975 :
972 3920 1101 3985 Quis
1133 3922 1229 3975 erit
1257 3937 1321 3974 ea:
1349 3921 1488 3974 vobis
1533 3921 1685 3972 homo
1740 3918 1829 3988 qui
1866 3918 2054 3970 habeat

484 4029 627 4066 ovem
663 4028 821 4065 unam
844 4051 861 4077 ,
899 4020 949 4065 et
992 4012 1039 4065 si
1072 4011 1309 4065 ceciderit
1336 4010 1446 4064 bwc
1470 4009 1699 4063 sabbatis
1727 4009 1781 4060 in
1812 4001 2010 4076 foueam
2037 4047 2053 4071 ,

488 4122 657 4160 nonne
680 4106 866 4165 tenebit
885 4115 934 4159 et
960 4104 1145 4159 levabit
1166 4120 1278 4157 eam
1302 4105 1327 4158 7
1352 4103 1561 4169 Quanto
1590 4102 1774 4156 melior
1800 4110 1875 4155 est
1900 4100 2053 4154 homo

488 4213 599 4250 ove.
633 4195 818 4266 Itaque
847 4195 962 4250 licet
989 4195 1216 4249 sabbatis
1252 4195 1572 4265 benefacere,
1603 4209 1725 4249 cum
1756 4193 1965 4247 Marcus
2003 4200 2055 4246 et

488 4287 664 4341 Lucas
693 4286 810 4341 illos
843 4286 1002 4342 toties
1029 4301 1059 4340 a
1088 4284 1313 4340 Domino
1340 4285 1696 4353 interrogatos
1728 4297 1847 4336 esse
1870 4280 2055 4349 perbi-

491 4380 652 4433 beant
679 4417 693 4441 ,
724 4361 871 4430 Licet.
892 4377 1104 4430 sabbato
1130 4374 1427 4445 benefacere
1452 4413 1467 4438 ,
1499 4389 1568 4425 an
1611 4370 1743 4425 male
1766 4371 1790 4424 ?
1827 4371 2055 4422 animam

2150 3206 2454 3266 sequentes.
2488 3197 2621 3252 Nam
2647 3199 2892 3253 subditur
2932 3218 2945 3254 :
3310 3206 3313 3213 ’

2223 3286 2289 3339 Et
2302 3288 2463 3341 secuti
2476 3298 2595 3342 sunt
2615 3305 2731 3342 eum
2751 3290 2919 3357 multi,
2948 3301 2999 3345 et
3024 3294 3218 3347 curavit
3247 3311 3333 3348 eos
3364 3311 3562 3365 omnes.
3586 3296 3718 3351 Ecce

2151 3376 2427 3443 Pharisrei,
2462 3379 2705 3450 magistri
2733 3380 2981 3453 videlicet
3017 3382 3208 3451 plebis,
3243 3385 3504 3438 unanimo
3532 3368 3721 3439 Domi-

2151 3483 2277 3520 num
2309 3468 2531 3522 consilio
2562 3470 2788 3538 perdere
2826 3479 3100 3539 quan-unt;
3135 3479 3192 3525 at
3232 3473 3387 3527 turba
3418 3474 3632 3527 indocta
3666 3483 3717 3527 et

2134 3558 2341 3627 vulgus
2361 3560 2713 3629 undecunque
2737 3560 3019 3615 collectum
3048 3562 3299 3615 unanima
3332 3578 3456 3616 cum
3486 3564 3720 3618 dilectio-

2152 3659 2219 3699 ne
2251 3653 2563 3714 scquuntur.
2601 3646 2681 3699 Illi
2722 3647 2967 3702 videntes
3004 3662 3165 3717 opera
3200 3649 3459 3703 virtutum
3488 3649 3604 3719 ejus
3622 3642 3649 3711 .’
3670 3662 3720 3706 et

2154 3735 2316 3788 verba
2366 3734 2623 3788 doctrinae
2670 3735 2949 3790 audientes
2982 3776 2996 3800 ,
3055 3736 3189 3790 nihil
3236 3737 3468 3807 amplius
3520 3739 3720 3793 discere

2152 3837 2313 3892 quam
2342 3830 2403 3877 ut
2430 3838 2550 3877 eum
2577 3826 3287 3893 persequerenturvalebant
3312 3844 3324 3879 :
3352 3826 3461 3891 isti,
3484 3828 3720 3897 opinione

2154 3920 2362 3967 tantum
2407 3913 2551 3967 ducti
2582 3914 2841 3971 virtutum
2879 3912 3024 3983 eius,
3064 3924 3319 3985 congesto
3353 3915 3571 3985 agmine
3604 3932 3720 3986 per-

2154 4003 2410 4068 maxima,
2434 4004 2655 4058 veniunt
2678 4005 2746 4057 ad
2774 4004 3097 4059 audiendum
3111 4019 3232 4059 eum
3255 4019 3521 4074 opemque
3540 4006 3722 4061 salutis

2153 4090 2516 4161 ﬂagitandam.
2548 4091 2701 4147 Unde
2740 4107 2865 4147 mox
2907 4108 3017 4148 suae
3046 4093 3336 4149 voluntatis
3366 4109 3431 4149 ac
3471 4094 3721 4150 desiderii

2155 4181 2409 4249 consequi
2438 4190 2715 4236 merentur
2737 4182 2984 4238 effectum
3010 4224 3024 4249 ,
3051 4183 3295 4252 plurimis
3318 4200 3349 4238 a
3381 4184 3612 4240 Domino
3640 4200 3722 4240 sa-

2156 4272 2317 4336 natis,
2343 4280 2402 4324 ut
2430 4271 2483 4325 in
2510 4274 2858 4340 sequentibus
2888 4273 3101 4342 legitur,
3133 4273 3220 4327 ubi
3249 4276 3556 4344 exempturo
3582 4274 3723 4329 dedit

2157 4360 2299 4425 suis,
2346 4359 2390 4413 si
2436 4361 2490 4414 in
2532 4376 2635 4415 una
2662 4362 2880 4416 civitate
2906 4365 3331 4431 persecutionem
3366 4375 3682 4435 paterentur
3705 4406 3718 4430 ,

487 4436 690 4522 salvam
725 4466 919 4536 facere,
945 4482 1011 4518 an
1035 4436 1551 4535 perdere'(Marc.rm,
1577 4460 1704 4512 Luc.
1730 4456 1806 4527 vn)
1826 4459 1848 4510 ?
1872 4457 2055 4524 Itaque
2081 4436 2131 4494 D
2158 4448 2211 4501 in
2240 4448 2461 4503 alterum
2491 4449 2746 4525 fugiendi.
2790 4453 3028 4521 Denique
3060 4454 3254 4508 Paulus
3282 4495 3296 4519 ,
3328 4457 3572 4524 exemplo
3619 4456 3720 4509 Do-

491 4558 889 4627 intelligendum
925 4563 1005 4609 est
1032 4555 1172 4623 quod
1197 4553 1269 4608 illi
1299 4553 1449 4622 prius
1488 4548 1933 4619 interrogaverint
1958 4544 2057 4598 Do-

492 4650 718 4713 minum,
745 4649 790 4701 si
816 4645 933 4701 licet
948 4646 1170 4700 sabbato
1197 4645 1422 4698 curare?
1450 4643 1652 4697 Deinde
1677 4640 1818 4708 quod
1857 4637 2051 4690 intelli—

494 4758 624 4810 gens
644 4739 993 4810 cogitationes
1022 4752 1204 4792 eorum
1224 4777 1240 4803 ,
1279 4738 1479 4791 aditum
1510 4732 1795 4789 accusandi
1818 4744 2057 4801 quaeren-

495 4832 627 4883 tium
654 4868 669 4892 ,
698 4828 1037 4883 constituerit
1076 4827 1129 4880 in
1171 4826 1349 4879 medio
1376 4825 1519 4877 illum
1543 4838 1701 4891 quem
1740 4819 1913 4874 fuerat
1962 4833 2054 4872 sa-

495 4927 717 4970 naturus
742 4956 757 4979 ,
795 4925 850 4971 et
892 4916 1301 4985 interrogaverit
1345 4914 1487 4982 quod
1541 4911 1751 4965 Marcus
1796 4918 1850 4964 et
1886 4910 2055 4962 Lucas

495 5024 615 5062 eum
664 5009 1020 5082 interrogasse
1069 5013 1507 5061 commemorant.
1562 5003 1628 5056 At
1665 5010 1791 5054 tunc
1838 5000 1942 5053 illis
1978 5007 2055 5051 ta-

495 5098 740 5151 centibus
764 5094 1103 5165 proposuisse
1128 5095 1528 5149 similitudinem
1559 5096 1625 5148 de
1657 5106 1756 5146 ove
1783 5130 1797 5156 ,
1829 5097 1885 5143 ct
1930 5103 2057 5142 con-

497 5185 716 5238 clusisse
743 5184 883 5252 quod
925 5181 1084 5252 liceat
1127 5183 1347 5237 sabbato
1378 5182 1712 5237 benefacere.

567 5251 841 5328 Postremo
866 5251 1269 5340 circumspectis
1294 5273 1369 5327 eis
1399 5290 1513 5326 cum
1544 5275 1623 5325 ira
1641 5313 1655 5337 ,
1680 5275 1820 5325 sicut
1850 5268 2059 5321 Marcus

498 5364 647 5427 dicit,
679 5363 1047 5417 contristatum
1091 5376 1252 5430 super
1288 5363 1583 5417 cmcitatem
1637 5362 1816 5415 cordis
1874 5374 2060 5413 eorum

499 5451 698 5504 dixisse
740 5449 942 5504 homini
972 5489 988 5515 ,
1040 5448 1278 5503 Extende
1328 5456 1551 5502 manum‘
1583 5461 1745 5503 tuam.
1809 5447 2063 5517 Sequitur

500 5539 796 5605 llattbteus,
830 5539 902 5593 ita
928 5547 1218 5594 contexens
1248 5539 1612 5593 narrationem
1640 5555 1809 5592 suam.

569 5611 827 5681 Excuntes
857 5634 1029 5683 autem
1064 5623 1322 5683 Pharisa'i
1350 5613 1622 5679 consilium
1670 5620 1925 5694 faciebant
1964 5625 2058 5678 ad-

2157 4538 2287 4592 mini
2322 4539 2479 4592 simul
2516 4548 2569 4593 et
2608 4551 2875 4609 praecepto
2911 4543 3130 4597 edoctus
3154 4583 3169 4607 ,
3194 4542 3328 4613 fugit
3365 4557 3396 4597 e
3442 4544 3718 4606 Damaseo,

2156 4635 2243 4688 ubi
2288 4634 2495 4689 insidiis
2531 4635 2884 4704 appetebatur
2935 4652 3255 4707 pravorum;
3319 4636 3413 4693 sed
3477 4638 3599 4692 inde
3638 4638 3717 4691 di-

2156 4740 2369 4794 gressus
2388 4764 2403 4789 ,
2449 4725 2763 4782 innumeros
2795 4728 2921 4781 alibi
2948 4729 3038 4797 qui
3067 4743 3123 4782 se
3151 4728 3216 4781 ad
3241 4728 3494 4797 pietatem
3535 4741 3720 4795 seque-

2157 4824 2343 4869 rentur
2370 4817 2812 4887 invenitpOpulos
2834 4819 2919 4889 (11
2945 4820 3064 4873 Cor.
3099 4818 3197 4889 xi).

2232 4902 2553 4973 Etprazcepit
2574 4907 2647 4959 eis
2666 4923 2729 4959 ne
2748 4907 3077 4975 manifestum
3097 4924 3213 4961 eum
3233 4907 3481 4975 facerent.
3500 4908 3717 4978 (Mum)

2164 4992 2425 5061 Prmcepit
2453 4995 2594 5047 enim
2624 4995 2727 5049 hoc
2755 5011 2859 5050 non
2888 5004 3105 5065 propter
3130 4997 3376 5070 timorem
3403 4998 3590 5051 mortis
3613 5037 3626 5061 ,
3657 5013 3720 5051 uc

2164 5083 2299 5136 forte
2330 5085 2572 5152 proditus
2590 5084 2701 5152 jam
2728 5085 3095 5150 occideretur,
3122 5086 3206 5140 cui
3234 5094 3351 5139 erat
3378 5087 3430 5139 in
3460 5096 3720 5155 potestate

2171 5175 2344 5226 anima
2383 5189 2504 5233 sua,
2549 5173 2641 5228 sed
2673 5175 2941 5243 parcendo
2988 5172 3215 5239 Judzeis,
3267 5188 3335 5227 ne
3384 5175 3483 5244 ipsi
3526 5176 3719 5229 invidia

2167 5261 2561 5315 trucidarentur
2589 5262 2925 5316 innocentem
2956 5263 3341 5335 ,persequendo
3366 5279 3381 5328 ;
3410 5264 3493 5333 de
3530 5264 3720 5330 quibus

2162 5352 2287 5405 alibi
2318 5352 2552 5406 dicitur-:
2589 5349 2718 5404 Vere
2742 5349 2924 5403 stultos
2946 5352 3186 5418 interficit
3207 5349 3501 5412 iracundia,
3532 5359 3581 5401 et
3602 5365 3719 5417 par-

2163 5442 2305 5497 vulos
2336 5442 2521 5495 occidit
2547 5441 2741 5495 invidia
2768 5439 2911 5508 (Job.
2942 5440 3016 5510 v).
3050 5440 3153 5494 Nos
3188 5448 3367 5492 autem
3398 5435 3718 5506 tropologice

2162 5533 2416 5596 instruit,
2456 5541 2515 5583 ut
2552 5548 2672 5586 cum
2698 5530 2897 5600 aliquid
2927 5532 3103 5601 magni
3145 5530 3432 5586 fecerimus
3460 5568 3475 5595 ,
3517 5528 3717 5582 laudem

2164 5623 2461 5678 forinsecus
2492 5635 2595 5675 non
2626 5634 2945 5688 quaeramus.
