3938 6336
604 260 703 317 9'17

1230 261 1292 315 Β.
1333 261 1581 316 ιιΑωΝι
1621 261 1837 317 MAURI
1877 257 2169 317 ARClllEl‘
2233 257 2538 314 MOGUNT.
2583 259 2863 317 OPERUII
2901 262 3076 320 PARS
3112 267 3152 321 l.

3712 277 3796 332 Dis

601 390 706 430 non
753 375 868 429 haec
914 373 1237 439 divinitatis,
1288 375 1382 429 sed
1433 374 1689 427 immundi
1736 373 1955 440 spiritus
2000 383 2160 439 Opera
2189 368 2238 426 A
2265 360 2443 437 (Αιις.)
2485 367 2599 425 Hoc
2638 370 2821 426 dicens
2864 358 2928 426 ex
2965 373 3201 442 ipsorum
3242 337 3578 434 confessione
3607 380 3798 436 volelnt

601 464 860 528 fuissent,
906 463 957 517 id
1005 472 1087 518 est
1126 464 1412 527 Belzelzub,
1447 463 1536 530 qui
1566 463 1694 515 deus
1728 468 1846 513 eral.
1875 460 2116 513 Accaron
2146 473 2160 510 :

600 570 724 608 nam
751 555 964 622 quidem
999 554 1092 608 Bel
1121 556 1233 624 ipse
1278 565 1358 608 est
1385 553 1532 611 Baat.
1567 552 1747 606 Zebub
1777 558 1953 604 autem
1985 567 2163 620 musca

572 628 854 710 vocatur;
903 661 1001 700 nec
1033 646 1179 714 juxta
1215 644 1453 714 quaedam
1501 643 1750 696 mendosa
1782 642 2104 709 exemplaria
2143 640 2163 693 ι

603 736 797 798 littera,
842 737 925 790 vel
961 738 995 789 d
1026 741 1076 790 in
1108 735 1210 788 ﬁne
1234 744 1316 789 est
1357 735 1586 789 nominis
1632 733 1872 804 legenda,
1902 735 2065 795 sed'b,
2104 742 2162 788 ut

601 822 867 877 Belzebub
894 840 907 874 :
936 837 1064 892 ergo
1092 820 1225 874 Baal
1265 838 1558 874 muscarum
1579 862 1593 884 ,
1639 822 1690 874 id
1719 830 1821 885 est,
1859 823 1935 876 vir
1959 839 2163 875 musca-

604 930 738 975 rum,
785 914 895 966 sive
936 912 1128 964 habens
1168 928 1371 965 muscas
1420 912 1823 981 interpretatur,
1865 912 1933 966 ob
1979 911 2161 967 sordes

600 998 843 1056 videlicet
883 1002 1204 1055 immolatitii
1251 1003 1478 1062 cruoris.
1527 1019 1593 1056 ex
1629 1004 1781 1071 cujus
1814 1003 2162 1071 spurcissimo

601 1092 704 1144 ritu
733 1091 818 1144 vel
849 1091 1063 1145 nomine
1088 1092 1381 1161 principem
1409 1075 1788 1151 daemoniorum
1817 1093 2162 1161 cognomina-

599 1181 753 1234 bant.

665 1267 821 1322 Iesus
857 1278 1046 1332 autem,
1073 1268 1235 1322 sciens
1273 1269 1602 1337 cogitationes
1646 1267 1844 1334 eorum,
1881 1269 2012 1322 dixit
2039 1270 2111 1324 cis
2137 1287 2156 1325 :

599 1355 764 1410 Omne
786 1373 994 1425 regnum
1019 1358 1236 1410 divisum
1259 1367 1439 1411 contra
1460 1375 1514 1419 se
1531 1357 1868 1412 desolabitur.
1888 1358 2156 1432 (Hieron)

595 1444 710 1499 Non
741 1446 806 1498 ad
835 1446 997 1511 dicta,
1048 1447 1140 1501 sed
1183 1448 1249 1501 ad
1283 1442 1513 1517 cogitata
1545 1449 1838 1518 respondit,
1868 1459 1928 1502 ut
1972 1450 2053 1504 vel
2081 1452 2159 1505 sic

594 1536 1039 1605 compellerentur
1063 1538 1286 1592 credere
1329 1539 1578 1606 potentiae
1599 1537 1732 1605 ejus,
1762 1540 1850 1606 qui
1877 1540 2052 1594 cordis
2078 1539 2160 1593 vi-

2261 453 2498 527 intelligi,
2543 461 2685 528 quod
2722 461 2774 514 in
2819 476 2940 516 eum
2966 477 3071 517 non
3101 465 3365 520 credendo
3401 468 3458 523 in
3500 483 3664 540 regno
3702 473 3798 525 dia-

2260 540 2367 596 boli
2401 560 2519 598 esse
2548 547 2865 617 delegissent
2891 568 2904 604 :
2936 552 3078 620 quod
3118 553 3302 622 utique
3335 556 3616 612 adversum
3643 574 3700 614 se
3726 562 3795 616 άξ-
3873 540 3875 592 Ψ

2259 629 2430 684 visum
2455 640 2599 687 stare
2622 650 2724 689 non
2749 645 2940 706 potest.
2968 639 3175 709 Eligant
3198 656 3324 710 ergo
3345 647 3486 712 quod
3509 648 3792 703 voluerint:

2259 718 2303 772 si
2334 719 2562 777 Satanas
2597 721 2847 780 Satanam
2880 743 2982 781 non
3015 738 3190 797 potest
3227 731 3436 799 ejicere,
3467 737 3598 790 nihil
3626 749 3796 793 contra

2260 809 2542 866 Dominum
2568 816 2709 883 quod
2735 817 2968 872 dicerent
3014 820 3250 879 invenire
3284 832 3602 892 potuerunt;
3637 828 3685 884 si
3712 846 3795 884 au-
3876 839 3877 842 ‘

2262 904 2368 951 tem
2405 909 2596 968 potest,
2647 903 2812 958 multo
2845 906 3013 976 magis
3041 908 3140 963 sibi
3188 913 3529 979 prospiciant,
3579 925 3634 968 et
3669 933 3800 973 recc

2260 985 2387 1040 dant
2412 989 2665 1073 deregno
2689 991 2819 1062 ejus,
2846 997 2986 1064 quod
3015 999 3293 1053 adversum
3324 1017 3382 1056 se
3409 1012 3557 1059 stare
3583 1005 3798 1063 divisum

2259 1072 2584 1158 nonpotest.
2628 1083 2682 1138 In
2726 1099 2832 1152 quo
2860 1095 3036 1141 autem
3067 1088 3320 1144 Dominus
3353 1092 3600 1149 Christus
3638 1087 3802 1166 eiiciat

2257 1168 2556 1235 daemones,
2605 1187 2672 1227 ne
2714 1174 3091 1232 daemoniorum
3130 1179 3422 1250 principem
3466 1185 3796 1255 existiment,

2253 1256 2532 1324 attendant
2571 1261 2712 1329 quod
2741 1264 3020 1331 sequitur:

2325 1344 2393 1398 Et
2416 1347 2461 1399 si
2486 1364 2578 1416 ego
2599 1351 2654 1402 in
2676 1349 2955 1406 Beelzebub
2979 1355 3129 1422 ejicio
3150 1357 3428 1424 daemones,
3457 1361 3556 1429 ﬁlii
3585 1366 3733 1416 vestri
3754 1367 3797 1420 in

2254 1449 2355 1504 quo
2398 1436 2650 1505 ejiciunt!
2687 1439 2799 1492 ideo
2824 1441 2926 1509 ipsi
2938 1443 3145 1511 judices
3171 1459 3318 1501 erunt
3344 1454 3518 1505 vestri.
3543 1454 3687 1508 Dixit
3711 1457 3798 1513 hoc

2257 1524 2440 1592 utique
2463 1524 2530 1579 de
2553 1525 2824 1596 discipulis
2853 1530 2981 1591 suis,
3013 1530 3153 1586 illius
3177 1537 3354 1604 populi
3382 1537 3522 1601 ﬁliis,
3549 1543 3640 1608 qni
3669 1557 3798 1599 certe

592 1626 1002 1683 (Iebagocculu.
1045 1616 1104 1681 εί
1140 1635 1317 1681 autem
1354 1642 1511 1682 omne
1560 1643 1779 1698 regnum
1822 1629 1876 1684 in
1923 1631 2154 1700 seipsum
2257 1611 2496 1700 discipuli
2521 1615 2730 1670 Domini
2754 1619 2920 1671 nostri
2953 1617 3076 1683 Jesu
3099 1621 3291 1676 Christi
3321 1625 3455 1679 bene
3486 1628 3586 1680 sibi
3613 1633 3797 1688 consili

590 1715 817 1768 divisum
861 1716 1150 1781 desolatur,
1199 1732 1326 1787 ergo
1355 1717 1546 1778 Patris,
1577 1697 1648 1772 et
1670 1719 1806 1780 Filii.
1839 1729 1896 1774 et
1923 1697 2155 1788 Spiritus
2185 1702 2226 1760 Β
2256 1697 2468 1754 meum
2509 1701 2640 1762 "ib"
2687 1718 2744 1758 3°
2790 1705 3046 1761 malarum
3082 1709 3276 1764 “ﬂium
3309 1727 3338 1764 ³
3385 1713 3526 1767 bono
3559 1715 3796 1787 ωειήειτο

588 1803 757 1856 sancti
786 1818 1004 1872 regnum
1037 1819 1140 1858 non
1165 1812 1245 1858 est
1269 1803 1496 1858 divisum
1527 1823 1540 1856 :
1565 1806 1706 1874 quod
1740 1807 1857 1862 sine
1894 1807 1998 1862 ulla
2027 1822 2154 1863 con-

589 1893 924 1955 tradictione,
974 1908 1077 1946 non
1126 1893 1304 1963 aliquo
1351 1894 1579 1963 impulsu
1629 1895 2008 1961 desolandum,
2058 1898 2150 1953 sed

585 1990 782 2036 aeterna
811 1991 894 2036 est
919 1982 1211 2037 stabilitate
1254 1999 1584 2037 mansurum.
1634 1983 1691 2050 Si
1721 2001 1847 2040 vero
1877 1995 2074 2041 sanctae
2097 1995 2152 2044 et

584 2074 867 2128 individua:
915 2073 1191 2129 Trinitatis
1239 2075 1587 2139 individuum,
1638 2077 1744 2130 imo
1784 2077 1914 2145 quia
1956 2078 2150 2133 indivi-

583 2164 770 2227 duum,
815 2171 995 2218 manet
1043 2177 1301 2234 regnum,
1342 2157 1608 2219 "desistant
1657 2165 1839 2219 Ariani
1887 2159 2158 2222 minorem—

581 2253 740 2308 Patre
768 2254 981 2320 Filium,
1017 2255 1277 2309 minOrcm
1317 2254 1453 2309 Filio
1496 2264 1738 2324 sanctum
1773 2255 1951 2309 dicere
1981 2253 2152 2324 Spiri.

581 2352 713 2406 tum,
744 2343 868 2410 quia
900 2359 1131 2411 quorum
1159 2360 1318 2398 unum
1358 2353 1441 2400 est
1470 2357 1712 2415 regnum,
1751 2344 1943 2399 horum
1973 2353 2058 2399 est
2095 2356 2151 2402 et

580 2451 686 2489 una
717 2432 994 2503 maiestas.

650 2526 717 2580 Et
764 2527 931 2581 omnis
961 2516 1157 2581 civitas.
1192 2526 1268 2580 vel
1306 2527 1489 2580 domus
1527 2527 1692 2581 divisa
1734 2536 1915 2582 contra
1954 2545 2008 2583 se
2044 2546 2146 2584 non

574 2617 754 2670 stabit.
785 2615 897 2670 Non
925 2623 1100 2686 potest
1124 2631 1344 2685 regnum
1373 2623 1428 2670 et
1453 2615 1645 2669 civitas
1672 2624 1860 2670 contra
1892 2632 1950 2671 se
1978 2617 2142 2672 divisa

575 2715 848 2774 perstare;
896 2705 991 2760 sed
1041 2705 1305 2773 quomodo
1341 2704 1622 2758 concordia
1667 2719 1845 2772 parvae
1892 2720 1979 2760 res
2025 2720 2144 2760 cre-

495 2804 499 2807 ‘
575 2802 753 2858 scunt,
805 2795 882 2866 sic
924 2793 1184 2848 discordia
1233 2793 1480 2847 maximae
1531 2792 1855 2846 dilabuntur.
1905 2793 1960 2849 Si
2013 2810 2143 2864 ergo

573 2881 805 2938 Satanas
852 2892 1049 2953 pugnat
1089 2891 1274 2938 contra
1305 2897 1382 2946 se,
1429 2890 1484 2936 et
1526 2881 1730 2936 daemon
1779 2881 2028 2936 inimicus
2060 2892 2144 2937 est

573 2973 850 3037 daemonis,
890 2972 1105 3026 deberet
1123 2970 1234 3038 jam
1259 2970 1441 3024 mundi
1469 2971 1678 3025 venisse
1699 2970 2089 3024 consummatio
2121 2987 2134 3022 :

2255 1788 2524 1856 didicisse,
2553 1799 2623 1870 'ut
2648 1793 2702 1846 in
2736 1794 2975 1866 principe
3000 1797 3379 1856 daemoniorum
3421 1803 3679 1873 ejicerent
3704 1809 3793 1863 da-

2252 1895 2459 1936 mones.
2506 1881 2894 1954 ldeo,,inquit,
2929 1889 3027 1957 ipsi
3056 1889 3259 1958 jndices
3291 1903 3442 1947 erunt
3481 1899 3654 1950 vestri.
3687 1897 3791 1968 Ipsi.

2252 1968 2443 2038 inquit,
2475 1969 2574 2039 ipsi
2605 1971 2853 2042 ignobilia
2881 1985 2934 2029 et
2960 1980 3377 2048 contemptibilia
3413 1981 3573 2052 hujus
3608 1991 3790 2045 mundi,

2252 2059 2303 2113 in
2330 2060 2524 2129 quibus
2548 2076 2651 2116 non
2678 2063 2962 2119 artiﬁciosa
2989 2067 3316 2138 malignitas,
3353 2072 3446 2125 sed
3472 2083 3658 2126 sancta
3689 2078 3793 2128 sim-

2249 2152 2458 2221 plicitas
2485 2168 2617 2209 meae
2649 2157 2861 2212 virtutis
2887 2169 3124 2228 apparet,
3172 2161 3269 2230 ipsi
3321 2171 3484 2218 testes
3524 2166 3651 2226 mei.
3673 2165 3793 2232 judi-

2249 2260 2340 2298 ccs
2381 2253 2538 2299 erunt
2567 2248 2750 2302 vestri.
2782 2247 3045 2320 (llieron.)
3085 2250 3277 2316 Aliter,
3326 2253 3462 2308 ﬁlios
3508 2252 3789 2309 Judaortun

2249 2335 2539 2391 exorcistas
2565 2338 2738 2410 gentis
2772 2337 2908 2393 illius
2933 2349 2999 2393 ex
3037 2355 3186 2395 more
3213 2342 3499 2412 signiﬁcat,
3526 2345 3615 2412 qui
3639 2347 3698 2398 ad
3725 2347 3793 2398 in-

2245 2425 2581 2481 vocationem
2636 2426 2918 2495 cjiciebant
2971 2431 3256 2487 daemones.
3302 2434 3369 2488 Et
3420 2445 3662 2490 coarctat
3709 2453 3792 2492 etis

2246 2512 2668 2584 interrogatione
2727 2518 3005 2585 prudenti,
3063 2528 3123 2573 ut
3176 2521 3535 2578 conﬁteantur
3579 2523 3794 2594 Spiritus

2245 2608 2416 2662 sancti
2442 2623 2576 2677 opus
2606 2611 2740 2664 esse.
2768 2609 2917 2676 Quod
2939 2611 2982 2665 si
3002 2612 3260 2682 expulsio,
3293 2614 3484 2683 inquit,
3507 2616 3792 2671 daemonum

2244 2695 2298 2749 in
2356 2695 2481 2751 ﬁliis
2528 2699 2718 2752 vestris
2763 2699 2910 2763 Deo,
2961 2717 3067 2754 non
3122 2702 3449 2758 daemonibus
3497 2704 3786 2773 deputatur,

2242 2801 2410 2854 quare
2433 2787 2484 2840 in
2509 2802 2592 2841 me
2619 2789 2756 2842 idem
2783 2805 2916 2859 opus
2941 2807 3046 2846 non
3072 2794 3312 2848 eamdem
3342 2795 3540 2849 habeat
3559 2800 3789 2851 causam'

2242 2873 2383 2943 Ergo
2401 2874 2500 2942 ipsi
2523 2877 2672 2928 vestri
2687 2877 2889 2945 judices
2908 2890 3080 2945 erunt,
3107 2897 3211 2935 non
3233 2891 3516 2950 potestate,
3541 2888 3634 2940 sed
3657 2901 3788 2954 com-

2241 2961 2535 3028 paratione,
2564 2961 2689 3016 dum
2713 2963 2786 3017 illi
2816 2966 3176 3044 expulsionem
3201 2969 3500 3025 daemonum
3529 2972 3638 3026 Deo
3663 2975 3786 3027 assi-

571 3073 672 3112 nec
720 3029 980 3114 habiarent
1024 3059 1078 3112 in
1121 3029 1407 3119 eolocum
1451 3057 1771 3112 adversariae
1812 3065 2130 3125 potestates,
2162 3029 2206 3093 θ
2237 3057 2422 3117 suam.
2450 3066 2545 3106 vos
2582 3038 2851 3109 Bttlzebub~
2867 3029 3092 3126 principi
3117 3058 3517 3114 daemoniorum.

573 3164 798 3217 quarum
842 3149 981 3203 inter
1022 3164 1079 3202 se
1124 3147 1339 3210 bellum,
1368 3132 1473 3215 pax
1502 3146 1772 3200 hominum
1808 3153 1908 3200 est.
1943 3145 1999 3198 Si
2037 3160 2133 3200 au-

568 3251 675 3310 tem
704 3241 902 3310 putatis
934 3241 1002 3294 ob
1040 3240 1158 3302 hoc,
1185 3254 1217 3292 ο
1252 3236 1453 3290 Scriba:
1473 3246 1526 3290 et
1556 3235 1832 3298 Pharisaei,
1865 3234 2006 3303 quod
2045 3248 2135 3288 re-

567 3333 740 3386 ccssio
777 3332 1080 3384 daemonum
1104 3327 1406 3380 obcdienlia
1445 3326 1513 3378 sit
1539 3325 1592 3377 in
1635 3324 1929 3391 principem
1955 3337 2132 3387 suum,

567 3428 620 3472 ul
655 3419 898 3472 homines
930 3417 1236 3490 ignorantes
1285 3413 1616 3466 fraudulenta
1660 3411 1998 3466 simulatione
2039 3412 2132 3466 de-

564 3507 769 3570 ludant,
800 3504 926 3574 quid
953 3502 1176 3572 potestis
1209 3501 1384 3555 dicere
1411 3500 1477 3553 de
1505 3513 1786 3574 corporum
1815 3499 2133 3554 sanitatibus

564 3611 700 3665 quas
728 3594 983 3653 Dominus
1015 3590 1379 3660 perpetravit?
1410 3589 1566 3643 Aliud
1591 3597 1675 3644 est
1699 3589 1743 3643 si
1769 3590 2131 3654 membrorum

563 3700 775 3755 quoque
801 3683 1109 3737 debilitates
1143 3692 1197 3736 et
1244 3680 1563 3749 spiritalium
1602 3667 1856 3734 virtutum
1902 3681 2132 3752 insignia

562 3774 891 3829 daemonibus
933 3756 1234 3826 ascribatis.
1274 3768 1496 3840 (Ilitar.)
1526 3769 1710 3849 Potest
1749 3779 1804 3824 et
1843 3770 1943 3824 hoc
1973 3771 2131 3826 aliter

559 3864 802 3930 intelligi.
849 3863 1047 3916 Domus
1067 3875 1280 3930 quoque
1319 3868 1374 3913 et
1410 3846 1639 3913 civitatis
1663 3846 1849 3912 eadem
1879 3867 1962 3914 est
1994 3861 2129 3914 ratio

557 3968 677 4021 quae
705 3940 875 4019 regni.
902 3949 1006 4002 Sed
1031 3949 1220 4002 civitas
1250 3947 1337 4001 hic
1370 3935 1662 4000 Jerusalem
1692 3946 1976 4013 indicatur,
2005 3965 2130 4017 gen-

559 4044 689 4095 tium
715 4055 944 4110 semper
988 4039 1218 4110 gloriosa
1259 4039 1551 4092 dominatu.
1597 4037 1749 4092 Nunc
1777 4047 2124 4108 pusteaquam

558 4129 610 4182 in
655 4127 880 4181 Domino
902 4143 1054 4180 suum
1084 4125 1318 4180 furorem
1354 4125 1502 4193 plebs
1529 4125 1751 4191 exarsit,
1780 4135 1835 4180 et
1859 4127 2126 4196 apostolos

556 4215 672 4284 ejus
710 4231 833 4271 eum
860 4215 1192 4269 credentium
1235 4213 1390 4268 turba
1428 4212 1698 4281 eﬁ‘ugavit,
1738 4215 2124 4269 discedentium

558 4305 699 4358 illinc
731 4304 990 4358 divisione
1020 4318 1125 4356 non
1149 4302 1346 4356 stabit:
1376 4309 1534 4369 atque
1565 4303 1659 4366 ita,
1684 4303 1826 4370 quod
1849 4319 1968 4356 mox
1995 4319 2124 4358 con-

554 4404 796 4450 secutum
825 4404 907 4448 est
940 4409 1036 4464 per
1061 4395 1199 4448 hanc
1230 4393 1563 4457 divisionem,
1606 4393 1836 4448 civitatis
1865 4394 2001 4448 illius
2028 4395 2124 4449 de-

554 4472 834 4537 nuntiatur
861 4482 1147 4535 excidium.

624 4573 764 4626 Etsi
805 4572 1032 4627 Satanas
1071 4571 1325 4625 Satanam
1361 4572 1521 4640 ejicit,
1563 4573 1810 4627 adversus
1849 4592 1901 4628 se
1924 4577 2118 4630 divisus

551 4672 646 4725 est,
672 4663 928 4733 quomodo
962 4678 1083 4730 ergo
1111 4661 1263 4714 stabit
1296 4660 1506 4730 regnum
1529 4662 1683 4731 ejus?
1712 4659 1847 4718 Dicti
1879 4664 2128 4734 sdperio-

553 4756 1104 4819 ris-malevolentiam,
1135 4769 1241 4820 quo
1286 4770 1407 4808 eum
1444 4756 1495 4808 in
1524 4755 1789 4809 Belzebub
1821 4757 1931 4810 haec
1957 4772 2115 4826 agere

552 4847 924 4915 loquebantur,
947 4859 1012 4897 eo
1041 4845 1156 4914 ipso
1178 4859 1283 4912 quo
1313 4843 1472 4896 locuti
1502 4853 1625 4896 sunt
1647 4859 1840 4912 genere
1863 4847 2115 4899 condem—

550 4944 761 4996 nantur,
798 4950 902 4987 non
951 4935 1302 5002 intelligentes
1335 4933 1609 4987 confessos
1655 4948 1712 4986 se
1738 4932 1901 4988 fuisse
1927 4934 2110 4990 Belze-

547 5026 653 5079 bub
683 5039 802 5078 esse
831 5022 1057 5076 divisum
1085 5040 1098 5074 ε
1129 5033 1181 5076 et
1212 5023 1253 5088 si
1283 5022 1348 5076 ad
1374 5022 1686 5076 divisionem
1716 5037 1863 5076 suam
1893 5033 2112 5079 coactus

545 5121 649 5176 est,
694 5119 754 5165 ut
781 5111 990 5165 daemon
1021 5110 1311 5164 daemonem
1350 5112 1706 5179 perturbaret,
1754 5119 1807 5165 et
1855 5113 2110 5169 adversus

546 5219 602 5257 se
631 5203 832 5256 divisus
857 5202 968 5270 ipse
998 5201 1331 5263 consisteret,
1363 5204 1485 5256 hinc
1509 5219 1718 5272 quoque
1738 5204 2104 5260 aestimandum

544 5307 661 5346 esse
686 5291 806 5360 plus
835 5291 888 5344 in
932 5304 997 5344 eo
1025 5290 1116 5358 qui
1155 5289 1395 5342 diviserit
1429 5306 1584 5357 quam
1622 5293 1672 5346 in
1706 5293 1787 5346 his
1816 5294 1905 5360 qui
1951 5295 2103 5348 divisi

545 5384 648 5436 sint
694 5383 869 5436 inesse
899 5382 1129 5435 virtutis.
1161 5381 1301 5450 Ergo
1325 5380 1435 5448 jam
1480 5382 1679 5437 divisus
1706 5392 1808 5446 est,
1837 5392 1890 5437 et
1920 5385 2106 5439 adver-

546 5484 661 5524 stnn
692 5487 752 5526 se
789 5481 1004 5526 coactans
1033 5480 1136 5533 est,
1186 5485 1514 5541 regnumque
1557 5472 1669 5538 ejus
1715 5475 1804 5527 tali
1846 5475 2103 5531 divisione

547 5569 629 5614 est
656 5563 906 5629 Solutum,
935 5570 988 5618 et
1016 5577 1120 5618 non
1152 5563 1362 5633 (poterit
1401 5571 1564 5628 stare,
1595 5562 1685 5617 sed
1726 5563 1883 5618 ﬁnem
1921 5547 2098 5621 habet:

2305 3137 2363 3193 Si
2385 3149 2557 3194 autent
2585 3159 2678 3212 ego
2706 3143 2758 3197 in
2789 3143 2990 3213 Spiritu
3033 3147 3128 3200 Dei
3149 3149 3299 3218 ejicio
3325 3149 3606 3213 daemonia,
3643 3152 3789 3219 igitur

2233 3233 2456 3300 pervenit
2487 3233 2540 3285 in
2563 3249 2648 3286 vos
2673 3250 2882 3304 regnum
2919 3236 3032 3290 Dei.
3073 3238 3127 3291 ln
3170 3239 3309 3293 Luca
3339 3241 3497 3293 istum
3523 3240 3692 3294 locum
3722 3241 3784 3294 ita

2234 3320 2490 3388 scriptum
2535 3322 2794 3393 legimus:
2829 3323 2890 3379 Si
2917 3335 3089 3388 autem
3112 3344 3202 3398 ego
3235 3329 3288 3381 in
3317 3329 3477 3398 digito
3518 3329 3616 3383 Dei
3647 3333 3785 3399 ejicio

2232 3415 2490 3472 daemones
2513 3417 2664 3488 (Luc.
2699 3419 2795 3490 ιι).
2822 3419 2923 3475 Iste
2951 3421 3148 3491 digitus
3189 3421 3312 3495 [est]
3344 3439 3502 3492 quem
3532 3425 3783 3494 conﬁten-

2232 3513 2321 3559 tur
2345 3513 2401 3559 et
2441 3506 2598 3578 Magi,
2627 3509 2716 3578 qui
2763 3517 2946 3564 contra
2990 3509 3167 3565 Mosen
3207 3520 3261 3566 et
3283 3511 3483 3566 -Aaron
3519 3513 3674 3581 signa
3715 3513 3782 3566 fa-

2231 3594 2461 3659 ciebant,
2511 3595 2768 3663 dicentes,
2820 3597 3024 3668 Digitus
3069 3609 3143 3654 est
3187 3602 3280 3654 iste
3313 3599 3409 3653 Dei
3441 3599 3642 3669 (Exod.
3695 3605 3778 3669 tv),

2227 3698 2336 3752 quo
2375 3694 2429 3740 et
2460 3686 2660 3759 tabulae
2689 3686 2908 3756 lapidea:
2932 3689 3142 3758 scriptae
3189 3698 3315 3744 sunt
3357 3690 3410 3743 in
3452 3699 3637 3744 monte
3666 3690 3778 3756 Sina

2230 3773 2407 3844 (Deut.
2447 3775 2544 3848 Ix).
2583 3777 2746 3847 Igitur
2771 3778 2816 3832 si
2843 3793 3030 3833 manus
3063 3789 3115 3833 et
3159 3778 3436 3834 brachium
3481 3780 3580 3834 Dei
3629 3781 3780 3834 Filius

2227 3873 2331 3928 est,
2373 3873 2428 3919 et
2457 3865 2650 3935 digitus
2690 3867 2802 3936 ejus
2828 3867 3060 3936 Spiritus
3084 3877 3320 3933 sanctus,
3349 3868 3547 3933 Patris,
3590 3879 3644 3925 et
3675 3871 3777 3924 Filii

2226 3961 2280 4008 ct
2307 3952 2536 4023 Spiritus
2575 3956 2746 4010 sancti
2786 3971 2888 4008 una
2925 3957 3219 4010 substantia
3264 3966 3365 4018 est,
3406 3973 3510 4011 non
3557 3969 3612 4013 te
3639 3975 3780 4012 scan-

2225 4041 2420 4096 dalizet
2445 4042 2803 4096 membrorum
2833 4043 3177 4111 inaequalitas,
3204 4059 3324 4098 cum
3349 4045 3580 4100 aediﬁcet
3613 4048 3780 4099 unitas

2224 4130 2480 4197 corporis.
2512 4129 2691 4201 (Aug.)
2723 4131 2906 4196 Aliter,
2947 4132 3141 4201 digitus
3171 4133 3261 4187 Dei
3293 4144 3513 4188 vocatur
3557 4123 3778 4204 Spiritus

2223 4225 2458 4282 sanctus,
2499 4228 2717 4287 propter
2755 4221 3092 4290 partitionem
3131 4221 3411 4285 donorum,
3446 4238 3572 4292 quae
3623 4225 3676 4277 in
3720 4238 3776 4278 co

2228 4305 2418 4359 dantur
2449 4303 2731 4372 unicuique
2772 4305 3008 4373 propria,
3039 4305 3150 4358 sive
3185 4305 3491 4369 hominum,
3534 4308 3652 4360 sive
3691 4324 3775 4359 an-

2225 4391 2460 4462 gelorum
2497 4409 2509 4442 :
2540 4391 2593 4444 in
2620 4392 2778 4445 nullis
2815 4393 2954 4446 enim
2998 4393 3249 4447 membris
3273 4395 3470 4448 nostris
3493 4398 3670 4466 magis
3693 4414 3774 4466 ap-

2221 4488 2374 4550 paret
2394 4481 2626 4548 partitio‘
2647 4496 2803 4548 quam
2833 4483 2882 4534 in
2912 4481 3110 4549 digitis.

2291 4573 2555 4645 (Ηίεγοη.)
2591 4575 2738 4640 Quod
2765 4583 2940 4628 autem
2976 4576 3104 4628 dicit
3133 4590 3146 4626 :
3177 4572 3411 4628 Pervenit
3453 4576 3505 4628 in
3560 4592 3650 4630 vos
3697 4595 3770 4630 re-

2217 4679 2374 4731 gnum
2405 4663 2518 4726 Dei,
2539 4663 2622 4717 vel
2646 4664 2814 4732 ipsum
2838 4678 2894 4718 se
2916 4663 3198 4731 signiﬁcat,
3223 4664 3288 4716 de
3311 4678 3417 4730 quo
3445 4664 3556 4718 alio
3584 4666 3637 4718 iu
3665 4667 3772 4719 loco

2217 4755 2472 4824 scriptum
2515 4763 2598 4808 est
2624 4769 2640 4832 :_
2671 4753 2902 4824 Regnum
2938 4755 3032 4808 Dei
3071 4756 3208 4808 intra
3250 4772 3334 4809 vos
3361 4765 3455 4820 est,
3489 4766 3543 4809 et
3577 4760 3769 4812 medius

2216 4851 2316 4895 stat
2357 4842 2490 4895 inter
2529 4858 2612 4913 vos
2650 4858 2796 4910 quem
2842 4857 2925 4894 vos
2965 4841 3202 4902 nescitis;
3243 4841 3324 4894 vel
3360 4851 3506 4896 certe
3534 4844 3664 4897 illud
3694 4861 3768 4898 re-

2215 4951 2375 5004 gnum
2402 4935 2540 5001 quod
2587 4943 2640 4988 et
2682 4931 2911 4987 Joannes
2943 4941 2997 4986 et
3021 4932 3134 5001 ipse
3165 4931 3417 4987 Dominus
3447 4937 3768 5002 praedicave-

2215 5035 2338 5079 runt
2366 5043 2378 5078 :
2413 5023 2771 5078 Paenitentiam
2797 5025 2948 5092 agite,
2982 5024 3350 5093 appropinquat
3380 5026 3516 5077 enim
3559 5044 3768 5096 regnum

2212 5114 2452 5168 cw'orum
2496 5113 2673 5184 (Joan.
2719 5114 2780 5183 ι),
2831 5115 2899 5166 Et
2937 5113 3150 5166 tertium
3204 5129 3422 5183 regnum
3475 5113 3764 5184 Scriptum:

2212 5215 2428 5268 sanctae,
2459 5206 2596 5282 quod
2624 5203 2860 5258 aufertur
2887 5220 2914 5254 τι
2941 5201 3150 5265 Iudaeis,
3184 5214 3229 5256 et
3256 5205 3494 5258 tradetur
3517 5207 3661 5274 genti
3689 5208 3762 5274 fa-

2209 5296 2362 5347 cienti
2391 5294 2613 5362 fructum
2637 5292 2746 5360 ejus
2774 5291 2984 5360 (Matth.
3012 5291 3124 5360 ut)

2279 5377 2668 5457 Antiquomodo
2709 5391 2869 5450 potest
2914 5382 3184 5450 quisquam
3223 5381 3416 5432 intrare
3455 5397 3509 5433 tn
3556 5384 3759 5434 domum

2208 5459 2376 5542 fortis,
2401 5484 2446 5526 ct
2478 5491 2597 5526 vasa
2635 5473 2745 5541 ejus
2785 5472 3014 5540 diripere,
3049 5473 3146 5524 nisi
3175 5472 3315 5539 prius
3338 5470 3631 5539 alligarcrit
3655 5473 3760 5538 [or-

2207 5574 2389 5631 tcm,ct
2413 5574 2532 5617 tunc
2555 5566 2758 5617 domum
2783 5563 2921 5616 illius
2941 5562 3164 5630 diripiat.
3199 5559 3376 5632 (.lug.)
3411 5561 3632 5615 Fortem
3657 5563 3760 5614 dia-
