3938 6314
499 237 591 290 9:1

1159 245 1219 299 ις.
1262 246 1511 303 uanam
1553 249 1769 307 usum
1808 226 2117 307 meumr.
2161 250 2465 310 uocum.
2504 255 2784 314 OPERUM
2822 260 2997 319 rans
3034 265 3076 319 ι.

3614 272 3720 329 959

494 365 614 421 quae
658 348 797 403 facta
840 327 1350 424 eernitis,isequitur
1378 369 1436 413 ut
1464 376 1567 413 non
1602 361 1673 414 sit
1695 358 1936 414 diabolus
1962 361 2052 429 qui
2080 366 2129 425 Α
2158 359 2283 415 lleat
2324 365 2625 431 audientes,
2682 386 2786 425 non
2822 373 3022 444 absque
3083 379 3324 448 periculo
3369 382 3491 453 eius
3514 386 3609 455 qui
3635 385 3717 444 lo-

493 457 554 493 ea
587 440 712 495 facit
742 460 756 493 ε
782 457 953 511 neque
976 446 1118 499 enim
1153 445 1268 500 ﬁeri
1296 457 1469 517 potest
1491 459 1548 503 ut
1579 465 1644 503 ex
1672 450 1811 504 malo
1835 450 2052 517 bonum,

491 542 581 586 aut
609 550 675 587 ex
714 535 854 589 bono
881 536 1088 591 oriatur
1117 540 1334 592 malum.
1369 540 1591 611 (Maca)
1620 540 1837 611 Mystice
1876 550 2055 597 autem

492 622 653 677 arbor
676 623 813 679 bona
841 624 1085 680 Christus
1110 636 1210 691 est,
1236 629 1299 681 de
1325 644 1429 697 quo
1458 628 1740 685 Psalmista
1781 632 1856 685 ait
1892 650 1903 683 :
1939 631 2054 685 Erit

489 724 737 782 tanquam
778 715 969 785 lignum
996 716 1132 786 quod
1168 716 1457 786 plantatunt
1504 729 1577 774 est
1616 738 1762 776 secus
1805 722 2055 775 decursus

489 821 764 874 aquarum,
814 808 952 876 quod
985 809 1209 875 fructum
1240 828 1391 865 suum
1430 813 1570 867 dabit
1605 815 1661 869 in
1687 827 1927 884 tempore
1959 831 2052 868 suo

487 891 661 966 (I’sal.
694 896 754 965 ι).
780 896 1081 967 Deditergo
1114 899 1214 955 hoc
1238 901 1438 971 lignum
1473 902 1702 959 fructum
1734 904 1786 956 in
1814 912 2053 973 tempore

484 1002 599 1048 suo,
628 986 680 1039 id
723 995 826 1052 est,
872 988 928 1042 in
972 997 1209 1061 tempore
1260 994 1641 1049 incarnationis
1679 1009 1809 1060 suae,
1840 996 2052 1064 quando

437 1072 440 1077 ⁴
484 1076 829 1145 Ιςναηεειίιιηι
867 1079 1194 1147 prtedicavit,
1226 1082 1481 1135 miracula
1529 1083 1695 1137 multa
1730 1083 1878 1150 fecit,
1908 1086 2051 1141 sani-

482 1174 617 1221 tates
648 1167 1041 1224 inlirmantibus
1079 1173 1366 1240 impendit,
1406 1173 1803 1245 Scripturarum
1851 1178 2049 1232 intelli—

480 1258 717 1325 gentiam
757 1261 958 1323 tribuit,
1011 1262 1241 1316 tenebris
1272 1262 1599 1321 iniidelitatis
1623 1275 1678 1320 et
1704 1276 2048 1337 peccatorum

479 1348 779 1403 obcaecatos
821 1349 944 1405 ﬁdei
989 1360 1046 1405 et
1090 1353 1331 1409 veritatis
1371 1354 1571 1411 lumine
1612 1358 1931 1424 illustravit;
1964 1359 2047 1413 ul-

481 1437 608 1493 time
640 1455 793 1507 vero,‘
820 1452 1120 1513 perpetrata
1148 1445 1395 1515 passione
1416 1461 1481 1501 ac
1509 1450 1903 1504 resurrectione
1928 1463 2046 1513 sua,

480 1528 769 1584 humanum
808 1546 995 1600 genus,
1020 1542 1159 1603 quod
1186 1552 1282 1606 per
1326 1552 1543 1607 pomum
1569 1538 1791 1593 vetitum
1819 1539 1873 1594 in
1905 1555 2048 1594 mor-

477 1626 581 1671 tem
628 1620 882 1687 concidit,
918 1637 1009 1677 sua
1045 1627 1212 1695 gratia
1255 1627 1319 1680 ad
1370 1629 1536 1682 vitam
1574 1631 1762 1685 erexit.
1819 1632 1862 1686 E
1914 1648 2043 1687 con-

2160 451 2362 519 quitur,
2413 456 2699 523 profertur,
2750 468 2803 513 et
2849 460 2902 514 in
2934 462 3020 517 die
3062 460 3245 531 iudicii
3283 451 3589 530 redditurus
3633 482 3716 532 est

2156 543 2523 612 unusquisque
2578 547 2837 602 rationem
2868 563 3171 607 sermonum
3221 571 3464 627 suorum,
3515 574 3716 633 quanto

2156 634 2327 701 magis
2348 649 2442 689 vos
2468 634 2557 703 qui
2585 651 2746 705 opera
2799 637 3029 708 Spiritus
3058 646 3228 705 sancti
3282 649 3709 723 calumniamini,

2155 730 2211 773 et
2233 723 2407 778 dicitis
2436 741 2520 780 me
2543 726 2595 780 in
2624 728 2891 785 Belzebub
2935 732 3173 804 principe
3201 738 3585 799 dzemoniorum
3611 748 3710 815 eji—

2154 823 2277 861 cere
2309 811 2590 880 dtemonia,
2638 817 2897 873 reddituri
2945 822 3075 877 estis
3130 826 3395 883 rationem
3429 831 3709 891 calumnia:

2152 908 2362 955 vestrm.
2394 902 2634 961 Otiosum
2685 910 2906 964 verbum
2957 922 3041 968 est
3064 919 3202 984 quod
3248 919 3365 975 sine
3392 923 3627 981 utilitate
3655 938 3707 983 et

2153 987 2418 1059 loquentis
2443 994 2637 1050 dicitur
2675 1006 2729 1053 et
2757 1000 3044 1069 audientis,
3064 1006 3137 1065 ,id
3162 1017 3245 1063 est
3287 1011 3355 1074 si,
3385 1014 3587 1071 omissa
3616 1033 3704 1070 ra-

2152 1082 2318 1148 tione,
2348 1084 2411 1138 de
2459 1087 2620 1142 rebus
2648 1087 2852 1146 frivolis
2873 1092 3171 1164 loquamur,
3195 1111 3250 1155 et
3277 1100 3489 1160 fabulas
3518 1123 3703 1164 narre-

2148 1259 2425 1317 caehinnis
2475 1279 2570 1319 ora
2600 1267 2859 1335 dissolvit,
2888 1281 2942 1326 et
2988 1275 3187 1345 aliquid
3235 1279 3444 1349 pmfert
3473 1259 3701 1354 tu—rpitu;

2148 1348 2290 1404 diuis
2319 1369 2330 1403 :
2368 1352 2455 1408 hic
2478 1370 2586 1409 non
2617 1358 2771 1414 otiosi
2797 1364 3082 1427 sermonis,
3130 1368 3223 1423 sed
3238 1348 3523 1428 feriminosi
3553 1382 3699 1430 tene-

2146 1436 2293 1491 bitur
2320 1455 2458 1496 reus.

2217 1525 2301 1580 Ex
2327 1530 2487 1586 verbis
2512 1534 2647 1589 enim
2674 1538 2777 1593 tuis
2793 1539 3187 1614 justiﬁcaberis,
3214 1557 3265 1602 et
3299 1565 3365 1605 ea:
3408 1551 3578 1609 verbis
3601 1556 3696 1611 tuis

2146 1616 2588 1710 condemnaberis.
2611 1624 2688 1679 Ex
2716 1631 3139 1697 przecedentibus
3160 1637 3335 1695 adhuc
3359 1644 3558 1710 pendet
3584 1660 3697 1702 sen-

478 1707 645 1760 trario
684 1723 812 1763 vero
857 1712 1017 1766 arbor
1044 1713 1180 1767 mala
1224 1715 1466 1771 diabolus
1504 1730 1588 1773 est
1633 1728 1687 1775 et
1723 1735 1911 1777 omnes
1953 1738 2024 1793 qu

2150 1707 2338 1772 tentia,
2377 1709 2465 1765 ubi
2496 1711 2613 1766 ait:
2662 1712 2749 1769 Ex
2771 1716 3093 1776 abundantia
3127 1727 3298 1782 cordis
3344 1706 3400 1784 os
3452 1730 3694 1803 loquitur.

473 1798 538 1851 ad
592 1815 713 1853 eum
761 1803 1046 1871 pertinent,
1098 1805 1199 1860 hoc
1243 1814 1326 1861 est
1356 1809 1546 1863 scribae
1583 1820 1637 1865 et
1682 1812 1955 1893 Pharismi,
1989 1824 2046 1868 et

475 1890 737 1955 liau‘et-ici,
767 1902 821 1946 et
850 1894 1196 1961 schismatici,
1223 1907 1277 1952 et
1302 1902 1482 1964 ueteri
1527 1902 1694 1973 iniqui
1725 1906 1814 1973 qui
1853 1890 1917 1963 es
1956 1908 2042 1965 illa

470 1983 703 2049 pessima
750 1985 930 2041 radice
974 1987 1249 2055 pullulant.
1298 1990 1500 2046 [lorum
1546 2008 1673 2063 ergo
1717 1994 1922 2054 fructus
1961 2009 2045 2055 est

471 2071 692 2135 invidia,
726 2073 1007 2139 detractio,
1040 2079 1364 2145 persecutio,
1399 2080 1751 2151 blasphemia,
1796 2087 2038 2155 hzeresis,

469 2164 822 2235 praecipitium
868 2168 1059 2223 mortis
1111 2176 1165 2223 et
1212 2186 1411 2243 vorago
1460 2184 1824 2243 peccatorum.
1891 2180 2043 2239 Sicut

468 2255 611 2308 enim
644 2256 759 2311 istae
782 2256 901 2313 duae
938 2258 1157 2315 arbores
1185 2261 1384 2322 distant
1415 2280 1628 2336 genere,
1663 2268 1735 2322 ita
1764 2269 1965 2325 distant
1986 2280 2042 2327 et

469 2345 729 2414 germine.
756 2347 907 2431 Unde
930 2360 985 2406 et
1005 2352 1247 2423 sequitur
1271 2370 1284 2406 :

538 2456 817 2529 Progenies
848 2461 1165 2531 viperarum,
1204 2464 1460 2541 quomodo
1499 2468 1713 2539 potestis
1739 2469 1874 2523 bona
1898 2469 2039 2542 loqui

466 2563 581 2601 cum
612 2550 725 2603 sitis
767 2552 934 2606 mali?
962 2553 1142 2626 (τινα.)
1169 2554 1457 2629 Progenies
1496 2562 1799 2633 viperarum
1828 2580 1921 2622 eos
1959 2564 2041 2621 di-

463 2641 556 2706 cit,
586 2643 710 2712 quia
740 2645 938 2727 diaboli
964 2647 1099 2703 filios
1128 2663 1220 2705 eos
1248 2653 1493 2721 appellat.
1523 2655 1790 2733 (Ilieron.)
1830 2661 1885 2717 ln
1919 2672 2034 2720 tan-

463 2740 576 2786 tum
602 2734 744 2787 enim
775 2735 895 2805 quis
937 2734 1078 2792 ﬁlius
1116 2737 1230 2808 ejus
1258 2749 1360 2808 est,
1400 2744 1453 2797 in
1480 2760 1738 2814 quantum
1764 2767 1886 2806 eum
1910 2770 2032 2823 pec-

462 2819 635 2879 eando
679 2825 935 2881 imitatur.
965 2828 1115 2896 Quod
1153 2834 1295 2889 enim
1323 2838 1488 2893 dicit:
1523 2839 1794 2905 Quomodo
1818 2819 2030 2915 potestis

458 2911 592 2967 bona
641 2911 783 2985 loqui
826 2934 944 2971 cum
989 2921 1105 2975 sitis
1151 2924 1312 2992 mali,
1353 2930 1587 2984 ostendit
1628 2931 1746 2987 illos
1781 2911 2026 2993 arborem

458 3004 673 3069 malam,
707 3014 761 3055 et
800 3007 935 3064 tales
969 3008 1160 3069 aﬂ'erre
1195 3013 1404 3073 fructus
1451 3019 1793 3090 blasphemia:
1824 3027 2021 3084 redun-
2049 3054 2093 3117 ρ

462 3094 645 3117 ..-μη
908 3101 923 3117 .
980 3102 994 3117 .
1127 3115 1135 3117 μ
1288 3108 1298 3117 .
1566 3112 1598 3117 --

453 3085 667 3163 dantes,
697 3099 872 3168 qualia
908 3101 1141 3169 habeant
1169 3108 1371 3163 semina
1404 3085 1620 3167 diaboli.

526 3208 614 3264 Ex
624 3209 947 3267 abundantia
958 3216 1093 3270 enim
1107 3220 1277 3274 cordis
1291 3238 1346 3278 os
1360 3222 1605 3295 loquitur.
1624 3226 1684 3299 (Α
1694 3229 1804 3301 ug.)
1823 3231 2021 3288 Huma-

457 3314 581 3353 num
599 3300 812 3369 quidem
835 3302 1095 3372 judicium
1114 3322 1254 3383 saepe
1266 3308 1421 3377 fallit,
1436 3314 1559 3382 quia
1582 3300 1913 3388 corproximi
1928 3338 2020 3379 ne-

448 3392 555 3444 scit
580 3393 685 3447 nisi
731 3408 797 3448 ex
849 3410 944 3450 ore
972 3405 1025 3451 et
1053 3412 1215 3467 opere
1258 3416 1504 3470 pensare.
1535 3405 1793 3464 Dominus
1838 3421 2017 3481 autem

455 3482 633 3551 ipsum
668 3498 821 3553 Opus,
855 3492 910 3541 et
936 3484 1212 3544 sermones
1239 3500 1452 3548 nostros
1466 3481 1609 3564 “quos
1635 3500 1814 3555 cordis
1841 3516 1903 3557 os
1934 3502 2015 3558 lo-

450 3572 655 3641 quitur,
702 3572 929 3641 judieat,
960 3577 1050 3647 qui
1100 3594 1168 3634 es
1214 3596 1319 3651 qua
1372 3583 1669 3645 intentione
1701 3600 2015 3658 promantur

447 3660 612 3717 verba
648 3678 754 3718 non
785 3665 1015 3736 ignorat.
1752 3684 1757 3690 ‘

441 3861 525 3917 lus
552 3864 712 3919 'Itomo
746 3867 810 3921 de
859 3868 999 3923 malo
1059 3870 1300 3926 thesauro
1359 3875 1556 3944 profert
1612 3879 1774 3933 mala.
1829 3880 2006 3956 (Aug.)

442 3950 754 4010 Thesaurus
800 3958 980 4013 cordis
1031 3959 1256 4017 intentio
1305 3970 1387 4018 est
1418 3966 1785 4041 cogitationis,
1810 3984 1878 4024 ex
1904 3955 2005 4040 qua

444 4053 757 4110 proventum
792 4048 972 4117 operis
992 4057 1227 4106 aeternus
1271 4055 1473 4109 arbiter
1510 4055 1735 4125 judicat.
1766 4059 1918 4116 Unde
1946 4062 2008 4117 ﬁt

437 4133 756 4205 plerumque
786 4147 842 4190 ut
890 4139 1098 4196 minora
1145 4143 1283 4198 bona
1311 4148 1563 4202 nonnulla
1614 4149 1819 4219 majora
1838 4154 2005 4209 caele-

440 4222 541 4276 stis
591 4227 777 4293 gratiae
817 4231 1069 4288 mercede
1106 4244 1437 4303 operentur:
1486 4238 1755 4315 videlicet,
1787 4253 2004 4313 propter

430 4314 792 4384 intentionem
838 4325 1017 4381 cordis
1050 4343 1155 4397 qua
1205 4331 1409 4400 majora
1457 4331 1735 4389 voluerant
1784 4347 1998 4407 patrare

433 4404 575 4462 bona
626 4408 670 4463 si
688 4424 950 4481 possent;
982 4416 1247 4490 (Hieron.)
1288 4430 1343 4474 et
1384 4421 1475 4475 alii
1503 4423 1705 4494 majora
1733 4404 1991 4485 virtutum
2022 4406 2075 4467 D

430 4512 594 4566 opera
616 4510 971 4569 ostentantes,
1001 4508 1070 4561 ob
1098 4508 1362 4565 incuriam
1391 4513 1573 4568 cordis
1599 4516 1757 4584 tepidi
1785 4518 1993 4575 minora

429 4601 461 4643 ἑ]
492 4588 715 4643 Domino
759 4594 986 4659 praemia
1019 4599 1330 4653 sortiantur.
1380 4600 1487 4656 Sed
1534 4604 1637 4659 hoc
1685 4606 1739 4659 in
1768 4606 1886 4662 loco
1911 4610 1996 4665 vel

424 4675 571 4747 ipsos
593 4678 815 4735 JlldlBOS'
842 4681 1127 4739 Dominum
1158 4689 1599 4759 blasphemantes
1644 4698 1896 4764 ostendit,
1926 4700 1994 4754 de

428 4768 572 4836 quali
619 4772 895 4839 thesauro,
947 4775 999 4829 id
1028 4786 1129 4841 est,
1167 4779 1232 4832 de
1262 4782 1575 4838 abscondito
1603 4786 1810 4851 cordis,
1842 4788 1990 4843 blas-

424 4858 694 4925 phemiam
750 4864 1028 4931 proferant
1053 4882 1067 4931 ;
1121 4868 1204 4921 vel
1231 4884 1352 4922 cum
1382 4875 1659 4940 superiore
1688 4877 1985 4944 quaestione

422 4950 595 5009 haeret
623 4954 913 5019 sententia,
959 4960 1098 5025 quod
1148 4963 1414 5029 quomodo
1461 4979 1565 5017 non
1614 4968 1783 5034 possit
1814 4970 1986 5026 bonus

426 5039 585 5093 homo
618 5040 861 5109 proferre
895 5045 1054 5109 mala,
1082 5064 1178 5102 nec
1205 5050 1373 5105 malus
1418 5052 1559 5113 bona
1588 5069 1752 5124 opera
1781 5058 1980 5126 facere,

422 5130 501 5183 sic
536 5145 640 5185 non
678 5132 851 5202 possit
903 5134 1150 5192 Christus
1178 5140 1335 5207 mala,
1366 5144 1609 5225 diabolus
1638 5145 1775 5201 bona
1817 5165 1979 5220 opera

422 5218 622 5275 facere.

488 5334 618 5387 Dico
665 5327 839 5389 autem
876 5337 1120 5405 quoniam
1168 5354 1315 5393 omne
1342 5343 1546 5395 verbum
1585 5346 1806 5398 otiosum
1840 5351 1977 5419 quod

2146 1792 2224 1846 Ex
2252 1796 2405 1850 malis
2426 1799 2600 1855 verbis
2614 1801 2831 1859 dubium
2856 1822 2959 1862 non
2970 1818 3054 1870 est
3072 1814 3213 1882 quod
3239 1792 3527 1875 damnetur
3542 1822 3694 1881 homo

2144 1898 2173 1937 a
2205 1885 2335 1952 Deo,
2363 1902 2481 1957 qua:
2531 1892 2848 1961 protulerit;
2881 1895 3161 1966 iustiﬁcari
3210 1916 3391 1963 autem
3436 1924 3505 1964 ex
3546 1912 3695 1969 bonis

2141 1977 2321 2031 verbis
2355 1978 2500 2035 nullo
2538 1984 2696 2040 modo
2724 1989 2939 2057 poterit,
2968 1993 3074 2048 nisi
3121 1994 3187 2051 de
3214 1997 3404 2054 intimo
3432 2004 3608 2059 cordis
3632 2019 3691 2059 ea

2140 2077 2290 2122 recta
2319 2070 2613 2131 intentione
2632 2078 2889 2147 proferat.
2923 2080 3070 2138 Bona
3118 2094 3295 2143 autem
3324 2090 3543 2148 etiamsi
3568 2094 3688 2165 sint,

2138 2166 2194 2213 et
2218 2175 2325 2214 non
2372 2172 2521 2219 recto
2550 2168 2725 2224 studio
2771 2168 2970 2228 fuerint
2996 2175 3228 2245 prolata,
3258 2176 3562 2248 iustiﬁcare
3588 2202 3688 2245 non

2137 2257 2390 2317 poterunt
2415 2252 2739 2323 loquentem.
2799 2259 3074 2321 Sicutnee
3102 2266 3333 2341 Caiphas
3374 2275 3428 2330 in
3464 2282 3687 2352 prophe-

2140 2340 2299 2395 tando
2337 2341 2517 2410 justus
2552 2346 2801 2406 inventus
2852 2362 2958 2420 est,
3015 2357 3103 2426 qui
3150 2340 3304 2430 dixit,
3361 2340 3585 2439 Expedii
3630 2385 3686 2427 ut

2136 2449 2267 2489 unus
2296 2437 2552 2493 moriatur
2588 2441 2749 2498 'Itomo
2772 2462 2867 2516 pro
2907 2450 3117 2520 populo,
3169 2455 3225 2509 el
3275 2475 3379 2515 non
3425 2437 3535 2518 tota
3568 2482 3686 2536 gens

2133 2534 2308 2592 pereat
2358 2526 2537 2597 (Joan.
2564 2528 2627 2601 ι).
2658 2531 2748 2586 llla
2777 2550 2904 2608 ergo
2934 2540 3095 2596 verba
3114 2541 3413 2612 justiﬁcant
3462 2526 3682 2625 loquen-

2138 2622 2265 2684 tem,
2290 2616 2383 2689 qui
2410 2617 2608 2712 bonum
2631 2624 2772 2694 quod
2801 2640 2895 2682 ore
2940 2629 3165 2703 profert,
3194 2640 3502 2703 medullitus
3528 2616 3683 2712 corde

2132 2714 2347 2783 retinet,
2402 2717 2458 2773 et
2510 2709 2802 2769 intentione
2854 2730 2984 2775 sana
3034 2726 3374 2796 profert.’ln.
3399 2709 3682 2800 verborum

2129 2802 2271 2858 enim
2298 2808 2534 2875 pondere
2552 2800 2800 2880 ριόἶὶἓεὲο
2828 2812 3078 2871 omnis“!
3094 2818 3217 2875 vita:
3242 2820 3513 2895 humanm,
3538 2831 3679 2902 quis,

2129 2900 2188 2946 ut
2216 2892 2464 2960 Salomon
2491 2900 2601 2954 ait:
2634 2901 2779 2959 Mors
2799 2917 2849 2961 et
2872 2910 2975 2963 vita
3017 2904 3073 2966 iit
3112 2909 3371 2967 manibus
3632 2892 3680 2976 el

2124 2985 2215 3055 qui
2260 2990 2484 3067 custodit
2526 3008 2581 3046 os
2622 3011 2794 3062 suum,
2823 2995 3049 3055 custodit
3076 3002 3139 3057 ab
3166 3006 3423 3080 angustiis
3451 2985 3676 3067 ina;-

2122 3094 2318 3134 suam:
2357 3080 2462 3147 Qui
2488 3088 2659 3139 autem
2711 3088 3119 3150 inconsideratus
3145 3106 3220 3151 est
3248 3084 3677 3175 adoloquendust,

2119 3171 2300 3223 sentiet
2322 3172 2521 3227 malum
2562 3174 2741 3247 (Prov.
2773 3185 2947 3252 xvni).
3006 3183 3154 3242 Unde
3193 3198 3248 3244 et
3295 3171 3529 3251 Iacobus
3562 3171 3673 3255 siti

2120 3259 2322 3331 Lingua
2344 3266 2549 3336 quidem
2575 3271 2832 3327 modicum
2856 3278 3139 3335 membrum
3158 3292 3252 3350 est,
3275 3294 3323 3339 et
3351 3304 3543 3360 magna
3578 3308 3674 3348 e3-

2117 3348 2266 3417 altat,
2299 3353 2478 3424 lingua
2505 3358 2637 3427 ignis
2680 3373 2778 3429 est,
2811 3368 3114 3425 universitas
3134 3348 3675 3455 initiuitatis.'Lingua

2119 3441 2450 3497 constituitur
2494 3447 2550 3500 in
2579 3451 2821 3508 membris
2855 3460 3066 3527 nostris,
3114 3441 3233 3535 quia
3258 3469 3490 3524 maculat
3513 3441 3672 3529 tolum

2115 3545 2320 3600 corpus,
2346 3542 2393 3587 et
2422 3535 2711 3606 inﬂammat
2752 3554 2919 3601 rotam
2943 3553 3227 3610 nativitatis
3252 3568 3443 3615 nostra:
3465 3562 3673 3634 inﬂass-

2111 3634 2255 3679 mata
2279 3644 2312 3679 a
2344 3629 2593 3698 geltenna.
2649 3633 2716 3689 In
2746 3637 2859 3707 ipsa
2906 3641 3250 3705 benedicinius
3294 3629 3597 3724 Dominum,
3625 3674 3673 3717 et

2112 3713 2345 3791 Patrem,
2368 3729 2416 3773 et
2442 3721 2497 3776 in
2520 3724 2632 3789 ipsa
2657 3726 3013 3788 maledicimus
3037 3736 3289 3813 homines,
3314 3745 3405 3815 qui
3431 3747 3503 3801 ad
3527 3749 3674 3804 simi-

2108 3805 2379 3863 litudinem
2406 3808 2505 3865 Dei
2526 3813 2654 3883 facti
2688 3829 2808 3873 sunt
2832 3833 2852 3871 :
2875 3837 2940 3875 ea:
2981 3824 3091 3894 ipso
3122 3844 3212 3884 ore
3246 3805 3478 3900 procedit
3504 3840 3667 3895 male-

2108 3900 2268 3957 dictio
2292 3915 2340 3960 et
2370 3904 2653 3966 benedictio
2675 3911 2815 3984 (Jac.
2842 3921 2947 3989 ut).
2976 3918 3045 3973 Et
3064 3920 3191 3977 item
3220 3942 3233 3977 :
3262 3924 3331 3980 In
3358 3930 3553 3997 multis,
3580 3933 3665 3988 in-

2105 3994 2241 4062 quit,
2265 3996 2797 4071 o/fendimus‘omnes,
2818 4006 2866 4060 si
2900 4009 3014 4078 quis
3042 4011 3097 4065 in
3126 4013 3273 4067 verbo
3296 4033 3399 4091 non
3429 3994 3665 4091 oﬂ'endit,

2105 4085 2187 4138 hic
2210 4088 2467 4155 perfectus
2508 4102 2582 4147 est
2611 4096 2687 4148 vir
2725 4094 2931 4171 (Ibid).
2978 4100 3092 4158 Hoc
3134 4085 3539 4166 enim'verbu'm
3586 4085 3663 4169 si;

2103 4175 2380 4243 gniﬁcavit
2406 4182 2560 4252 cujus
2606 4184 2952 4245 oﬂ‘ensionem
3002 4193 3237 4251 humana
3282 4210 3460 4267 potest
3491 4204 3663 4262 vitare

2102 4262 2387 4335 fragilitas,
2417 4279 2476 4325 ut
2499 4280 2583 4327 est
2621 4277 2842 4332 verbum
2889 4280 3252 4352 blasphemiae,
3283 4262 3436 4357 _doli,
3474 4292 3660 4349 detra-

2101 4356 2313 4423 ctionis,
2361 4360 2776 4432 maledictionis,
2815 4371 3099 4438 superbiai.
3140 4373 3443 4446 jactantite,
3495 4397 3660 4439 escu-

2101 4446 2325 4503 sationis
2353 4449 2405 4503 in
2430 4453 2683 4521 peccatis,
2713 4458 3091 4528 aemulationis,
3137 4465 3510 4537 dissensionis,
3542 4473 3660 4530 bte-

2100 4538 2253 4602 resis,
2295 4542 2578 4608 mendacii,
2633 4548 2873 4617 perjurii,
2923 4553 3017 4607 sed
3070 4564 3125 4609 et
3172 4558 3376 4625 otiosm,
3422 4576 3521 4617 nec
3548 4579 3657 4620 non

2097 4628 2257 4682 etiam
2284 4632 2567 4701 superflua:
2594 4634 2873 4695 locutionis
2898 4640 2951 4695 in
2980 4642 3065 4698 his
3092 4659 3211 4713 qua:
3238 4651 3542 4705 necessaria
3566 4654 3653 4707 vi-

2096 4716 2307 4771 dentur.
2339 4719 2396 4773 ιη
2424 4719 2786 4787 hujuscemodi
2832 4742 2960 4800 ergo
2988 4732 3151 4786 verbo
3200 4735 3428 4805 quisque
3456 4754 3516 4793 se
3536 4741 3656 4798 sine

2094 4804 2389 4864 offensione
2415 4813 2667 4876 custodit,
2692 4815 2780 4870 hic
2804 4818 3071 4885 perfectus
3094 4831 3176 4877 est
3203 4825 3284 4877 vir
3307 4843 3320 4878 :
3340 4804 3446 4896 qui
3471 4837 3654 4886 autem

2092 4899 2254 4952 verba
2294 4901 2567 4958 catholica
2596 4905 2716 4960 ﬁdei
2764 4916 2817 4960 et
2844 4910 2944 4977 pia:
3000 4912 3352 4971 confessionis
3390 4918 3443 4972 in
3471 4919 3653 4976 Domi-

2089 5006 2239 5055 num,
2270 5001 2324 5046 et
2363 5008 2482 5062 qua:
2512 4996 2578 5050 ad
2625 4999 2991 5066 proximorum
3046 5003 3450 5062 instructionem
3487 5018 3653 5080 atque

2087 5082 2369 5138 utilitatem
2398 5086 2688 5155 pertinent,
2724 5088 2943 5158 profert,
2982 5092 3121 5147 bon’a
3168 5096 3413 5153 mercede
3456 5100 3650 5171 dignus

2086 5171 2139 5225 in
2170 5180 2424 5227 aeternum
2450 5174 2850 5242 justiﬁcabitur.

2157 5256 2292 5334 [lV’.]
2327 5262 2470 5318 Tunc
2509 5269 2877 5337 responderunt
2929 5274 2977 5326 ei
3028 5277 3237 5347 quidam
3289 5276 3354 5332 de
3382 5279 3567 5334 scribis
3596 5291 3648 5336 et

2085 5350 2371 5409 Pliaristvis
2404 5357 2629 5413 dicentes
2650 5374 2669 5412 :
2702 5358 2969 5430 Magister,
2999 5366 3237 5420 volumus
3264 5384 3295 5419 a
3339 5376 3388 5421 te
3432 5370 3645 5440 signum

415 5422 576 5487 locuti
614 5424 807 5493 fuerint
834 5426 1085 5491 homines,
1125 5428 1333 5506 reddent
1365 5434 1615 5487 rationem
1661 5436 1724 5488 de
1744 5440 1871 5492 eoin
1890 5441 2006 5493 die”
2080 5444 2269 5501 videre.
2302 5444 2570 5518 (Ηὶενοπ.)
2603 5448 2693 5503 Sic
2719 5451 2878 5521 ,signa
2902 5456 3191 5523 postulant,
3228 5459 3381 5525 quasi
3406 5474 3528 5529 qna:
3558 5463 3643 5515 vi-

408 5513 619 5580 judicii.
651 5515 763 5570 Hoc
788 5532 998 5585 quoque
1028 5519 1195 5574 haeret
1220 5536 1341 5574 cum
1390 5526 1776 5592 superioribus,
1807 5537 1863 5581 ot
1889 5540 1973 5585 est
2079 5533 2268 5587 derant
2312 5513 2467 5604 signa
2504 5513 2609 5591 non
2653 5536 2873 5593 fuerint.
2933 5542 3036 5597 Sed
3071 5543 3123 5596 in
3157 5544 3263 5598 alio
3286 5549 3638 5618 evangelista,

2365 5595 2393 5604 ν
2986 5595 3020 5597 η
3074 5595 3079 5596 κ
3294 5595 3637 5618 ν·---ον-’νν“ν

415 5595 640 5657 sensus:
680 5606 734 5659 Si
755 5609 982 5661 otiosum
1013 5610 1230 5663 \crlnnu
1261 5612 1399 5679 quod
1453 5629 1785 5685 nequaquam
1838 5622 1965 5676 mdi-
2076 5623 2203 5692 quid
2229 5635 2433 5692 petunt,
2462 5628 2668 5696 plenius
2688 5630 2999 5699 explicatur.
3035 5632 3277 5691 Volumus
3298 5656 3329 5691 a
3349 5649 3398 5693 te
3427 5640 3637 5709 signum
