3938 6334
178 357 284 409 953

1164 346 1514 403 COMMENT.
1556 345 1620 398 1N
1660 341 2082 398 ΜᾹΤΤΙΙᾹΞΟΜ.
2126 375 2194 418 έ
2233 344 2354 399 LIB.
2394 344 2473 400 lV'.

3289 342 3389 395 93.5

180 472 355 525 ridere
404 472 465 519 de
512 464 657 517 caelo.
684 460 780 517 Vel
810 463 859 515 in
894 476 1041 514 more
1078 461 1204 514 Elite
1238 462 1411 529 ignem
1436 460 1500 513 de
1527 456 1741 512 sublimi
1771 458 1816 516 Λ
1846 455 1970 510 illud
1997 456 2290 526 quaestione
2320 472 2423 511 non
2459 457 2728 528 indignum
2760 472 2875 512 esse
2903 456 3133 522 videtur,
3165 470 3386 525 quomo-

182 561 370 614 venire
418 554 701 624 cupiebant
744 552 848 624 (IV
876 552 1001 622 Reg.
1044 550 1103 622 ι),
1132 552 1212 604 vel
1257 552 1307 603 in
1338 549 1739 604 similitudinem

182 646 453 703 Samuelis
482 652 715 714 tempore
743 642 927 695 testivo
969 642 1171 712 mugire
1214 641 1467 704 tonitrua,
1494 654 1743 694 corusca-

183 755 245 792 re
270 738 501 807 fulgura,
529 735 727 789 imbres
757 746 912 786 ruere
940 731 989 801 (I
1024 731 1150 801 Reg.
1175 731 1293 803 xu).
1316 732 1477 798 Quasi
1497 747 1601 786 non
1622 746 1746 799 pos-

183 828 297 880 sint
330 834 383 880 et
418 826 504 879 illa
558 821 891 885 calumniari,
922 830 978 876 et
1004 820 1182 889 dicere
1219 821 1615 876 croceultiset
1647 836 1743 875 va-

185 919 286 974 riis
316 919 457 973 aeris
501 915 837 987 passionibus
892 913 1167 967 accidisse.
1200 913 1270 965 At
1313 911 1489 985 [Nam]
1527 913 1615 981 qui
1655 927 1744 969 ca-

186 1007 471 1065 lumniaris
497 1020 560 1060 ea
589 1019 707 1074 qua:
731 1001 899 1057 oculis
926 1001 1094 1065 vides,
1126 1002 1177 1055 in
1208 1018 1368 1056 manu
1402 1011 1569 1066 tenes,
1598 1004 1743 1057 utili—

187 1105 301 1149 tate
356 1094 540 1157 sentis,
571 1091 697 1161 quid
742 1089 908 1145 facies
936 1090 1001 1145 de
1034 1090 1119 1143 bis
1147 1104 1266 1159 quae
1310 1089 1376 1144 de
1424 1091 1562 1144 ewlo
1584 1081 1744 1146 vene-

186 1178 363 1237 ruiit?
421 1180 611 1250 Utique
661 1180 1004 1249 respondebis
1056 1188 1111 1234 et
1161 1195 1343 1249 magos
1398 1181 1452 1234 in
1516 1180 1744 1251 Egypto

188 1272 355 1325 multa
385 1272 531 1341 signa
562 1270 749 1325 fecisse
773 1271 836 1323 de
866 1268 1022 1322 cmlo.

262 1360 368 1426 Qui
418 1359 726 1429 respondens
756 1358 826 1412 ait
849 1357 953 1412 illis
980 1374 998 1412 :
1029 1355 1299 1412 Generatio
1343 1360 1481 1413 mala
1512 1368 1559 1413 et
1589 1358 1744 1412 adul-

184 1463 300 1505 tera
326 1454 527 1521 signum
560 1452 765 1519 quterit.
799 1451 1018 1521 Egregie
1044 1450 1178 1505 dixit
1206 1452 1466 1517 adultera,
1496 1454 1621 1522 quia
1667 1455 1746 1508 di-

184 1541 413 1594 miserat
438 1534 629 1604 virum,
657 1548 727 1603 et,
743 1538 895 1606 juxta
928 1539 1487 1606 Ezecltielem,multis
1514 1556 1570 1596 se
1599 1557 1747 1599 ama-

189 1628 399 1683 toribus
423 1628 759 1697 copulaverat
790 1627 1002 1698 (Ezech.
1031 1626 1161 1699 xvi).

260 1716 331 1772 Et
352 1725 553 1783 stqnum
584 1733 685 1770 non
711 1716 920 1787 dabitur
950 1718 1017 1783 ei,
1050 1719 1149 1773 nisi
1177 1719 1379 1789 signum
1428 1719 1581 1774 Iona:
1618 1738 1744 1790 pro-

1843 550 1911 604 do
1935 548 2181 604 Salvator
2208 552 2378 605 tribus
2407 550 2592 605 diebus
2620 560 2673 604 et
2698 551 2869 604 tribus
2890 549 3134 604 noctibus
3161 548 3212 601 in
3235 549 3392 602 corde

1833 646 1997 695 terra:
2044 638 2221 704 fuerit,
2276 656 2399 693 cum
2455 641 2564 709 ipse
2612 640 2662 692 in
2712 640 3005 694 Parasceve
3054 638 3189 693 hora
3241 636 3391 706 quasi

1841 737 1989 783 sexta
2017 729 2087 784 sit
2111 728 2417 792 cruciﬁxus,
2462 728 2598 783 etin
2629 744 2733 784 una
2764 729 3102 783 sabbatorum
3133 729 3285 783 valde
3312 729 3392 781 di-

1843 816 2019 872 luculo
2067 820 2364 874 resurrexit
2410 835 2437 871 a
2470 822 2710 875 mortuis.
2765 820 2947 890 Itaque
2996 821 3390 890 intelligendum

1842 913 1926 961 est
1954 906 2084 962 illud
2124 908 2509 979 s‘ynecdocliice
2563 911 2781 974 dictum,
2833 912 2931 965 hoc
2960 920 3063 975 est,
3094 912 3135 965 si
3165 910 3267 964 diei
3297 910 3394 963 Pa-

1844 1014 2089 1055 rasceves
2112 1009 2341 1071 partem,
2392 1015 2497 1069 qua
2528 1000 2763 1069 sep'ultus
2815 1009 2915 1065 est,
2958 1018 3077 1055 cum
3124 1002 3395 1069 praeterita

1844 1098 2001 1145 nocte
2050 1105 2147 1159 pro
2195 1098 2353 1144 nocte
2397 1098 2453 1144 et
2477 1090 2566 1145 die
2593 1091 2842 1159 accipias,
2901 1091 3002 1144 hoc
3025 1101 3128 1155 est,
3159 1106 3256 1160 pro
3283 1098 3413 1143 toto-

1843 1176 1931 1231 die
1985 1178 2190 1234 sabbati
2236 1186 2443 1235 noctem
2470 1188 2524 1231 et
2568 1180 2708 1235 diem
2760 1180 3046 1248 integrum,
3098 1189 3150 1233 et
3182 1190 3390 1232 noctem

1852 1257 2176 1323 Dominicam
2230 1284 2353 1323 cum
2407 1268 2594 1323 eodem
2647 1271 2733 1324 die
2784 1270 3153 1325 illnscescente
3190 1286 3253 1324 ac
3302 1286 3396 1337 per

1844 1357 1946 1411 hoc
1977 1358 2284 1427 incipiente,
2310 1367 2514 1429 partem
2543 1374 2640 1428 pro
2673 1367 2800 1423 toto,
2832 1359 2997 1413 babes
3024 1358 3262 1429 profecto
3296 1359 3395 1411 tri-

1846 1446 2008 1499 duum
2036 1456 2091 1501 et
2124 1452 2232 1501 tres
2263 1456 2463 1502 noctes.
2485 1446 2679 1521 lAug.)
2727 1446 2834 1501 Nec
2881 1447 3005 1500 illud
3033 1448 3193 1501 etiam
3223 1448 3398 1501 minus

1847 1536 2291 1590 considerandum
2328 1538 2582 1606 estquod
2629 1535 2817 1605 simpla
2859 1551 3002 1589 mors
3028 1535 3399 1605 Redemptoris

1849 1627 2015 1680 nostri
2042 1627 2240 1695 profuit
2269 1627 2441 1697 dupla:
2470 1637 2684 1690 nostris,
2713 1636 2767 1680 et
2789 1626 2988 1695 simpla
3013 1625 3129 1696 ejus
3160 1641 3395 1681 resurre-

1846 1720 1953 1773 ctio
2002 1717 2201 1788 profuit
2249 1719 2420 1789 dupla:
2472 1728 2690 1773 nostrm.
2724 1718 2869 1773 Mors
2890 1720 3069 1772 carnis
3092 1719 3204 1788 ejus
3234 1727 3285 1773 et
3314 1736 3398 1774 re-

181 1808 375 1877 plrette.
412 1806 609 1876 Duplici
659 1805 832 1861 fuerat
882 1809 1178 1876 quastione
1216 1809 1498 1879 pulsatus:
1531 1810 1746 1879 quidam
1777 1805 1825 1865 B
1852 1811 2113 1865 surrectio
2160 1811 2275 1881 ejus
2318 1807 2467 1864 mors
2511 1809 2687 1864 carnis
2722 1820 2937 1875 nostra),
2974 1817 3028 1864 et
3081 1810 3397 1864 resurrecdo

182 1897 337 1950 enim
375 1896 833 1951 calunmiabantur
859 1912 979 1951 eum
1004 1898 1055 1950 in
1078 1897 1373 1953 Beelzebub
1398 1899 1615 1968 ejecisse
1640 1901 1763 1955 dare

186 1989 372 2043 monia
403 2008 416 2042 :
446 1990 637 2059 quibus
658 1991 914 2046 hactenus
937 2000 1025 2048 est,
1048 2007 1358 2061 responsum
1385 2009 1399 2057 ;
1430 2002 1483 2046 et
1508 1991 1596 2046 alii
1628 2003 1745 2046 ten-

189 2088 397 2145 tantes,
452 2082 657 2150 signum
710 2082 774 2136 de
802 2082 937 2137 coelo
966 2083 1275 2151 quan-ebant
1324 2084 1391 2138 ab
1415 2098 1477 2138 eo
1507 2100 1521 2139 :
1551 2084 1745 2154 quibus

185 2167 259 2219 ab
288 2167 413 2222 hinc
435 2168 754 2241 respondere
785 2170 968 2240 incipit
992 2187 1006 2236 ;
1040 2186 1142 2225 non
1164 2172 1241 2227 eis
1263 2173 1472 2243 signum
1500 2174 1564 2229 de
1587 2174 1742 2242 etelo,

185 2259 336 2327 quod
363 2259 560 2329 indigni
586 2269 738 2314 erant
764 2261 959 2324 videre,
1013 2277 1198 2316 verum
1253 2265 1318 2317 de
1372 2264 1633 2334 profundo
1664 2266 1746 2319 in-

188 2350 333 2403 ferni
360 2349 613 2415 tribuens,
647 2349 803 2419 quale
829 2349 992 2406 Jonas
1045 2353 1302 2423 propheta
1336 2354 1629 2425 naufragus
1653 2371 1734 2411 ce-

187 2449 357 2509 toque
406 2440 654 2495 sorbente
705 2449 934 2504 voratus,
994 2443 1086 2496 sed
1132 2444 1196 2496 de
1240 2444 1434 2514 abysso
1461 2460 1525 2498 ac
1559 2447 1747 2502 mortis

188 2530 348 2585 fauce
376 2530 649 2597 liberatus,
679 2540 733 2585 et
760 2531 964 2601 accepit
987 2542 1043 2586 et
1068 2532 1215 2586 dedit
1242 2533 1470 2603 signum,
1500 2535 1746 2591 videlicet

189 2622 596 2687 incarnationis,
629 2637 734 2677 non
776 2622 1089 2699 divinitatis,
1121 2623 1406 2692 passionis,
1436 2635 1541 2677 non
1581 2625 1746 2694 glori-

188 2714 459 2769 ticationis
482 2712 624 2785 (Jon.
658 2729 717 2779 ιι,
746 2711 848 2784 ιη).
894 2712 1172 2783 Discipulis
1197 2721 1372 2767 autem
1401 2715 1510 2768 suis
1537 2714 1743 2785 signum

185 2805 258 2860 de
287 2806 426 2860 coelo
477 2798 638 2869 dedit,
669 2806 861 2875 quibus
885 2815 1096 2859 aeternae
1148 2806 1487 2860 beatitudinis
1521 2807 1743 2878 gloriam

186 2907 245 2952 et
271 2899 423 2967 prius
448 2897 737 2968 ﬁguraliter
765 2896 817 2951 in
864 2906 1043 2951 monte
1090 2896 1518 2964 trausformatus,
1548 2909 1601 2953 et
1628 2909 1746 2969 post

191 2989 463 3043 veraciter
523 2988 575 3042 in
627 2987 818 3045 coelum
878 2988 1202 3053 sublevatus,
1266 2990 1513 3043 ostendit.
1565 2990 1744 3062 (Aug.)

188 3079 441 3133 Ostendit
467 3079 678 3148 quidem
706 3076 916 3133 Iudaeos
939 3080 1106 3133 instar
1137 3079 1483 3133 Ninivitarum
1512 3085 1746 3150 peccatis

1846 1900 1962 1971 ejus
2016 1916 2162 1955 mors
2210 1903 2396 1955 anima:
2427 1911 2623 1957 nostrae
2671 1910 2727 1957 et
2775 1904 3097 1957 resurrectio
3124 1912 3225 1957 est.
3262 1902 3398 1958 Duas

1847 2002 2050 2047 mortes
2078 2003 2309 2057 nostras,
2349 2002 2402 2047 et
2430 1995 2562 2048 duas
2592 1994 3009 2048 resurrectiones
3037 2003 3264 2057 nostras,
3294 1996 3398 2048 duo

1846 2093 1899 2137 et
1948 2083 2053 2139 duo
2091 2074 2330 2153 quatuor
2379 2095 2547 2141 sunt:
2590 2102 2750 2140 unam
2804 2096 3027 2141 mortem
3080 2087 3287 2141 Domini
3344 2096 3398 2141 et

1822 2174 2007 2229 ‘unam
2041 2178 2483 2232 resurrectionem
2513 2178 2627 2248 ejus
2654 2178 2787 2232 adde
2814 2179 2878 2231 ad
2906 2187 3136 2247 quatuor
3184 2189 3396 2233 nostras

1846 2272 1899 2319 et
1920 2279 2012 2319 sex
2043 2264 2139 2320 fact
2171 2277 2264 2321 uit.
2315 2266 2479 2337 Igitur
2528 2267 2773 2337 simplum
2827 2267 3031 2321 Domini
3080 2276 3134 2320 et
3179 2267 3393 2336 duplum

1846 2362 2089 2407 nostrum
2120 2364 2230 2410 tres
2258 2366 2401 2418 sunt,
2434 2365 2488 2409 et
2514 2365 2622 2411 tres
2648 2364 2829 2426 partes
2852 2355 3013 2409 habet
3062 2356 3258 2409 senarii
3295 2373 3397 2409 nu-

1847 2443 2001 2505 meri,
2037 2444 2178 2512 quod
2233 2444 2911 2514 signiticaverunttriginta
2944 2452 3053 2498 tres
3087 2445 3250 2509 home,
3279 2445 3397 2514 qui-

1846 2530 1944 2586 bus
1973 2531 2072 2586 fuit
2098 2533 2351 2588 Dominus
2378 2537 2431 2587 in
2463 2534 2691 2589 inferno.
2724 2533 2856 2587 Huic
2882 2534 3072 2604 simplo
3094 2540 3393 2605 congruunt

1844 2619 2121 2677 duodecim
2144 2623 2289 2677 liora:
2317 2623 2534 2685 diurna),
2560 2614 2826 2693 et'viginti
2858 2632 3083 2693 quatuor
3101 2633 3389 2678 nocturnae.

1846 2713 1975 2768 Item
2005 2716 2190 2785 viginti
2235 2725 2463 2784 quatuor
2506 2717 2571 2771 ad
2626 2715 2839 2785 duplam
2898 2724 3123 2770 mortem
3157 2724 3393 2770 n'ostram

1846 2808 2191 2871 conveniunt,
2224 2818 2278 2861 et
2308 2807 2407 2862 illae
2454 2801 2729 2863 duodecim
2758 2806 2901 2860 borze
2929 2806 2994 2860 ad
3043 2814 3265 2860 mortem
3295 2805 3397 2859 Do-

1848 2897 2272 2968 mini-simplam.
2306 2897 2419 2951 Non
2453 2905 2632 2951 autem
2674 2896 2941 2950 immerito
2992 2910 3099 2953 uno
3123 2896 3207 2950 die
3231 2896 3282 2948 in
3314 2911 3399 2950 se-

1844 2988 2032 3055 pulcro
2060 2996 2112 3040 et
2140 2989 2344 3041 duabus
2392 2986 2637 3041 noctibus
2664 2985 2853 3057 jacuit,
2886 2984 3006 3054 quia
3041 2984 3287 3039 videlicet
3315 2985 3393 3037 lu-

1850 3095 1965 3133 cem
1992 3091 2101 3134 sua:
2128 3079 2329 3150 simpla:
2357 3079 2544 3134 mortis
2567 3072 2800 3133 tenebris
2828 3076 3000 3147 dupla:
3030 3087 3224 3131 nostra:
3253 3092 3394 3131 mor—

191 3170 452 3239 gravibus
486 3168 769 3233 involutos,
798 3179 851 3227 et
895 3169 1248 3235 subversioni,
1282 3171 1325 3223 si
1349 3185 1452 3225 non
1479 3171 1743 3239 ptenitue-
1773 3150 1816 3211 Ο
1852 3173 1919 3226 Iis
1944 3160 2185 3241 adjunXit
2209 3190 2220 3224 :
2254 3172 2320 3226 ad
2342 3186 2443 3225 nos
2464 3170 2657 3239 quippe
2682 3169 2848 3239 venit,
2897 3167 2987 3237 qui
3017 3169 3069 3221 in
3093 3174 3263 3222 morte
3285 3168 3391 3237 spi-

193 3261 328 3324 rint,
383 3275 502 3314 esse
528 3261 818 3329 proximos.
874 3260 1069 3314 Verum
1110 3260 1246 3315 sicut
1274 3259 1521 3317 Ninivitis
1545 3264 1745 3317 denun-

193 3349 365 3401 tiatur
389 3347 726 3418 supplicium,
779 3356 832 3402 et
855 3348 1144 3403 remedium
1197 3350 1613 3417 demonstratur,
1669 3354 1745 3407 ita

188 3438 357 3493 etiam
387 3437 555 3492 Judzei
594 3453 697 3493 non
718 3437 916 3492 debent
942 3438 1224 3507 desperare
1267 3440 1669 3511 indulgentiam,
1696 3444 1743 3499 si

191 3530 367 3584 velint
397 3543 554 3599 agere
596 3529 982 3599 penitentiam,
1013 3528 1134 3598 quia
1170 3544 1315 3583 mors
1346 3530 1635 3588 Salvatoris
1662 3549 1747 3588 re‘

190 3619 502 3675 conciliatio
527 3627 610 3673 est
634 3617 835 3671 mundi.
865 3616 1017 3672 Unde
1041 3626 1094 3671 et
1115 3619 1353 3687 sequitur
1380 3636 1391 3669 :

270 3710 423 3765 Sicut
452 3710 553 3780 fuit
580 3707 746 3761 Jonas
779 3708 831 3759 in
853 3716 1025 3761 ventre
1051 3708 1145 3761 ceti
1174 3708 1336 3762 tribus
1364 3709 1540 3764 diebus
1575 3721 1620 3765 et
1648 3717 1746 3767 tri-

192 3796 292 3853 bus
325 3798 580 3863 noctibus,
630 3797 704 3850 sic
753 3794 848 3850 erit
881 3795 1023 3864 ﬁlius
1075 3796 1296 3849 hominis
1340 3798 1393 3850 in
1420 3798 1573 3852 corde
1597 3809 1748 3854 teme

191 3892 363 3944 tribus
392 3889 569 3944 diebus
616 3898 663 3942 et
692 3889 852 3942 tribus
899 3888 1147 3942 noctibus.
1174 3889 1395 3960 (ΜΑυιι.)
1424 3890 1574 3957 Quod
1619 3908 1747 3963 ergo

191 3984 363 4039 Jonas
395 3991 573 4055 typum
600 3980 891 4036 Salvatoris
923 3980 1175 4044 tenuerit,
1210 3996 1272 4035 ex
1303 3981 1404 4035 hoc
1432 3981 1546 4037 loco
1576 3984 1747 4037 maui-

194 4077 396 4132 festum
422 4084 542 4130 est:
576 4073 698 4143 quia
748 4072 885 4127 sicut
911 4072 998 4126 ille
1044 4072 1110 4127 ad
1137 4073 1567 4141 prmdicationem
1598 4074 1749 4131 Nini-

194 4181 312 4233 ves,
342 4181 459 4237 qua:
494 4165 874 4233 interpretatur
899 4168 1147 4232 speciosa,
1178 4162 1251 4215 ita
1300 4162 1542 4217 Salvator
1570 4164 1636 4217 ad
1657 4149 1745 4218 sa-

193 4266 364 4313 lutem
411 4255 648 4328 gentium
692 4253 887 4307 missus
913 4259 1012 4307 est.
1058 4252 1441 4321 Interpretatur
1486 4254 1747 4323 siquidem

197 4332 631 4403 Jonas'columba
682 4344 791 4397 sive
842 4341 1057 4407 dolens;
1088 4351 1141 4395 et
1178 4344 1368 4397 merito
1397 4344 1508 4397 luce
1532 4344 1748 4399 nomina

195 4443 506 4506 competunt
544 4432 883 4503 Redemptori
926 4442 1126 4498 nostro,
1155 4447 1316 4503 super
1339 4447 1495 4501 quem
1524 4433 1747 4488 descen-

1851 3264 1984 3317 ritus
2027 3263 2307 3332 carnisque
2335 3260 2667 3327 tenebamur,
2699 3275 2858 3315 unam
2890 3259 2957 3314 ad
2984 3274 3081 3313 nos
3133 3274 3305 3324 suam,
3334 3260 3385 3313 id

1849 3362 1946 3417 est,
2004 3353 2185 3408 carnis
2217 3360 2444 3406 mortem
2496 3352 2702 3416 detulit,
2752 3362 2807 3405 et
2838 3353 2967 3406 duas
3020 3357 3231 3406 nostras
3265 3364 3395 3418 quas

1849 3442 2067 3512 recepit,
2122 3441 2297 3496 solvit.
2335 3440 2393 3495 Si
2442 3440 2584 3495 enim
2632 3440 2744 3509 ipse
2768 3447 3049 3508 utramque
3082 3439 3394 3507 susciperet,

1850 3547 1948 3587 nos
1976 3547 2005 3586 a
2042 3531 2185 3586 nulla
2215 3530 2468 3586 liberaret
2492 3570 2507 3595 ,
2536 3531 2629 3587 scd
2677 3543 2837 3584 unam
2866 3527 3283 3582 misericorditer
3303 3544 3397 3581 ac-

1854 3626 2006 3696 cepit,
2038 3634 2093 3679 et
2132 3622 2276 3692 juste
2309 3632 2591 3693 utramque
2629 3620 2922 3679 damnavit.
2974 3606 3213 3688 simplam
3245 3635 3397 3674 suam

1846 3717 2021 3785 dupla:
2049 3724 2245 3770 nostrae
2273 3713 2518 3788 contulit,
2570 3719 2622 3768 et
2650 3711 2863 3781 duplam
2898 3720 3132 3766 nostram
3162 3710 3398 3769 moriens

1847 3807 2076 3876 subegit.

1930 3898 2036 3952 Viri
2068 3897 2311 3952 Ninivin
2355 3907 2563 3967 surgent
2590 3898 2644 3951 in
2669 3896 2873 3967 judicio
2918 3912 3032 3951 cum
3066 3896 3392 3965 generatione

1846 3998 1965 4050 ista,
1996 3997 2041 4041 et
2063 3987 2469 4041 condemnabam
2494 4003 2627 4051 eam,
2649 3988 2773 4054 quia
2814 3986 3159 4055 paenitentiam
3185 3997 3393 4055 egerunt

1846 4092 1902 4130 in
1941 4062 2305 4144 pra’dicatione
2338 4074 2510 4141 Jona',
2551 4086 2599 4129 et
2620 4092 2733 4131 ecce
2756 4074 2869 4144 plus
2889 4092 3044 4145 quam
3084 4075 3249 4130 Jonas
3290 4076 3395 4130 hic.

1851 4163 2076 4234 (Μιωι.)
2112 4162 2553 4219 Condemnabunt
2598 4178 2726 4233 ergo
2772 4162 3015 4218 Ninivitze
3062 4172 3269 4234 gentem
3296 4162 3393 4217 Ju-

1849 4254 2108 4319 daeorum,
2140 4269 2245 4308 non
2297 4254 2573 4308 sententiae
2616 4262 2895 4322 potestate,
2941 4255 3031 4308 sed
3059 4255 3179 4306 vitae
3208 4268 3396 4308 corre-

1849 4344 2023 4399 ctione
2054 4361 2067 4395 :
2098 4342 2239 4412 quod
2264 4342 2387 4411 quia
2416 4341 2583 4396 Judaai
2607 4357 2711 4395 non
2736 4340 2995 4405 fecerunt,
3020 4343 3207 4395 merito
3235 4357 3263 4395 a
3286 4342 3396 4396 Do—

1851 4448 1995 4488 mino
2022 4441 2334 4501 arguuntur.
2385 4431 2651 4503 (Ηὶενοη.)
2679 4431 2755 4487 Ac
2799 4433 2840 4486 si
2871 4432 2987 4486 aliis
3014 4433 3187 4487 verbis
3211 4432 3288 4487 eis
3314 4432 3399 4487 di-

196 4531 281 4584 dit
313 4496 541 4597 épiritus
561 4534 775 4580 sanctus
803 4524 856 4578 in
881 4525 1059 4593 specie
1082 4525 1361 4591 columbae,
1386 4535 1439 4579 et
1458 4526 1744 4580 secundum
1771 4496 1823 4555 D
1850 4540 1997 4586 ceret
2026 4548 2039 4583 :
2089 4529 2253 4584 Jonas
2280 4528 2463 4597 paucis
2513 4528 2702 4581 diebus
2745 4526 3075 4594 prmdicavit,
3122 4541 3218 4596 ego
3249 4535 3399 4580 tanto

196 4622 345 4693 quod
366 4622 621 4691 propheta
656 4618 718 4671 de
746 4631 810 4670 co
829 4616 904 4669 ait
926 4634 938 4668 :
968 4614 1095 4669 Vere
1116 4614 1389 4685 lauguores
1416 4627 1617 4671 nostros
1642 4619 1748 4687 ipse

197 4714 345 4775 tulit,
375 4719 422 4763 et
450 4708 649 4763 dolores
676 4716 873 4759 nostros
899 4706 1003 4774 ipse
1049 4706 1269 4775 portavit
1321 4704 1451 4776 (Isa.
1489 4707 1627 4776 LIII).
1661 4705 1749 4759 Pi-

198 4805 308 4859 scis
338 4809 513 4855 autem
541 4798 629 4866 qui
654 4795 842 4849 Jonam
870 4795 1141 4848 devoravit
1191 4796 1242 4848 in
1268 4796 1454 4865 pelago
1482 4796 1747 4866 signiﬁcat

200 4904 427 4950 mortem
459 4907 615 4961 quam
645 4889 888 4943 Christus
914 4901 1195 4955 perpessus
1243 4898 1324 4941 est
1363 4888 1415 4941 in
1445 4889 1659 4942 mundo.
1688 4888 1743 4941 ln

201 4992 390 5039 ventre
414 4999 541 5053 ergo
562 4981 664 5035 ceti
691 4980 850 5035 Jonas
885 4992 1000 5036 erat
1046 4980 1213 5032 tribus
1258 4979 1443 5031 diebus
1482 4988 1535 5033 et
1577 4979 1746 5033 tribus

199 5076 471 5139 noctibus,
500 5080 555 5127 et
604 5070 845 5125 Salvator
892 5080 1069 5124 noster
1097 5069 1148 5121 in
1204 5078 1373 5120 morte
1419 5067 1469 5120 in
1502 5068 1744 5136 sepulcro

201 5164 305 5217 fuit
332 5163 501 5216 tribus
526 5161 714 5214 diebus
752 5168 803 5213 et
830 5160 996 5212 tribus
1022 5157 1284 5210 noctibus.
1314 5154 1567 5223 Tuncque
1594 5171 1741 5209 com-

198 5255 402 5323 pletum
456 5258 535 5303 est
590 5249 714 5301 illud
743 5248 882 5315 quod
932 5247 1124 5316 legitur
1178 5246 1229 5297 in
1265 5244 1397 5299 Osca
1430 5264 1441 5297 :
1474 5245 1581 5297 Ero
1609 5262 1744 5301 mors

198 5358 313 5409 tua,
371 5361 400 5397 ο
450 5358 632 5405 mors;
678 5357 763 5393 cro
814 5356 1011 5391 morsus
1053 5347 1191 5402 tuus,
1229 5354 1256 5389 ο
1287 5337 1482 5405 inferne
1510 5338 1535 5389 Ρ
1598 5337 1742 5407 (Ose.

201 5437 353 5505 xm).
380 5435 444 5487 Et
473 5434 610 5487 sicut
666 5431 825 5485 Jonas
870 5432 920 5483 in
966 5439 1149 5483 ventre
1179 5429 1339 5497 piscis
1369 5444 1471 5482 non
1501 5445 1750 5497 perman-

197 5527 289 5589 sit,
318 5523 409 5577 sed
440 5521 640 5588 ejectus
663 5530 747 5573 est
775 5521 826 5572 in
880 5521 1101 5582 aridam,
1138 5520 1208 5570 ita
1267 5517 1553 5572 Salvatoris
1583 5520 1749 5573 nostri

200 5615 379 5667 anima
412 5626 514 5663 non
549 5610 729 5661 relicta
777 5616 857 5662 est
908 5610 958 5662 in
1012 5606 1237 5669 inferno,
1281 5624 1450 5675 neque
1479 5623 1603 5663 caro
1633 5611 1748 5680 ejus

202 5705 335 5758 vidit
387 5700 803 5768 corruptionem.
838 5690 926 5753 ειΞά
985 5700 1272 5753 resurrexit
1302 5700 1350 5749 in
1382 5699 1565 5767 gloria.
1617 5699 1745 5754 Nam

1848 4628 2108 4689 tempore.
2143 4618 2235 4672 llle
2260 4618 2513 4687 Assyriis,
2540 4616 2682 4686 genti
2709 4615 3027 4679 incredulis;
3053 4630 3150 4684 ego
3173 4615 3391 4680 Judaeis,

1846 4703 2037 4780 Ρορῠιο
2064 4708 2194 4772 Dei;
2248 4706 2333 4761 ille
2370 4706 2678 4780 peregrinis,
2727 4719 2827 4774 ego
2869 4704 3107 4769 civibus;
3153 4704 3238 4758 ille
3265 4720 3394 4759 voce

1845 4776 2055 4854 locutus
2082 4798 2331 4867 simplici,
2363 4776 2598 4864 nihilque
2618 4795 2885 4865 signorum
2914 4794 3113 4848 faciens
3142 4806 3395 4864 acceptus

1845 4898 1948 4955 est,
1977 4906 2077 4961 ego
2105 4899 2249 4944 tanta
2275 4890 2424 4957 signa
2472 4886 2691 4950 faciens,
2744 4884 3036 4939 Beelzebub
3066 4885 3389 4942 calumniam

1849 4983 2106 5037 sustineo.
2141 4979 2262 5033 Plus
2303 4994 2429 5047 ergo
2463 4977 2592 5031 Jona
2642 4976 2748 5038 hic,
2778 4975 2827 5027 id
2872 4983 2974 5039 est,
3006 4974 3058 5028 in
3104 4976 3279 5029 medio
3307 4993 3395 5029 vc-

1848 5080 2018 5123 strum
2057 5052 2383 5137 praedicans:
2422 5074 2476 5119 et
2521 5072 2799 5131 propterea
2851 5062 2950 5115 viri
2984 5048 3391 5132 quoquetNini;

1849 5161 1971 5214 vita:
2000 5158 2394 5230 generationem
2446 5153 2875 5208 condentnabunt
2918 5150 3244 5217 Judzeorum,
3292 5155 3391 5208 bne

1848 5256 1928 5302 est
1958 5246 2283 5301 infidelitatis
2308 5250 2548 5312 arguont.

1918 5336 2111 5405 Regina
2159 5333 2334 5387 Austri
2376 5339 2548 5398 surget
2586 5330 2640 5382 in
2668 5329 2873 5397 judicio
2920 5344 3035 5382 cum
3071 5333 3390 5399 generatione

1848 5439 1968 5482 ista.
1998 5438 2042 5478 et
2102 5421 2455 5478 condemnabit
2483 5437 2615 5472 eam.
2674 5419 2850 5488 (ΗΑΒ.)
2880 5418 3261 5474 Condemnabit
3288 5423 3391 5475 uti-

1848 5536 1950 5589 que
1975 5535 2076 5573 non
2105 5522 2366 5585 potestate
2419 5510 2624 5581 judicii,
2679 5510 2770 5562 sed
2821 5511 3214 5579 comparatione
3266 5511 3390 5565 facti

1850 5609 2102 5664 melioris.
2138 5605 2192 5659 Si
2224 5612 2399 5657 autem
2451 5601 2627 5669 rcg'ua
2681 5601 2881 5663 Austri,
2935 5616 3049 5667 qua‘
3082 5600 3243 5654 electa
3272 5616 3390 5655 esse

1853 5719 1952 5755 non
1978 5700 2267 5759 dubitatur,
2291 5701 2469 5761 surget
2498 5693 2545 5743 in
2567 5690 2768 5757 judicio
2792 5706 2907 5744 cum
2934 5692 3189 5760 reprobis,
3213 5703 3383 5745 osten-
