3938 6336
491 248 592 305 9.35

1111 235 1168 287 Β.
1210 231 1463 287 ιιΑΒΑΝι
1502 230 1718 284 MAmtl
1757 226 2065 282 ARCHIEP.

2169 221 2420 279 DCUNT.
2462 221 2747 278 OPERUM
2784 221 2963 276 PARS
3001 221 3042 275 l.

3622 217 3720 272 93C

486 317 627 414 ditur
647 365 750 404 una
784 354 1102 404 cunctorum
1150 334 1414 398 bonorum
1464 341 1834 406 malorumque
1865 349 2040 388 resur-
2072 344 2116 400 Α
2146 349 2310 402 quam
2337 332 2388 385 in
2421 331 2574 385 nobis
2627 330 2952 386 exstinctam
3005 327 3376 394 cvedebamus,
3425 342 3531 398 per
3571 329 3722 382 incn-

487 442 648 498 rect'o
674 434 999 491 mortalium.
1029 431 1098 485 Et
1126 430 1244 486 haec
1270 445 1376 484 non
1398 429 1552 499 juxta
1596 424 1801 478 fabulas
1843 419 2024 500 Judaao

490 543 597 586 run
628 525 771 580 mille
823 521 984 594 annis
1027 529 1152 574 ante
1200 518 1482 590 judicium,
1538 513 1631 568 sed
1671 512 1726 565 in
1772 510 1888 580 ipso
1922 522 2045 564 esse

491 621 660 669 futura
685 613 905 682 judicio.

554 723 692 788 Quia
722 720 857 776 venit
883 737 913 773 a
933 719 1121 789 ﬁnibus
1143 727 1296 770 terra:
1337 713 1521 789 audire
1547 709 1858 780 sapientiam
1886 697 2045 763 Salo-

483 815 673 875 monis,
689 822 735 865 et
755 824 868 865 ecce
882 808 998 879 plus
1019 821 1175 876 quam
1193 802 1442 861 Salomon
1468 802 1570 855 hic.
1604 799 1703 852 Hic
1732 799 1784 853 in
1808 798 1926 852 loco
1942 811 2050 850 non

483 918 794 974 pronomen,
845 899 936 954 sed
975 895 1286 951 adverbium
1314 892 1440 947 ‘loei
1483 889 1783 960 significat,
1830 888 1881 941 id
1931 896 2049 950 est,

489 989 968 1062 impraesentiarum
1001 987 1143 1038 inter
1191 996 1290 1036 vos
1344 986 1692 1033 conversatur
1725 975 1818 1042 qui
1848 976 2054 1026 incom-

481 1079 798 1152 parabiliter
826 1083 910 1131 est
946 1073 1233 1128 Salomone
1259 1067 1621 1138 praestantior.
1640 1063 2050 1152 Refer-tantem

485 1147 764 1237 Scriptura
805 1162 920 1234 (111
957 1160 1085 1230 Reg.
1122 1152 1490 1228 x).quomodo
1539 1151 1724 1222 regina
1776 1147 1916 1203 Saba
1956 1161 2054 1216 per

489 1267 668 1313 tantas
693 1253 1056 1313 difﬁcultates,
1083 1255 1243 1318 gente
1290 1258 1386 1299 sua
1412 1251 1468 1297 et
1497 1241 1725 1310 imperio
1758 1238 2049 1301 derelictis,

489 1343 696 1398 venerit
731 1343 783 1394 in
810 1337 1048 1392 Iudaeam
1080 1332 1400 1404 sapientiam
1450 1329 1699 1383 auditura
1725 1325 2052 1389 Salomonis,

486 1442 539 1488 et
565 1435 612 1487 ei
641 1430 804 1484 multa
835 1440 1053 1481 munera
1080 1423 1330 1486 aderens,
1358 1421 1426 1475 ab
1451 1435 1517 1476 eo
1543 1418 1693 1488 plura
1722 1416 2046 1486 perceperit.

491 1521 619 1587 Quae
651 1515 1007 1575 ideoJudaeos
1045 1514 1097 1566 in
1141 1509 1345 1578 judicio
1373 1505 1766 1567 condemnabit,
1799 1503 2055 1572 quoniam

493 1608 604 1677 ipsa
653 1607 721 1660 ab
747 1604 952 1658 ultimis
997 1610 1156 1655 terra:
1185 1596 1381 1654 finibus
1429 1613 1552 1652 eum
1592 1595 1858 1666 quasivit,
1895 1608 2055 1663 quem

492 1703 745 1766 percepto
775 1693 914 1749 dbno
944 1691 1218 1760 sapientiai
1243 1694 1564 1760 cognoverat
1590 1699 1708 1741 esse
1746 1684 2009 1739 famosum
2041 1704 2054 1737 :

2146 423 2282 477 riam
2309 437 2408 476 nos
2427 427 2680 474 vacantes
2707 419 2994 490 opprimat.

2220 512 2286 566 Et
2313 513 2514 565 veniens
2560 512 2748 563 invenit
2795 520 3082 574 vacantem,
3131 510 3434 563 mandatam
3469 508 3662 578 scopis
3678 516 3725 562 et

2147 609 2405 655 ornatam.
2445 598 2668 655 Hoc.est
2715 598 2885 668 gratia
2941 597 3279 666 baptismatis
3305 612 3334 650 a
3361 608 3725 666 peccatorum

2146 687 2269 742 labe
2297 686 2634 755 castigatam,
2667 686 2758 740 sed
2785 685 2927 740 nulla
2953 685 3078 748 boni
3122 685 3300 754 operis
3331 685 3604 740 industria
3637 702 3725 740 cu-

2148 761 2428 829 mulatam.
2460 773 2611 830 Unde
2661 773 2798 828 bene
2850 775 2937 828 hic
2980 773 3301 845 evangelista
3331 775 3469 828 hanc
3498 776 3722 828 domum

2150 873 2439 928 vacantem,
2463 865 2629 932 scopis
2661 863 2968 916 mandatam
2991 873 3145 933 atque
3194 873 3434 916 ornatam
3466 863 3611 916 dicit
3641 865 3719 916 in-

2147 961 2364 1007 ventani
2398 970 2411 1004 :
2441 953 2748 1005 mundatam
2804 952 3054 1006 videlicet
3089 969 3118 1005 a
3144 953 3287 1008 vitiis
3327 954 3577 1022 pristinis
3630 970 3723 1022 per

2151 1041 2500 1110 baptismum,
2558 1048 2838 1094 vacantem
2869 1055 2901 1093 a
2929 1041 3085 1095 bonis
3142 1043 3352 1097 actibus
3395 1058 3494 1112 per
3555 1044 3720 1111 negli-

2152 1132 2412 1202 gentiam,
2471 1138 2716 1185 ornatam
2769 1130 3035 1187 simulatis
3092 1132 3376 1187 virtutibus
3427 1149 3526 1203 per
3557 1135 3720 1202 hypo-

2153 1222 2338 1276 crisin.
3202 1289 3221 1298 -

2226 1308 2368 1361 Tunc
2389 1307 2525 1361 vadit
2552 1319 2600 1361 et
2629 1310 2846 1362 assumit
2893 1326 3064 1363 secum
3100 1309 3232 1364 alios
3270 1321 3461 1379 septem
3504 1310 3715 1378 spiri‘us

2155 1398 2422 1466 nequiores
2459 1414 2535 1461 se,
2565 1407 2612 1450 et
2667 1397 2916 1452 intrantes
2947 1399 3180 1451 habitant
3227 1399 3317 1452 ibi.
3375 1400 3477 1453 Per
3513 1411 3717 1468 septem

2155 1485 2325 1540 malos
2359 1479 2854 1554 spiritus'universa
2879 1487 3007 1540 vitia
3035 1487 3296 1552 designat.
3338 1489 3716 1558 Quemcunque

2158 1579 2304 1634 enim
2359 1587 2478 1648 post
2539 1579 2802 1647 baptisma
2865 1580 2978 1633 sive
3025 1579 3263 1648 pravitas
3319 1581 3597 1644 hatretica,
3629 1597 3717 1634 sea

2157 1671 2424 1724 mundana
2477 1670 2740 1738 cupiditas
2793 1671 3099 1739 arripuerit,
3154 1679 3294 1725 mox“
3325 1672 3563 1724 omnium
3594 1685 3716 1739 pro-

495 1749 569 1840 ξηί
599 1749 747 1838 ήνὲτο
793 1797 976 1837 secum
1005 1749 1281 1834 ’ωδεηωε
1308 1749 1429 1832 Eum
1461 1778 1564 1846 qui,
1584 1791 1691 1830 non
1729 1775 1940 1828 aliunde
1969 1788 2054 1827 sa-
2088 1749 2130 1807 Β
2159 1769 2363 1814 sternet
2394 1761 2448 1814 in
2476 1761 2582 1813 ima
2615 1759 2886 1813 vitiorum.
2920 1759 3069 1814 Unde
3103 1768 3246 1814 recte
3277 1761 3564 1830 nequiores
3595 1769 3717 1813 tunc

494 1875 665 1943 piens,
699 1872 792 1926 sed
820 1872 934 1938 ipse
959 1868 1053 1922 Dei
1089 1866 1347 1935 sapientia
1376 1873 1432 1919 et
1477 1867 1646 1919 virtus
1674 1872 1775 1929 est,
1805 1878 1910 1917 non
1944 1878 2057 1917 mo—

494 1964 561 2017 do
591 1962 796 2025 audire,
825 1960 920 2014 sed
946 1969 1001 2012 et
1027 1956 1401 2026 blasphemare
1426 1964 1587 2025 atque
1601 1954 1819 2035 insidiis
1850 1952 2059 2033 agitare

499 2052 785 2106 malebant.
816 2049 1010 2115 Aliter,
1038 2048 1091 2102 in
1115 2047 1364 2102 Ninivitis
1402 2054 1458 2101 et
1491 2046 1674 2116 regina
1717 2044 1900 2098 Austri
1927 2043 2060 2098 ﬁdes

498 2139 752 2194 Ecclesia:
777 2136 1056 2208 praefertur
1079 2136 1281 2201 lsraeli,
1308 2151 1426 2204 quae
1461 2150 1569 2189 non
1595 2118 1791 2188 minus-
1815 2149 1912 2203 per
1940 2147 2060 2203 pa:-

507 2227 790 2282 nitentiam
811 2235 1045 2296 peractae
1072 2226 1410 2294 insipientia,
1459 2240 1617 2294 quam
1646 2239 1745 2294 per
1785 2225 2061 2293 Sapientia:

500 2319 763 2373 discenda:
813 2317 1130 2371 industriam
1179 2316 1405 2369 Domino
1446 2315 1800 2370 conciliatur:
1833 2331 1897 2370 ex
1931 2315 2063 2369 dua-

412 2403 415 2405 ’
503 2413 602 2466 bus
634 2412 830 2480 quippe
883 2409 1125 2482 partibus
1161 2409 1341 2463 unitas
1388 2406 1640 2462 Ecclesiae
1687 2417 2060 2478 congregatur,

503 2516 688 2555 eorum
724 2499 975 2554 videlicet
1003 2499 1094 2568 qui
1123 2513 1348 2570 peccare
1383 2498 1649 2562 nesciunt,
1677 2505 1732 2551 et
1757 2512 1942 2552 eorum
1969 2497 2063 2566 qui

502 2605 727 2661 peccare
749 2589 1049 2653 desistunt;
1079 2588 1390 2658 poenitentia
1417 2587 1558 2642 enim
1587 2586 1836 2650 delictum
1865 2585 2060 2650 abolet,

2159 1867 2281 1904 cum
2315 1851 2533 1919 spiritus
2586 1850 2835 1904 dicuntur
2865 1850 3114 1921 ingressi,
3139 1851 3262 1926 quia
3295 1857 3397 1905 min
3428 1852 3599 1904 solum
3629 1852 3718 1904 lia-

2160 1943 2309 1998 bebit
2347 1941 2433 1996 illa
2465 1951 2691 2009 quatuor
2710 1941 2835 1995 vitia
2861 1944 2979 2010 quae
3000 1927 3230 2011 quatuor
3245 1943 3574 2011 spiritalibus
3599 1951 3716 1996 sunt

2164 2030 2437 2084 contraria
2469 2013 2775 2090 virtutibus,
2811 2030 2901 2083 sed
2933 2037 2988 2082 et
3035 2042 3130 2098 per
3155 2029 3465 2100 hypocrisin
3497 2030 3635 2098 ipsas
3662 2044 3716 2082 se

2165 2118 2303 2172 virtu
2312 2127 2390 2171 tes
2429 2117 2626 2170 habere
2654 2117 2964 2184 simulabit._
3260 2135 3266 2140 ’

2237 2204 2302 2257 Et
2328 2214 2445 2258 sunt
2478 2205 2755 2257 novissima
2785 2203 3006 2258 hominis
3060 2205 3200 2258 iluus
3236 2222 3417 2274 pejora
3445 2208 3712 2276 prioribus.

2167 2294 2355 2348 Melius
2384 2294 2578 2363 quippe
2597 2302 2714 2348 erat
2739 2293 2788 2347 ei
2815 2293 2956 2347 viam
2977 2295 3218 2350 veritatis
3249 2311 3354 2349 non
3382 2284 3715 2364 cogenscerc,

2104 2416 2108 2419 -
2166 2400 2328 2454 quam
2358 2391 2480 2452 post
2509 2384 2833 2451 agnitionem
2883 2393 3176 2439 retrorsum
3201 2385 3462 2439 converti.
3491 2383 3641 2451 Quod
3667 2386 3716 2436 in

2164 2473 2300 2528 Juda
2332 2473 2590 2526 traditore
2647 2470 2796 2542 (Luc.
2831 2472 2988 2542 xxii),
3013 2473 3094 2528 vel
3144 2473 3361 2527 Simone
3407 2473 3559 2543 Mago
3586 2473 3714 2542 (Act.

2166 2563 2284 2633 vin)
2314 2563 2628 2631 caeterisquc
2660 2562 2872 2617 talibus.
2904 2563 3206 2633 specialiter
3258 2562 3484 2634 legimus
3537 2562 3715 2631 imple-

502 2638 726 2661 ,νη-η
754 2638 1009 2645 -ν---ννν
1035 2638 1049 2653 .
1079 2638 1389 2658 ~

501 2679 766 2749 sapientia
799 2685 989 2733 cavet:
1036 2685 1097 2731 et‘
1127 2677 1327 2733 idcirco
1362 2676 1416 2730 in
1448 2677 1842 2731 resurrectione
1867 2675 2028 2749 easta
2061 2667 2065 2676 ⁴

2171 2664 2302 2708 tum.
2362 2653 2480 2720 Quo
2532 2663 2710 2706 autem
2744 2652 3064 2724 generaliter
3091 2654 3205 2707 haec
3238 2638 3494 2721 parabola
3522 2651 3714 2713 tendat,

505 2775 782 2839 dicabunt,
808 2774 932 2844 quia
966 2773 1017 2826 in
1056 2772 1140 2826 bis
1171 2782 1416 2841 repertus
1443 2772 1606 2824 timor
1639 2769 1733 2823 Dei
1759 2761 2076 2838 fueritquﬂ

505 2867 602 2921 bus
631 2866 715 2920 lex
744 2881 850 2919 non
881 2873 998 2918 erat
1020 2864 1328 2933 praedicata,
1361 2863 1462 2916 hoc
1488 2861 1659 2936 magis
1687 2860 1887 2930 indigni
1911 2859 2066 2913 venia

508 2956 578 3010 illi
603 2956 694 3024 qui
723 2971 790 3008 ex
819 2955 937 3024 lege
963 2961 1089 3008 sunt
1146 2951 1403 3015 inﬁdeles,
1455 2965 1561 3019 quo
1584 2950 1702 3020 plus
1732 2948 1854 3003 fidei
1882 2948 1936 3002 in
1966 2947 2070 3002 illis

451 3031 457 3037 ’
507 3044 598 3112 qui
627 3044 794 3111 legem
830 3040 1191 3111 ignoraverint
1219 3040 1289 3093 sit
1309 3049 1600 3108 repertum.

580 3151 709 3206 Cum
757 3161 926 3205 autem
998 3149 1292 3203 immundus
1354 3148 1564 3218 spiritus
1608 3147 1790 3200 exierit
1847 3147 1911 3200 de
1975 3147 2067 3201 ho-

511 3243 645 3295 mine
703 3241 932 3294 ambulat
979 3257 1070 3309 per
1124 3239 1237 3292 loca
1301 3239 1473 3290 arida.
1543 3236 1800 3304 Quamvis
1860 3237 2068 3307 simpli-

511 3337 647 3390 citer
703 3335 923 3402 intelligi
989 3331 1154 3401 possit
1221 3329 1504 3383 Dominum
1571 3329 1699 3390 haec
1748 3329 1814 3382 ad
1877 3328 2068 3383 distin-

509 3427 738 3478 ctionem
796 3420 1012 3475 suorum
1061 3427 1114 3474 et
1165 3418 1377 3472 Satanae
1445 3431 1665 3485 operum
1741 3416 2071 3485 adjunxisse,

415 3529 419 3535 ’
515 3514 656 3583 quod
705 3512 908 3567 scilicet
953 3512 1066 3580 ipse
1130 3523 1342 3578 semper
1386 3507 1586 3576 polluta
1633 3508 1914 3572 mundare,
1969 3506 2070 3560 Sa-

518 3612 668 3658 tanas
723 3618 850 3658 vero
907 3601 1162 3657 mundata
1205 3599 1542 3668 gravioribus
1592 3597 1804 3652 festinet
1856 3597 2074 3650 attami-

518 3709 649 3748 nare
699 3693 975 3757 sordibus;
1030 3700 1210 3746 tamen
1242 3699 1294 3744 et
1335 3690 1401 3744 de
1428 3689 1680 3743 hmretico
1727 3688 1966 3757 quolibet
1991 3686 2075 3741 vel

517 3786 878 3848 schismatico,
932 3781 1207 3849 vel-etiam
1245 3778 1386 3833 malo
1437 3778 1702 3834 catholico
1744 3785 1920 3847 potest
1969 3791 2076 3830 non

517 3875 956 3930 inconvenienter
983 3871 1170 3940 accipi.
1232 3871 1307 3924 De
1339 3885 1443 3938 quo
1473 3878 1712 3945 tempore
1741 3867 2078 3938 baptismatis

518 3966 737 4035 spiritus
783 3963 1105 4025 immundus,
1147 3961 1236 4030 qui
1269 3961 1320 4013 in
1350 3975 1416 4014 eo
1461 3959 1610 4028 prius
1647 3956 2078 4026 habitaverat,ad

524 4055 912 4112 confessionem
943 4053 1220 4108 catholica:
1249 4052 1392 4115 fidei,
1425 4051 1491 4105 ad
1519 4049 2077 4115 renuntiationemque

522 4149 805 4201 mundana:
852 4143 1274 4198 converSationis
1327 4141 1590 4210 ejiciatur,
1647 4139 1872 4206 locaque
1927 4135 2077 4190 arida

518 4240 785 4303 peragret,
814 4232 866 4285 id
893 4240 974 4286 est
997 4231 1158 4285 corda
1188 4229 1443 4292 fideliora,
1473 4244 1591 4296 qua:
1618 4242 1647 4280 a
1676 4227 1898 4281 mollitie
1925 4224 2080 4279 ﬂuxa:

517 4322 852 4392 cogitationis
877 4328 1167 4389 expurgata
1196 4320 1321 4381 sint,
1339 4317 1561 4372 callidus
1591 4317 1869 4371 insidiator
1898 4314 2081 4384 explo-

2169 2740 2554 2811 ipseSalvator
2574 2755 2868 2813 exponens,
2898 2757 3022 2796 mox
3050 2742 3300 2805 subdidit,
3334 2742 3541 2796 dicens:

2243 2830 2330 2886 Sic
2352 2832 2449 2886 erit
2499 2840 2548 2885 et
2575 2831 2893 2901 generationi
2947 2831 3067 2893 huic
3087 2832 3342 2901 pessimae.
3371 2829 3427 2884 ld
3457 2838 3560 2893 est,
3588 2828 3718 2900 quod

2172 2919 2238 2974 de
2268 2935 2376 2974 uno
2400 2918 2639 2988 quolibet
2667 2909 2973 2988 specialiter
3014 2917 3128 2988 geri
3158 2917 3329 2973 solere
3357 2918 3598 2981 narravi,
3627 2919 3720 2971 hoc

2173 3009 2228 3062 in
2259 3016 2366 3064 tota
2393 3007 2716 3078 generaliter
2743 3008 2902 3078 hujus
2942 3007 3120 3078 pepuli
3151 3016 3310 3077 gente
3361 3007 3474 3078 geri
3507 3023 3613 3062 non
3638 3008 3720 3061 de-

2095 3085 2138 3146 C
2170 3096 2317 3150 sinit.
2386 3095 2696 3149 lmmundus
2744 3095 2940 3174 quippe
2987 3095 3204 3165 spiritus
3259 3095 3425 3149 exivit
3455 3094 3717 3157 aJudzeis,

2168 3183 2382 3252 quando
2427 3190 2750 3250 acceperunt
2800 3181 2991 3251 legem,
3027 3191 3081 3236 et
3123 3182 3413 3236 ambulavit
3471 3197 3567 3251 per
3610 3183 3719 3236 loca

2170 3273 2321 3326 arida
2374 3285 2620 3340 qumrens
2676 3270 2779 3325 sibi
2837 3272 3094 3340 requiem,
3140 3272 3396 3339 expulsus
3423 3271 3720 3326 videliceta

2168 3359 2367 3415 Judaais
2404 3358 2696 3414 ambulavit
2723 3373 2820 3427 per
2845 3360 3082 3429 gentium
3109 3357 3440 3424 solitudines,
3467 3373 3584 3426 quae
3606 3373 3718 3412 cum

2170 3457 2356 3519 postea
2387 3447 2612 3503 Domino
2643 3447 3012 3510 credidissent,
3043 3447 3129 3503 ille
3157 3463 3263 3502 non
3287 3450 3505 3502 invento
3531 3447 3646 3502 loco
3668 3449 3717 3500 in

2173 3539 2502 3604 nationibus,
2534 3539 2670 3594 dixit
2699 3557 2712 3592 :
2751 3537 2998 3593 Reuertar
3021 3539 3088 3592 ad
3109 3539 3318 3591 domum
3357 3555 3524 3592 meam
3551 3541 3721 3608 pristi-

2174 3645 2315 3694 nam,
2346 3629 2483 3682 unde
2525 3629 2680 3695 exivi,
2735 3629 2943 3684 habebo
2969 3627 3178 3683 Indicos
3199 3643 3333 3696 quos
3370 3638 3494 3682 ante
3520 3629 3724 3682 dimise-

2177 3736 2291 3774 ram
2321 3738 2332 3773 :
2364 3719 2432 3778 Et
2461 3721 2665 3774 veniens
2692 3721 2880 3774 invenit
2903 3730 3185 3784 vacantem,
3207 3721 3374 3790 scopis
3401 3720 3718 3773 mandatam.

2179 3806 2415 3861 Vacabat
2443 3807 2586 3871 enim
2611 3807 2864 3877 templum
2893 3805 3214 3872 Judaaorum,
3247 3818 3301 3862 et
3331 3807 3603 3862 Christum
3639 3809 3725 3861 ho-

2177 3897 2368 3966 spitem
2393 3913 2497 3952 non
2530 3897 2758 3952 habebat
2804 3898 3069 3952 dicentem
3102 3915 3114 3950 ε
3147 3898 3448 3952 Dimittetur
3475 3899 3612 3952 nobis
3633 3900 3723 3951 do-

2178 4003 2292 4039 nius
2319 3996 2485 4043 vestra
2507 3986 2708 4039 deserta
2731 3974 2947 4056 (Matth.
2979 3987 3158 4056 xxm).
3208 3988 3338 4052 Quia
3371 3987 3533 4055 igitur
3559 3987 3651 4039 Dei
3675 3995 3725 4039 et

2179 4076 2488 4147 angelorum
2545 4077 2793 4145 praisidia
2847 4092 2952 4131 non
2983 4077 3267 4139 habebant,
3293 4085 3347 4130 et
3375 4075 3550 4130 ornati
3579 4086 3725 4127 erant

2178 4164 2460 4234 superﬂuis
2486 4165 2948 4219 observationibus
2985 4164 3395 4229 Pharisaeorum,
3452 4164 3728 4218 revertitur

2179 4255 2258 4309 ad-
2283 4268 2377 4308 eos
2405 4253 2667 4316 diabolus,
2697 4261 2752 4307 et
2778 4255 3088 4322 septenario
3134 4254 3233 4307 sibi
3285 4267 3512 4306 numero
3540 4252 3728 4310 damo-

2183 4361 2310 4399 num
2339 4345 2520 4400 addito
2571 4343 2780 4398 habitat
2819 4345 3099 4415 pristinam
3138 4345 3371 4406 domum,
3397 4353 3450 4397 et
3481 4342 3613 4396 ﬁunt
3640 4357 3726 4410 po-

519 4420 599 4465 νει
638 4410 682 4463 εί
733 4410 968 4502 quos?“
1019 4409 1155 4502 f9"?
1201 4423 1312 4462 δυίθ
1359 4405 1609 4474 “equitiae
1654 4419 1874 4476 gressus
1917 4403 2079 4472 ﬁgere
2106 4425 2158 4483 D
2185 4435 2409 4488 steriora
2442 4431 2582 4486 illius
2616 4433 2796 4501 populi
2819 4403 3028 4502 .pejora
3081 4403 3368 4500 prioribus.
3401 4431 3564 4485 Multo
3593 4403 3726 4485 enim

519 4502 708 4572 possit.
741 4500 843 4554 Sed
867 4499 1001 4553 bene
1031 4499 1223 4552 dicitur
1248 4516 1260 4550 :

593 4607 840 4680 Quaereris
867 4605 1109 4674 requiem,
1141 4614 1186 4657 et
1214 4605 1547 4664 nominreuit.
1574 4603 1708 4670 Quia
1729 4612 1908 4658 castas
1928 4617 2080 4656 meu-

530 4707 607 4750 tes
667 4697 920 4766 effugiens
987 4696 1038 4748 in
1109 4693 1224 4748 solo
1291 4694 1530 4747 diabolus
1583 4694 1744 4748 corde
1790 4708 2074 4762 pravorum

523 4795 729 4858 gratam
761 4787 859 4840 sibi
911 4795 1086 4855 potest
1113 4783 1352 4838 invenire
1396 4783 1653 4852 requiem.
1706 4781 1859 4837 Unde
1899 4783 1964 4837 de
1990 4782 2078 4835 illo

527 4874 782 4928 Dominus
813 4890 825 4924 :
867 4871 970 4926 Sub
1001 4873 1202 4935 umbra,
1252 4871 1447 4939 inquit,
1477 4871 1666 4923 dormit
1690 4871 1744 4923 in
1768 4881 1962 4924 secreto
1985 4888 2076 4923 ca-

524 4963 669 5027 lami,
727 4971 774 5014 et
829 4961 955 5013 locis
1009 4960 1332 5013 humentibus
1381 4958 1521 5030 (Job.
1555 4956 1748 5031 x1.).'ln
1785 4960 1973 5013 umbra
2001 4959 2083 5012 vi-

524 5053 715 5106 delicet
751 5051 1056 5104 tenebrosas
1095 5051 1484 5113 conscientias;
1533 5050 1585 5103 in
1616 5049 1845 5114 calamo,
1873 5051 1961 5119 qui
2007 5049 2084 5105 fo-

525 5145 598 5197 ris
652 5143 872 5207 nitidus,
923 5142 1066 5195 intus
1100 5149 1180 5194 est
1219 5155 1433 5204 vacuus,
1485 5140 1880 5205 simulatrices;
1916 5142 1967 5194 in
2002 5141 2081 5195 lo-

525 5237 604 5290 cis
655 5235 1036 5298 humentibus,
1087 5232 1312 5286 lascivas
1361 5234 1650 5303 mollesque
1702 5241 1906 5287 mentes
1956 5233 2085 5287 insi-

526 5341 712 5380 nuans.

601 5432 742 5485 Tunc
768 5433 913 5497 dicit,
949 5429 1194 5484 Revertar
1233 5429 1285 5481 in
1307 5425 1514 5482 domum
1551 5446 1738 5492 meam,
1777 5430 1912 5483 unde
1933 5431 2081 5483 exivi.

530 5521 813 5577 Timendus
827 5530 904 5579 cst
922 5523 1019 5577 istc
1035 5521 1343 5585 versiculus,
1364 5535 1464 5575 non
1483 5519 1841 5586 exponendus,
1858 5533 1922 5572 ne
1935 5519 2085 5585 culpa

2184 4540 2324 4578 nunc
2373 4524 2670 4577 dtemonum
2725 4521 2926 4590 majore
2954 4537 3175 4576 numero
3219 4521 3555 4590 possidentur
3599 4519 3727 4574 blas-

2182 4613 2503 4680 phemantcs
2559 4614 2614 4664 in
2673 4611 2956 4681 synagogis
3009 4611 3121 4664 suis
3179 4609 3364 4664 Jesum
3437 4608 3724 4668 Christum,

2185 4719 2346 4771 quam
2384 4702 2437 4754 in
2462 4700 2695 4771 Egypto
2717 4701 2952 4771 possessi
2997 4699 3207 4754 fuerant
3255 4709 3380 4753 ante
3415 4698 3549 4769 legis
3594 4699 3728 4752 noti-

2186 4794 2335 4846 tiam.
2370 4791 2504 4858 Quia
2535 4791 2677 4844 aliud
2724 4799 2807 4845 est
2851 4799 3135 4844 venturum
3183 4805 3287 4844 non
3315 4790 3556 4852 credere,
3595 4789 3728 4841 aliud

2185 4902 2307 4941 eum
2337 4899 2440 4938 non
2489 4883 2814 4952 suscepisse,
2853 4883 2942 4952 qui
2974 4883 3204 4935 venerit.
3237 4881 3606 4949 Septenarium
3639 4894 3728 4932 au-

2189 4989 2292 5032 tem
2323 4991 2609 5031 numerum
2659 4975 2968 5044 adjunctnm
2996 4973 3224 5037 diabolo,
3255 4973 3340 5028 vel
3368 4982 3585 5043 propter
3614 4973 3727 5026 sab-

2185 5070 2367 5123 batum
2396 5066 2653 5135 intelligo,
2683 5065 2767 5119 vel
2792 5074 3013 5134 propter
3051 5079 3327 5131 numerum
3358 5064 3592 5133 Spiritus
3622 5078 3732 5116 san-

2185 5159 2257 5212 cti
2289 5150 2392 5209 z'nt
2421 5155 2685 5225 quomodo
2715 5157 2767 5209 in
2824 5155 2960 5209 lsaia
3010 5169 3169 5223 super
3218 5157 3420 5224 virgam
3467 5154 3535 5207 de
3563 5155 3730 5207 radice

2186 5246 2365 5311 Jesse,
2396 5255 2450 5300 et
2479 5245 2690 5309 ﬂorem,
2717 5246 2807 5313 qui
2839 5244 2906 5299 de
2955 5245 3135 5299 radice
3171 5244 3502 5307 conscendit,
3533 5253 3728 5312 septem

2186 5337 2405 5404 spiritus
2431 5335 2688 5387 virtutum
2719 5333 3020 5387 ascendisse
3043 5343 3350 5394 narrantur,
3378 5332 3450 5384 ita
3479 5341 3534 5384 et
3556 5345 3587 5384 e
3616 5346 3730 5385 coa-

2189 5425 2354 5478 trario
2383 5423 2636 5476 vitiorum
2680 5436 2934 5475 numerus
2967 5421 3017 5474 in
3069 5420 3276 5473 diabolo
3301 5429 3644 5473 consecratus
3671 5419 3731 5470 sit

2190 5515 2319 5584 (Isa.
2351 5515 2479 5584 ω).
