3938 6310
168 338 171 341 _
227 258 334 313 937

1213 253 1560 308 COMMENT.
1603 253 1668 306 ΙΝ
1710 249 2138 306 ΜΑΤἸΊΜΞΗΜ.
2180 281 2246 290 -
2287 251 2410 304 LIB.
2458 252 2538 303 ιν.

3353 253 3454 310 958

301 347 615 440 {V.]Adl’tuc
636 365 942 430 eoloquente
965 366 1034 417 ad
1059 369 1257 429 turbas,
1287 373 1577 417 cccemater
1597 364 1710 432 ejus
1741 373 1787 415 et
1822 371 1865 427 Α
1894 371 2018 414 sunt
2065 360 2260 415 fratres
2315 363 2438 424 mei,
2485 363 2575 431 qui
2628 359 2836 415 faciunt
2876 376 3037 432 opera
3092 360 3269 420 Patris
3326 363 3453 420 mei.

228 457 421 527 fratres
445 455 650 508 stabant
676 454 802 523 foris
829 464 1112 524 quan-entes
1146 453 1282 524 loqui
1330 455 1396 507 ei.
1450 454 1591 506 Dixit
1621 463 1790 506 autem

227 550 278 602 ei
301 548 516 617 quidam
541 560 558 597 :
589 543 722 600 Ecce
770 559 936 599 mater
961 555 1076 608 tua,
1104 556 1150 597 et
1180 545 1365 612 fratres
1395 546 1469 597 tui
1502 545 1629 612 foris
1655 554 1790 596 stant

221 647 514 709 quaerentes
544 647 613 691 te.
659 638 1107 706 Occupatus-erat
1131 637 1387 689 Dominus
1415 636 1467 688 in
1489 651 1650 703 opere
1674 649 1789 687 ser-

226 729 406 784 monis
439 728 490 782 in
521 728 764 784 doctrina
800 726 1138 797 populorum,
1167 727 1220 780 in
1245 724 1417 780 ofﬁcio
1446 725 1789 795 praedicandi.

225 817 403 871 Mater
438 825 490 870 et
521 815 715 871 fratres
746 814 877 869 foris
904 822 1058 884 _stant
1102 822 1155 867 et
1194 814 1244 868 ei
1274 813 1577 868 desiderant
1626 812 1789 881 loqui.

225 905 381 959 Tunc
410 906 626 975 quidam
658 905 868 958 nuntiat
906 902 1167 958 Salvatori
1194 904 1334 972 quod
1356 901 1553 956 fratres
1582 911 1636 956 et
1681 916 1793 955 ma-

225 1004 312 1050 ter
333 1011 429 1050 sua
460 992 750 1049 stantforis
772 1001 1069 1062 quaerentes
1089 1007 1233 1046 eum.
1261 991 1482 1044 Videtur
1521 989 1655 1042 mihi
1694 990 1793 1042 iste

224 1087 320 1156 qui
346 1085 555 1140 nuntiat
593 1097 696 1138 non
728 1081 948 1136 fortuito
987 1090 1040 1136 et
1065 1079 1377 1149 simpliciter
1405 1080 1672 1142 nuntiare,
1699 1077 1792 1131 sed

223 1178 451 1232 insidias
475 1177 710 1240 tendere,
741 1186 919 1229 utrum
948 1176 1168 1244 spiritali
1191 1173 1339 1242 operi
1367 1188 1580 1227 carnem
1598 1181 1650 1225 et
1672 1187 1794 1234 san-

221 1269 441 1337 guinem
465 1265 744 1336 praeferat;
768 1273 822 1319 et
857 1265 977 1320 ideo
1003 1273 1228 1318 matrem
1261 1279 1318 1318 se
1357 1277 1516 1317 nosse
1543 1261 1792 1316 dissimu-

225 1359 326 1423 lat,
357 1367 415 1411 ut
436 1373 551 1426 qua:
579 1357 626 1412 ei
665 1364 837 1430 mater
864 1356 951 1420 sit,
977 1355 1067 1425 qui
1098 1352 1401 1424 propinqui,
1428 1367 1532 1405 non
1557 1366 1652 1420 per
1698 1365 1790 1404 co-

221 1449 536 1520 gnationem
568 1447 766 1509 carnis,
800 1437 895 1524 sed
935 1458 1030 1514 per
1076 1435 1504 1512 conjunctionem
1549 1440 1788 1509 spiritus,

224 1541 492 1610 designet.
520 1538 672 1594 Unde
691 1545 744 1592 et
774 1537 1015 1606 sequitur
1040 1553 1052 1588 :
1604 1610 1605 1616 γ

301 1629 372 1682 Et
394 1631 501 1700 ipse
528 1626 837 1696 respondens
867 1626 1056 1679 dicenti
1079 1625 1195 1689 sibi,
1223 1625 1295 1675 ait
1327 1639 1345 1676 :
1379 1624 1507 1687 Qua!
1529 1631 1602 1700 est
1625 1631 1793 1674 mater

1894 451 2008 505 Non
2067 445 2383 522 ergo'jnxta
2446 452 2771 506 Marcionem
2829 461 2882 506 et
2928 453 3300 519 Manicbmum,
3339 469 3450 508 ma—

1895 548 2029 592 trem
2082 541 2334 609 negavit,
2377 549 2433 594 ut
2489 551 2647 593 natus
2697 541 2762 606 de
2829 535 3198 610 phantasmate
3242 552 3463 614 putare-

1895 627 2133 692 tur;,scd
2179 637 2233 682 et
2272 630 2538 698 apostolos
2578 631 2878 699 cognationi
2906 633 3153 700 prtetulit,
3192 629 3334 689 ut'et
3359 650 3459 689 nos

1894 716 1946 768 in
1998 719 2398 786 comparatione
2429 719 2726 774 dilectionis
2770 721 2920 774 carni
2967 723 3214 792 spiritum
3267 725 3458 793 prmio—

1895 823 2094 862 ramus.

1965 897 2267 971 Quicunque
2293 901 2427 954 enim
2455 901 2633 969 fecerit
2667 901 2979 956 voluntatem
3011 903 3188 958 Patris
3245 906 3346 958 mei
3370 907 3458 975 qui

1893 991 1948 1044 in
1978 991 2114 1044 caelis
2137 1001 2226 1052 est,
2252 994 2358 1062 ipse
2383 1010 2525 1046 meus
2541 993 2724 1059 frater,
2756 1011 2905 1047 soror
2926 1005 2972 1048 et
3009 1006 3173 1048 mater
3199 1007 3292 1049 est.
3322 995 3455 1050 Cum

1894 1079 1940 1132 is
1977 1079 2064 1158 qui
2117 1080 2440 1133 voluntatem
2480 1083 2571 1134 Dei
2605 1081 2813 1146 fecerit,
2845 1099 3001 1136 soror
3041 1092 3093 1137 et
3132 1081 3302 1137 frater
3353 1085 3456 1138 Do-

1893 1170 2021 1222 mini
2050 1169 2246 1223 dicitur
2266 1171 2482 1238 propter
2513 1178 2798 1240 utrumque
2822 1188 3030 1237 sexum,
3077 1173 3165 1243 qui
3198 1175 3264 1227 ad
3301 1175 3456 1228 ﬁdem

1894 1259 2178 1329 colligitur,
2217 1261 2558 1316 mirum'non
2610 1270 2726 1328 est;
2770 1264 3070 1318 mirandum
3127 1280 3256 1321 vero
3305 1267 3459 1322 valde

1894 1357 1996 1413 est,
2026 1353 2294 1418 quomodo
2339 1352 2503 1405 etiam
2546 1364 2719 1406 mater
2747 1341 2971 1407 dicatur.
3011 1355 3223 1411 Fideles
3259 1357 3458 1411 etenim

1894 1437 2180 1507 discipulos
2225 1438 2422 1494 fratres
2470 1455 2663 1494 vocare
2692 1441 2938 1511 dignatus
2963 1449 3061 1507 est,
3096 1444 3274 1499 dicens
3311 1460 3325 1498 :
3357 1444 3458 1512 Ite,

1893 1529 2128 1582 nuntiate
2167 1529 2414 1597 fratribus
2438 1531 2584 1584 meis.
2617 1531 2716 1597 Qui
2754 1547 2881 1602 ergo
2912 1535 3078 1586 frater
3107 1535 3317 1589 Domini
3344 1536 3459 1590 ﬁeri

1894 1622 1962 1676 ad
2009 1621 2165 1675 ﬁdem
2203 1623 2464 1677 veniendo
2503 1625 2756 1692 potuerit,
2806 1627 3152 1693 quaerendum
3199 1634 3280 1680 est
3330 1643 3460 1696 quo-

225 1739 368 1784 mea,
412 1695 459 1774 et
511 1721 743 1791 quisunt
765 1717 953 1789 fratres
993 1705 1133 1799 mei?
1163 1715 1505 1788 (Ras.).Sane
1526 1695 1664 1786 qu‘od
1698 1717 1796 1770 Do-
1822 1725 1867 1782 Β
1895 1714 2052 1768 modo
2094 1714 2234 1768 idem
2282 1729 2407 1769 esse
2451 1723 2623 1768 mater
2657 1714 2779 1783 ejus
2821 1716 3010 1785 possit.
3046 1715 3149 1771 Sed
3185 1695 3456 1790 sciendum

224 1815 409 1868 minus
448 1814 512 1866 ad
534 1822 759 1866 matrem
788 1795 1099 1880 fratresque~
1116 1819 1333 1880 rogatus
1354 1809 1422 1885 ab
1445 1806 1616 1862 cilicio
1642 1807 1790 1862 verbi

226 1890 536 1959 dissimulat
567 1902 769 1973 egredi,
827 1917 932 1955 non
981 1907 1239 1954 maternae
1295 1897 1493 1952 refutat
1532 1898 1792 1968 obsequia

222 1980 471 2067 pietatis,
501 1993 652 2062 cujus
682 1973 1003 2062 praeceptum
1024 1999 1104 2045 est
1135 2008 1147 2043 :
1180 1989 1394 2043 Honora
1423 1999 1620 2058 patrem
1645 1997 1792 2041 tuum

227 2102 276 2142 et
311 2099 529 2141 matrem
557 2094 744 2149 tuam;
785 2084 874 2138 sed
911 2082 1148 2152 paternis
1173 2095 1230 2137 se
1256 2080 1528 2150 mysteriis
1566 2079 1794 2149 amplius

227 2191 393 2246 quam
441 2173 697 2228 maternis
747 2170 942 2226 debere
994 2178 1259 2225 monstrat
1298 2168 1597 2234 affectibus,
1654 2169 1790 2224 idem

226 2268 390 2321 nobis
418 2265 680 2334 exemplo,
729 2264 870 2333 quod
894 2264 1056 2317 verbo
1082 2261 1478 2326 commendans,
1527 2275 1648 2315 cum
1675 2260 1751 2313 ait
1779 2277 1791 2312 :

232 2356 341 2421 Qui
380 2364 520 2408 amat
548 2339 768 2424 patrem,
799 2361 888 2404 aut
910 2359 1130 2406 matrem
1155 2349 1269 2419 plus
1297 2364 1453 2420 quam
1476 2364 1696 2413 memon
1722 2355 1796 2400 est

230 2462 315 2498 me
344 2445 566 2514 dignus;
585 2458 689 2498 non
720 2441 973 2512 injuriose
997 2438 1190 2494 fratres
1209 2438 1521 2501 contemnit,
1545 2437 1636 2491 sed
1663 2450 1796 2504 opus

231 2533 477 2604 spiritale
502 2534 679 2588 carnis
702 2531 1006 2602 cognationi
1045 2529 1354 2600 prreferens,
1408 2528 1793 2599 religiosiorem

231 2626 475 2681 cordium
508 2623 750 2693 copulam
791 2613 1082 2677 docetesse
1117 2636 1276 2691 quam
1326 2634 1629 2688 corporum.
1685 2617 1796 2689 My-

230 2715 368 2769 stice
409 2722 586 2767 autem
633 2722 804 2767 mater
852 2720 905 2767 et
934 2711 1126 2765 fratres
1154 2709 1278 2765 Jesu
1318 2725 1581 2781 synagoga
1607 2724 1673 2763 ex
1698 2724 1793 2763 cu-

222 2807 316 2874 jus
345 2821 506 2861 carne
539 2814 615 2860 est
644 2805 838 2870 editus,
883 2812 936 2858 et
959 2786 1179 2874 populus
1203 2813 1284 2857 est
1319 2802 1643 2857 Judzeorum.
1694 2801 1795 2869 Qui

230 2898 514 2952 Salvatore
544 2898 688 2961 intus
722 2897 946 2951 docente
977 2897 1249 2950 venientes
1277 2895 1478 2948 intrare
1503 2899 1793 2964 nequeunt,

227 2971 386 3054 cujus
423 2982 734 3055 spiritaliter
767 2983 1063 3053 intelligere
1090 2983 1235 3038 dicta
1265 2975 1556 3053 negligant.
1589 2981 1796 3039 Przeoc-

230 3091 438 3144 cupans
483 3077 625 3130 enim
677 3077 834 3129 turba
878 3073 992 3142 ejus
1041 3059 1337 3144 ingreditur
1382 3060 1614 3136 demum,
1683 3074 1799 3143 ejus

228 3165 508 3219 auscultat
546 3153 900 3228 sermonibus,
943 3164 1068 3234 quia
1109 3156 1388 3218 differente
1415 3161 1594 3218 Iudaea
1626 3163 1796 3234 genti-

225 3257 357 3310 litas
388 3245 644 3309 conﬂuxit
668 3255 734 3308 ad
766 3253 1062 3319 Christum,
1105 3239 1264 3322 atque
1301 3242 1510 3307 interna
1535 3254 1656 3307 vitae
1677 3267 1796 3322 my-

227 3344 396 3399 steria
423 3350 624 3411 quanto
679 3341 783 3396 ﬁde
824 3342 1086 3407 vicinior,
1126 3349 1276 3396 tanto
1324 3349 1501 3396 mente
1547 3343 1834 3410 capaciorx

225 3436 430 3491 hausit.
458 3434 613 3489 Juxta
660 3435 802 3505 quod
829 3435 1210 3513 psalmus'ait:
1241 3434 1480 3488 Accedite
1507 3430 1574 3489 ad
1602 3452 1720 3489 eum
1747 3446 1795 3489 et

225 3526 602 3580 illuminamini
628 3523 798 3596 (Psal.
832 3523 1056 3594 xxxm);
1086 3525 1231 3578 intus
1254 3525 1496 3584 verbum,
1547 3514 1690 3577 intus
1713 3532 1796 3578 est

225 3616 436 3669 lumen.
470 3613 649 3685 (Aug.)
709 3614 860 3669 Unde
891 3613 1016 3667 alibi
1051 3633 1063 3666 :
1096 3613 1166 3669 Ut
1188 3614 1460 3680 intrantes,
1498 3615 1691 3684 inquit,
1722 3614 1796 3668 vi-

226 3706 388 3758 deant
421 3703 611 3757 tumen.
656 3703 745 3758 Sic
775 3719 904 3772 ergo
934 3703 1065 3758 foris
1114 3712 1323 3759 stantes
1352 3720 1453 3760 nec
1499 3706 1600 3776 ipsi
1627 3722 1792 3776 agno-

227 3803 458 3849 scuntur
505 3803 777 3864 parentes,
824 3802 879 3849 et
905 3787 1126 3863 propter
1151 3803 1394 3848 nostrum
1423 3794 1649 3850 fortasse
1685 3811 1792 3850 non

227 3893 595 3955 agnoscuntur
633 3870 956 3954 eseinplum,
1012 3885 1458 3953 quemadmodum
1491 3899 1588 3940 nos
1628 3900 1793 3955 agno-

227 3991 472 4040 scemur,
501 3975 544 4029 si
589 3975 718 4028 foris
744 3984 969 4041 stamus.
1020 3975 1174 4030 Foris
1201 3975 1343 4029 enim
1371 3983 1574 4030 stantes
1609 3976 1795 4050 volunt

229 4069 518 4122 Dominum
561 4066 742 4122 videre
785 4067 993 4137 cognati
1031 4067 1216 4135 ipsius,
1264 4082 1385 4121 cum
1423 4066 1586 4121 Judaei
1639 4067 1794 4136 spiri-

228 4161 397 4214 talem
429 4160 479 4212 in
505 4159 619 4229 lege
645 4174 859 4214 sensum
887 4173 990 4213 non
1017 4167 1316 4227 quaerentes
1353 4173 1471 4214 sese
1510 4158 1576 4212 ad
1616 4167 1794 4213 custo-

226 4249 376 4304 diam
401 4251 590 4304 litteraa
613 4249 741 4303 foris
771 4248 1024 4312 ﬁxerunt,
1059 4256 1114 4301 et
1136 4248 1289 4318 quasi
1316 4246 1586 4302 Christum
1611 4247 1792 4316 potius

228 4340 300 4392 ad
328 4338 561 4392 carnalia
611 4337 848 4391 docenda
887 4343 1084 4404 cogunt
1112 4337 1279 4400 exire,
1322 4351 1481 4406 quam
1515 4352 1572 4392 se
1616 4338 1684 4392 ad
1714 4337 1793 4391 di-

227 4428 431 4482 scenda
460 4426 716 4495 spiritalia
750 4426 1093 4480 consentiunt
1117 4427 1340 4498 ingredi.
1366 4425 1633 4498 (Hieron.)
1665 4425 1793 4493 Qui-

233 4518 362 4570 dam
418 4502 616 4569 fratres
644 4515 859 4570 Domini
886 4515 953 4570 de
992 4514 1095 4568 alia
1123 4530 1292 4570 uxore
1319 4513 1514 4593 Josepb
1541 4516 1677 4570 ﬁlios
1707 4531 1796 4571 su-

227 4607 529 4676 spicantur,
568 4614 853 4674 sequentes
875 4604 1224 4660 deliramenta
1251 4607 1696 4675 apocryphorum,
1743 4614 1799 4661 et

161 4732 167 4737 μ
227 4696 518 4764 quamdam
578 4695 807 4747 Escham
845 4692 1215 4747 mulierculam
1245 4693 1626 4765 conﬁngentcs.
1690 4694 1800 4751 Nos

231 4771 423 4838 autem
450 4782 645 4836 fratres
671 4782 877 4835 Domini
907 4798 1012 4836 non
1046 4782 1182 4837 ﬁlios
1228 4779 1443 4851 Joseph,
1484 4784 1576 4838 sed
1607 4799 1799 4838 conso-

241 4873 434 4927 brinos
465 4872 779 4938 ,Salvatoris
836 4873 1036 4927 liberos
1091 4872 1268 4926 Mariae
1316 4873 1660 4944 intelligimus
1690 4891 1801 4928 ma-

252 4975 470 5019 tertera:
499 4963 730 5028 Domini,
771 4979 889 5034 qua:
915 4979 1033 5019 esse
1053 4964 1248 5020 dicitur
1291 4973 1466 5018 mater
1488 4965 1672 5019 Jacobi
1697 4966 1800 5018 mi-

175 5086 185 5089 —
246 5044 430 5118 noris;
457 5063 510 5106 et
564 5052 782 5123 Joseph,
822 5062 878 5121 et
909 5053 1078 5117 Judzn,
1123 5069 1260 5123 quos
1303 5055 1354 5106 in
1385 5054 1488 5107 alio
1529 5055 1799 5124 EVangelii

232 5141 353 5194 loco
405 5141 602 5194 fratres
654 5141 864 5195 Domini
925 5132 1148 5210 legimus
1210 5143 1519 5210 appellatos.
1581 5143 1798 5195 Fratres

232 5237 414 5282 autem
469 5230 817 5284 consobrinos
865 5230 970 5284 dici
1022 5231 1201 5285 omnis
1236 5231 1515 5301 Scriptura
1566 5231 1794 5287 demon-

232 5325 392 5373 Slml.

309 5405 377 5460 Et
426 5405 699 5460 extendens
763 5423 973 5461 manum
1019 5409 1072 5461 in
1135 5410 1431 5480 discipulos,
1478 5412 1798 5466 dicit:Ecce

231 5504 406 5550 mater
437 5510 572 5556 mea,
603 5504 648 5545 et
676 5494 863 5562 fratres
891 5499 1008 5549 mei.
1051 5497 1141 5551 lsti
1165 5509 1290 5552 sunt
1320 5512 1489 5555 mater
1537 5517 1674 5563 mea,
1707 5502 1798 5569 qui

238 5604 326 5642 me
371 5585 606 5656 quotidie
654 5585 706 5637 in
757 5589 1087 5641 credentium
1121 5592 1314 5645 animis
1377 5602 1666 5663 generant;
1707 5593 1796 5646 Isti

641 5681 911 5740 l’n'not.
953 5682 1136 5741 CVII.

1894 1812 1980 1859 est
2019 1803 2194 1869 nobis,
2252 1803 2378 1873 quia
2417 1804 2508 1872 qui
2563 1801 2689 1858 Jesu
2738 1803 2924 1870 frater,
2954 1813 3008 1859 et
3035 1820 3187 1862 soror
3236 1817 3319 1861 est
3344 1822 3462 1862 cre-

1892 1894 2086 1980 dendo,
2159 1901 2332 1946 mater
2392 1891 2608 1948 eﬂicilut
2685 1893 3057 1962 praedicando,
3119 1894 3256 1948 sicut
3303 1911 3462 1965 supra

1894 1974 2094 2038 dictum
2159 1991 2260 2037 est.
2329 1983 2490 2050 Quasi
2553 1983 2695 2036 enim
2759 1983 2899 2052 parit
2956 1974 3238 2038 Dominum
3301 2000 3458 2055 quem

1894 2073 2040 2127 cordi
2087 2071 2352 2127 audientis
2385 2071 2658 2138 infuderit.
2690 2072 2754 2125 Et
2781 2080 2957 2127 mater
2981 2071 3095 2141 ejus
3121 2055 3368 2142 efficitur,
3414 2077 3460 2130 si

1893 2177 1990 2232 per
2017 2162 2131 2233 ejus
2158 2145 2341 2218 vocem
2363 2176 2514 2217 amor
2538 2161 2746 2216 Domini
2768 2160 2821 2215 in
2845 2162 3076 2230 proximi
3102 2164 3278 2217 mente
3303 2180 3461 2240 gene—

1895 2268 1955 2306 ra
1962 2261 2013 2306 tu
2021 2269 2064 2307 Γ.

2501 2341 2728 2420 CAPUT
2761 2341 2897 2398 xm.

1899 2455 1974 2508 De
2026 2455 2263 2528 navicula
2301 2455 2446 2528 docet
2502 2455 2701 2528 turbas
2727 2454 2781 2507 in
2823 2436 3116 2528 parabolis,
3159 2453 3476 2528 quasAdomi,

1968 2524 2211 2603 apostolis
2247 2527 2488 2593 exponit;
2516 2523 2660 2576 docet
2683 2522 2737 2576 in
2766 2521 3029 2594 syna'goga
3061 2521 3348 2589 Nazaretlt,
3375 2525 3442 2577 ub

1968 2594 2079 2647 sine
2093 2594 2287 2647 honore
2310 2604 2404 2647 est.
2669 2630 2671 2633 τ

1969 2705 2058 2778 [1.]
2082 2703 2149 2759 In
2185 2705 2276 2759 illo
2297 2706 2380 2759 die
2403 2706 2577 2760 exiens
2598 2703 2752 2760 Iesus
2786 2704 2850 2758 de
2878 2704 3055 2770 domo,
3087 2705 3296 2759 sedebat
3320 2723 3466 2792 secus

1897 2814 2060 2851 mare.
2105 2795 2283 2867 (Aug.)
2323 2795 2388 2850 In
2419 2795 2509 2849 illo
2532 2796 2635 2861 die,
2675 2796 2780 2850 nisi
2808 2793 2947 2849 forte
2969 2795 3084 2849 dies
3136 2809 3286 2851 more
3319 2794 3482 2878 Scri—g

1897 2896 2174 2957 pturarum
2205 2896 2412 2956 tempus
2442 2887 2728 2958 signiﬁcet,
2758 2887 2887 2942 satis
2921 2887 3122 2942 indicat
3142 2887 3246 2942 hoc
3272 2902 3463 2943 conse-

1901 2984 2126 3048 quenter
2150 2987 2378 3047 gcstum,
2405 2983 2499 3030 aut
2521 2991 2624 3031 non
2674 2975 2842 3030 multa
2877 2976 3143 3045 interponi
3185 2976 3461 3046 potuisse;

1827 3072 1871 3134 ρ
1906 3067 2138 3122 maxime
2174 3066 2296 3135 quia
2331 3076 2385 3122 et
2415 3066 2623 3121 Marcus
2648 3082 2769 3121 eum
2798 3067 3040 3121 ordinem
3069 3074 3216 3122 tenet
3239 3138 3242 3146 λ
3266 3065 3461 3140 (Marc.

1900 3155 2004 3227 tv);
2050 3156 2224 3211 Lucas
2263 3166 2444 3210 autem
2469 3164 2592 3227 post
2623 3155 2751 3210 illud
2782 3155 2923 3226 quod
2969 3164 3159 3210 narrat
3185 3156 3254 3211 de
3289 3166 3463 3214 matre

1895 3257 1952 3303 et
1999 3246 2256 3302 fratribus
2301 3248 2530 3314 Domini,
2590 3248 2642 3302 in
2682 3248 2826 3302 aliud
2864 3248 3060 3303 transit
3113 3247 3262 3319 (Luc.
3323 3248 3465 3320 vni),
3495 3229 3521 3283 ἠ

1898 3352 1995 3392 nec
2035 3353 2100 3392 eo
2139 3338 2364 3391 transitu
2414 3338 2801 3392 connexionem
2840 3337 3072 3407 aliquam
3132 3336 3286 3403 facit,
3342 3355 3462 3408 quas

1897 3428 2022 3482 huic
2069 3428 2242 3483 ordini
2274 3443 2572 3499 repugnare
2616 3430 2882 3484 videatur.
2916 3427 3096 3501 (llam)
3147 3429 3262 3484 Non
3291 3430 3464 3485 solum

1897 3526 2073 3571 autem
2105 3516 2244 3572 facta
2274 3527 2328 3571 et
2372 3519 2537 3572 verba
2572 3518 2804 3582 Domini,
2851 3533 3036 3572 verum
3078 3517 3466 3576 etiam;itinera

1896 3625 1959 3664 ac
1997 3609 2112 3663 loca
2141 3609 2194 3662 in
2226 3609 2419 3678 quibus
2443 3610 2673 3664 virtutes
2718 3620 2974 3679 Operatur
3013 3617 3068 3664 et
3114 3610 3463 3679 przedicabat,

1895 3698 2203 3754 cmlestibus
2227 3708 2353 3754 sunt
2373 3698 2527 3770 plena
2556 3699 2928 3754 sacramentis.
2982 3699 3110 3753 Post
3157 3714 3462 3765 sermonem

1894 3794 2090 3865 quippe
2146 3795 2202 3849 in
2256 3795 2414 3849 domo
2444 3795 2710 3859 habitum,
2739 3793 2827 3847 ub"
2880 3792 3106 3848 nefanda
3133 3793 3465 3863 blasphemia

1895 3884 2212 3940 daemonium
2270 3885 2470 3939 habere
2506 3869 2788 3939 dictusiest
2840 3883 3122 3954 egrediens
3154 3883 3378 3938 docebat
3400 3881 3469 3936 ad

1895 3989 2066 4039 mare,
2097 3984 2158 4028 ut
2193 3975 2503 4030 ostenderet
2532 3989 2607 4039 se,
2641 3974 2826 4030 relicta
2887 3975 2955 4029 ob
2999 3975 3207 4043 culpam
3232 3975 3469 4045 perﬁdia:

1895 4063 2097 4130 Iudaea,
2153 4066 2219 4120 ad
2244 4073 2430 4135 gentes
2451 4065 2735 4119 salvandas
2763 4079 2884 4119 esse
2913 4065 3287 4118 transiturum.
3318 4063 3464 4136 Gen-

1896 4153 2069 4209 tilium
2096 4169 2326 4224 namque
2371 4153 2599 4223 superba
2649 4161 2704 4208 et
2732 4153 3004 4208 incredula
3036 4153 3124 4206 diu
3157 4152 3315 4206 corda
3354 4167 3466 4206 me-

1896 4245 2001 4300 rito
2043 4239 2262 4300 tumidis
2300 4245 2607 4314 amarisque
2637 4243 2884 4298 ﬂuctibus
2951 4244 3116 4298 maris
3165 4243 3466 4298 assimilan-

1897 4343 2005 4390 tur.
2043 4335 2271 4391 Domum
2309 4351 2437 4390 vero
2461 4335 2666 4390 Domini
2694 4351 2791 4405 per
2821 4334 2980 4389 ﬁdem
3010 4333 3174 4389 fuisse
3203 4332 3463 4399 Judznam,

1819 4422 1870 4480 D
1897 4430 2020 4501 quis
2067 4429 2312 4484 nesciat?
2351 4427 2459 4484 Sed
2502 4420 2686 4484 relicta
2740 4427 2920 4492 domo,
2968 4428 3021 4481 in
3071 4443 3174 4496 qua
3214 4427 3465 4498 blasphe-

1901 4519 2038 4574 mias
2079 4534 2362 4588 perpessus
2411 4526 2494 4572 est
2553 4518 2859 4586 impiorum,
2934 4517 3098 4586 erepit
3154 4518 3345 4572 docere
3398 4516 3465 4570 ad

1902 4626 2068 4665 mare.
2113 4609 2246 4677 Quia
2297 4609 2552 4663 derelicta
2590 4607 2660 4662 ob
2712 4606 3142 4662 incredulitatem
3193 4620 3461 4676 synagoga

1903 4702 1970 4755 ad
1999 4700 2349 4770 colligendam
2375 4714 2470 4767 per
2527 4697 2796 4768 apostolos
2838 4696 3014 4767 pepuli
3041 4696 3256 4764 gentilis
3278 4695 3464 4750 multi-

1905 4789 2142 4842 tudinem
2178 4789 2340 4842 venit.
2372 4788 2524 4844 Unde
2560 4796 2744 4857 aperte
2766 4787 3108 4855 praemittitur
3133 4787 3295 4855 quod,
3319 4800 3384 4840 eo
3410 4786 3464 4840 in

1906 4881 2064 4934 domo
2090 4879 2436 4949 pradicante,
2466 4873 2636 4932 mater
2669 4886 2724 4931 et
2763 4875 2957 4932 fratres
2995 4873 3125 4930 foris
3176 4883 3466 4940 steterunt,

1905 4977 1959 5021 et
1988 4968 2140 5036 quasi
2169 4967 2334 5037 agniti
2369 4967 2438 5022 ab
2464 4966 2554 5021 illo
2576 4981 2680 5020 non
2714 4973 2864 5030 sunt;
2907 4980 2970 5019 ac
2992 4964 3070 5018 sic
3099 4965 3164 5018 de
3193 4964 3350 5018 domo
3372 4979 3467 5018 ex-

1907 5057 2022 5110 iens
2070 5056 2162 5109 ad'
2196 5071 2344 5108 mare
2393 5056 2644 5109 docturus
2719 5053 2951 5117 transiit,
3006 5052 3131 5120 quia
3181 5059 3462 5122 postquam

1905 5160 2171 5215 synagoga
2221 5145 2286 5197 ad
2346 5141 2638 5198 custodiam
2685 5157 2742 5196 se
2784 5143 2973 5196 littera:
3032 5141 3162 5195 foris
3207 5140 3344 5206 ﬁxit,
3389 5141 3470 5195 in-

1905 5237 2175 5302 ternisque
2207 5232 2494 5286 Dominicze
2531 5231 2652 5286 ﬁdei
2705 5232 2918 5287 arcanis
2969 5231 3168 5301 ﬁguras
3205 5229 3339 5300 legis
3368 5246 3465 5283 an—

1903 5333 2154 5392 teponere
2217 5324 2440 5386 maluit,
2508 5321 2765 5375 Dominus
2839 5330 3175 5375 sacramenta
3234 5319 3464 5383 salutis,

1901 5427 2018 5480 qua:
2051 5411 2134 5463 illa
2185 5419 2479 5480 spreverat,
2505 5411 2743 5465 externis
2780 5426 2878 5480 per
2917 5413 3102 5465 orbem
3158 5407 3467 5464 nationibus

1903 5501 2143 5556 contulit.
3462 5575 3464 5578 ν

1975 5592 2040 5645 Et
2065 5604 2389 5662 congreng
2410 5603 2530 5646 sunt
2561 5594 2627 5646 ad
2654 5611 2770 5646 cum
2806 5599 2969 5647 turba:
2995 5592 3192 5657 mutue,
3216 5594 3290 5644 ita
3331 5600 3383 5661 ut
3410 5607 3463 5642 tn

2997 5684 3073 5741 30
