3938 6318
467 273 573 329 959

1109 277 1170 332 Β.
1207 276 1460 333 RABANI
1495 268 1720 334 MAUN
1761 271 2080 331 ARCHIEP.
2123 271 2428 328 MOGUNT.
2469 269 2753 328 OPERUM
2790 270 2969 327 PARS
3011 271 3053 326 Ι.
3609 269 3710 324 9η

465 386 761 447 naviculam
809 391 1093 447 ascendens
1125 393 1344 458 sederet,
1393 403 1439 446 et
1476 393 1644 446 omnis
1674 391 1825 444 turba
1868 387 2041 442 stabat
2069 391 2120 447 Α
2219 385 2284 439 Et
2329 383 2448 439 dum
2476 394 2716 448 seminat,
2741 385 2980 454 quwdam
3022 384 3316 439 ceciderunt
3341 400 3512 442 secus:
3546 384 3721 452 vim,

467 487 521 536 in
570 485 763 536 littore.
814 480 967 549 Quod
999 484 1154 538 turba
1194 483 1361 538 multa
1416 483 1482 536 ad
1519 481 1805 536 Dominum
1847 480 2045 533 doceo-

471 581 577 626 tein
610 572 677 625 ad
712 587 862 626 mare
887 584 1212 644 congregata
1255 581 1355 634 est,
1385 570 1648 642 signiﬁcat
1685 569 2045 640 frequentiam

470 661 789 731 populorum
835 663 1254 732 praedicantibus
1307 660 1679 730 apostolisad
1718 659 1877 715 ﬁdem
1907 659 2049 714 veri-

472 753 601 807 tatis
650 753 1109 806 concurrentium.
1162 749 1314 818 Quod
1363 766 1491 804 vero
1539 749 1652 820 ipse
1710 767 1900 805 navem
1963 765 2048 815 as-

473 843 710 899 cendens
741 842 964 897 sedebat
1015 842 1068 895 in
1109 840 1282 910 \mari,
1330 839 1709 910 praeﬁgurabat
1752 839 2048 895 Ecclesiam

475 937 528 990 in
573 935 755 998 medio
810 935 1089 989 nationum
1118 949 1224 989 non
1275 935 1634 999 credentium,
1689 941 1744 988 et
1777 931 2049 988 contradi-

473 1026 708 1080 centium
762 1023 1154 1079 :ediﬁcandam.
1215 1023 1378 1092 Quasi
1421 1023 1569 1077 enim
1603 1023 1860 1077 Dominus
1897 1021 2058 1104 sedet

474 1121 528 1175 in
576 1116 718 1181 navi,
753 1115 929 1170 medio
971 1115 1025 1169 in
1076 1114 1212 1170 mari
1262 1114 1461 1184 posita,
1505 1129 1626 1167 cum
1662 1121 1873 1167 mentes
1920 1111 2047 1167 ﬁde-

471 1211 602 1265 tium
649 1206 788 1260 inter
820 1204 1061 1259 inﬁdeles
1110 1203 1556 1259 commorantium
1586 1203 1758 1274 gratia
1792 1219 1899 1256 sua:
1921 1201 2049 1256 visi~

475 1291 696 1349 tationis
743 1294 1006 1352 illustrat.
1054 1293 1411 1364 dilectamque
1448 1294 1550 1348 sibi
1601 1295 1654 1347 ln
1686 1293 1772 1347 his
1813 1292 2047 1347 mansio-

478 1403 600 1442 nem
648 1395 943 1442 consecrat.
993 1385 1162 1440 Porro
1185 1387 1341 1439 turba
1369 1402 1488 1455 qua:
1518 1385 1662 1441 circa
1705 1401 1854 1440 mare
1887 1400 2048 1454 super

475 1469 910 1548 terramposita,‘
937 1475 1098 1530 verba
1145 1475 1357 1530 Domini
1386 1475 1842 1540 auscultabat,‘ita
1867 1482 1927 1529 ut
1948 1490 2052 1530 nec

471 1563 719 1620 ﬂuctibus
747 1565 915 1619 maris
939 1572 1270 1636 tangeretur,
1287 1579 1387 1619 nec
1407 1580 1528 1619 cum
1543 1564 1631 1619 illo
1656 1564 1707 1618 in
1727 1564 1849 1618 navi
1873 1573 2047 1618 trans-

409 1645 412 1650 ’
477 1652 931 1719 acnsis'nuetibus
973 1655 1205 1718 sederet,
1265 1654 1482 1709 illorum
1544 1652 1822 1725 aptissime
1869 1662 2045 1723 gestat

2145 488 2194 531 et
2254 485 2498 530 uenerunt
2557 475 2806 538 volucres,
2863 485 2910 529 et
2952 476 3283 530 comederunt
3325 494 3408 531 ea.
3447 473 3724 546 (Ηίετοιι.)

2145 569 2202 622 ln
2234 568 2525 640 Evangelio
2552 568 2708 623 Luca:
2736 567 2806 623 ita
2847 568 2912 622 de
2935 567 3037 621 hoc
3073 570 3279 623 semine
3302 571 3562 640 scriptum
3586 578 3676 623 est
3707 586 3722 624 :

2147 659 2305 714 Aliud
2333 660 2518 716 cecidit
2542 678 2686 715 secus
2714 661 2869 723 viam,
2897 669 2942 712 et
2993 659 3352 714 conculcatum
3383 672 3476 725 est,
3503 673 3548 716 et
3574 659 3727 714 vel»

2147 767 2256 805 cres
2299 750 2412 806 caeli
2457 751 2786 806 comederunt
2836 748 2971 802 illud
3007 748 3157 819 (Luc.
3199 752 3340 820 vui).
3377 751 3730 820 Quaecuon

2148 854 2275 910 ergo
2323 839 2582 895 Dominus
2627 841 2676 893 in
2729 840 2830 894 hac
2869 838 3119 908 parabola
3152 854 3424 908 exponere
3469 842 3584 911 ipse
3644 841 3731 896 di-

2148 939 2343 1000 gnatus
2383 941 2488 996 est,
2563 933 2647 1002 pia
2693 932 2793 986 ﬁde
2833 932 3169 1001 suscipienda
3223 941 3368 985 sunt.
3419 934 3549 1000 Qua:
3593 949 3730 990 vero

2151 1021 2311 1073 tacita
2357 1031 2551 1075 nostrae
2592 1022 2949 1090 intelligentia:
2994 1021 3303 1090 dereliquit,
3331 1037 3482 1091 reque
3507 1026 3591 1092 pia
3650 1026 3730 1080 in-

2151 1111 2388 1165 tentioue
2428 1112 2805 1181 perquirenda,
2864 1125 2928 1165 ac
2976 1111 3386 1180 perstringenda
3432 1121 3557 1164 sunt
3606 1114 3730 1168 bre-

2149 1199 2305 1252 viter.
2351 1197 2546 1254 Semen
2593 1201 2733 1270 quod
2779 1201 2923 1255 circa
2969 1200 3112 1254 viam
3156 1201 3349 1255 cecidit
3399 1201 3594 1271 duplici
3640 1203 3730 1256 [2-

2148 1305 2274 1344 sura
2322 1290 2584 1360 disperiit,
2628 1304 2683 1347 et
2725 1291 2791 1347 ab
2832 1292 3210 1348 itiner-antibus
3245 1292 3455 1347 scilicet
3501 1295 3726 1348 concul-

2147 1389 2350 1447 catum,
2389 1389 2445 1436 et
2475 1397 2507 1436 a
2547 1383 2856 1439 volucribus
2887 1393 3121 1453 raptum.
3152 1385 3250 1440 Via
3280 1399 3410 1456 ergo
3459 1394 3543 1439 est
3573 1403 3729 1441 mens

2148 1471 2336 1527 sedulo
2395 1471 2658 1527 malarum
2708 1475 3094 1544 cogitationum
3147 1484 3322 1530 meatu
3384 1475 3512 1529 trita
3566 1485 3728 1544 atque

2147 1559 2406 1625 arefacta,
2430 1576 2499 1616 ne
2521 1562 2670 1616 verbi
2690 1577 2873 1618 semen
2894 1564 3139 1632 excipere
3163 1578 3227 1618 ac
3248 1564 3556 1634 germinare
3579 1564 3725 1617 sum-

2147 1649 2274 1703 ciat.
2295 1634 2494 1719 ‘Atque
2536 1651 2655 1706 ideo
2684 1651 2941 1720 quidquid
2973 1653 3096 1707 boni
3121 1654 3342 1715 seminis
3375 1653 3574 1708 vicinia
3605 1653 3728 1708 talis

476 1747 724 1817 ﬁguram,
757 1747 849 1817 qui
904 1763 1074 1818 nuper
1102 1748 1170 1802 ad
1212 1748 1536 1805 audiendum
1591 1747 1812 1802 verbum
1856 1761 2048 1801 couve-
2076 1738 2120 1796 B
2151 1738 2250 1794 vite
2273 1741 2587 1812 contigerit,
2623 1743 2805 1812 periit,
2829 1743 2954 1813 quia
2984 1744 3225 1813 improbo
3247 1746 3501 1815 pessimae
3528 1747 3722 1814 cogita-

479 1846 672 1893 nerant
710 1846 762 1893 et
784 1839 1000 1908 quidem
1031 1841 1229 1910 pietate
1258 1841 1424 1895 animi
1453 1855 1482 1895 a
1514 1832 1866 1910 reproborum
1897 1854 2046 1893 ama-

474 1927 724 1994 ritudine,
771 1928 1102 1984 obscuritate
1141 1939 1194 1985 et
1242 1926 1596 1986 instabllitate
1653 1930 1847 1986 secreti
1897 1919 2044 1996 sunt,

475 2018 568 2072 sed
599 2017 828 2073 necdum
885 2017 1195 2075 C(elestibus
1237 2020 1528 2090 mysteriis,
1587 2037 1708 2091 qua:
1736 2020 2046 2076 desiderant

472 2107 680 2161 imbuti.
711 2107 935 2180 (MAUR.)
957 2107 1026 2162 Et
1053 2107 1253 2163 locutus
1275 2120 1350 2163 est
1371 2110 1445 2164 eis
1482 2110 1646 2166 multa
1680 2111 1730 2164 in
1759 2098 2043 2180 parabolis,

470 2184 664 2251 dicens.
693 2197 952 2253 Parabola
975 2198 1121 2252 enim
1144 2197 1331 2253 (ἓτωοε
1361 2207 1544 2269 tropus
1571 2207 1674 2264 est,
1702 2209 1755 2253 et
1786 2197 2046 2277 interpre-

472 2297 616 2341 tatur
659 2285 974 2345 similitudo.
1002 2289 1096 2344 Est
1139 2293 1530 2345 autenrrerum
1570 2304 1766 2360 genere
1805 2285 2043 2346 dissimi-

402 2435 408 2447 ,
466 2379 595 2432 lium
627 2380 979 2449 comparatio.
1021 2380 1151 2455 Quae
1181 2396 1310 2451 ergo
1337 2381 1540 2436 distant
1588 2395 1785 2450 genere
1832 2395 2045 2450 compa-

465 2477 653 2524 rantur
680 2469 735 2524 in
765 2485 828 2524 ea
855 2470 1157 2542 Specierum
1198 2469 1566 2533 similitudine,
1622 2469 1687 2522 ad
1735 2470 2046 2538 exprimen-

463 2560 594 2614 dum.
624 2559 752 2614 illud
805 2561 951 2630 quod
989 2559 1297 2632 signiﬁcare
1319 2559 1432 2614 vult
1468 2561 1582 2630 ipse
1610 2559 1700 2629 qui
1742 2575 1862 2615 eam
1913 2563 2040 2629 pro-

463 2650 587 2705 fert.
640 2650 910 2723 (Ilieron.)
966 2651 1148 2722 Turba
1178 2651 1376 2723 quippe
1400 2667 1506 2707 non
1552 2653 1712 2716 unius
1757 2655 2044 2708 sententia:

463 2751 566 2805 est,
610 2743 705 2797 sed
739 2743 1077 2797 diversarum
1108 2743 1172 2797 in
1225 2743 1449 2814 singulis
1499 2742 1855 2798 voluntatum.
1895 2743 2045 2798 Unde

463 2831 704 2903 loquitur
735 2832 800 2887 ad
858 2847 980 2887 eam
1013 2831 1197 2887 multis
1234 2831 1529 2902 parabolis,
1585 2843 1643 2887 ut
1671 2842 1727 2887 et
1751 2832 1906 2901 juxta
1954 2850 2046 2887 va-
2085 2819 2091 2830 ”

462 2926 575 2980 rias
627 2924 934 2994 voluntates
976 2925 1223 2981 diversas
1281 2926 1545 2996 recipiant
1595 2929 1922 2996 disciplinas.
1979 2929 2050 2984 Et

466 3012 760 3070 notandum
803 3015 945 3085 quod
981 3031 1087 3070 non
1119 3017 1298 3071 omnia
1330 3017 1541 3072 locutus
1572 3028 1654 3072 est
1686 3019 1764 3073 eis
1793 3019 1845 3072 ln
1881 3035 2040 3086 para-

2149 1829 2310 1910 tionis
2359 1833 2587 1886 transitu
2633 1833 3003 1888 conculcatum
3050 1850 3082 1889 a
3116 1827 3454 1890 daemonibus
3497 1837 3721 1906 rapitur,

2145 1920 2233 1988 qui
2281 1929 2424 1977 recte
2449 1923 2695 1979 volucres
2733 1924 2876 1998 εαξη,
2912 1927 3025 1981 sive
3073 1927 3198 1996 quia
3221 1927 3466 1982 caelestis
3511 1928 3724 1996 spirita-

2146 2012 2315 2082 lisque
2343 2022 2469 2068 sunt
2499 2023 2729 2081 natura},
2759 2016 2871 2072 sive
2924 2017 3049 2086 quia
3079 2033 3176 2090 per
3201 2033 3328 2074 aera
3353 2019 3605 2083 volitant,
3633 2034 3721 2089 ap-

2145 2103 2426 2172 pellantur.

2214 2195 2334 2257 Alia
2358 2208 2526 2250 autent
2558 2198 2848 2253 ceciderunt
2875 2200 2928 2252 in
2955 2210 3181 2269 petrosa,
3225 2200 3311 2254 ubi
3340 2217 3444 2253 non
3467 2199 3719 2253 habebant

2143 2297 2336 2341 terram
2385 2290 2629 2355 multum,
2686 2303 2733 2345 et
2776 2293 3023 2346 continuo
3054 2303 3234 2347 exorta
3277 2303 3423 2358 sunt,
3466 2292 3593 2363 quia
3624 2309 3719 2345 non

2143 2376 2395 2445 habebant
2429 2377 2757 2434 altitudinem
2786 2389 2958 2436 terrm.
3011 2379 3132 2436 Sole
3168 2392 3349 2437 autem
3385 2391 3502 2436 or'to
3534 2391 3738 2436 astaram

2141 2476 2346 2531 verunt,
2395 2477 2442 2520 et
2471 2469 2594 2537 quia
2621 2487 2723 2522 non
2771 2469 3026 2524 habebant
3075 2473 3302 2525 radicem
3334 2483 3612 2526 aruerunt.
3660 2472 3721 2526 Et

2143 2554 2302 2623 hujus
2342 2561 2652 2629 mysterium
2679 2562 2899 2617 seminis
2935 2550 3199 2619 Dominus
3221 2565 3494 2635 exposuit.
3523 2565 3581 2618 In
3621 2580 3718 2634 qua

2142 2647 2392 2712 videlicet
2447 2653 2781 2721 expositione
2838 2654 3123 2720 discimus,
3187 2657 3716 2726 quia-nequaquam

2145 2738 2274 2808 ipsa:
2335 2757 2423 2796 res
2469 2744 2520 2797 in
2569 2761 2672 2798 una
2710 2746 3002 2816 eademque
3051 2747 3452 2816 signiﬁcatione
3512 2763 3720 2818 semper

2146 2830 2429 2900 allegorice
2464 2840 2752 2902 ponantur.
2811 2834 3050 2905 Namque
3076 2847 3283 2906 petram
3314 2838 3573 2893 duritiam
3599 2854 3718 2908 pro-

2149 2927 2311 2976 terva:
2356 2923 2572 2986 mentis,
2623 2933 2821 2979 terram
2845 2926 3119 2983 lenitatem
3163 2929 3358 2983 animze
3399 2929 3716 2990 obedientis.

2147 3011 2314 3066 solem
2341 3013 2470 3067 dicit
2516 3012 2783 3071 fervorem
2831 3020 3218 3086 persecutionis
3249 3021 3545 3085 saevientis,
3598 3037 3716 3075 cun.

464 3105 747 3170 bolis,‘sed
777 3077 961 3161 multa.
1002 3107 1059 3161 Si
1091 3108 1234 3162 enim
1278 3107 1504 3162 dixisset
1544 3117 1740 3162 cuncta
1773 3099 1826 3164 in
1877 3077 2038 3182 para—
2070 3077 2113 3138 C
2146 3100 2259 3172 ἱρεθ
2281 3102 2406 3156 alibi
2447 3103 2610 3177 solem
2638 3105 2691 3159 in
2714 3077 2853 3161 bono
2891 3116 3076 3176 ponat,
3108 3108 3294 3164 dicens
3325 3077 3716 3179 fulgere'juStos

463 3195 619 3262 bolis,
665 3195 867 3265 absque
902 3195 1262 3250 emolumento
1292 3196 1471 3265 populi
1501 3198 1871 3251 recessissent.
1912 3182 2043 3253 Per-

464 3287 670 3357 spicua.
712 3286 903 3340 miscet
940 3287 1205 3352 obscuris,
1249 3295 1306 3340 ut
1337 3300 1434 3356 per
1459 3302 1522 3341 ea
1547 3303 1666 3358 qua:
1717 3289 2038 3361 intelligunt,

467 3382 830 3447 provocentur
891 3377 958 3432 ad
1002 3393 1190 3433 eorum
1250 3378 1497 3434 notitiam
1550 3395 1668 3450 quae
1717 3397 1820 3436 non
1879 3384 2038 3437 intel-

463 3469 653 3539 ligunt.

533 3558 669 3614 Ecce
694 3560 818 3612 exiit
842 3562 932 3630 qui
955 3563 1177 3614 seminat
1218 3564 1492 3618 seminare.
1525 3565 1638 3635 Ipse
1680 3567 1938 3621 Dominus
1986 3568 2039 3621 in

463 3650 813 3720 sequentibus
853 3651 995 3706 hanc
1030 3651 1342 3721 parabolam
1366 3669 1659 3724 exponens,
1694 3673 1874 3711 semen
1918 3672 2041 3712 esse

463 3740 688 3794 verbum
724 3740 841 3804 Dei,
896 3742 1251 3796 seminantem
1307 3759 1436 3796 vero
1470 3745 1704 3813 seipsum
1744 3755 2038 3799 asseverat.

463 3829 616 3896 Quod
659 3847 788 3885 vero
814 3830 966 3894 dicit,
1011 3830 1145 3884 Ecce
1190 3833 1314 3884 exiit
1364 3835 1452 3902 qui
1492 3836 1710 3888 seminat
1763 3836 2040 3901 seminare,

465 3920 618 3974 nobis
660 3919 1007 3990 quaerendum
1041 3919 1276 3989 reliquit.
1304 3919 1451 3974 Exiit
1478 3936 1607 3992 ergo
1658 3923 1931 3978 seminans
1971 3924 2041 3978 ad

464 4011 837 4065 seminandum
900 4008 1047 4078 Quia
1091 4012 1349 4067 Dominus
1400 4013 1467 4068 de
1506 4014 1626 4068 sinu
1667 4014 1843 4070 Patris
1889 4030 2041 4086 egre-

464 4101 615 4154 diens
675 4100 824 4153 venit
899 4099 952 4152 in
1016 4100 1318 4164 mundum,
1379 4091 1719 4157 ac‘verbum
1769 4103 2037 4170 veritatis,

465 4191 607 4261 quod
654 4178 793 4262 apud
849 4191 1063 4247 Patrem
1115 4192 1266 4258 vidit,
1310 4193 1545 4248 humano
1592 4194 1776 4265 generi
1821 4195 1903 4250 vel
1938 4211 2039 4265 per

463 4296 520 4334 se
564 4281 756 4352 ipsum,
806 4281 886 4335 vel
941 4295 1037 4353 per
1090 4297 1183 4338 eos
1245 4298 1380 4352 quos
1437 4284 1669 4339 instituit
1714 4286 1826 4356 ipse
1869 4288 2034 4341 semi-

461 4371 626 4425 navit.
674 4369 832 4427 Juxta
882 4362 1023 4441 quod
1059 4373 1110 4429 in
1142 4372 1258 4442 ejus
1289 4359 1540 4432 laudibus
1577 4378 1713 4434 dicit
1741 4377 2031 4448 Habacuc:

461 4559 594 4613 tuos,
649 4550 700 4604 id
727 4559 828 4614 est,
875 4565 968 4604 eos
993 4566 1128 4620 quos
1164 4554 1417 4608 unctione
1458 4554 1691 4626 Spiritus
1723 4557 1798 4610 tui
1844 4572 2034 4611 conse-

461 4655 634 4703 crare,
675 4657 740 4695 ac
774 4642 846 4694 tui
879 4644 1054 4696 sancti
1080 4644 1314 4697 nominis
1343 4646 1636 4714 participes
1657 4646 1834 4702 facere
1853 4649 2035 4717 digna-

463 4731 564 4796 ris;
613 4730 693 4785 vel
747 4735 891 4787 Certe
928 4723 1071 4785 exiit’
1105 4733 1172 4787 ad
1199 4735 1595 4800 seminandum,
1637 4752 1756 4791 cum
1788 4745 1908 4805 post
1940 4753 2034 4793 vo-

463 4831 635 4875 catam
676 4824 742 4877 ad
803 4822 959 4877 ﬁdem
1002 4838 1154 4877 suam
1204 4831 1411 4893 partem
1459 4816 1740 4895 synagoga:
1787 4826 2030 4890 electam,

464 4911 531 4967 ad
577 4913 944 4967 collectionem
986 4929 1199 4983 quoque
1230 4915 1470 4985 gentium
1523 4917 1710 4987 gratiae
1739 4931 1848 4970 sua:
1896 4917 2033 4972 dona

465 5003 670 5059 diﬁ'udit
700 5005 876 5073 :_quud
920 5005 1090 5073 ipsum
1148 5007 1310 5060 etiam
1361 5021 1460 5062 suo
1491 5007 1680 5061 itinere
1715 5006 2034 5075 designavit,

461 5109 585 5150 cum
636 5100 758 5163 post
805 5094 1238 5162 praedicationem
1299 5095 1440 5149 domi
1491 5095 1725 5150 habitam
1773 5096 1839 5150 ad
1888 5112 2034 5151 mare

463 5186 611 5240 exiit.
667 5183 905 5254 Denique
974 5185 1026 5237 in
1087 5185 1244 5240 domo
1307 5187 1608 5256 praedicans
1653 5188 1913 5256 quosdam
1963 5189 2032 5243 ob

463 5277 809 5347 blasphemia:
835 5276 1143 5348 sutescelus
1171 5277 1539 5333 irreniissibile
1565 5280 1823 5344 deseruit,
1867 5274 2033 5384 quoe-

464 5368 584 5421 datu
613 5368 683 5434 ob
713 5367 1050 5422 devotionem
1087 5367 1538 5438 pietatismatrem
1570 5387 1721 5425 suam
1744 5367 2034 5442 appellavit

464 5465 516 5510 et
531 5454 723 5510 fratres
753 5475 765 5511 :
793 5457 930 5524 quod
955 5457 1310 5510 differentiam
1337 5457 1613 5513 manifeste
1635 5458 1830 5514 Judzea:
1853 5461 2029 5530 gentis

465 5547 734 5616 exprimit.
755 5547 806 5600 In
821 5563 924 5616 qua
942 5549 1091 5601 inulti
1117 5529 1341 5601 Domino
1367 5549 1608 5616 rebelles,
1635 5529 1871 5607 nonnulli
1897 5561 2024 5607 sunt

471 5633 642 5689 divina
657 5635 940 5706 adoptione
961 5638 1230 5707 condigni.

2061 4419 2112 4476 D

463 4459 632 4513 Existi
666 4461 719 4514 in
741 4460 966 4520 salutent
996 4461 1175 4532 populi
1200 4464 1298 4528 tui,
1331 4473 1386 4518 ut
1429 4465 1598 4520 salvos
1618 4466 1785 4536 facias
1813 4469 2031 4540 christos

2142 3188 2197 3244 in
2241 3189 2446 3254 futuro,
2482 3192 2634 3261 quasi
2665 3193 2831 3248 solem
2856 3194 2910 3248 in
2938 3211 3105 3265 regno
3129 3195 3305 3252 Patris
3335 3212 3546 3251 eorum.
3585 3198 3645 3250 Et
3669 3200 3715 3250 in

2143 3287 2414 3334 structura
2441 3281 2631 3336 domus
2673 3283 2930 3351 spiritalis
2959 3282 3265 3338 fodiendum
3305 3285 3358 3338 in
3386 3283 3578 3347 altum,
3612 3294 3714 3338 ter-

2143 3385 2259 3424 ram
2301 3371 2640 3441 ejiciendam,
2685 3381 2739 3427 et
2767 3360 2974 3442 petram
3027 3374 3079 3428 in
3129 3373 3481 3429 fundamento
3533 3377 3716 3429 docrat

2141 3478 2263 3518 esse
2289 3462 2566 3518 locandam
2599 3483 2612 3518 :
2652 3466 2753 3520 hoc
2781 3476 2864 3520 est
2911 3465 2979 3520 ab
3005 3467 3112 3521 imo
3151 3467 3333 3522 cordis
3363 3467 3484 3521 sinu
3517 3469 3712 3538 cegita-

2145 3555 2322 3609 tiones
2355 3563 2595 3610 terrenas
2643 3570 2762 3612 esse
2810 3559 3204 3629 expurgandas,
3253 3542 3310 3613 et
3347 3559 3712 3614 fortitudinem

2143 3644 2266 3699 ﬁdei
2295 3645 2532 3710 invictas,
2561 3662 2658 3716 pro
2684 3647 2768 3701 bis
2815 3648 2868 3702 in
2897 3647 3248 3703 fundamento
3277 3649 3542 3704 bonorum
3595 3667 3714 3719 ope-

2145 3749 2264 3787 rum
2291 3735 2632 3814 inserendam
2661 3746 2896 3792 moneat.
2945 3737 3002 3791 ln
3036 3739 3133 3792 hoc
3160 3754 3291 3808 ergo
3331 3738 3452 3793 loco
3495 3739 3714 3793 altitude

2143 3835 2326 3892 terrae,
2353 3842 2472 3897 quae
2495 3837 2857 3899 competenter
2882 3830 3093 3884 exculta
3127 3846 3310 3885 semen
3345 3833 3497 3885 verbi
3525 3833 3714 3886 debue-

2143 3923 2230 3969 rat
2265 3917 2537 3987 excipere,
2563 3919 2800 3987 probitas
2833 3929 2914 3974 est
2945 3915 3126 3982 animi,
3154 3921 3452 3990 disciplinis
3482 3921 3710 3977 caelesti-

2141 4005 2243 4062 bus
2269 4007 2512 4072 exerciti,
2558 4013 2718 4078 atque
2767 4010 2833 4064 ad
2884 4010 3290 4064 auscultandum
3337 4013 3711 4066 obedienduul-

2121 4114 2246 4182 ;que
2295 4099 2500 4172 divinis
2547 4101 2774 4170 eloquiis
2830 4101 3144 4172 regulariter
3195 4103 3445 4157 instituti.
3493 4103 3716 4175 Petrosa

2140 4206 2273 4246 vero
2324 4190 2462 4257 loca,
2516 4207 2635 4262 qua:
2679 4191 2826 4245 tenui
2876 4192 3081 4260 cespite
3121 4200 3364 4247 contecta
3405 4202 3712 4261 susceptum

2139 4300 2323 4340 semen
2382 4286 2492 4340 cito
2536 4284 2840 4355 germinare
2905 4293 3129 4354 queunt,
3197 4286 3291 4339 sed
3356 4286 3466 4339 vim
3518 4287 3712 4342 radicis

2141 4375 2364 4446 ﬁgenda:
2420 4391 2524 4431 non
2577 4378 2799 4441 habent,
2831 4377 2916 4430 illa
2958 4378 3212 4431 nimirum
3263 4389 3388 4432 sunt
3417 4380 3709 4447 prmcordia

2139 4487 2258 4540 qua:
2288 4471 2448 4526 nullis
2500 4471 2795 4540 disciplina:
2836 4473 3028 4526 studiis
3071 4472 3302 4535 erudita,
3349 4472 3511 4526 nullis
3545 4483 3708 4527 tenta-

2140 4561 2345 4615 tionum
2394 4561 2801 4632 probationibus
2848 4563 3109 4627 emollita,
3173 4563 3458 4618 dulcedine
3504 4566 3707 4618 tantum

2138 4650 2308 4706 auditi
2354 4652 2635 4716 sermonis,
2682 4667 2744 4704 ac
2770 4654 3048 4721 promissis
3075 4654 3384 4708 caelestibus
3424 4654 3493 4707 ad
3525 4655 3708 4709 horam

2140 4741 2497 4806 delectantur,
2551 4743 2642 4795 sed
2690 4743 2741 4796 in
2794 4752 3031 4812 tempore
3082 4745 3394 4799 ten’tationis
3433 4746 3708 4810 recedunt,

2141 4833 2267 4903 quia
2325 4839 2446 4890 eum
2491 4843 2918 4888 momentaneam
2985 4836 3222 4889 ccclesiis
3281 4835 3485 4890 oraculi
3529 4835 3710 4890 dulce-

2142 4924 2320 4977 dinem
2375 4924 2546 4976 insitzc
2601 4925 2699 4977 sibi
2762 4923 2944 4978 auster
2969 4925 3067 4977 tati
3119 4925 3500 4993 pnetendunt,
3558 4923 3708 4992 quasi

2141 5013 2271 5069 locis
2292 5015 2482 5069 semini
2519 5024 2704 5069 sancto
2736 5015 3005 5083 dcputatis
3052 5030 3300 5084 magnam
3325 5016 3562 5084 lapidum
3584 5031 3707 5070 cou-

2139 5107 2335 5176 geriem
2361 5121 2533 5177 pauco
2558 5117 2715 5162 terra:
2746 5109 2908 5161 humo
2929 5107 3186 5175 cooperit.
3209 5106 3337 5173 Qua:
3353 5107 3472 5161 ideo
3499 5108 3567 5161 ad
3599 5107 3708 5162 fru-

2139 5206 2282 5252 ctum
2298 5199 2580 5267 pervenire
2600 5197 2821 5266 justitize
2837 5213 2941 5250 non
2955 5197 3152 5261 valent,
3175 5199 3296 5265 quia
3313 5213 3505 5266 parum
3531 5199 3612 5254 eis
3635 5200 3703 5254 in-

2125 5287 2483 5362 testdesiderii
2515 5287 2786 5350 salutaris,
2810 5287 2950 5354 quod
2972 5301 3154 5340 semen
3182 5288 3303 5340 vitm
3316 5289 3620 5357 concipiat;
3653 5300 3708 5346 et

2141 5375 2364 5428 multum
2392 5376 2528 5431 inest
2562 5376 2771 5430 duritiae
2802 5375 3064 5441 nocentis,
3114 5393 3233 5446 qum
3285 5377 3482 5432 fructui
3514 5379 3708 5435 salutis

2136 5464 2382 5518 obsistat.

2207 5553 2325 5607 Alia
2356 5565 2526 5608 autem
2575 5558 2866 5610 ceciderunt
2896 5557 2947 5609 in
2993 5558 3188 5626 spinas,
3229 5569 3276 5611 et
3307 5569 3576 5614 creverunt
3600 5572 3706 5633 spt-

2136 5661 2238 5706 παι,
2285 5654 2334 5698 et
2359 5647 2743 5716 su/focaverunt
2795 5665 2874 5700 ea.
2911 5648 3133 5719 (Risum)
3182 5648 3376 5718 Spinas
3400 5659 3579 5704 autem
3624 5637 3708 5704 di-
