3938 6338
206 423 314 479 ’941

1166 434 1516 492 COMMENT.
1558 436 1622 490 IN
1663 437 2096 498 MATTIIJ'JUM.
2137 471 2201 482 -
2243 445 2369 501 LIB.
2412 448 2496 504 iV.

3366 471 3470 529 9.53

215 545 376 598 vittas
433 544 822 615 interpretatur
857 548 992 602 idem
1031 550 1297 607 Salvator.
1330 552 1438 609 Nec
1463 555 1655 608 mirum
1706 555 1782 609 vi-
1819 563 1865 619 Α
1894 556 2119 622 intrare,
2177 573 2351 629 neque
2383 573 2575 617 curant
2617 581 2937 638 cognoscere
2977 577 3278 649 veritatem,
3307 585 3460 644 ohllll

219 635 340 689 deri
373 635 532 689 debet
573 650 741 704 quare
781 639 950 709 spinis
975 642 1190 698 divitias
1229 648 1638 714 comparaverit,
1667 664 1786 704 cum

214 725 321 780 illa:
345 735 604 794 pungant,
649 726 766 784 ista:
799 729 1082 787 delectent.
1113 734 1276 788 Recte
1306 736 1450 790 enim
1478 739 1644 808 spinae
1691 757 1786 796 vo-

213 824 432 883 cantur,
499 822 624 888 quia
687 824 1070 894 cogitationum
1137 841 1355 880 suarum
1413 831 1788 898 punctionibus

210 919 451 965 mentem
493 911 748 968 lacerant.
779 915 994 972 Etcum
1046 933 1213 987 usque
1243 919 1310 973 ad
1360 931 1637 990 peccatum
1662 939 1786 992 pro-

213 1001 454 1067 trahunt,
505 1005 658 1073 quasi
704 1006 906 1061 inﬂicto
963 1007 1183 1062 vuln’ere
1240 1021 1545 1074 cruentent,
1602 1015 1790 1068 simul-

210 1105 320 1159 que
357 1104 659 1150 crescentes
712 1097 877 1165 spinaa
905 1106 1199 1153 sementem
1247 1100 1557 1158 sullocando
1584 1107 1649 1161 ad
1675 1105 1786 1161 fru-

208 1195 357 1237 ctum
409 1187 691 1254 pervenire
727 1203 834 1243 non
883 1189 1087 1254 sinunt,
1134 1191 1259 1260 quia
1306 1195 1648 1264 exaggeratio
1706 1198 1787 1252 di-

209 1273 468 1328 vitiarum
525 1284 759 1332 mentem
807 1277 1189 1347 strangulando
1215 1281 1486 1350 spiritales
1527 1283 1784 1340 virtutum

205 1362 416 1418 fructus
459 1366 676 1440 gignere
713 1381 819 1420 non
868 1367 1162 1451 permittit;
1192 1371 1317 1439 quin
1347 1373 1544 1442 potius,
1584 1374 1628 1428 si
1655 1376 1785 1445 quid

203 1454 500 1510 viriditatis
522 1457 718 1511 habere
744 1458 935 1525 potuit,
968 1459 1214 1529 squalore
1243 1464 1546 1533 aSperitatis
1582 1482 1691 1520 suae
1723 1468 1785 1520 il-

202 1544 295 1599 lud
314 1547 742 1601 transcendendo
762 1548 1036 1618 opprimit,
1058 1559 1111 1604 et
1135 1551 1347 1608 vitalem
1370 1569 1585 1609 succum
1609 1554 1784 1611 fundi-

203 1636 290 1691 tu‘s
315 1637 366 1690 in
395 1652 462 1693 eo
487 1637 769 1692 interimit.
963 1657 966 1661 ‘

269 1728 392 1781 Alia
413 1744 530 1795 vero
561 1730 857 1784 ceciderunt
877 1733 931 1786 in
951 1742 1141 1787 terram
1163 1735 1367 1799 bonam,
1392 1747 1439 1791 et
1462 1739 1655 1793 dabant
1676 1739 1786 1809 fru-

197 1823 361 1881 ctum,
379 1817 524 1870 aliud
537 1820 887 1885 centesimum,
907 1821 1052 1876 aliud
1064 1830 1458 1895 sexagesimum,
1476 1829 1622 1883 aliud
1636 1833 1784 1885 trice-

1892 645 2184 702 Dominicae
2234 655 2633 723 praeceptionis,
2662 660 2751 729 qui
2794 662 2943 718 habet
2986 684 3139 724 aures
3183 645 3454 747 audiendi,

1890 737 2096 790 audiat.

1963 825 2066 892 Qui
2094 831 2231 883 enim
2285 833 2436 887 habet
2479 837 2690 892 dabitur
2735 841 2803 906 ei,
2835 853 2883 896 et
2905 845 3204 905 abundabit.
3239 852 3344 919 Qui
3363 875 3461 914 au-

1888 930 1989 974 tem
2030 938 2132 974 non
2163 923 2338 988 habet,
2373 936 2420 980 et
2449 931 2585 999 quod
2621 933 2772 988 habet
2800 937 3070 1005 auferetur
3104 945 3170 997 ab
3193 962 3270 999 eo.
3300 947 3456 1017 Tota,

1888 1010 2085 1078 inquit,
2131 1013 2430 1073 intentione
2457 1022 2621 1076 verbo
2647 1027 2786 1093 quod
2833 1030 3028 1086 auditis
3073 1050 3288 1104 operam
3311 1010 3452 1106 date,

1889 1102 2013 1171 quia
2063 1105 2153 1172 qui
2195 1121 2435 1164 amorem
2471 1110 2632 1166 habet
2677 1117 2824 1170 verbi
2875 1102 3218 1191 dabiturilli,
3258 1139 3310 1185 et
3341 1148 3456 1188 sen-

1887 1205 1979 1245 sus
2010 1192 2339 1266 intelligendi
2391 1201 2532 1268 quod
2581 1212 2745 1258 amat.
2796 1208 2865 1262 At
2891 1212 2982 1280 qui
3023 1215 3171 1270 verbi
3217 1234 3454 1278 amorem

1887 1296 1994 1336 non
2033 1283 2217 1339 habet-
2239 1287 2512 1357 audiendi,
2557 1295 2766 1351 etiamsi
2813 1301 2893 1374 vel
2957 1308 3183 1362 naturali
3218 1311 3450 1385 ingenio,

1886 1373 1968 1426 vel
1997 1373 2259 1432 litterario
2286 1382 2343 1433 se
2371 1381 2566 1438 callere
2593 1389 2795 1454 putarit
2832 1373 3114 1462 exercitio,
3141 1373 3452 1464 nullavvera:

1886 1465 2158 1532 sapientiae
2204 1469 2485 1527 dulcedine
2512 1478 2781 1545 gaudebit.
2818 1481 2969 1548 Quod
3001 1490 3121 1543 etsi
3154 1496 3458 1562 specialiter

1885 1555 1951 1609 de
1973 1561 2230 1626 apostolis
2265 1565 2460 1634 quibus
2516 1572 2778 1629 charitatc
2809 1577 3017 1648 ﬁdeque
3057 1555 3240 1653 petitis
3271 1555 3453 1646 datum

1885 1655 1969 1700 est
2011 1664 2169 1704 nosse
2215 1658 2532 1725 mysterium
2576 1664 2729 1732 regni
2761 1665 2872 1731 Dei,
2907 1678 2963 1724 et
3012 1672 3080 1728 de
3125 1677 3347 1746 perfidis
3365 1681 3456 1738 Ju-

1885 1737 2012 1792 dzeis
2057 1742 2140 1808 qui
2169 1743 2222 1797 in
2271 1749 2542 1814 parabolis
2579 1753 2819 1812 videntes
2865 1776 2971 1815 non
2998 1737 3254 1824 videbant
3287 1783 3338 1827 et
3364 1791 3452 1830 au-

1885 1825 2091 1884 dientes
2115 1848 2217 1887 non
2245 1835 2629 1911 intelligebant,
2668 1850 2811 1915 quod
2851 1854 3093 1912 videlicet
3121 1825 3454 1925 littera—mle-

2415 1904 2441 1911 ν
2618 1904 2626 1909 ⁷
2685 1904 2697 1915 ⁵
2913 1904 3093 1912 "_""
3121 1904 3254 1918 -..δυ’
3270 1904 3355 1922 “III
3377 1904 3448 1925 ιυ-

197 1904 412 1960 simum.
434 1906 702 1982 (Hieron.)
724 1911 873 1966 Hanc
897 1915 1205 1982 parabolam
1240 1920 1302 1970 ad
1325 1923 1779 1990 comprobandam
1810 1919 1856 1977 B
1884 1917 1964 1985 gis
2005 1919 2058 1973 in
2083 1937 2243 1991 quam
2292 1927 2660 1995 gloriabantur
2706 1940 2954 1998 amissuri
2992 1960 3191 2015 essent,
3248 1956 3448 2015 dictum

197 1992 422 2015 L__--!A_
476 2013 524 2015 κη
545 2014 554 2015 κ
654 2000 696 2015 Iv
735 2000 747 2015 I
825 2003 858 2015 ,υ
1038 2013 1044 2015 .
1191 2007 1200 2015 .
1452 2012 1461 2015 _
1525 2010 1550 2015 ..

193 1992 429 2050 hacresin
469 2013 622 2052 suam
654 2000 976 2058 Valentinus
1002 2007 1249 2071 aSsumit,
1305 2019 1413 2064 tres
1449 2010 1776 2069 inducendus

193 2097 317 2142 esse
341 2098 579 2154 naturas,
610 2093 930 2163 spiritalem,
957 2099 1263 2165 animalem,
1294 2112 1455 2173 atque
1482 2114 1772 2174 terrenam,

193 2192 322 2234 cum
353 2180 438 2236 hic
466 2192 700 2254 quatuor
741 2187 871 2252 sint,
895 2206 1000 2244 una
1023 2191 1176 2262 juxta
1209 2195 1371 2260 viam,
1409 2197 1512 2251 alia
1539 2208 1771 2267 petrosa,

192 2271 352 2336 tertia
374 2271 526 2342 plena
554 2275 742 2344 spinis,
770 2288 960 2346 quarta
989 2290 1147 2336 terra:
1169 2284 1340 2340 bonae.
1373 2285 1583 2359 (Beda.)
1609 2290 1774 2344 Terra

188 2362 356 2428 bona,
387 2364 488 2419 hoc
515 2367 620 2432 est,
647 2367 818 2424 fidelis
845 2373 1137 2444 electorum
1157 2375 1503 2443 conscientia,
1525 2383 1774 2437 omnibus

187 2451 368 2508 tribus
406 2462 563 2509 terra:
620 2472 847 2528 nequam
892 2464 1242 2532 proventibus
1292 2471 1560 2525 contraria
1620 2471 1767 2536 facit,

188 2543 318 2610 quia
341 2551 394 2597 et
422 2548 853 2602 commendatum
880 2552 980 2605 sibi
1010 2567 1193 2607 semen
1231 2556 1376 2610 verbi
1421 2557 1649 2614 libenter
1673 2577 1769 2614 ex-

184 2630 343 2699 cipit,
388 2639 444 2686 et
494 2644 775 2703 exceptum
813 2638 952 2694 inter
981 2641 1208 2697 adversa
1256 2660 1318 2699 ac
1353 2662 1608 2716 prospera
1641 2665 1770 2704 con-

183 2730 238 2775 st
274 2731 398 2778 nter
444 2725 511 2779 ad
562 2724 768 2783 fructus
818 2746 986 2800 usque
1024 2743 1260 2803 tempora
1288 2752 1587 2795 conservat.
1634 2742 1770 2796 Fru-

181 2807 615 2870 etiﬁcatfautem
662 2827 718 2872 et
783 2818 912 2875 facit
963 2839 1127 2878 unum
1189 2829 1439 2897 triginta,
1493 2843 1548 2886 et
1600 2830 1767 2890 unum

180 2898 500 2972 sexaginta,
549 2912 603 2959 et
662 2923 826 2962 unum
880 2920 1095 2967 centum
1146 2934 1157 2967 :
1219 2917 1465 2988 triginta,
1499 2922 1765 2990 videlicet,

179 3003 309 3044 cum
372 2991 529 3046 ﬁdem
606 3005 805 3051 sanctae
873 2998 1149 3058 Trinitatis
1223 3007 1515 3064 electorum
1595 3017 1768 3068 cordi~

176 3080 282 3134 bus
326 3081 596 3153 insinuat;
656 3090 963 3160 sexaginta,
1012 3111 1132 3149 cum
1173 3099 1557 3167 perfectionem
1610 3107 1766 3164 docet

174 3170 334 3228 bona:
392 3178 771 3245 operationis:
821 3199 945 3237 nam
991 3189 1116 3256 quia
1170 3190 1225 3244 in
1283 3196 1502 3249 senario.
1537 3213 1762 3255 numero

173 3264 366 3320 mundi
390 3276 616 3323 ornatus
636 3272 880 3340 expletus
897 3287 998 3340 est,
1025 3287 1168 3333 recte
1194 3297 1291 3350 per
1307 3285 1447 3339 hunc
1471 3287 1610 3342 bona
1634 3307 1756 3360 ope-
1787 3272 1830 3333 (ἶ

172 3355 317 3408 ratio
344 3356 687 3428 designatur;
722 3371 936 3419 centum
961 3383 1083 3421 cum
1113 3369 1165 3423 in
1191 3373 1462 3430 universis
1490 3392 1608 3446 quae
1632 3381 1743 3450 agi-

172 3459 316 3510 mus,
357 3453 645 3518 quaerenda
689 3456 843 3512 nobis
869 3458 1118 3531 inregno
1160 3464 1363 3520 cmlesti
1388 3470 1606 3536 praemia
1663 3473 1754 3528 de-

169 3546 462 3593 monstrat.

243 3623 351 3690 Qui
376 3628 526 3682 habet
567 3647 720 3686 aures
745 3636 1014 3702 audiendi,
1047 3640 1251 3694 audiat.
1277 3642 1498 3710 Quoties
1519 3650 1633 3706 haec
1660 3655 1754 3708 ad-
1783 3685 1790 3688 η

172 3715 592 3783 monitiuncula,
647 3722 731 3776 vel
773 3724 824 3777 in
877 3725 1183 3797 Evangelio,
1232 3731 1312 3784 vel
1352 3734 1404 3787 in
1427 3737 1751 3811 Apocalypsi

165 3803 396 3862 Joannis
417 3808 796 3880 interponitur,
816 3819 1097 3887 mysticum
1121 3837 1239 3877 esse
1262 3824 1362 3880 hoc
1377 3831 1517 3897 quod
1535 3831 1748 3900 dicitur,

166 3905 339 3967 atque
367 3900 434 3952 ad
463 3903 786 3960 audiendum
813 3909 1237 3982 discendumque
1267 3917 1481 3975 salubre
1508 3923 1748 3981 insinua-

169 3995 280 4041 tur.
339 3990 513 4047 Aures
564 3995 708 4049 enim
766 3999 1036 4067 audiendi,
1081 4020 1240 4060 aures
1269 4019 1397 4064 sunt
1445 4015 1643 4080 cordis,
1697 4027 1753 4072 et

162 4097 361 4139 sensus
409 4087 678 4145 interioris
735 4107 863 4150 aure
920 4096 1200 4155 obediendi
1252 4112 1306 4158 et
1359 4105 1589 4166 faciendi
1631 4130 1750 4183 qum

155 4172 312 4242 iussa
338 4186 482 4232 sunt.

234 4267 308 4322 Et
327 4271 629 4328 accedentes
651 4275 896 4348 discipuli
917 4282 1162 4339 dixerunt
1182 4288 1227 4342 ei
1251 4303 1269 4341 :
1297 4291 1470 4356 Quare
1508 4295 1561 4348 in
1584 4313 1746 4366 para-

161 4360 298 4416 bolis
347 4361 574 4434 loqueris
597 4369 714 4422 eis?
750 4367 1018 4444 (Hieron.)
1063 4377 1421 4444 Quaerendum
1477 4360 1747 4456 quomodo

159 4454 431 4509 accedunt
455 4450 526 4510 ad.
550 4472 675 4512 eum
731 4461 978 4533 discipuli
1007 4466 1140 4536 ejus,
1194 4487 1314 4526 cum
1338 4474 1494 4531 Jesus
1537 4478 1589 4532 in
1622 4483 1746 4535 navi

157 4546 422 4601 sedebat?
451 4548 562 4604 Nisi
589 4550 728 4606 forte
757 4554 1158 4628 intelligendum
1177 4564 1356 4632 detur,
1378 4569 1519 4638 quod
1542 4571 1742 4627 dudum

156 4653 285 4692 eum
319 4639 436 4707 ipSo
471 4642 652 4695 navim
710 4651 1172 4718 conscenderint,
1203 4664 1257 4709 et
1305 4658 1378 4713 ibi
1427 4669 1630 4717 stantes
1660 4664 1740 4718 in-

157 4730 432 4785 trinsecus
499 4748 662 4802 super
717 4736 1160 4809 interpretatione
1231 4752 1497 4818 parabola:
1548 4748 1737 4811 scisci-

154 4822 253 4875 tati
275 4821 402 4876 sint.

229 4911 335 4978 Qui
356 4917 668 4985 respondens
691 4921 764 4973 ait
788 4921 892 4976 illis
919 4938 937 4975 .'
967 4925 1104 4991 Quia
1131 4930 1269 4984 vobis
1292 4933 1475 4988 datum
1489 4949 1564 4990 est
1588 4956 1737 4995 nosse

152 5006 403 5074 mysteria
439 5010 582 5078 regni
602 5010 868 5079 cwlorum,
919 5015 1023 5071 illis
1059 5030 1231 5075 autem
1269 5042 1372 5080 non
1413 5039 1487 5082 est
1528 5035 1732 5086 datum.

150 5092 370 5150 Marcus
395 5096 466 5150 ita
495 5099 626 5154 dicit
649 5115 664 5154 :
688 5101 795 5156 illis
817 5095 987 5160 autem
1015 5111 1102 5174 qui
1125 5112 1253 5181 foris
1273 5101 1416 5183 sunt,
1439 5119 1490 5172 in
1513 5124 1737 5190 parabo-

147 5188 218 5241 lis
241 5192 418 5244 omnia
442 5191 579 5262 ﬁunt
598 5193 787 5265 (Marc.
824 5200 918 5271 iv).
951 5202 1132 5277 (ΚΑΒ.)
1159 5208 1385 5280 Ideoque
1414 5222 1467 5280 et
1494 5188 1591 5271 nos
1613 5233 1735 5274 cum

147 5280 434 5349 discipulis
482 5283 684 5340 Christi
726 5287 991 5348 intremus
1035 5296 1088 5349 in
1127 5305 1489 5358 sanctuarinm
1522 5308 1637 5373 Dei,
1673 5318 1733 5365 ut

145 5369 517 5442 intelligamus
558 5375 613 5429 in
644 5379 938 5436 novissima
988 5391 1368 5457 mysteriorum
1401 5399 1550 5467 regni
1610 5400 1724 5456 Dei.

144 5458 285 5513 Nam
309 5463 400 5530 qui
446 5469 879 5540 appropinquant
905 5479 1129 5545 pedibus
1165 5481 1302 5550 ejus,
1347 5458 1615 5558 accipient
1659 5493 1726 5547 de

150 5550 399 5605 doctrina
430 5552 592 5622 illius,
625 5558 867 5616 dicentes
890 5580 1010 5618 cum
1033 5567 1317 5626 Psalmista
1343 5592 1356 5627 :
1385 5550 1574 5631 Reivela
1606 5596 1730 5632 ocu-

142 5646 226 5698 los
269 5651 495 5710 nostros,
536 5655 587 5700 et
615 5652 1062 5711 considerabimus
1105 5662 1367 5716 mirabilia
1409 5666 1473 5718 de
1499 5666 1606 5736 lege
1635 5678 1725 5722 tua

141 5726 321 5802 (Psal.
368 5733 577 5806 cxvtn).
621 5735 785 5794 Recte
833 5742 1012 5813 itaque
1066 5747 1117 5800 in
1166 5752 1439 5819 parabolis
1481 5726 1722 5824 audiunt,

138 5821 211 5873 ετ
251 5811 650 5897 ἱιϊωῃὶειηεης,
682 5829 774 5897 qui
815 5831 1012 5888 clausis
1055 5839 1303 5895 sensibus
1353 5843 1530 5899 cordis
1554 5861 1725 5915 neque

1881 2009 2143 2076 videatur,
2194 2026 2374 2084 potest
2423 2030 2602 2079 tamen
2652 2035 2706 2082 et
2735 2034 3059 2099 generaliter
3105 2009 3298 2113 accipi,
3329 2051 3453 2118 quia

1878 2101 2128 2158 nimirum
2160 2121 2301 2178 smpe
2327 2110 2632 2181 ingeniosus
2658 2118 2825 2176 lector
2854 2126 3176 2199 .negligendo
3200 2149 3258 2190 se
3279 2101 3454 2206 privat

1878 2200 2161 2267 sapientia,
2217 2219 2376 2288 quam
2423 2210 2648 2280 simplex
2679 2217 2774 2272 sed
2822 2223 3092 2282 studiosus
3126 2230 3453 2294 elaboraudo

1875 2288 2148 2359 degustat.
2204 2293 2405 2369 (ϐπ-ες.)
2449 2301 2652 2360 Idcirco
2677 2317 2854 2365 autem
2885 2329 3024 2384 saepe
3070 2328 3125 2374 et
3153 2288 3450 2387 desidiosus

1878 2377 2151 2448 ingenium
2177 2387 2393 2457 accipit,
2413 2401 2470 2446 ut
2500 2393 2566 2448 de
2597 2398 2919 2468 negligentia
2944 2377 3144 2471 iustius
3168 2417 3444 2487 puniatur,

1875 2469 1999 2536 quia
2030 2473 2171 2540 quod
2203 2475 2321 2531 sine
2358 2478 2540 2537 labore
2569 2490 2780 2557 assequi
2831 2495 3004 2562 potuit
3049 2469 3188 2557 scire
3215 2469 3447 2565 contem:

1875 2558 1971 2611 nit.
2003 2560 2068 2614 Et
2096 2563 2297 2620 idcirco
2335 2585 2720 2644 nonnunquam
2753 2558 3024 2644 studiosus
3071 2595 3324 2653 tarditate
3366 2602 3444 2656 in-

1873 2649 2178 2720 telligentia:
2220 2662 2510 2728 premitur;
2569 2677 2628 2722 ut
2673 2686 2738 2726 eo
2775 2675 2974 2749 majora
3023 2687 3242 2750 puemia
3287 2695 3446 2748 retri—

1872 2737 2108 2797 butionis
2139 2747 2398 2816 inveniat,
2431 2768 2536 2822 quo
2567 2762 2735 2831 magis
2785 2745 2960 2822 studio
2990 2770 3311 2835 inventionis
3333 2783 3442 2838 ela-

1871 2829 2049 2885 horat.

1865 3291 2130 3359 videntes,
2161 3299 2274 3352 sive
2302 3304 2580 3361 audientes
2607 3311 2965 3382 :cstimabant,
3009 3329 3064 3373 et
3095 3338 3191 3378 suo
3221 3327 3436 3400 ingenio

1858 3384 2195 3442 confidentes
2225 3395 2403 3447 omnia
2448 3408 2653 3454 secreta
2691 3402 2884 3460 divina:
2925 3412 3244 3472 eruditionis
3267 3384 3438 3488 pene-

1857 3484 2000 3532 trare
2028 3495 2085 3534 se
2121 3497 2276 3550 posse
2320 3488 2745 3561 arbitrabantur,
2795 3506 2850 3551 et
2886 3501 2954 3554 ob
2983 3504 3085 3560 hoc
3120 3484 3433 3580 magisterio

1856 3569 2062 3625 cmlesti
2091 3588 2149 3627 se
2175 3577 2404 3635 subdere
2436 3583 2722 3652 nolebant,
2764 3590 3094 3661 simplicibus
3121 3608 3174 3654 et
3210 3569 3430 3664 humili-

1853 3659 1955 3718 bus
1985 3668 2508 3746 mysteria’cmlestia
2539 3683 2973 3750 agnoscentibus,
3016 3689 3114 3758 ipsi
3147 3698 3300 3752 vacui
3345 3701 3429 3755 in-

1855 3754 2064 3808 tellectu
2093 3759 2318 3827 spiritali
2349 3779 2706 3824 remanerent.
2741 3772 2760 3845 (
2777 3754 3050 3850 Hieron.)-
3069 3781 3150 3837 De
3182 3787 3263 3842 his
3284 3754 3428 3848 enim

1855 3843 1970 3900 haec
1993 3845 2268 3932 loquitur,
2302 3855 2393 3922 qui
2427 3864 2572 3914 stant
2607 3861 2661 3915 in
2698 3843 2897 3932 littore,
2942 3843 3332 3933 ut'divitLantur
3358 3883 3427 3936 ab

1852 3931 2003 4000 Jesu,
2047 3947 2102 3992 et
2132 3929 2308 3996 sonitu
2350 3943 2607 4004 ﬂuctuum
2651 3929 3023 4027 perstrepente
3059 3980 3163 4020 non
3207 3970 3429 4027 audiant

1852 4029 2055 4100 aliquid
2082 4049 2268 4090 eorum
2294 4052 2413 4107 quae
2436 4041 2703 4100 dicuntur.

1923 4120 1994 4173 Et
2021 4125 2393 4195 adimplebitur
2421 4131 2475 4185 in
2521 4136 2593 4189 eis
2623 4135 2783 4192 Isaia:
2813 4150 3116 4213 propnetia,
3163 4150 3380 4208 dicentis
3407 4168 3427 4208 :

1851 4210 2048 4265 Audita
2075 4216 2330 4292 audietis,
2359 4231 2406 4273 et
2441 4239 2543 4277 non
2575 4210 2918 4299 intelligetis;
2938 4247 2986 4288 et
3013 4210 3243 4296 videntes
3281 4247 3424 4300 vide-

1851 4299 1987 4366 bitis,
2036 4314 2083 4356 et
2128 4322 2229 4360 non
2258 4310 2493 4366 videbitis
2517 4315 2648 4384 (lsa.
2682 4321 2777 4382 γι).
2821 4322 2946 4380 Haec
2988 4329 3053 4383 de
3100 4335 3270 4390 turbis
3294 4353 3423 4407 pro-

1849 4392 2066 4480 phetata
2103 4406 2246 4463 sunt,
2279 4416 2397 4469 qua:
2429 4412 2572 4460 stant
2615 4411 2670 4462 in
2706 4403 2892 4468 littore
2931 4426 2984 4470 et
3024 4421 3115 4475 Dei
3159 4441 3264 4478 non
3294 4392 3418 4483 ine-

1851 4493 2038 4538 rentur
2061 4489 2244 4544 audire
2276 4506 2578 4550 sermonem
2597 4515 2767 4568 ;.qu:e
2793 4503 2990 4560 habent
3018 4511 3206 4577 visum,
3244 4525 3296 4569 et
3325 4533 3421 4571 au-

1849 4571 2016 4626 ditum
2048 4579 2289 4646 corporis
2327 4583 2692 4651 extrinsecus,
2726 4598 2781 4643 et
2814 4595 3133 4664 semetipsos
3174 4602 3418 4669 privave-

1848 4674 1972 4719 runt
2014 4668 2129 4730 visu
2159 4665 2230 4725 'et
2265 4673 2448 4729 auditu
2493 4680 2669 4734 cordis
2710 4682 3050 4743 intrinsecus.
3102 4691 3178 4747 De
3223 4699 3418 4766 quibus

1845 4757 2022 4812 adhuc
2061 4761 2339 4820 subditur:

1915 4847 2274 4906 lnrrassatum
2308 4866 2381 4909 est
2418 4858 2552 4928 enim
2590 4878 2680 4914 cor
2708 4865 2885 4933 populi
2916 4868 3075 4938 hujus
3105 4882 3152 4925 et
3198 4875 3416 4943 auribus

1839 4940 2069 5006 graviter
2113 4943 2427 5012 audierunt,
2479 4950 2527 5001 et
2568 4952 2744 5005 Oculos
2797 4972 2917 5010 suos
2963 4959 3296 5032 clauserunt,
3351 4988 3417 5024 ne

1837 5030 2048 5097 quando
2077 5033 2240 5087 oculis
2287 5038 2513 5103 videant,
2553 5053 2601 5094 et
2637 5045 2850 5100 auribus
2883 5051 3125 5119 audiant,
3167 5067 3216 5110 et
3258 5065 3416 5118 corde

1836 5116 2150 5189 intelligant,
2195 5135 2242 5177 et
2278 5141 2669 5197 convertantur,
2721 5146 2768 5188 et
2811 5155 2991 5195 sanem
3029 5161 3114 5199 eos
3162 5148 3412 5227 (Mum)

2087 5220 2098 5227 _
2298 5224 2304 5227 _
2452 5219 2471 5227 -
2533 5223 2544 5227 _

1840 5205 2196 5266 lncrassatum
2228 5224 2312 5270 est
2332 5233 2425 5271 cor
2443 5219 2748 5279 Judzeorum
2780 5233 3138 5292 crassitudine
3169 5205 3408 5309 malitiae:

1834 5387 2066 5454 fuerunt,
2086 5403 2140 5447 et
2164 5410 2378 5466 semper
2399 5405 2733 5462 contentiose
2753 5422 2976 5480 egerunt
3001 5426 3187 5472 contra
3209 5420 3399 5487 Deum.

1829 5480 1910 5533 Ad
1932 5496 2064 5549 quos
2093 5484 2208 5553 ipse
2233 5486 2492 5546 Dominus
2523 5509 2619 5563 per
2640 5497 2958 5569 Prophetam
2981 5505 3108 5560 dicit
3133 5525 3144 5560 :
3178 5485 3402 5570 Peccata

1828 5579 1998 5622 vestra
2027 5587 2272 5642 separant
2303 5579 2442 5634 inter
2468 5600 2548 5638 me
2571 5597 2621 5640 et
2652 5605 2737 5642 vos
2769 5590 2918 5662 (Jer.
2953 5599 3098 5664 ιιι).
3151 5599 3403 5662 Graviter

1827 5659 1970 5712 enim
2005 5661 2104 5732 ipsi
2131 5668 2295 5722 verba
2321 5671 2532 5729 Domini
2564 5679 2864 5746 audierunt,
2887 5686 3011 5752 quia
3042 5687 3248 5759 ingrate
3276 5710 3400 5751 sus-

1826 5763 2101 5819 ceperunt.
2143 5756 2448 5832 Oculosque
2477 5782 2601 5822 suos
2627 5769 2954 5838 clauserunt,
2982 5779 3104 5848 quia
3144 5767 3393 5842 intuitum

1828 5847 2025 5901 mentis
2052 5862 2161 5903 suae
2193 5851 2455 5911 velamine
2495 5859 2707 5915 invidia:
2736 5871 2788 5916 et
2842 5847 3156 5934 ignorantiae
3183 5875 3376 5931 obtese
