3938 6320
293 278 403 332 945

1154 338 1162 346 ,
1240 279 1587 334 (ἱΟΜΜΕΝΐ.
1632 278 1694 331 lN
1721 277 2165 332 MATTHJ‘ZUM.
2209 309 2275 317 ——
2315 279 2438 331 ΜΒ.
2481 279 2562 333 ιγ.

3416 283 3515 337 946

291 392 601 449 ﬂcationcm
645 393 878 447 caelestis
913 392 1049 461 juris
1084 394 1288 461 peritus
1324 396 1575 448 ostendit.
1624 393 1730 447 Nec
1764 394 1858 446 ali-
1885 394 1935 460 Λ
1952 390 2178 459 junctio,
2207 406 2260 448 et
2285 375 2438 463 quasi
2466 393 2907 448 molli-seosculo
2928 394 3307 464 complectens,
3333 407 3387 450 et
3414 395 3515 452 ite—

291 485 424 552 qnid
455 499 518 536 eo
544 483 765 549 melius,
803 499 899 539 nec
928 485 1126 553 aliquid
1154 487 1544 553 competentius
1570 487 1853 556 quisquam

293 572 634 639 interpretari
681 583 872 643 potest.
905 574 1071 645 Igitur
1117 590 1276 645 super
1306 586 1540 645 petrosa,
1588 578 1718 630 etin
1750 579 1857 648 spi-

293 663 403 727 nis,
433 670 491 715 ut
518 662 773 721 Dominus
798 665 1049 729 ostendit,
1083 660 1412 719 seminantur
1442 667 1493 720 hi
1517 707 1531 731 ,
1571 669 1659 736 qui
1688 669 1856 723 auditi

290 753 509 819 quidem
539 752 686 808 verbi
723 763 778 809 et
814 755 1099 807 utilitatem
1129 737 1394 822 'probant,
1439 765 1494 809 et
1531 757 1854 811 desiderium

288 850 529 912 gnstant,
559 845 651 899 sed
681 859 752 918 ne.
776 844 841 899 ad
874 843 923 897 id
954 845 1114 912 quod-
1127 846 1355 913 probant
1385 847 1729 914 perveniant,
1757 849 1854 900 hu-

285 931 378 1000 ius
421 932 543 987 vita:
584 947 676 988 eos
707 934 790 988 vel
830 934 1086 999 adversa,
1137 935 1403 1000 terrendo,
1449 936 1532 990 vel
1577 947 1850 1006 prcspera,

286 1021 649 1097 blandiendo,
676 1024 970 1078 retardant.
1002 1023 1199 1078 Contra
1243 1039 1360 1094 quae
1388 1033 1616 1097 utraque
1661 1029 1853 1083 damna

287 1122 474 1162 semen
502 1092 649 1179 quod
674 1120 954 1179 acceperat
989 1112 1148 1165 tutari
1185 1092 1439 1181 curabat,
1477 1092 1566 1183 qui
1598 1119 1676 1169 ait
1705 1135 1716 1168 :
1748 1116 1854 1171 Per

285 1217 441 1255 ama
470 1201 693 1270 iustitia:
727 1218 759 1254 a
798 1201 993 1256 dextris
1035 1213 1084 1266 et
1127 1205 1373 1269 sinistris,
1408 1223 1498 1276 per
1537 1206 1758 1276 gloriam
1792 1219 1854 1277 et

282 1290 659 1360 ignobilitatem
684 1321 712 1358 ,-
751 1309 841 1361 per
886 1292 1180 1361 infamiam,
1225 1302 1273 1347 et
1318 1294 1504 1348 bonam
1533 1296 1750 1365 famam,
1796 1309 1850 1352 ut

282 1382 583 1436 scductores
617 1392 666 1436 et
703 1400 923 1460 _veraces
950 1389 968 1453 (
999 1383 1059 1436 II
1095 1382 1218 1439 Cor.
1250 1402 1301 1439 vr
1329 1386 1368 1457 ).
1410 1386 1502 1446 llis
1531 1403 1657 1460 ergo
1684 1389 1852 1444 tribus

282 1479 449 1525 terra:
485 1455 772 1542 generibus
805 1473 942 1528 scito
968 1489 1185 1540 omnes,
1223 1455 1850 1545 qui’Verbum‘auditum

282 1576 392 1614 non
425 1559 626 1615 faciunt
668 1559 786 1618 esse
815 1563 1068 1634 signatos.
1104 1563 1331 1620 Attende
1368 1567 1496 1636 quid
1533 1567 1730 1622 dictum
1759 1569 1847 1633 sit,

279 1647 530 1704 continuo
551 1651 960 1706 scandalizatur.
997 1655 1092 1710 Est
1118 1669 1246 1724 ergo
1268 1655 1445 1725 aliqua
1483 1656 1736 1711 distantia
1770 1658 1844 1712 in-

1959 485 2151 539 dcrans
2167 486 2433 563 \maritum
2474 485 2644 559 pingit
2679 493 2733 540 et
2765 484 3062 558 coniugem.
3111 485 3398 557 Sexaginta
3446 489 3515 544 ad

1959 575 2167 639 viduas,
2198 589 2261 629 eo
2286 575 2425 647 quod
2457 567 2510 628 in
2545 569 2879 647 angustia'et
2911 576 3252 632 tribulatione
3272 579 3384 633 sint
3414 593 3510 650 po-

1956 665 2072 720 sitte
2123 685 2134 718 :
2176 665 2315 719 unde
2363 673 2418 720 ct
2464 665 2514 718 in
2569 667 2845 735 superiOre
2893 665 3058 737 digito
3108 667 3504 736 deprimuntur;

1956 765 2261 825 quantoque
2303 748 2472 823 major
2518 764 2601 810 est
2637 756 2916 811 diliicultas
2958 764 3192 826 expertae
3239 758 3508 826 quondam

1954 846 2240 915 voluptatis
2287 847 2549 902 illecebris
2585 848 2868 913 abstinere,
2907 857 3053 904 tanto
3093 849 3264 919 majus
3295 859 3347 904 et
3376 865 3513 919 pnes

1954 935 2140 988 mium.
2175 935 2341 990 Porro
2367 937 2690 991 centesimus
2717 951 2971 1014 numerus
3002 954 3178 1007 qnmso
3207 939 3525 1010 diligentes,

1954 1024 2140 1090 lector,
2170 1028 2405 1088 attende,
2426 1042 2474 1102 4a
2503 1027 2720 1081 sinistra
2761 1027 3082 1081 transfertur
3111 1031 3174 1099 ad
3210 1029 3505 1095 dexteram,

1951 1124 2008 1172 et
2047 1116 2248 1171 eisdem
2295 1117 2508 1185 quidem
2561 1117 2769 1186 digitis,
2805 1117 2896 1172 sed
2945 1133 3050 1171 non
3099 1106 3282 1172 eadem
3326 1136 3505 1184 manu,

1952 1206 2145 1274 quibus
2177 1206 2227 1258 in
2263 1204 2389 1259 laeva
2421 1221 2579 1258 manu
2612 1212 2784 1275 nupta:
2818 1205 3202 1275 signiﬁcantur,
3244 1216 3296 1261 et.
3338 1210 3509 1264 vitluze
3577 1201 3582 1205 “

1952 1297 2206 1351 circulum
2245 1295 2446 1358 faciens
2471 1298 2723 1367 exprimit
2749 1299 3070 1369 virginitatis
3093 1316 3370 1355 coronam.
3403 1303 3513 1357 Alii

1953 1394 2052 1452 ter,
2082 1393 2318 1448 centum,
2369 1388 2459 1456 qui
2488 1390 2844 1457 computando
2869 1405 2897 1444 a
2935 1391 3150 1445 sinistra
3183 1391 3514 1447 transferun-

1952 1484 2041 1530 tur
2079 1478 2144 1531 ad
2185 1477 2479 1542 dexteram,
2516 1487 2663 1533 recte
2702 1479 2754 1533 in
2804 1479 3194 1551 significatione
3236 1492 3513 1551 ponuntur

1950 1577 2218 1636 perpetuae
2263 1570 2631 1635 beatitudinis,
2675 1571 2933 1642 siquidem
2981 1573 3224 1644 triginta,-
3258 1584 3311 1628 et
3356 1590 3522 1630 serat

1951 1657 2195 1736 ginta’in
2240 1659 2369 1713 lzeva
2416 1660 2593 1716 adhuc
2644 1676 2806 1714 manu
2858 1663 3232 1729 continrntur,
3292 1674 3510 1721 centum

281 1745 371 1792 ter
402 1737 524 1794 eum
568 1741 656 1809 qui
703 1742 882 1796 multis
923 1732 1355 1800 tribulationibus
1388 1747 1665 1817 pomisque
1698 1763 1846 1802 com-
1875 1760 1922 1819 Β
1951 1732 2228 1804 transeunt
2253 1749 2318 1805 ad
2352 1749 2647 1805 dexteram.
2688 1750 2942 1818 Quamvis
2971 1754 3111 1809 enim
3137 1770 3326 1826 magna
3355 1739 3510 1822 fides,

278 1829 500 1896 pellitur
526 1828 797 1884 Christum
821 1847 1036 1901 negare,
1057 1843 1113 1887 et
1132 1847 1252 1888 eum
1276 1836 1365 1904 qui
1397 1836 1466 1890 ad
1492 1838 1845 1906 propinquam

277 1916 619 1985 primamque
660 1914 1085 1986 persecutionem
1127 1923 1307 1977 statim
1339 1925 1738 1981 scandalizatur
1794 1935 1849 1982 et

276 2006 505 2059 corruit.
548 2008 676 2061 Item
723 2009 878 2079 hujus
906 2010 1087 2066 mundi
1122 2013 1335 2068 divitias
1371 2030 1708 2086 nequaquam
1737 2019 1845 2074 Do-
1881 2024 1884 2028 λ

274 2095 459 2149 minus
488 2097 719 2162 divitias,
754 2099 846 2152 sed
874 2098 1090 2156 fallaces
1119 2102 1333 2159 divitias
1362 2106 1612 2175 appellat.
1643 2105 1845 2181 (Greg.)

224 2237 234 2241 _
277 2182 524 2240 Fallaces
547 2188 688 2240 enim
734 2196 876 2252 sunt,
919 2206 1044 2260 qua:
1085 2193 1362 2249 nobiseum
1405 2197 1494 2251 diu
1531 2213 1846 2268 permanere

277 2290 388 2330 non
411 2285 668 2344 possunt;
710 2277 925 2335 fallaces
951 2290 1095 2346 sunt,
1128 2297 1246 2351 quae
1276 2283 1471 2342 mentis
1502 2297 1698 2344 nostra:
1729 2291 1845 2346 ino-

277 2364 428 2432 piam
461 2380 562 2418 non
590 2367 878 2436 expellunt.
931 2370 1069 2425 Sola:
1102 2381 1281 2427 autem
1309 2375 1506 2439 divitia:
1533 2392 1672 2433 vera:
1698 2389 1841 2446 sunt,

277 2469 402 2522 qua:
430 2470 524 2509 nos
571 2457 854 2513 virtutibus
892 2455 1342 2519 divitcs‘faciunt.
1380 2465 1679 2524 Notandum
1714 2487 1844 2527 vero

275 2553 396 2610 est,
430 2547 566 2616 quod
594 2561 864 2629 exponens
898 2552 1154 2629 Dominus
1185 2556 1334 2622 dicit,
1382 2560 1504 2628 quia
1535 2541 1846 2618 sollicitudi-

278 2653 396 2702 nes,
448 2647 503 2693 et
551 2640 868 2720 voluptates,
908 2653 963 2699 et
1003 2646 1201 2702 divitiae
1242 2648 1520 2706 suﬂ'ocant.
1569 2652 1844 2727 Suﬂocant

274 2729 462 2794 enim,
512 2731 636 2799 quia
677 2731 1000 2814 importunis
1051 2737 1462 2805 cogitationibus
1507 2743 1618 2798 suis
1664 2752 1844 2814 guttur

275 2823 476 2876 mentis
517 2807 870 2896 strangulant,
918 2835 973 2881 et
999 2828 1126 2882 dum
1160 2831 1358 2885 bonum
1400 2807 1721 2890 desiderium
1761 2837 1842 2892 in-

276 2918 424 2965 trare
452 2913 516 2966 ad
539 2928 635 2968 cor
661 2930 764 2969 non
800 2917 1012 2982 sinunt,
1056 2920 1208 2987 quasi
1237 2921 1439 2977 aditum
1478 2923 1636 2980 ﬂatus
1664 2927 1842 2982 vitalis

273 3012 492 3084 necant.
524 3004 822 3062 Notandum
849 3010 1012 3064 etiam
1042 3012 1183 3080 quod
1213 3013 1318 3069 duo
1343 3024 1466 3069 sunt
1494 3032 1612 3088 qua:
1640 3019 1842 3074 divitiis

1949 1852 2066 1907 qua:
2092 1839 2264 1899 nobis
2313 1840 2673 1910 cognitionem
2726 1842 2893 1896 nostri
2933 1843 3228 1899 conditoris
3284 1846 3508 1911 revelat,

1947 1943 2137 1998 magna
2167 1928 2274 1982 sint
2299 1943 2461 1998 Opera
2503 1930 2695 1998 quibus
2735 1929 2895 1996 lides,
2933 1944 3001 1986 ne
3038 1932 3108 1988 sit
3147 1933 3348 1998 otiosa,
3381 1950 3510 1989 con-

1946 2025 2264 2081 summatur,
2300 2016 2354 2070 in
2400 2018 2502 2072 hac
2539 2026 2715 2073 tamen
2752 2021 2910 2075 ambo
2946 2027 3070 2075 eunt
3102 2021 3211 2076 vita
3255 2038 3505 2077 necessa-
3571 2040 3588 2046 ·

1946 2107 2045 2161 ria.
2075 2106 2285 2177 (dum)
2321 2107 2605 2164 Praamium
2633 2123 2761 2164 vero
2798 2111 2917 2167 ﬁdei
2947 2120 3003 2167 et
3031 2115 3358 2184 operationis
3387 2131 3504 2185 qua:
3563 2106 3569 2114 ’

1945 2211 2041 2266 per
2072 2197 2408 2252 dilectionem
2438 2207 2720 2253 exercetur
2753 2201 2805 2254 in
2837 2200 3012 2256 futura
3039 2213 3120 2258 est
3152 2205 3256 2259 vita
3285 2222 3505 2275 speran-

1945 2289 2092 2342 dum.
2142 2287 2264 2342 Sive
2298 2288 2473 2354 aliter,
2521 2289 2658 2344 bona
2704 2299 2843 2345 terra
2884 2293 3235 2349 centesimum
3274 2296 3500 2361 fructum

1944 2376 2049 2432 fert
2088 2386 2381 2450 martyrum
2424 2391 2643 2449 propter
2690 2383 2990 2436 eatietatcm
3030 2384 3176 2448 vitrc,
3225 2392 3280 2439 et
3317 2402 3508 2442 cozzce~

1943 2477 2092 2538 ptum
2126 2471 2331 2524 mortis.
2380 2469 2784 2541 Sexagesimum
2807 2473 3070 2543 virginum
3097 2485 3314 2544 propter
3335 2478 3509 2531 otium

1943 2560 2186 2624 interius,
2231 2563 2355 2630 quia
2389 2571 2508 2617 ’non
2555 2573 2791 2634 pugnant
2833 2575 3019 2621 contra
3060 2570 3502 2626 coosdetudinezu

1944 2651 2141 2712 carnis.
2175 2645 2311 2707 solet
2343 2653 2486 2708 enim
2514 2655 2684 2710 otium
2720 2648 2943 2712 concedi
2981 2662 3346 2731 sexagenariis
3384 2670 3505 2732 post

1943 2741 2221 2806 militiam,
2271 2737 2354 2818 vel
2407 2751 2526 2813 post
2568 2747 2805 2801 actiones
2847 2746 3106 2816 publicas.
3148 2750 3190 2803 Τ
3194 2749 3498 2806 ricesimnm

1942 2833 2367 2905 conjngatorum,‘
2416 2835 2540 2904 quia
2568 2837 2681 2891 lucc
2704 2845 2786 2892 est
2813 2846 2945 2893 tetas
2982 2840 3366 2910 praeliantinm;
3399 2843 3497 2913 ipsi

1942 2925 2083 2980 enim
2133 2925 2332 2980 habent
2378 2927 2639 2982 acriorem
2682 2927 3024 2993 conflictum.
3077 2946 3145 2987 ne
3189 2933 3499 2989 libidinibus

1943 3025 2282 3086 superentur.
2337 3016 2464 3074 Post
2533 3019 2647 3075 hmo
2691 3022 2854 3075 verba
2903 3022 3112 3078 Domini
3167 3026 3409 3096 sequitur
3445 3029 3496 3080 in

267 3092 472 3168 jungit,
513 3092 897 3164 sollicitudines
940 3103 1189 3159 videlicet
1232 3113 1286 3160 et
1330 3107 1657 3178 voluptates;
1713 3113 1837 3181 quia
1868 3100 2194 3190 C‘Mallhﬁ‘o
2216 3116 2269 3162 cl
2294 3108 2535 3164 dicitur:

271 3184 520 3254 proiecto
553 3196 607 3243 et
645 3203 741 3258 per
785 3196 970 3246 curam
1009 3204 1240 3250 mentem
1279 3199 1606 3267 opprimunt,
1646 3209 1718 3257 et-~
1744 3219 1841 3273 per

275 3274 604 3331 afﬂuentiam
641 3278 947 3347 resolvunt;
987 3297 1047 3337 re
1089 3285 1230 3338 enim
1271 3289 1536 3343 contraria
1571 3306 1843 3359 possesso-

211 3436 218 3441 1
275 3383 368 3423 res
390 3383 514 3424 suos
541 3377 594 3423 et
616 3370 841 3428 alllictos
869 3381 924 3427 et
949 3373 1186 3431 lubricos
1213 3376 1430 3433 faciunt.
1461 3379 1567 3436 Sed
1594 3385 1717 3452 quia
1746 3401 1840 3440 vo-

273 3459 454 3527 luptas
507 3461 796 3516 cenvenire
837 3478 961 3517 cum
1009 3463 1294 3521 albictione
1343 3483 1448 3522 non
1500 3479 1695 3540 potest.
1736 3473 1842 3529 alio

273 3551 494 3618 quidem
542 3561 781 3621 tempore
829 3568 926 3624 per
973 3557 1228 3612 custodite
1428 3561 1840 3621 sollicitudinem

274 3641 537 3712 allligunt,
577 3651 738 3715 atque
771 3638 875 3699 alio
903 3661 999 3716 per
1026 3649 1410 3706 abundantiam
1441 3654 1508 3707 ad
1537 3655 1841 3726 voluptates

274 3732 577 3787 emolliunt.
688 3806 691 3810 η
1136 3748 1152 3760 '

350 3823 454 3888 Qui
483 3841 599 3878 vero
634 3827 686 3879 in
725 3834 913 3881 terram
944 3830 1129 3885 bonam
1172 3833 1456 3888 seminatur
1486 3846 1592 3900 est,
1639 3838 1721 3892 hic
1765 3849 1842 3894 est

273 3913 367 3981 qui
389 3913 534 3966 audit
575 3916 805 3984 verbum,
846 3927 892 3998 et
925 3919 1196 3990 intelligit,
1231 3931 1282 3977 et
1310 3923 1537 3989 fructum
1569 3929 1756 3996 a/fert,
1792 3939 1842 3984 et

275 4003 408 4075 facit
430 4005 575 4060 aliud
607 4008 812 4078 quidem
846 4013 1196 4079 centesimum,
1230 4014 1376 4068 aliud
1415 4028 1588 4072 autem
1622 4036 1839 4092 sexage-

272 4095 489 4163 simum,
536 4097 683 4158 aliud
727 4116 842 4153 vero
891 4102 1222 4158 tricesimum.
1270 4104 1558 4179 (Ilieron.)
1608 4109 1757 4166 Sicut
1787 4113 1838 4167 in

280 4195 428 4244 terra
473 4188 613 4244 mala
652 4199 762 4246 tres
781 4188 940 4246 ‘l‘uere
987 4194 1343 4262 diversitates,
1395 4215 1550 4255 secus
1582 4203 1744 4266 viam‘,
1785 4213 1840 4260 et

279 4291 520 4357 petrosa,
566 4290 620 4336 et
644 4282 856 4350 spinosa
889 4283 1019 4347 loca,
1060 4287 1139 4342 sic
1177 4289 1230 4343 in
1263 4297 1405 4345 terra
1429 4292 1731 4349 bona-trina
1759 4297 1839 4351 di-

277 4373 509 4428 versitas
538 4381 625 4442 est
659 4376 958 4442 centesimi,
983 4380 1294 4450 sexagesimi
1325 4380 1548 4448 fructus,
1595 4395 1652 4440 et
1677 4388 1836 4458 trice-

2017 3195 2127 3268 [ll.]
2153 3197 2323 3250 Aliam
2344 3199 2646 3268 parabolam
2668 3204 2932 3271 proposuit
2951 3203 3046 3267 eis,
3076 3203 3251 3259 dicens
3277 3219 3295 3256 :
3320 3205 3504 3260 Simile

1942 3299 2015 3341 est
2063 3305 2274 3359 regnum
2316 3289 2560 3344 calorum
2606 3292 2801 3346 homini
2856 3295 2945 3365 qui
3000 3297 3265 3351 seminavit
3305 3295 3494 3352 bonum

1942 3380 2202 3434 scmeu'in
2229 3397 2354 3450 agro
2382 3397 2497 3435 suo.
2533 3382 2664 3437 Nota
2692 3386 2830 3453 quod
2855 3388 3024 3441 audis.
3067 3388 3268 3454 Aliam,
3309 3390 3499 3461 inquit,

1941 3469 2241 3539 parabolam
2286 3473 2548 3542 proposuit
2594 3475 2668 3552 eis
2710 3476 2902 3531 dicens.
2963 3476 3193 3535 Sedebat
3233 3495 3359 3552 ergo
3401 3481 3504 3537 Do-

1943 3561 2119 3623 minus
2148 3561 2200 3615 in
2231 3562 2571 3627 navi,-turba
2613 3550 2665 3619 in
2710 3565 2888 3622 littore
2937 3571 3136 3638 maris;
3182 3571 3257 3628 illi
3291 3576 3497 3642 procul,

1942 3650 2184 3719 discipuli
2210 3651 2367 3706 'vicini
2395 3654 2718 3720 audiebant;
2749 3659 2999 3727 proponit
3024 3660 3102 3715 eis
3138 3670 3192 3715 et
3215 3661 3371 3716 aliam
3408 3681 3506 3733 pa-

1870 3788 1875 3795 ,
1942 3738 2179 3794 rabolam
2209 3741 2361 3809 quasi
2403 3742 2550 3796 dives
2581 3741 2962 3813 paterfamilias
2985 3749 3234 3805 invitatos
3275 3753 3500 3807 diversis
3592 3738 3608 3770 "

1943 3827 2186 3882 reﬁciens
2216 3830 2351 3884 cibis
2372 3871 2386 3894 ,
2435 3839 2494 3884 ut
2521 3834 2886 3905 unusquisque
2929 3839 3219 3893 secundum
3252 3851 3500 3896 naturam

1941 3921 2201 3974 διοιηεδειιὶ
2240 3921 2319 3974 sui
2357 3922 2500 3975 varia
2538 3922 2789 3979 alimenta
2836 3930 3338 3998 susciperet..Unde
3366 3944 3420 3987 et
3448 3937 3498 3987 ita

1941 4011 2120 4081 priore
2164 4011 2416 4079 par‘abola
2461 4029 2565 4066 non
2616 4014 2750 4068 dixit
2795 4016 3050 4083 alteram,
3090 4021 3182 4073 sed
3220 4021 3399 4076 aliam.
3445 4024 3502 4078 Si

1940 4104 2081 4157 enim
2125 4104 2474 4172 pre'cmisisset
2519 4106 2762 4172 alteram,
2787 4119 3100 4177 exspectare
3147 4114 3356 4189 tertiam
3397 4134 3500 4170 non

1939 4207 2263 4266 poteramus.
2296 4197 2560 4253 Prmmislt
2583 4199 2741 4253 aliam
2771 4207 2829 4253 ut
2856 4201 3033 4270 plures
3058 4215 3367 4272 sequantur.
3395 4207 3503 4262 Sed

1938 4291 2062 4358 quia
2092 4290 2207 4345 haec
2233 4291 2464 4345 secunda
2505 4291 2755 4360 parabola
2786 4305 2906 4346 cum
2934 4293 3370 4362 interpretatione
3403 4315 3500 4354 sua

1911 4379 2042 4435 'non
2074 4369 2253 4438 statim
2284 4373 2524 4454 exposita
2556 4396 2659 4450 est,
2693 4390 2785 4442 sed
2812 4387 3104 4456 interiectis
3127 4391 3244 4445 aliis
3272 4395 3499 4461 parabo-

277 4462 424 4517 simi.
468 4463 529 4516 Et
559 4465 612 4517 in
651 4462 741 4518 illa
785 4473 982 4531 autem,
1013 4475 1066 4520 ct
1095 4467 1147 4523 tn
1190 4469 1292 4523 ista
1337 4486 1440 4525 non
1477 4483 1676 4529 mutata
1710 4478 1836 4532 sub-
1861 4477 1913 4536 D
1940 4473 2004 4528 lis
2030 4475 2310 4542 edisserta.
2359 4478 2443 4533 hic
2465 4481 2678 4548 quidem
2711 4496 2740 4534 a
2772 4479 3050 4536 Salvatore
3081 4485 3415 4553 proponitur.
3440 4496 3493 4541 et

276 4552 500 4616 stantia,
541 4553 635 4607 sed
678 4554 953 4619 voluntas;
993 4564 1047 4610 et
1081 4565 1189 4611 tam
1234 4560 1628 4617 incredulorum
1674 4581 1832 4634 quam

273 4644 608 4699 credentium
637 4646 796 4700 corda
824 4654 946 4701 sunt
965 4663 1083 4718 qua:
1104 4663 1286 4704 semen
1315 4651 1593 4720 recipiunt.
1629 4653 1831 4723 Omnis,

274 4734 481 4802 inquit,
530 4734 618 4804 qui
655 4734 803 4788 audit
846 4733 1054 4789 uerbum
1104 4737 1258 4804 ﬁdei,
1305 4748 1354 4792 et
1409 4757 1511 4794 non
1548 4743 1832 4824 intelligit.

277 4822 413 4876 venit
453 4821 640 4883 malus,
687 4830 734 4875 et
780 4824 914 4891 rapit
959 4823 1095 4893 quod
1119 4827 1425 4880 scminatum
1466 4821 1553 4881 est'
1582 4821 1636 4883 in
1682 4832 1858 4886 corde‘

276 4913 426 4982 ejus;
454 4922 507 4967 et
527 4913 779 4976 secundo,
817 4921 870 4968 et
899 4916 1076 4979 tertio,
1117 4915 1218 4969 Hic
1254 4928 1350 4983 est,
1396 4921 1491 4985 ait,
1519 4924 1608 4991 qui
1629 4924 1832 4978 uerbum

278 4997 447 5054 omit.
475 4999 530 5054 In
553 5001 885 5068 expositione
908 5019 1120 5072 quoque
1142 5013 1300 5060 terra:
1326 5009 1496 5074 boote,
1528 5013 1622 5065 iste
1649 5024 1721 5066 est
1746 5017 1834 5083 qui

277 5090 426 5142 audit
456 5090 682 5155 verbum,
722 5100 770 5144 et
794 5090 1051 5162 intelligit,
1095 5105 1141 5149 et
1166 5097 1391 5164 fructum
1433 5101 1609 5168 aﬂ'ert,
1632 5113 1680 5155 et
1708 5105 1834 5172 facit

275 5181 428 5233 aliud
471 5183 816 5248 centesimum,
860 5184 1005 5237 aliud
1042 5198 1210 5241 autem
1243 5194 1646 5260 sexagesimum,
1690 5197 1835 5251 aliud

277 5287 396 5325 vero
447 5272 778 5325 tricesimum.
826 5272 1061 5329 Primum
1113 5285 1240 5348 ergo
1299 5282 1552 5338 debemus
1605 5288 1829 5353 audire,

276 5357 469 5413 deinde
494 5357 805 5430 intelligere,
834 5370 890 5414 et
913 5371 1033 5430 post
1060 5365 1456 5438 intelligentiam
1487 5372 1690 5430 fructus
1715 5377 1831 5430 red-

275 5450 408 5502 dere
450 5447 834 5516 doctrinarum,
881 5461 936 5505 et
983 5453 1156 5509 facere
1206 5459 1284 5510 vel
1326 5460 1558 5516 fructum
1601 5468 1824 5521 centesi-

275 5556 447 5603 tntun,
481 5536 566 5595 vel
610 5543 1027 5610 sexagesimum,
1067 5546 1144 5599 vel
1190 5549 1535 5604 tricesimum.
1589 5555 1826 5624 Triginta

277 5630 520 5682 rclcrunt
555 5629 620 5683 ad
667 5630 913 5700 nuptias;
962 5649 1080 5685 nam
1122 5645 1174 5689 et
1209 5637 1317 5704 ipsa
1367 5640 1651 5710 digitorum
1697 5662 1826 5697 cou-

1939 4572 2124 4631 postea
2150 4567 2382 4622 dimissis
2413 4571 2581 4624 turbis
2618 4587 2738 4626 cum
2769 4572 2980 4626 domum
3021 4572 3236 4629 venitur
3263 4578 3495 4648 roganti-

1938 4653 2039 4708 bus
2064 4654 2352 4730 discipulis
2395 4662 2698 4728 exponitur.
2731 4662 2850 4716 ldeo
2899 4664 3110 4719 interim
3142 4667 3310 4720 donec
3338 4669 3405 4723 ab
3430 4684 3493 4724 co

1893 4799 1897 4802 ,
1939 4743 2216 4801 audiamus
2271 4747 2608 4819 allegoricam
2660 4751 2774 4820 ejus
2828 4757 3214 4823 expositionem
3266 4758 3497 4814 dissera-

1939 4849 2075 4889 mus.
2113 4836 2355 4901 Breviter
2381 4849 2556 4896 tamen
2588 4843 2642 4897 in
2685 4844 2850 4914 ipsius
2874 4847 3139 4915 parabolm
3171 4852 3498 4921 contempla-

1937 4928 2082 4983 tione
2119 4931 2185 4984 ad
2231 4932 2486 4987 moralem
2532 4934 2933 4992 instructionem
2980 4938 3178 5007 aliquid
3229 4950 3495 4999 tentemus

1934 5019 2131 5081 dicere,
2179 5029 2244 5074 ne
2294 5020 2431 5077 forte,
2465 5031 2573 5076 tam
2618 5040 2822 5079 sacram
2869 5025 3149 5082 lectionem
3196 5031 3494 5094 audientes,

1934 5109 2050 5163 sine
2084 5109 2258 5179 aliqua
2297 5111 2648 5168 aedificatione
2687 5125 2867 5169 nostra
2906 5099 3301 5184 prastereamus.
3335 5121 3497 5177 Docet

1935 5201 2076 5254 enim
2103 5215 2199 5254 nos
2229 5202 2456 5272 simplici
2503 5221 2777 5272 sermone,
2825 5225 2867 5262 sn
2895 5225 3010 5263 cam
3041 5211 3138 5262 rite
3167 5210 3493 5268 intellexeri-

1937 5307 2073 5354 mus,
2123 5291 2318 5344 bonam
2363 5294 2686 5348 voluntatem
2738 5297 2951 5350 habere.
3001 5297 3164 5350 Docet
3203 5300 3486 5361 catltelam.

1937 5381 2092 5435 docet
2120 5382 2453 5450 patientiam,
2495 5385 2648 5439 docet
2677 5386 3068 5449 discretionem,
3112 5389 3266 5442 docet
3311 5390 3486 5459 longa-

1936 5470 2255 5533 nimitatem,
2307 5470 2462 5526 docet
2489 5480 2541 5526 et
2576 5471 2854 5540 justitiam.
2897 5474 3026 5540 Quae
3067 5478 3242 5529 omnia
3290 5479 3341 5530 in
3381 5481 3488 5533 suis

1935 5559 2066 5613 locis
2095 5560 2385 5614 distinctim
2410 5561 2647 5616 dicemus
2683 5563 2822 5630 ipsas
2866 5564 3133 5635 Evangelii
3174 5577 3486 5632 sententias,

1935 5663 2051 5714 qua:
2100 5667 2162 5703 ca
2214 5650 2572 5704 demonstrant
2611 5659 3003 5720 proponentcs.‘
3040 5655 3239 5721 Simile,
3292 5658 3479 5726 inquit,
