3938 6324
471 237 576 298 9's?

1095 227 1157 285 ιι.
1196 214 1451 287 lt.le
1490 220 1708 282 unum
1742 190 2061 279 secuturi
2102 216 2407 276 uocum.
2445 220 2730 278 orsnun
2768 222 2945 279 rans
2987 224 3027 279 ι.

3607 225 3725 284 948

462 366 536 411 ια
586 342 1091 421 regnurn’calorum
1128 344 1326 398 homini
1386 342 1476 419 qui
1530 342 1804 397 seminavit
1842 338 2032 393 bonum
2060 335 2111 397 Α
2136 351 2233 392 sua
2275 331 2651 393 communione
2697 338 2926 393 devincti
2978 314 3123 404 sunt,
3156 342 3374 397 nomine
3421 342 3726 399 fasciari!—

456 456 631 499 censen
673 437 729 491 in
771 451 897 507 agro
925 451 1040 489 suo.
1088 433 1294 490 Bonum
1340 424 1487 490 enim
1536 446 1722 498 semen
1752 431 1807 486 in
1839 443 2027 502 agrum

460 540 613 585 suum
660 538 767 580 non
801 524 903 579 nisi
942 526 1114 579 btmus
1161 523 1411 578 seminat.
1442 522 1563 592 ipse
1613 523 1798 593 utique
1837 520 1929 591 qui
1972 519 2028 574 in

457 629 687 688 corpore
734 629 832 670 suo
881 628 1062 669 semen
1110 614 1265 688 bona:
1307 611 1599 667 voluntatis
1646 612 1715 667 ad
1763 608 2024 667 bonorum

451 684 677 779 operum
704 684 1213 773 studet‘perducere
1259 701 1513 758 fructum.
1548 703 1615 757 Et
1643 702 1747 758 iste
1779 701 1916 757 bene
1953 700 2027 756 si-

450 793 597 852 milis
621 807 784 866 regno
828 792 1083 849 malorum
1123 793 1351 859 dicitur,
1403 794 1487 848 cui
1517 808 1614 865 per
1647 793 1826 849 omnia
1868 801 2024 863 aptus

450 902 568 945 esse
597 888 871 960 probatur.

442 1032 443 1037 η
521 979 653 1036 Cum
676 989 851 1035 autem
878 980 1163 1035 dormirent
1188 981 1421 1034 homines
1451 967 1585 1035 venit
1610 980 1853 1034 inimicus
1881 978 2013 1048 ejus,

340 1079 348 1084 ’
448 1083 496 1128 et
531 1071 953 1144 superseminaoit
984 1072 1195 1125 zizania
1228 1072 1282 1125 in
1317 1071 1484 1125 medio
1521 1071 1700 1124 tritici.
1744 1069 1869 1125 Hmc
1902 1070 2021 1139 qui-

449 1163 570 1219 dcm
611 1161 875 1218 sententia
913 1162 1096 1216 cautos
1142 1175 1240 1215 nos
1284 1173 1403 1215 esse
1446 1159 1719 1224 admouet,
1758 1167 1819 1213 ut
1853 1159 1899 1213 si
1936 1173 2019 1214 se-

446 1268 570 1309 men
602 1253 801 1309 bonum
838 1253 891 1307 in
937 1267 1067 1322 agro
1094 1258 1278 1306 nostro
1307 1250 1611 1322 germinare
1639 1249 1884 1313 velimus,
1916 1249 2018 1305 ini-

447 1344 572 1399 mici
595 1343 797 1425 sentina
828 1357 1133 1398 caveamus.
1167 1340 1244 1396 Ne
1280 1341 1404 1396 dum
1441 1355 1630 1396 somno
1668 1341 1883 1422 inertia:
1906 1349 2018 1397 tor-

441 1449 652 1505 pcmus,
689 1419 918 1488 fructum
945 1433 1142 1488 laboris
1171 1433 1339 1488 nostri
1363 1433 1675 1503 perdamus.
1881 1419 1883 1422 ⁴
2042 1424 2045 1427 ’

511 1522 641 1578 Cum
684 1533 855 1578 autem
912 1523 1147 1578 crevisset
1186 1520 1363 1590 herba,
1413 1533 1462 1579 et
1506 1525 1737 1595 fructum
1783 1525 2010 1595 fecisset,

442 1626 565 1672 tunc
606 1626 957 1688 apparuerunt
1002 1617 1230 1672 zizania.
1273 1619 1627 1695 Accesserant.
1657 1627 1831 1673 autent
1876 1619 2013 1675 servi

440 1706 861 1775 patrisfamilias,
901 1717 948 1761 et
987 1710 1243 1762 dixerunt
1273 1710 1321 1762 ei
1356 1726 1374 1762 :
1403 1691 1654 1775 Domine,
1706 1726 1875 1785 nonne
1918 1710 2010 1765 bo—
2037 1688 2085 1747 Β

444 1814 567 1852 num
592 1816 764 1853 semen
797 1797 1063 1854 semin’asti
1082 1802 1146 1854 in
1175 1817 1305 1871 agro
1336 1801 1469 1855 tuo?
1512 1799 1661 1855 Unde
1697 1818 1818 1872 ergo
1859 1802 2013 1857 habet

444 1891 686 1945 simula?
707 1900 754 1944 et
784 1892 857 1944 ait
884 1890 988 1945 illis
1014 1905 1030 1943 :
1052 1891 1307 1946 Inimicus
1328 1892 1480 1946 homo
1522 1892 1620 1945 hoc
1649 1892 1787 1962 fecit.
1818 1892 1874 1947 ιιι
1906 1893 2010 1949 ista

444 1997 571 2052 ergo
605 1974 868 2037 scirtcntia
905 1984 1281 2061 documentum
1324 1983 1480 2039 nobis
1508 1985 1776 2054 praebetur
1806 1986 2013 2056 patien-

446 2073 566 2139 tim;
620 2075 743 2143 quia
798 2075 937 2129 sicut
992 2075 1080 2130 hic
1135 2074 1523 2144 paterfamilias
1576 2075 1778 2131 inimici
1831 2076 2011 2132 dolum

444 2164 665 2218 sciendo
694 2180 797 2219 non
842 2166 1042 2219 exarsit
1069 2165 1121 2219 in
1167 2165 1277 2231 ira,
1324 2182 1425 2221 nec
1466 2181 1590 2221 mox
1626 2166 1809 2224 ulcisci
1841 2167 1893 2221 in
1924 2164 2019 2222 illo

447 2254 631 2318 voluit,
654 2254 747 2307 sed
771 2255 1036 2322 patienter
1061 2256 1425 2325 exspectavit,
1459 2256 1530 2309 ita
1555 2265 1612 2311 et
1636 2271 1736 2311 nos
1764 2270 1885 2310 cum
1912 2257 2012 2311 ali-

440 2359 601 2411 quam
645 2344 914 2398 iussionem
964 2345 1032 2399 ab
1078 2344 1310 2399 inimicis
1353 2346 1554 2400 nostris
1600 2346 2005 2417 acceperimus,

438 2447 544 2486 non
572 2433 753 2488 statim
780 2434 846 2488 ad
878 2434 1168 2489 vindictam
1198 2448 1571 2504 prorumpere,
1620 2435 1713 2489 sed
1741 2435 1915 2505 magis
1941 2434 2011 2490 ad

389 2512 395 2518 ’
441 2526 693 2580 virtutem
723 2525 989 2595 patientia:
1016 2541 1297 2591 recurrere
1326 2527 1602 2581 debemus.
1643 2560 1649 2566 -

510 2612 655 2671 Servi
683 2624 852 2670 autem
897 2616 1141 2670 dixerunt
1177 2617 1224 2669 ei
1256 2632 1273 2669 :
1312 2614 1396 2669 Vis
1437 2616 1595 2682 imus,
1631 2624 1678 2669 et
1720 2616 2012 2686 colligimus

434 2710 544 2762 ea?
590 2708 659 2762 Et
696 2710 771 2763 ait
821 2708 970 2763 illis:
1012 2709 1157 2773 Non,
1200 2726 1262 2763 ne
1304 2710 1436 2778 forte
1462 2710 1755 2780 colligentes
1781 2711 2013 2775 aiz'ania,

438 2799 715 2853 eradicetis
764 2798 921 2853 simul
952 2815 1068 2857 cum
1124 2799 1197 2853 eis
1247 2808 1294 2852 et
1349 2800 1601 2852 triticum.
1654 2799 1795 2855 Ecce
1846 2801 2016 2855 habes

439 2888 749 2959 exemplum
771 2888 1129 2944 discretionis.
1175 2888 1574 2959 Equauimiter
1598 2904 1725 2960 ergo
1756 2890 2015 2948 debemus

443 2979 668 3033 sull‘erre
692 2978 858 3033 malos
880 2987 1097 3048 propter
1120 2978 1310 3034 bonos.
1340 2978 1417 3033 Ne
1443 2979 1582 3034 forte
1609 2981 1654 3034 si
1693 2996 1726 3035 a
1758 2980 1915 3036 malis
1942 2982 2013 3035 ir-

436 3069 583 3124 ritati
604 3070 788 3123 vicem
831 3070 910 3124 eis
946 3068 1256 3124 ulciscendo
1295 3068 1614 3136 referamus,
1664 3070 1820 3126 bonis
1852 3086 2009 3126 occa-

435 3160 641 3216 sionem
673 3160 907 3215 scaudali
942 3160 1295 3229 prtebeamus.

507 3248 674 3306 Sinite
702 3261 917 3320 utraque
944 3265 1170 3305 crescere
1197 3266 1371 3321 usque
1399 3249 1471 3303 ad
1513 3266 1749 3305 messem.
1787 3250 1855 3305 Et.
1880 3252 2010 3323 quid

436 3342 492 3397 in
531 3340 650 3397 hoc’
679 3341 780 3396 nisi
814 3340 1245 3411 ‘longanimitatis
1286 3338 1571 3411 aediﬁcatio
1614 3340 1771 3396 nobis
1817 3342 2011 3398 datur?

436 3430 551 3488 Non
580 3432 724 3486 enim
748 3446 912 3501 parvo
935 3440 1175 3500 tempore
1202 3430 1456 3486 virtutem
1485 3431 1759 3501 patientia:
1788 3432 2008 3499 habere,

370 3582 374 3586 _
434 3526 531 3581 scd
554 3509 814 3595 usquead
848 3523 1008 3578 linem
1032 3524 1157 3578 vitae
1192 3522 1572 3595 longanimiter
1600 3524 1747 3579 illam
1792 3540 2025 3583 servare

437 3602 715 3673 debemus.
759 3614 912 3671 Unde
953 3614 1076 3668 alibi
1107 3614 1367 3683 scriptum
1409 3622 1492 3669 est
1532 3632 1545 3668 :
1579 3615 1684 3681 Qui
1716 3633 2013 3689 persevera-

437 3706 565 3777 verit
605 3720 768 3776 usque
812 3704 868 3758 in
901 3703 1055 3772 finem
1095 3704 1178 3757 hic
1208 3701 1381 3757 saluus
1418 3704 1516 3758 erit
1557 3704 1793 3777 (Matth.
1837 3707 2009 3778 xxiv).

442 3796 549 3851 Sed
568 3797 695 3868 quid
721 3795 1042 3867 longanimis
1075 3794 1178 3850 iste
1199 3794 1584 3865 paterfamilias
1604 3796 1661 3852 in
1691 3790 1798 3853 line
1827 3797 2015 3866 faciat,

442 3889 741 3944 audiamus.

512 3980 580 4034 Et
618 3981 674 4034 in
715 3988 943 4049 tempore
968 3982 1149 4035 messis
1179 3981 1351 4035 dicam
1381 3982 1696 4039 messoribus
1721 4001 1742 4042 :
1767 3980 2011 4057 Colligite

439 4070 667 4141 primum
693 4070 897 4123 simnia
917 4110 932 4129 .
971 4080 1018 4124 et
1045 4069 1256 4145 alligate
1276 4087 1339 4125 ea
1366 4072 1421 4127 in
1455 4072 1737 4143 fasciculos
1764 4078 1834 4131 ad
1865 4095 2010 4133 eont-

440 4154 748 4216 b'urendum.
788 4157 1041 4214 Triticum
1086 4170 1263 4215 autem
1315 4172 1620 4234 congregate
1664 4167 1718 4219 in
1767 4153 2010 4224 horreum

440 4270 635 4308 nicum.
659 4253 759 4321 Qui
789 4261 913 4308 ante
942 4267 1039 4321 per
1067 4252 1524 4324 longanimitatem
1552 4257 1820 4326 patienter
1844 4263 2011 4317 susti-

443 4344 580 4408 nuit,
607 4344 763 4399 modo
790 4360 888 4412 per
920 4342 1183 4410 justitiam
1211 4345 1419 4400 meritis
1443 4347 1709 4418 condigna
1744 4350 2013 4429 rependit.
2036 4385 2089 4445 Β

444 4433 714 4503 Nobisque
755 4433 1059 4503 exemplum
1100 4433 1153 4489 in
1192 4435 1294 4490 hoc
1322 4436 1528 4503 tribuit,
1570 4446 1632 4491 ut
1669 4439 1721 4493 in
1762 4440 2012 4509 patiendo

436 4522 701 4592 justitiam
734 4523 1069 4587 meditemur,
1103 4523 1232 4577 etin
1259 4525 1547 4595 iudicando
1570 4528 1885 4597 patientiam
1916 4532 2012 4587 ha-

442 4614 572 4668 bere
615 4628 721 4668 non
756 4612 1108 4684 negligamus.
1155 4612 1232 4667 lta
1254 4614 1399 4669 enim
1439 4617 1626 4685 copula
1657 4618 1916 4674 virtutum
1956 4621 2010 4675 in

442 4705 664 4760 unitatis
712 4718 892 4760 massa
921 4711 1003 4759 est
1030 4702 1315 4769 collocata,
1358 4713 1416 4758 ut
1450 4721 1637 4761 omnes
1675 4708 1742 4765 ab
1782 4709 2011 4765 invicem

442 4808 542 4865 per
568 4794 929 4857 diversitatem
972 4793 1273 4862 specierum
1319 4793 1426 4848 sint
1456 4795 1718 4861 discretae,
1744 4808 1799 4853 et
1836 4810 2013 4856 tamen

443 4885 791 4955 sibimetipsis
818 4897 913 4954 per
937 4884 1377 4940 contrarietatem
1420 4885 1565 4941 nullo
1602 4889 1761 4942 modo
1788 4890 1897 4944 sint
1923 4891 2016 4945 ad-

444 4990 635 5033 versae.
685 4974 810 5031 llsec
858 4991 1072 5046 quoquo
1117 4975 1279 5032 modo
1315 4976 1472 5048 juxta
1516 4976 1913 5044 moralitatem,
1958 4988 2017 5035 ut

447 5067 813 5139 promisimus,
840 5066 1042 5121 dixisse
1068 5067 1312 5123 sulliciat.
1347 5065 1367 5142 (
1398 5066 1534 5138 Aug.
1564 5068 1582 5138 )
1608 5066 1789 5135 Quaeri
1838 5077 2013 5125 autem

446 5160 577 5216 lilud
622 5166 819 5228 potest,
857 5158 1005 5229 quod
1042 5159 1137 5224 ait,
1180 5156 1391 5231 alligata
1426 5177 1491 5218 ea
1533 5160 1589 5214 in
1625 5159 1906 5231 fasciculos
1948 5163 2016 5217 ad

448 5251 868 5315 comburendum,
899 5267 995 5306 cur
1017 5266 1121 5306 non
1148 5267 1313 5307 unum
1338 5251 1538 5310 fascem
1561 5261 1655 5309 aut
1673 5270 1838 5309 unum
1866 5270 2020 5312 acer-

449 5360 576 5399 vum
604 5343 930 5399 zizaniorum
959 5344 1072 5399 ﬁeri
1100 5343 1337 5411 dixerit,
1384 5344 1492 5403 nisi
1515 5345 1655 5402 forte
1676 5354 1898 5418 propter
1919 5362 2016 5403 va-

451 5437 696 5492 rietatem
737 5436 1149 5503 haereticorum,
1193 5444 1249 5491 et
1276 5452 1380 5493 non
1407 5436 1581 5495 solum
1621 5453 1652 5493 a
1687 5439 1900 5506 tritico,
1927 5455 2017 5497 ve—

456 5543 572 5582 rum
614 5544 644 5582 τι
684 5529 873 5600 seipsis
925 5528 1345 5599 discrepantium
1370 5569 1385 5597 ,
1444 5530 1557 5602 ipsa
1597 5532 2016 5603 uniuscujusque

454 5620 716 5677 hereseos
745 5622 960 5692 propria
998 5621 1392 5699 conventicula,
1429 5621 1483 5678 in
1519 5622 1714 5688 quibus
1742 5624 2019 5694 sigillitim

2130 444 2250 484 rum
2288 428 2647 501 signiﬁcavit;
2682 439 2741 485 ut
2764 431 2876 502 jam
2908 439 3035 486 tunc
3078 431 3340 503 incipiant
3382 436 3602 509 alligart
3647 436 3722 492 ad

2127 520 2572 589 comburendum,
2602 537 2725 578 cum
2747 538 2778 577 a
2806 521 3085 578 catholica
3104 528 3482 584 communione
3519 542 3723 600 segre-

2127 610 2237 681 gati
2267 625 2392 667 suas
2429 613 2679 683 proprias
2705 612 2857 684 quasi
2880 611 3138 668 coclesias
3173 614 3377 671 habere
3410 618 3719 689 ceperint,

2126 709 2187 753 ut
2210 700 2515 757 combustio
2542 717 2729 758 earum
2755 702 2827 757 sit
2852 702 2907 756 in
2936 700 3043 756 ﬁne
3077 702 3279 769 saeculi,
3313 700 3420 761 nan
3462 706 3721 779 alligatio

2124 789 2523 848 fasciculorum.
2553 791 2658 848 Sed
2684 793 2854 849 si'ita-
2875 801 3043 858 esset,
3070 791 3253 848 multm
3280 809 3388 849 non
3418 786 3533 868 jam
3563 798 3720 855 resl-

2122 870 2376 951 pisceudo
2415 892 2471 938 et
2497 884 2551 939 in
2581 883 2901 941 catholicam
2944 885 3231 941 remeando
3256 886 3326 942 ab
3348 902 3535 946 errore
3574 890 3717 949 del—

2122 972 2407 1028 ciscerent.
3120 1021 3124 1024 ~
3318 992 3321 993 '

2190 1064 2527 1135 Quapropter
2551 1074 2604 1121 et
2628 1067 2867 1137 alligatio
2894 1066 3268 1125 fasciculorum
3306 1069 3360 1123 in
3388 1068 3493 1125 line
3514 1070 3706 1128 futura

2117 1162 2220 1219 est,
2270 1166 2329 1211 ut
2382 1174 2487 1213 non
2544 1158 2785 1227 confuse,
2830 1160 2925 1217 sed
2980 1177 3078 1231 pro
3122 1162 3281 1217 mulo
3323 1163 3708 1233 perversitatis

2116 1260 2228 1302 sum
2254 1240 2670 1322 uniuscujusque
2699 1254 2900 1310 erroris
2946 1255 3242 1325 pertinacia
3285 1254 3560 1325 puniatur.
3617 1256 3707 1310 Ne

2114 1338 2250 1408 forte
2288 1339 2583 1412 colligentes
2629 1344 2835 1399 zizania
2862 1345 3136 1420 eradicetis
3164 1345 3323 1401 simul
3350 1355 3401 1399 et
3438 1346 3697 1400 triticum.

2120 1427 2313 1485 Utrum
2360 1432 2487 1500 quia
2541 1432 2706 1488 etiam
2748 1433 2875 1489 boni
2903 1422 3025 1489 cum
3079 1435 3257 1491 adhuc
3309 1434 3518 1491 inﬁrmi
3564 1444 3704 1490 sunt

2112 1536 2248 1592 opus
2282 1522 2482 1578 habent
2523 1523 2575 1578 in
2618 1524 2937 1593 quibusdam
2980 1524 3265 1580 malorum
3314 1525 3695 1595 permistione,

2112 1611 2226 1667 sive
2250 1620 2424 1683 utper
2449 1627 2543 1667 eos
2586 1621 2958 1679 exerceantur,
3004 1614 3119 1669 sive
3166 1624 3226 1669 ut
3242 1628 3441 1669 eorum
3481 1628 3698 1684 compa-

2112 1705 2319 1761 ratione
2366 1721 2557 1778 magna
2603 1705 2707 1762 illis
2751 1706 3057 1762 exhortatio
3091 1706 3204 1773 tiat,
3239 1716 3298 1761 ut
3345 1706 3589 1762 nitantur
3624 1708 3695 1761 ad

2112 1800 2354 1857 melius?
2406 1797 2608 1866 Quibus
2659 1799 2885 1877 sublatis
2932 1799 3162 1856 altitudo
3210 1784 3495 1856 charitatis
3533 1799 3688 1868 quasi

2111 1888 2296 1946 evulsa
2342 1900 2677 1948 marcescat.,
2709 1889 2862 1957 Quod
2904 1900 2987 1948 est
3031 1891 3321 1956 eradicari,
3368 1906 3498 1949 nam
3532 1890 3610 1945 sic
3636 1898 3693 1944 et

2110 1981 2400 2053 Apostolus
2462 1980 2556 2052 ait,
2594 1994 2650 2039 ut
2701 1986 2753 2069 in
2796 1986 3051 2045 charitate
3101 1984 3327 2039 radicati
3379 1992 3430 2037 et
3484 1982 3693 2058 fundati

2110 2074 2317 2144 possitis
2363 2075 2786 2147 comprehendere
2836 2075 3061 2146 (Ephes.
3087 2074 3201 2147 ιιι).
3227 2073 3503 2129 An.l'orte
3555 2074 3694 2128 idem

2113 2164 2270 2219 simul
2307 2156 2610 2221 eradicatur
2656 2166 2894 2222 triticum
2924 2182 3048 2222 cum
3104 2165 3425 2221 auferuntur
3464 2165 3694 2219 zizania?

2112 2255 2236 2325 quia
2268 2256 2416 2310 multi
2445 2258 2619 2326 primo
2648 2258 2853 2312 zizania
2903 2265 3060 2323 sunt,
3110 2263 3167 2311 et
3214 2264 3402 2326 postea
3450 2254 3691 2307 triticum

2112 2344 2270 2411 tiu‘nt,
2325 2346 2369 2401 si
2414 2345 2690 2413 tollantur,
2722 2346 2791 2401 ad
2830 2346 3152 2402 laudabilem
3201 2344 3559 2399 mutationem
3589 2359 3691 2397 nou

2110 2438 2469 2508 perveniunt?
2497 2438 2683 2510 Itaque
2712 2439 2757 2494 si
2788 2438 2972 2505 evulsi
2995 2437 3216 2503 iuerint,
3261 2435 3423 2491 simul
3451 2434 3689 2492 eradica-

2112 2540 2200 2586 tur
2220 2541 2273 2586 et
2302 2533 2557 2598 triticum,
2579 2534 2722 2604 quod
2750 2534 2916 2589 futuri
2944 2541 3148 2601 essent,
3173 2534 3221 2589 si
3241 2532 3322 2589 eis
3352 2539 3687 2603 parceretur.

2118 2622 2377 2693 Sequitur
2399 2624 2680 2681 Matthzeus
2702 2634 2759 2681 et
2777 2625 2909 2681 dicit
2936 2644 2949 2679 :
3047 2673 3051 2676 .

2131 2740 2135 2745 ί
2186 2716 2316 2789 |lll.]
2340 2717 2511 2770 Aliam
2534 2716 2834 2787 parabolam
2863 2718 3129 2789 proposuit
3156 2717 3229 2771 eis
3266 2716 3443 2769 dicens
3468 2728 3487 2767 :
3514 2712 3691 2769 Simile

2112 2818 2186 2864 est
2229 2825 2441 2880 regnum
2480 2794 2723 2863 caelorum
2760 2812 2923 2879 grano
2971 2808 3190 2879 sinapis,
3243 2806 3385 2878 quod
3421 2805 3679 2875 accipiens

2113 2899 2265 2953 homo
2297 2899 2565 2952 seminavit
2603 2898 2658 2952 in
2692 2914 2818 2968 agro
2848 2914 2962 2952 suo.
2989 2897 3144 2964 Quod
3178 2896 3450 2960 minimum
3480 2895 3688 2965 quidem

2113 2998 2186 3044 est
2230 2986 2465 3042 omnibus
2506 2988 2825 3053 seminibus;
2856 3004 2983 3042 cum.
3020 2999 3191 3042 autem
3238 2990 3478 3059 creverit,
3515 2987 3687 3055 majus

2112 3086 2186 3133 est
2230 3077 2466 3131 omnibus
2516 3074 2759 3144 oleribus,
2795 3087 2841 3132 et
2872 3077 2946 3147 fit
2987 3077 3174 3142 arbor,
3220 3077 3293 3130 ita
3344 3085 3401 3129 ut
3455 3073 3683 3129 volucres

2108 3170 2222 3226 οωιὶ
2248 3172 2467 3226 ’ωιιίαηι
2497 3211 2512 3237 ,
2556 3179 2603 3225 et
2652 3170 2881 3223 habitent
2942 3169 2997 3223 in
3032 3166 3191 3223 ramis
3234 3166 3371 3236 ejus.
3433 3165 3676 3236 Regnum

2108 3262 2368 3334 ctelorum
2418 3260 2726 3333 pnedicatio
2764 3258 3038 3329 Evangelii
3068 3266 3166 3323 est,
3203 3264 3260 3313 et
3294 3256 3488 3312 notitia
3527 3256 3676 3310 Scri-

2107 3360 2413 3423 pturarum,
2437 3367 2557 3421 quae
2576 3350 2743 3415 ,ducit
2764 3350 2832 3404 ad
2859 3349 3050 3412 vitam,
3076 3356 3129 3403 et
3154 3348 3219 3404 de
3257 3363 3365 3419 qua
3392 3347 3589 3402 dicitur
3609 3346 3677 3400 ad

2109 3442 2351 3497 Judazos:
2392 3440 2674 3510 Auferetur
2704 3458 2735 3493 a
2776 3439 2915 3493 vobis
2953 3455 3164 3508 regnum
3205 3438 3325 3503 Dei,
3368 3446 3418 3491 et
3463 3436 3674 3490 dabitur

2111 3520 2246 3603 genti
2275 3531 2485 3602 facienti
2520 3530 2745 3599 fructum
2768 3529 2899 3598 ejus.
2946 3527 3127 3583 Simile
3182 3536 3256 3581 est
3293 3542 3437 3596 ergo-
3469 3542 3679 3597 regnum

2113 3624 2357 3695 caelorum
2388 3638 2552 3693 grano
2576 3620 2794 3691 sinapis,
2816 3620 2955 3692 quod
2984 3620 3242 3691 accipiens
3271 3620 3428 3673 homo
3457 3621 3684 3673 semina-

2116 3713 2186 3767 vit
2210 3712 2264 3766 in
2294 3727 2420 3782 agro
2447 3714 2542 3765 suo
2567 3709 2781 3781 (Matth.
2800 3709 2945 3781 ιιι).
2968 3708 3120 3777 Quia
3148 3708 3417 3779 plerisque
3444 3706 3688 3762 Salvator

2115 3800 2452 3871 intelligitur,
2476 3799 2619 3869 quod
2646 3799 2700 3853 iu
2727 3800 2923 3854 animis
2952 3786 3285 3878 credentium
3321 3800 3574 3855 seminat.
3605 3798 3686 3856 Ab

2114 3898 2236 3954 aliis
2275 3911 2402 3952 vero
2437 3897 2549 3967 ipse
2579 3896 2761 3961 homo,
2795 3894 2885 3964 qui
2930 3892 3158 3949 seminat
3188 3894 3241 3948 in
3288 3910 3421 3967 agro
3465 3910 3595 3967 suo,
3634 3889 3684 3949 id

2112 4006 2217 4059 est,
2262 3993 2315 4047 in
2358 3992 2643 4061 semetipso
2682 4002 2736 4046 et
2760 3991 2812 4045 in
2838 3991 2999 4045 corde
3024 4004 3140 4045 suo.
3185 3988 3319 4056 Quis
3346 3998 3432 4045 est
3466 3990 3568 4045 iste
3596 3990 3683 4059 qui

2113 4085 2365 4149 seminat,
2396 4082 2499 4137 nisi
2525 4096 2715 4135 sensus
2767 4089 2947 4135 noster
2986 4087 3043 4134 et
3078 4079 3337 4134 animus?
3381 4080 3476 4150 qui
3514 4081 3684 4136 susci-

2110 4177 2264 4249 piens
2300 4189 2522 4247 granum
2566 4171 2996 4241 praedicationis,
3043 4178 3100 4225 et
3152 4160 3345 4227 fovens
3390 4177 3682 4225 sementem

2112 4267 2337 4323 humore
2378 4264 2536 4326 fidei,
2584 4263 2713 4317 facit
2759 4252 2973 4333 inagro
3024 4260 3107 4316 sui
3131 4261 3370 4331 pectoris
3398 4260 3679 4330 pullulare.

2113 4356 2427 4413 Praedicatio
2450 4353 2721 4425 Evangelii
2744 4353 2962 4407 minima
2985 4361 3069 4408 est
3093 4352 3344 4407 omnibus
3367 4352 3677 4422 disciplinis,

2114 4448 2181 4503 ad
2210 4447 2441 4519 primam
2466 4424 2659 4515 quippe
2694 4425 2992 4525 doctrinam
3018 4442 3175 4499 iidem
3206 4458 3314 4497 non
3353 4424 3516 4499 habet
3539 4443 3681 4498 veri-

2114 4536 2265 4600 tatis,
2301 4526 2571 4590 hominem
2596 4532 2876 4609 Dominum
2904 4532 3074 4587 Deum
3104 4540 3401 4597 mortuum,
3451 4540 3508 4586 et
3528 4547 3680 4587 scan-

2113 4628 2292 4683 dalum
2342 4626 2522 4682 crucis
2555 4625 2872 4695 praedicans.
2923 4623 3122 4681 Conl‘er
3166 4623 3538 4695 hujuscemodi
3590 4624 3681 4678 do-

2114 4717 2341 4774 ctrinam
2366 4713 2699 4789 dogmatibus
2724 4714 3183 4784 philosOpborum,
3216 4722 3271 4768 et
3292 4713 3446 4768 libris
3472 4713 3677 4778 eorum,

2115 4815 2170 4863 et
2190 4806 2456 4877 splendori
2479 4804 2819 4874 eloquentiae,
2841 4805 3330 4874 compositionique
3350 4818 3677 4866 sermonum,

2118 4906 2173 4951 et
2204 4894 2408 4950 videbis
2446 4902 2648 4964 quanto
2695 4894 2870 4948 minor
2903 4895 2973 4947 sit
3005 4893 3214 4949 caeteris
3259 4894 3558 4956 seminibus
3596 4908 3679 4947 se-

2118 4987 2313 5041 mentis
2377 4984 2670 5053 Evangelii.
2731 4983 2837 5039 Sed
2882 4983 2969 5037 illa
2995 4998 3114 5038 cum
3183 4984 3486 5049 creverint,
3554 4983 3680 5037 nihil

2057 5073 2070 5093 ³
2118 5081 2364 5143 mordax,
2426 5077 2559 5133 nihil
2606 5077 2861 5141 vividum,
2905 5076 3038 5130 nihil
3093 5077 3250 5131 vitale
3293 5076 3680 5137 demonstrant,

2106 5162 2285 5228 totum
2330 5170 2623 5240 placidum,
2677 5167 3119 5237 marcidumque,
3172 5174 3227 5221 et
3290 5165 3588 5220 emollitum
3631 5165 3681 5218 in

2120 5263 2297 5326 olera,
2352 5268 2406 5316 et
2455 5260 2509 5314 in
2549 5258 2776 5328 herbas,
2816 5273 2935 5327 quae
2981 5259 3088 5313 cito
3133 5264 3385 5312 crescunt
3442 5264 3501 5312 et
3560 5269 3683 5311 cor-

2120 5360 2303 5408 ruunt.
2344 5351 2469 5407 Haec
2516 5357 2693 5404 autem
2721 5346 3050 5418 .praedicatio
3102 5360 3222 5417 quae
3263 5362 3431 5417 parva
3462 5344 3681 5401 videba-

2120 5452 2211 5501 tur
2231 5445 2285 5500 in
2321 5445 2602 5516 principio,
2627 5458 2748 5498 cum
2770 5441 2853 5496 vel
2899 5442 2951 5496 in
2983 5441 3156 5495 anima
3182 5440 3474 5503 credentis,
3506 5437 3591 5494 vel
3631 5437 3684 5492 in

2116 5544 2230 5591 tcto
2257 5537 2455 5591 mundo
2499 5545 2615 5590 sata
2656 5534 2839 5598 fuerit,
2878 5548 2983 5589 non
3019 5534 3255 5604 exsurgit
3290 5534 3340 5589 in
3369 5524 3537 5595 olera,
3594 5536 3685 5584 sed

2117 5624 2309 5679 crescit
2344 5618 2401 5678 in
2432 5622 2696 5690 arborem,
2741 5609 2817 5679 ita
2866 5631 2927 5677 ut
2965 5624 3206 5679 volucres
3244 5625 3369 5678 coeli
3420 5624 3573 5693 (quas
3605 5618 3687 5672 vei
