  <div class='ocr_page' id='page_1' title='image "/cluster/home/n/w/nwhite01/storage/ocr_20150623/107/uva.x000827064/480.png"; bbox 0 0 3938 6346; ppageno 0'>
   <div class='ocr_carea' id='block_1_1' title="bbox 224 338 337 398">
    <p class='ocr_par' dir='ltr' id='par_1_1' title="bbox 224 338 337 398">
     <span class='ocr_line' id='line_1_1' title="bbox 224 338 337 398; baseline -0.018 0"><span class='ocrx_word' id='word_1_1' title='bbox 224 338 337 398; x_wconf 67' lang='grc' dir='ltr'><strong>ΜΞ)</strong></span> 
     </span>
    </p>
   </div>
   <div class='ocr_carea' id='block_1_2' title="bbox 1179 339 2583 399">
    <p class='ocr_par' dir='ltr' id='par_1_2' title="bbox 1179 339 2583 399">
     <span class='ocr_line' id='line_1_2' title="bbox 1179 339 2583 399; baseline -0.001 0"><span class='ocrx_word' id='word_1_2' title='bbox 1179 341 1525 399; x_wconf 70' lang='lat' dir='ltr'><strong>COMMENT.</strong></span> <span class='ocrx_word' id='word_1_3' title='bbox 1568 340 1637 396; x_wconf 78' lang='grc' dir='ltr'><strong>ΙΝ</strong></span> <span class='ocrx_word' id='word_1_4' title='bbox 1675 339 2113 398; x_wconf 65' lang='grc' dir='ltr'><strong>ΜΑΊἹΊΙέΕυΜ.</strong></span> <span class='ocrx_word' id='word_1_5' title='bbox 2151 372 2220 381; x_wconf 88' lang='lat'><strong>—-</strong></span> <span class='ocrx_word' id='word_1_6' title='bbox 2258 341 2387 396; x_wconf 86' lang='lat' dir='ltr'><strong>LIB.</strong></span> <span class='ocrx_word' id='word_1_7' title='bbox 2424 341 2518 399; x_wconf 74' lang='lat' dir='ltr'><strong>iV.</strong></span> <span class='ocrx_word' id='word_1_8' title='bbox 2546 372 2547 375; x_wconf 57' lang='grc' dir='ltr'><strong>η</strong></span> <span class='ocrx_word' id='word_1_9' title='bbox 2578 358 2583 359; x_wconf 46' lang='grc' dir='ltr'>ί</span> 
     </span>
    </p>
   </div>
   <div class='ocr_carea' id='block_1_3' title="bbox 3373 346 3479 409">
    <p class='ocr_par' dir='ltr' id='par_1_3' title="bbox 3373 346 3479 409">
     <span class='ocr_line' id='line_1_3' title="bbox 3373 346 3479 409; baseline 0 -11"><span class='ocrx_word' id='word_1_10' title='bbox 3373 346 3479 409; x_wconf 69' lang='lat'><strong>950</strong></span> 
     </span>
    </p>
   </div>
   <div class='ocr_carea' id='block_1_4' title="bbox 224 432 3475 539">
    <p class='ocr_par' dir='ltr' id='par_1_4' title="bbox 224 432 3475 539">
     <span class='ocr_line' id='line_1_4' title="bbox 224 432 3475 539; baseline 0.002 -30"><span class='ocrx_word' id='word_1_11' title='bbox 224 455 440 511; x_wconf 79' lang='lat' dir='ltr'><strong>animas</strong></span> <span class='ocrx_word' id='word_1_12' title='bbox 488 451 851 519; x_wconf 70' lang='lat' dir='ltr'><strong>credentium,</strong></span> <span class='ocrx_word' id='word_1_13' title='bbox 912 453 993 509; x_wconf 88' lang='lat' dir='ltr'><strong>vel</strong></span> <span class='ocrx_word' id='word_1_14' title='bbox 1050 452 1385 509; x_wconf 69' lang='lat' dir='ltr'><strong>fortitudines</strong></span> <span class='ocrx_word' id='word_1_15' title='bbox 1434 454 1526 508; x_wconf 85' lang='lat' dir='ltr'><strong>Dei</strong></span> <span class='ocrx_word' id='word_1_16' title='bbox 1572 454 1792 507; x_wconf 87' lang='lat' dir='ltr'><strong>servitio</strong></span> <span class='ocrx_word' id='word_1_17' title='bbox 1821 459 1867 516; x_wconf 84' lang='grc' dir='ltr'><strong>Α</strong></span> <span class='ocrx_word' id='word_1_18' title='bbox 1897 451 2200 508; x_wconf 78' lang='lat' dir='ltr'><strong>rationabili</strong></span> <span class='ocrx_word' id='word_1_19' title='bbox 2248 450 2617 521; x_wconf 81' lang='lat' dir='ltr'><strong>possideamus</strong></span> <span class='ocrx_word' id='word_1_20' title='bbox 2643 455 3024 539; x_wconf 71' lang='lat' dir='ltr'><strong>‘prudentiam,</strong></span> <span class='ocrx_word' id='word_1_21' title='bbox 3068 458 3123 513; x_wconf 90' lang='lat' dir='ltr'><strong>in</strong></span> <span class='ocrx_word' id='word_1_22' title='bbox 3168 458 3247 513; x_wconf 87' lang='lat' dir='ltr'><strong>ira</strong></span> <span class='ocrx_word' id='word_1_23' title='bbox 3284 432 3475 523; x_wconf 54' lang='lat' dir='ltr'><strong>odium</strong></span> 
     </span>
    </p>
   </div>
   <div class='ocr_carea' id='block_1_5' title="bbox 224 535 1798 620">
    <p class='ocr_par' dir='ltr' id='par_1_5' title="bbox 224 535 1798 620">
     <span class='ocr_line' id='line_1_5' title="bbox 224 535 1798 620; baseline -0.003 -15"><span class='ocrx_word' id='word_1_24' title='bbox 224 551 564 620; x_wconf 73' lang='lat' dir='ltr'><strong>mancipatas</strong></span> <span class='ocrx_word' id='word_1_25' title='bbox 606 535 805 603; x_wconf 85' lang='lat' dir='ltr'><strong>sentire</strong></span> <span class='ocrx_word' id='word_1_26' title='bbox 843 549 1117 615; x_wconf 85' lang='lat' dir='ltr'><strong>debemus)</strong></span> <span class='ocrx_word' id='word_1_27' title='bbox 1164 550 1421 613; x_wconf 77' lang='lat' dir='ltr'><strong>veniant,</strong></span> <span class='ocrx_word' id='word_1_28' title='bbox 1471 556 1524 601; x_wconf 92' lang='lat' dir='ltr'><strong>et</strong></span> <span class='ocrx_word' id='word_1_29' title='bbox 1551 546 1798 601; x_wconf 90' lang='lat' dir='ltr'><strong>habitent</strong></span> 
     </span>
    </p>
   </div>
   <div class='ocr_carea' id='block_1_6' title="bbox 223 638 1799 712">
    <p class='ocr_par' dir='ltr' id='par_1_6' title="bbox 223 638 1799 712">
     <span class='ocr_line' id='line_1_6' title="bbox 223 638 1799 712; baseline -0.002 -16"><span class='ocrx_word' id='word_1_30' title='bbox 223 642 284 696; x_wconf 82' lang='lat' dir='ltr'><strong>in</strong></span> <span class='ocrx_word' id='word_1_31' title='bbox 307 642 475 696; x_wconf 86' lang='lat' dir='ltr'><strong>ramis</strong></span> <span class='ocrx_word' id='word_1_32' title='bbox 496 640 631 711; x_wconf 85' lang='lat' dir='ltr'><strong>ejus.</strong></span> <span class='ocrx_word' id='word_1_33' title='bbox 683 640 881 697; x_wconf 85' lang='lat' dir='ltr'><strong>Ramos</strong></span> <span class='ocrx_word' id='word_1_34' title='bbox 903 650 1030 712; x_wconf 89' lang='lat' dir='ltr'><strong>puto</strong></span> <span class='ocrx_word' id='word_1_35' title='bbox 1059 640 1378 711; x_wconf 59' lang='lat' dir='ltr'><strong>evangelicae</strong></span> <span class='ocrx_word' id='word_1_36' title='bbox 1406 638 1639 704; x_wconf 90' lang='lat' dir='ltr'><strong>arboris,</strong></span> <span class='ocrx_word' id='word_1_37' title='bbox 1681 652 1799 707; x_wconf 69' lang='lat' dir='ltr'><strong>qua:</strong></span> 
     </span>
    </p>
   </div>
   <div class='ocr_carea' id='block_1_7' title="bbox 223 726 1800 805">
    <p class='ocr_par' dir='ltr' id='par_1_7' title="bbox 223 726 1800 805">
     <span class='ocr_line' id='line_1_7' title="bbox 223 726 1800 805; baseline -0.003 -16"><span class='ocrx_word' id='word_1_38' title='bbox 223 735 294 790; x_wconf 85' lang='lat' dir='ltr'><strong>de</strong></span> <span class='ocrx_word' id='word_1_39' title='bbox 333 734 516 805; x_wconf 84' lang='lat' dir='ltr'><strong>granis</strong></span> <span class='ocrx_word' id='word_1_40' title='bbox 560 734 762 804; x_wconf 86' lang='lat' dir='ltr'><strong>sinapis</strong></span> <span class='ocrx_word' id='word_1_41' title='bbox 794 734 1042 799; x_wconf 76' lang='lat' dir='ltr'><strong>creverit,</strong></span> <span class='ocrx_word' id='word_1_42' title='bbox 1070 734 1376 803; x_wconf 87' lang='lat' dir='ltr'><strong>dogmatum</strong></span> <span class='ocrx_word' id='word_1_43' title='bbox 1408 745 1527 785; x_wconf 89' lang='lat' dir='ltr'><strong>esse</strong></span> <span class='ocrx_word' id='word_1_44' title='bbox 1576 726 1800 784; x_wconf 85' lang='lat' dir='ltr'><strong>diversi-</strong></span> 
     </span>
    </p>
   </div>
   <div class='ocr_carea' id='block_1_8' title="bbox 224 819 1797 893">
    <p class='ocr_par' dir='ltr' id='par_1_8' title="bbox 224 819 1797 893">
     <span class='ocr_line' id='line_1_8' title="bbox 224 819 1797 893; baseline -0.002 -16"><span class='ocrx_word' id='word_1_45' title='bbox 224 834 391 887; x_wconf 90' lang='lat' dir='ltr'><strong>tates,</strong></span> <span class='ocrx_word' id='word_1_46' title='bbox 423 823 475 876; x_wconf 92' lang='lat' dir='ltr'><strong>in</strong></span> <span class='ocrx_word' id='word_1_47' title='bbox 506 824 698 892; x_wconf 88' lang='lat' dir='ltr'><strong>quibus</strong></span> <span class='ocrx_word' id='word_1_48' title='bbox 720 824 1145 893; x_wconf 89' lang='lat' dir='ltr'><strong>supradictarum</strong></span> <span class='ocrx_word' id='word_1_49' title='bbox 1171 819 1442 873; x_wconf 89' lang='lat' dir='ltr'><strong>volucrum</strong></span> <span class='ocrx_word' id='word_1_50' title='bbox 1474 834 1797 889; x_wconf 90' lang='lat' dir='ltr'><strong>unaquaque</strong></span> 
     </span>
    </p>
   </div>
   <div class='ocr_carea' id='block_1_9' title="bbox 224 908 1798 984">
    <p class='ocr_par' dir='ltr' id='par_1_9' title="bbox 224 908 1798 984">
     <span class='ocr_line' id='line_1_9' title="bbox 224 908 1798 984; baseline -0.001 -17"><span class='ocrx_word' id='word_1_51' title='bbox 224 915 536 984; x_wconf 79' lang='lat' dir='ltr'><strong>requiescit.</strong></span> <span class='ocrx_word' id='word_1_52' title='bbox 561 914 907 969; x_wconf 75' lang='lat' dir='ltr'><strong>Assumamus</strong></span> <span class='ocrx_word' id='word_1_53' title='bbox 935 921 989 968; x_wconf 92' lang='lat' dir='ltr'><strong>et</strong></span> <span class='ocrx_word' id='word_1_54' title='bbox 1004 928 1101 967; x_wconf 87' lang='lat' dir='ltr'><strong>nos</strong></span> <span class='ocrx_word' id='word_1_55' title='bbox 1117 925 1316 981; x_wconf 83' lang='lat' dir='ltr'><strong>pennas</strong></span> <span class='ocrx_word' id='word_1_56' title='bbox 1340 908 1621 973; x_wconf 61' lang='lat' dir='ltr'><strong>columbae,</strong></span> <span class='ocrx_word' id='word_1_57' title='bbox 1654 920 1714 965; x_wconf 94' lang='lat' dir='ltr'><strong>ut</strong></span> <span class='ocrx_word' id='word_1_58' title='bbox 1732 912 1798 966; x_wconf 89' lang='lat' dir='ltr'><strong>ad</strong></span> 
     </span>
    </p>
   </div>
   <div class='ocr_carea' id='block_1_10' title="bbox 223 995 1797 1073">
    <p class='ocr_par' dir='ltr' id='par_1_10' title="bbox 223 995 1797 1073">
     <span class='ocr_line' id='line_1_10' title="bbox 223 995 1797 1073; baseline 0.001 -20"><span class='ocrx_word' id='word_1_59' title='bbox 223 1002 419 1055; x_wconf 85' lang='lat' dir='ltr'><strong>altiora</strong></span> <span class='ocrx_word' id='word_1_60' title='bbox 450 1003 715 1068; x_wconf 84' lang='lat' dir='ltr'><strong>volantes,</strong></span> <span class='ocrx_word' id='word_1_61' title='bbox 764 1001 1029 1073; x_wconf 88' lang='lat' dir='ltr'><strong>possimus</strong></span> <span class='ocrx_word' id='word_1_62' title='bbox 1059 999 1300 1054; x_wconf 79' lang='lat' dir='ltr'><strong>habitare</strong></span> <span class='ocrx_word' id='word_1_63' title='bbox 1335 995 1387 1051; x_wconf 91' lang='lat' dir='ltr'><strong>in</strong></span> <span class='ocrx_word' id='word_1_64' title='bbox 1442 999 1605 1053; x_wconf 89' lang='lat' dir='ltr'><strong>ramis</strong></span> <span class='ocrx_word' id='word_1_65' title='bbox 1634 1000 1797 1068; x_wconf 87' lang='lat' dir='ltr'><strong>hujus</strong></span> 
     </span>
    </p>
   </div>
   <div class='ocr_carea' id='block_1_11' title="bbox 224 1088 1800 1156">
    <p class='ocr_par' dir='ltr' id='par_1_11' title="bbox 224 1088 1800 1156">
     <span class='ocr_line' id='line_1_11' title="bbox 224 1088 1800 1156; baseline -0.001 -10"><span class='ocrx_word' id='word_1_66' title='bbox 224 1094 460 1156; x_wconf 79' lang='lat' dir='ltr'><strong>arboris,</strong></span> <span class='ocrx_word' id='word_1_67' title='bbox 494 1102 550 1148; x_wconf 89' lang='lat' dir='ltr'><strong>et</strong></span> <span class='ocrx_word' id='word_1_68' title='bbox 574 1094 783 1149; x_wconf 90' lang='lat' dir='ltr'><strong>nidulos</strong></span> <span class='ocrx_word' id='word_1_69' title='bbox 810 1093 963 1147; x_wconf 89' lang='lat' dir='ltr'><strong>nobis</strong></span> <span class='ocrx_word' id='word_1_70' title='bbox 989 1089 1167 1145; x_wconf 86' lang='lat' dir='ltr'><strong>facere</strong></span> <span class='ocrx_word' id='word_1_71' title='bbox 1202 1088 1588 1153; x_wconf 79' lang='lat' dir='ltr'><strong>doctrinarum,</strong></span> <span class='ocrx_word' id='word_1_72' title='bbox 1636 1099 1800 1145; x_wconf 89' lang='lat' dir='ltr'><strong>terre-</strong></span> 
     </span>
    </p>
   </div>
   <div class='ocr_carea' id='block_1_12' title="bbox 225 1166 1800 1255">
    <p class='ocr_par' dir='ltr' id='par_1_12' title="bbox 225 1166 1800 1255">
     <span class='ocr_line' id='line_1_12' title="bbox 225 1166 1800 1255; baseline 0 -18"><span class='ocrx_word' id='word_1_73' title='bbox 225 1198 411 1253; x_wconf 84' lang='lat' dir='ltr'><strong>naque</strong></span> <span class='ocrx_word' id='word_1_74' title='bbox 441 1184 722 1255; x_wconf 75' lang='lat' dir='ltr'><strong>fugientes,</strong></span> <span class='ocrx_word' id='word_1_75' title='bbox 757 1184 822 1238; x_wconf 90' lang='lat' dir='ltr'><strong>ad</strong></span> <span class='ocrx_word' id='word_1_76' title='bbox 851 1166 1090 1239; x_wconf 75' lang='lat' dir='ltr'><strong>cmlestia</strong></span> <span class='ocrx_word' id='word_1_77' title='bbox 1116 1180 1387 1235; x_wconf 89' lang='lat' dir='ltr'><strong>festinare.</strong></span> <span class='ocrx_word' id='word_1_78' title='bbox 1439 1180 1585 1235; x_wconf 81' lang='lat' dir='ltr'><strong>Multi</strong></span> <span class='ocrx_word' id='word_1_79' title='bbox 1625 1181 1800 1253; x_wconf 86' lang='lat' dir='ltr'><strong>legen-</strong></span> 
     </span>
    </p>
   </div>
   <div class='ocr_carea' id='block_1_13' title="bbox 225 1270 1799 1343">
    <p class='ocr_par' dir='ltr' id='par_1_13' title="bbox 225 1270 1799 1343">
     <span class='ocr_line' id='line_1_13' title="bbox 225 1270 1799 1343; baseline 0 -16"><span class='ocrx_word' id='word_1_80' title='bbox 225 1281 315 1328; x_wconf 90' lang='lat' dir='ltr'><strong>tes</strong></span> <span class='ocrx_word' id='word_1_81' title='bbox 358 1290 582 1343; x_wconf 78' lang='lat' dir='ltr'><strong>granum</strong></span> <span class='ocrx_word' id='word_1_82' title='bbox 631 1275 832 1343; x_wconf 86' lang='lat' dir='ltr'><strong>sinapis</strong></span> <span class='ocrx_word' id='word_1_83' title='bbox 868 1273 1147 1326; x_wconf 90' lang='lat' dir='ltr'><strong>minimum</strong></span> <span class='ocrx_word' id='word_1_84' title='bbox 1188 1270 1438 1325; x_wconf 90' lang='lat' dir='ltr'><strong>omnibus</strong></span> <span class='ocrx_word' id='word_1_85' title='bbox 1483 1272 1799 1340; x_wconf 85' lang='lat' dir='ltr'><strong>seminibus,</strong></span> 
     </span>
    </p>
   </div>
   <div class='ocr_carea' id='block_1_14' title="bbox 223 1359 1801 1433">
    <p class='ocr_par' dir='ltr' id='par_1_14' title="bbox 223 1359 1801 1433">
     <span class='ocr_line' id='line_1_14' title="bbox 223 1359 1801 1433; baseline 0 -18"><span class='ocrx_word' id='word_1_86' title='bbox 223 1371 284 1415; x_wconf 86' lang='lat' dir='ltr'><strong>et</strong></span> <span class='ocrx_word' id='word_1_87' title='bbox 333 1363 460 1417; x_wconf 88' lang='lat' dir='ltr'><strong>illud</strong></span> <span class='ocrx_word' id='word_1_88' title='bbox 494 1365 637 1433; x_wconf 90' lang='lat' dir='ltr'><strong>quod</strong></span> <span class='ocrx_word' id='word_1_89' title='bbox 683 1359 1064 1430; x_wconf 79' lang='lat' dir='ltr'><strong>in-Evangelio</strong></span> <span class='ocrx_word' id='word_1_90' title='bbox 1111 1359 1328 1424; x_wconf 84' lang='lat' dir='ltr'><strong>dicitur,</strong></span> <span class='ocrx_word' id='word_1_91' title='bbox 1372 1359 1617 1428; x_wconf 80' lang='lat' dir='ltr'><strong>Domine,</strong></span> <span class='ocrx_word' id='word_1_92' title='bbox 1671 1379 1801 1433; x_wconf 89' lang='lat' dir='ltr'><strong>auge</strong></span> 
     </span>
    </p>
   </div>
   <div class='ocr_carea' id='block_1_15' title="bbox 222 1449 1804 1524">
    <p class='ocr_par' dir='ltr' id='par_1_15' title="bbox 222 1449 1804 1524">
     <span class='ocr_line' id='line_1_15' title="bbox 222 1449 1804 1524; baseline 0 -17"><span class='ocrx_word' id='word_1_93' title='bbox 222 1451 375 1507; x_wconf 82' lang='lat' dir='ltr'><strong>uobis</strong></span> <span class='ocrx_word' id='word_1_94' title='bbox 421 1450 612 1521; x_wconf 81' lang='lat' dir='ltr'><strong>ﬁdem;</strong></span> <span class='ocrx_word' id='word_1_95' title='bbox 657 1461 711 1508; x_wconf 93' lang='lat' dir='ltr'><strong>et</strong></span> <span class='ocrx_word' id='word_1_96' title='bbox 733 1450 1085 1524; x_wconf 82' lang='lat' dir='ltr'><strong>reSpondetur</strong></span> <span class='ocrx_word' id='word_1_97' title='bbox 1117 1449 1197 1504; x_wconf 89' lang='lat' dir='ltr'><strong>eis</strong></span> <span class='ocrx_word' id='word_1_98' title='bbox 1220 1466 1249 1503; x_wconf 91' lang='lat' dir='ltr'><strong>a</strong></span> <span class='ocrx_word' id='word_1_99' title='bbox 1293 1449 1567 1507; x_wconf 90' lang='lat' dir='ltr'><strong>Salvatore</strong></span> <span class='ocrx_word' id='word_1_100' title='bbox 1594 1468 1609 1505; x_wconf 89' lang='lat'><strong>:</strong></span> <span class='ocrx_word' id='word_1_101' title='bbox 1640 1455 1804 1507; x_wconf 76' lang='lat' dir='ltr'><strong>Amen</strong></span> 
     </span>
    </p>
   </div>
   <div class='ocr_carea' id='block_1_16' title="bbox 220 1542 1798 1621">
    <p class='ocr_par' dir='ltr' id='par_1_16' title="bbox 220 1542 1798 1621">
     <span class='ocr_line' id='line_1_16' title="bbox 220 1542 1798 1621; baseline 0 -22"><span class='ocrx_word' id='word_1_102' title='bbox 220 1544 346 1599; x_wconf 74' lang='lat' dir='ltr'><strong>dico</strong></span> <span class='ocrx_word' id='word_1_103' title='bbox 373 1544 530 1608; x_wconf 86' lang='lat' dir='ltr'><strong>vobis,</strong></span> <span class='ocrx_word' id='word_1_104' title='bbox 550 1546 671 1616; x_wconf 85' lang='lat' dir='ltr'><strong>quia</strong></span> <span class='ocrx_word' id='word_1_105' title='bbox 687 1546 732 1600; x_wconf 97' lang='lat' dir='ltr'><strong>si</strong></span> <span class='ocrx_word' id='word_1_106' title='bbox 752 1545 1003 1621; x_wconf 83' lang='lat' dir='ltr'><strong>haberetis</strong></span> <span class='ocrx_word' id='word_1_107' title='bbox 1024 1542 1177 1612; x_wconf 80' lang='lat' dir='ltr'><strong>[idem</strong></span> <span class='ocrx_word' id='word_1_108' title='bbox 1194 1543 1326 1597; x_wconf 87' lang='lat' dir='ltr'><strong>sicut</strong></span> <span class='ocrx_word' id='word_1_109' title='bbox 1347 1546 1798 1621; x_wconf 87' lang='lat' dir='ltr'><strong>granumsinapis,</strong></span> 
     </span>
    </p>
   </div>
   <div class='ocr_carea' id='block_1_17' title="bbox 218 1633 1801 1707">
    <p class='ocr_par' dir='ltr' id='par_1_17' title="bbox 218 1633 1801 1707">
     <span class='ocr_line' id='line_1_17' title="bbox 218 1633 1801 1707; baseline -0.001 -19"><span class='ocrx_word' id='word_1_110' title='bbox 218 1633 465 1688; x_wconf 74' lang='lat' dir='ltr'><strong>diceretis</strong></span> <span class='ocrx_word' id='word_1_111' title='bbox 492 1636 669 1689; x_wconf 63' lang='lat' dir='ltr'><strong>monti</strong></span> <span class='ocrx_word' id='word_1_112' title='bbox 712 1636 852 1700; x_wconf 83' lang='lat' dir='ltr'><strong>huic,</strong></span> <span class='ocrx_word' id='word_1_113' title='bbox 886 1636 1059 1707; x_wconf 81' lang='lat' dir='ltr'><strong>Migra</strong></span> <span class='ocrx_word' id='word_1_114' title='bbox 1087 1636 1285 1692; x_wconf 85' lang='lat' dir='ltr'><strong>deloco</strong></span> <span class='ocrx_word' id='word_1_115' title='bbox 1315 1636 1434 1700; x_wconf 88' lang='lat' dir='ltr'><strong>ista,</strong></span> <span class='ocrx_word' id='word_1_116' title='bbox 1476 1644 1523 1688; x_wconf 87' lang='lat' dir='ltr'><strong>et</strong></span> <span class='ocrx_word' id='word_1_117' title='bbox 1554 1635 1801 1705; x_wconf 82' lang='lat' dir='ltr'><strong>migraret</strong></span> 
     </span>
    </p>
   </div>
   <div class='ocr_carea' id='block_1_18' title="bbox 221 1719 1800 1796">
    <p class='ocr_par' dir='ltr' id='par_1_18' title="bbox 221 1719 1800 1796">
     <span class='ocr_line' id='line_1_18' title="bbox 221 1719 1800 1796; baseline 0.002 -23"><span class='ocrx_word' id='word_1_118' title='bbox 221 1719 379 1795; x_wconf 85' lang='lat' dir='ltr'><strong>(Luc.</strong></span> <span class='ocrx_word' id='word_1_119' title='bbox 408 1721 563 1793; x_wconf 78' lang='lat' dir='ltr'><strong>xvii),</strong></span> <span class='ocrx_word' id='word_1_120' title='bbox 594 1730 784 1793; x_wconf 90' lang='lat' dir='ltr'><strong>putant</strong></span> <span class='ocrx_word' id='word_1_121' title='bbox 810 1725 1078 1793; x_wconf 81' lang='lat' dir='ltr'><strong>apostolos</strong></span> <span class='ocrx_word' id='word_1_122' title='bbox 1104 1727 1186 1781; x_wconf 90' lang='lat' dir='ltr'><strong>vel</strong></span> <span class='ocrx_word' id='word_1_123' title='bbox 1216 1742 1250 1796; x_wconf 90' lang='lat' dir='ltr'><strong>p</strong></span> <span class='ocrx_word' id='word_1_124' title='bbox 1271 1740 1437 1779; x_wconf 76' lang='lat' dir='ltr'><strong>rvam</strong></span> <span class='ocrx_word' id='word_1_125' title='bbox 1468 1723 1625 1779; x_wconf 83' lang='lat' dir='ltr'><strong>fidem</strong></span> <span class='ocrx_word' id='word_1_126' title='bbox 1652 1731 1800 1794; x_wconf 85' lang='lat' dir='ltr'><strong>pete-</strong></span> 
     </span>
    </p>
   </div>
   <div class='ocr_carea' id='block_1_19' title="bbox 1900 544 3485 625">
    <p class='ocr_par' dir='ltr' id='par_1_19' title="bbox 1900 544 3485 625">
     <span class='ocr_line' id='line_1_19' title="bbox 1900 544 3485 625; baseline 0.004 -25"><span class='ocrx_word' id='word_1_127' title='bbox 1900 552 2088 600; x_wconf 89' lang='lat' dir='ltr'><strong>contra</strong></span> <span class='ocrx_word' id='word_1_128' title='bbox 2117 544 2267 607; x_wconf 89' lang='lat' dir='ltr'><strong>vitia,</strong></span> <span class='ocrx_word' id='word_1_129' title='bbox 2295 545 2346 598; x_wconf 89' lang='lat' dir='ltr'><strong>in</strong></span> <span class='ocrx_word' id='word_1_130' title='bbox 2378 544 2641 600; x_wconf 86' lang='lat' dir='ltr'><strong>desiderio</strong></span> <span class='ocrx_word' id='word_1_131' title='bbox 2670 545 3021 615; x_wconf 61' lang='lat' dir='ltr'><strong>cupiditatem</strong></span> <span class='ocrx_word' id='word_1_132' title='bbox 3060 548 3318 625; x_wconf 57' lang='lat' dir='ltr'><strong>virtutum</strong></span> <span class='ocrx_word' id='word_1_133' title='bbox 3358 567 3373 617; x_wconf 85' lang='lat'><strong>;</strong></span> <span class='ocrx_word' id='word_1_134' title='bbox 3422 561 3485 625; x_wconf 77' lang='lat' dir='ltr'><strong>es</strong></span> 
     </span>
    </p>
   </div>
   <div class='ocr_carea' id='block_1_20' title="bbox 1899 624 3477 723">
    <p class='ocr_par' dir='ltr' id='par_1_20' title="bbox 1899 624 3477 723">
     <span class='ocr_line' id='line_1_20' title="bbox 1899 624 3477 723; baseline 0.005 -34"><span class='ocrx_word' id='word_1_135' title='bbox 1899 635 2003 689; x_wconf 90' lang='lat' dir='ltr'><strong>hoc</strong></span> <span class='ocrx_word' id='word_1_136' title='bbox 2024 642 2192 689; x_wconf 88' lang='lat' dir='ltr'><strong>totum</strong></span> <span class='ocrx_word' id='word_1_137' title='bbox 2226 634 2311 689; x_wconf 86' lang='lat' dir='ltr'><strong>fiet</strong></span> <span class='ocrx_word' id='word_1_138' title='bbox 2333 648 2429 704; x_wconf 90' lang='lat' dir='ltr'><strong>per</strong></span> <span class='ocrx_word' id='word_1_139' title='bbox 2449 626 2751 690; x_wconf 76' lang='lat' dir='ltr'><strong>doctrinam</strong></span> <span class='ocrx_word' id='word_1_140' title='bbox 2775 624 3174 714; x_wconf 71' lang='lat' dir='ltr'><strong>Evangelicam,</strong></span> <span class='ocrx_word' id='word_1_141' title='bbox 3198 654 3357 723; x_wconf 76' lang='lat' dir='ltr'><strong>quam</strong></span> <span class='ocrx_word' id='word_1_142' title='bbox 3381 657 3477 697; x_wconf 83' lang='lat' dir='ltr'><strong>no-</strong></span> 
     </span>
    </p>
   </div>
   <div class='ocr_carea' id='block_1_21' title="bbox 1898 722 3480 800">
    <p class='ocr_par' dir='ltr' id='par_1_21' title="bbox 1898 722 3480 800">
     <span class='ocr_line' id='line_1_21' title="bbox 1898 722 3480 800; baseline 0.003 -21"><span class='ocrx_word' id='word_1_143' title='bbox 1898 723 1982 779; x_wconf 90' lang='lat' dir='ltr'><strong>bis</strong></span> <span class='ocrx_word' id='word_1_144' title='bbox 2011 736 2185 779; x_wconf 88' lang='lat' dir='ltr'><strong>mater</strong></span> <span class='ocrx_word' id='word_1_145' title='bbox 2206 722 2443 779; x_wconf 83' lang='lat' dir='ltr'><strong>Ecclesia</strong></span> <span class='ocrx_word' id='word_1_146' title='bbox 2470 726 2747 795; x_wconf 66' lang='lat' dir='ltr'><strong>prazstitit.</strong></span> <span class='ocrx_word' id='word_1_147' title='bbox 2770 724 2957 781; x_wconf 83' lang='lat' dir='ltr'><strong>Dicam</strong></span> <span class='ocrx_word' id='word_1_148' title='bbox 3000 735 3055 781; x_wconf 89' lang='lat' dir='ltr'><strong>et</strong></span> <span class='ocrx_word' id='word_1_149' title='bbox 3098 722 3309 783; x_wconf 80' lang='lat' dir='ltr'><strong>tertiam</strong></span> <span class='ocrx_word' id='word_1_150' title='bbox 3344 744 3480 800; x_wconf 85' lang='lat' dir='ltr'><strong>quo—</strong></span> 
     </span>
    </p>
   </div>
   <div class='ocr_carea' id='block_1_22' title="bbox 1900 813 3479 889">
    <p class='ocr_par' dir='ltr' id='par_1_22' title="bbox 1900 813 3479 889">
     <span class='ocr_line' id='line_1_22' title="bbox 1900 813 3479 889; baseline 0.006 -22"><span class='ocrx_word' id='word_1_151' title='bbox 1900 814 2145 868; x_wconf 88' lang='lat' dir='ltr'><strong>rumdam</strong></span> <span class='ocrx_word' id='word_1_152' title='bbox 2186 813 2609 886; x_wconf 71' lang='lat' dir='ltr'><strong>intelligentiam,</strong></span> <span class='ocrx_word' id='word_1_153' title='bbox 2642 827 2697 871; x_wconf 91' lang='lat' dir='ltr'><strong>ut</strong></span> <span class='ocrx_word' id='word_1_154' title='bbox 2725 816 2973 873; x_wconf 89' lang='lat' dir='ltr'><strong>curiosus</strong></span> <span class='ocrx_word' id='word_1_155' title='bbox 2991 817 3157 873; x_wconf 88' lang='lat' dir='ltr'><strong>lector</strong></span> <span class='ocrx_word' id='word_1_156' title='bbox 3180 835 3210 874; x_wconf 92' lang='lat' dir='ltr'><strong>e</strong></span> <span class='ocrx_word' id='word_1_157' title='bbox 3235 818 3479 889; x_wconf 88' lang='lat' dir='ltr'><strong>pluribus</strong></span> 
     </span>
    </p>
   </div>
   <div class='ocr_carea' id='block_1_23' title="bbox 1899 903 3474 979">
    <p class='ocr_par' dir='ltr' id='par_1_23' title="bbox 1899 903 3474 979">
     <span class='ocr_line' id='line_1_23' title="bbox 1899 903 3474 979; baseline 0.004 -21"><span class='ocrx_word' id='word_1_158' title='bbox 1899 903 2041 975; x_wconf 92' lang='lat' dir='ltr'><strong>quod</strong></span> <span class='ocrx_word' id='word_1_159' title='bbox 2076 903 2357 974; x_wconf 86' lang='lat' dir='ltr'><strong>placuerit,</strong></span> <span class='ocrx_word' id='word_1_160' title='bbox 2376 904 2570 977; x_wconf 76' lang='lat' dir='ltr'><strong>eligat.</strong></span> <span class='ocrx_word' id='word_1_161' title='bbox 2597 906 2872 961; x_wconf 85' lang='lat' dir='ltr'><strong>Mulierem</strong></span> <span class='ocrx_word' id='word_1_162' title='bbox 2902 908 3059 962; x_wconf 89' lang='lat' dir='ltr'><strong>istam</strong></span> <span class='ocrx_word' id='word_1_163' title='bbox 3082 916 3135 963; x_wconf 91' lang='lat' dir='ltr'><strong>et</strong></span> <span class='ocrx_word' id='word_1_164' title='bbox 3160 908 3260 979; x_wconf 87' lang='lat' dir='ltr'><strong>ipsi</strong></span> <span class='ocrx_word' id='word_1_165' title='bbox 3284 908 3474 965; x_wconf 84' lang='lat' dir='ltr'><strong>Eccle-</strong></span> 
     </span>
    </p>
   </div>
   <div class='ocr_carea' id='block_1_24' title="bbox 1900 993 3489 1065">
    <p class='ocr_par' dir='ltr' id='par_1_24' title="bbox 1900 993 3489 1065">
     <span class='ocr_line' id='line_1_24' title="bbox 1900 993 3489 1065; baseline 0.004 -17"><span class='ocrx_word' id='word_1_166' title='bbox 1900 996 2036 1048; x_wconf 88' lang='lat' dir='ltr'><strong>siam</strong></span> <span class='ocrx_word' id='word_1_167' title='bbox 2059 993 2503 1064; x_wconf 88' lang='lat' dir='ltr'><strong>interpretantur,</strong></span> <span class='ocrx_word' id='word_1_168' title='bbox 2537 1010 2657 1065; x_wconf 65' lang='lat' dir='ltr'><strong>qum</strong></span> <span class='ocrx_word' id='word_1_169' title='bbox 2687 995 2844 1050; x_wconf 84' lang='lat' dir='ltr'><strong>[idem</strong></span> <span class='ocrx_word' id='word_1_170' title='bbox 2870 997 3105 1053; x_wconf 89' lang='lat' dir='ltr'><strong>hominis</strong></span> <span class='ocrx_word' id='word_1_171' title='bbox 3131 995 3321 1054; x_wconf 70' lang='lat' dir='ltr'><strong>latina:</strong></span> <span class='ocrx_word' id='word_1_172' title='bbox 3344 1000 3489 1055; x_wconf 69' lang='lat' dir='ltr'><strong>satis&quot;</strong></span> 
     </span>
    </p>
   </div>
   <div class='ocr_carea' id='block_1_25' title="bbox 1899 1083 3479 1154">
    <p class='ocr_par' dir='ltr' id='par_1_25' title="bbox 1899 1083 3479 1154">
     <span class='ocr_line' id='line_1_25' title="bbox 1899 1083 3479 1154; baseline 0.004 -15"><span class='ocrx_word' id='word_1_173' title='bbox 1899 1086 2073 1140; x_wconf 91' lang='lat' dir='ltr'><strong>tribus</strong></span> <span class='ocrx_word' id='word_1_174' title='bbox 2116 1086 2538 1151; x_wconf 91' lang='lat' dir='ltr'><strong>commiscuerit,</strong></span> <span class='ocrx_word' id='word_1_175' title='bbox 2584 1086 2887 1141; x_wconf 89' lang='lat' dir='ltr'><strong>credulitati</strong></span> <span class='ocrx_word' id='word_1_176' title='bbox 2929 1086 3107 1144; x_wconf 86' lang='lat' dir='ltr'><strong>Patris</strong></span> <span class='ocrx_word' id='word_1_177' title='bbox 3146 1096 3200 1151; x_wconf 85' lang='lat' dir='ltr'><strong>et</strong></span> <span class='ocrx_word' id='word_1_178' title='bbox 3246 1083 3386 1154; x_wconf 77' lang='lat' dir='ltr'><strong>Filii.</strong></span> <span class='ocrx_word' id='word_1_179' title='bbox 3422 1100 3479 1146; x_wconf 86' lang='lat' dir='ltr'><strong>et</strong></span> 
     </span>
    </p>
   </div>
   <div class='ocr_carea' id='block_1_26' title="bbox 1901 1162 3477 1245">
    <p class='ocr_par' dir='ltr' id='par_1_26' title="bbox 1901 1162 3477 1245">
     <span class='ocr_line' id='line_1_26' title="bbox 1901 1162 3477 1245; baseline 0.003 -16"><span class='ocrx_word' id='word_1_180' title='bbox 1901 1173 2133 1245; x_wconf 89' lang='lat' dir='ltr'><strong>Spiritus</strong></span> <span class='ocrx_word' id='word_1_181' title='bbox 2164 1176 2355 1229; x_wconf 87' lang='lat' dir='ltr'><strong>sancti.</strong></span> <span class='ocrx_word' id='word_1_182' title='bbox 2385 1173 2624 1245; x_wconf 90' lang='lat' dir='ltr'><strong>Cumque</strong></span> <span class='ocrx_word' id='word_1_183' title='bbox 2667 1176 2721 1229; x_wconf 91' lang='lat' dir='ltr'><strong>in</strong></span> <span class='ocrx_word' id='word_1_184' title='bbox 2769 1191 2932 1230; x_wconf 87' lang='lat' dir='ltr'><strong>unum</strong></span> <span class='ocrx_word' id='word_1_185' title='bbox 2981 1162 3477 1233; x_wconf 24' lang='lat' dir='ltr'><strong>fuerit‘ferment&#39;a-</strong></span> 
     </span>
    </p>
   </div>
   <div class='ocr_carea' id='block_1_27' title="bbox 1900 1262 3499 1334">
    <p class='ocr_par' dir='ltr' id='par_1_27' title="bbox 1900 1262 3499 1334">
     <span class='ocr_line' id='line_1_27' title="bbox 1900 1262 3499 1334; baseline 0.004 -17"><span class='ocrx_word' id='word_1_186' title='bbox 1900 1279 2035 1329; x_wconf 87' lang='lat' dir='ltr'><strong>tum,</strong></span> <span class='ocrx_word' id='word_1_187' title='bbox 2081 1280 2186 1318; x_wconf 89' lang='lat' dir='ltr'><strong>non</strong></span> <span class='ocrx_word' id='word_1_188' title='bbox 2205 1280 2305 1319; x_wconf 87' lang='lat' dir='ltr'><strong>nos</strong></span> <span class='ocrx_word' id='word_1_189' title='bbox 2330 1265 2397 1319; x_wconf 89' lang='lat' dir='ltr'><strong>ad</strong></span> <span class='ocrx_word' id='word_1_190' title='bbox 2422 1264 2688 1334; x_wconf 86' lang='lat' dir='ltr'><strong>triplicem</strong></span> <span class='ocrx_word' id='word_1_191' title='bbox 2716 1264 2908 1333; x_wconf 90' lang='lat' dir='ltr'><strong>Deum,</strong></span> <span class='ocrx_word' id='word_1_192' title='bbox 2940 1265 3033 1322; x_wconf 89' lang='lat' dir='ltr'><strong>sed</strong></span> <span class='ocrx_word' id='word_1_193' title='bbox 3056 1266 3125 1322; x_wconf 90' lang='lat' dir='ltr'><strong>ad</strong></span> <span class='ocrx_word' id='word_1_194' title='bbox 3151 1266 3307 1323; x_wconf 89' lang='lat' dir='ltr'><strong>unius</strong></span> <span class='ocrx_word' id='word_1_195' title='bbox 3336 1266 3445 1327; x_wconf 78' lang='lat' dir='ltr'><strong>divi</strong></span> <span class='ocrx_word' id='word_1_196' title='bbox 3493 1262 3499 1269; x_wconf 79' lang='grc'><em>’</em></span> 
     </span>
    </p>
   </div>
   <div class='ocr_carea' id='block_1_28' title="bbox 1901 1354 3497 1429">
    <p class='ocr_par' dir='ltr' id='par_1_28' title="bbox 1901 1354 3497 1429">
     <span class='ocr_line' id='line_1_28' title="bbox 1901 1354 3497 1429; baseline 0.004 -23"><span class='ocrx_word' id='word_1_197' title='bbox 1901 1354 2085 1409; x_wconf 89' lang='lat' dir='ltr'><strong>uitatis</strong></span> <span class='ocrx_word' id='word_1_198' title='bbox 2124 1355 2367 1425; x_wconf 85' lang='lat' dir='ltr'><strong>perducit</strong></span> <span class='ocrx_word' id='word_1_199' title='bbox 2397 1355 2659 1410; x_wconf 88' lang='lat' dir='ltr'><strong>notitiam.</strong></span> <span class='ocrx_word' id='word_1_200' title='bbox 2700 1355 2911 1412; x_wconf 69' lang='lat' dir='ltr'><strong>Fat-inse</strong></span> <span class='ocrx_word' id='word_1_201' title='bbox 2950 1372 3163 1429; x_wconf 87' lang='lat' dir='ltr'><strong>quoque</strong></span> <span class='ocrx_word' id='word_1_202' title='bbox 3208 1367 3322 1414; x_wconf 84' lang='lat' dir='ltr'><strong>sata</strong></span> <span class='ocrx_word' id='word_1_203' title='bbox 3377 1354 3497 1414; x_wconf 79' lang='lat' dir='ltr'><strong>tria&#39;</strong></span> 
     </span>
    </p>
   </div>
   <div class='ocr_carea' id='block_1_29' title="bbox 1900 1424 3649 1518">
    <p class='ocr_par' dir='ltr' id='par_1_29' title="bbox 1900 1424 3649 1518">
     <span class='ocr_line' id='line_1_29' title="bbox 1900 1424 3649 1518; baseline 0.005 -18"><span class='ocrx_word' id='word_1_204' title='bbox 1900 1445 2026 1500; x_wconf 90' lang='lat' dir='ltr'><strong>dum</strong></span> <span class='ocrx_word' id='word_1_205' title='bbox 2049 1424 2153 1500; x_wconf 90' lang='lat' dir='ltr'><strong>non</strong></span> <span class='ocrx_word' id='word_1_206' title='bbox 2182 1456 2264 1502; x_wconf 89' lang='lat' dir='ltr'><strong>est</strong></span> <span class='ocrx_word' id='word_1_207' title='bbox 2297 1448 2348 1501; x_wconf 91' lang='lat' dir='ltr'><strong>in</strong></span> <span class='ocrx_word' id='word_1_208' title='bbox 2376 1446 2599 1518; x_wconf 87' lang='lat' dir='ltr'><strong>singulis</strong></span> <span class='ocrx_word' id='word_1_209' title='bbox 2631 1449 2842 1503; x_wconf 88' lang='lat' dir='ltr'><strong>diversa</strong></span> <span class='ocrx_word' id='word_1_210' title='bbox 2877 1424 3094 1503; x_wconf 42' lang='lat' dir='ltr'><strong>nat—ura‘</strong></span> <span class='ocrx_word' id='word_1_211' title='bbox 3110 1450 3177 1505; x_wconf 91' lang='lat' dir='ltr'><strong>ad</strong></span> <span class='ocrx_word' id='word_1_212' title='bbox 3216 1450 3505 1517; x_wconf 82' lang='lat' dir='ltr'><strong>unitatem.</strong></span> <span class='ocrx_word' id='word_1_213' title='bbox 3586 1492 3597 1497; x_wconf 46' lang='grc' dir='ltr'><strong>-ν</strong></span> <span class='ocrx_word' id='word_1_214' title='bbox 3642 1424 3649 1431; x_wconf 25' lang='grc' dir='ltr'>ἱ</span> 
     </span>
    </p>
   </div>
   <div class='ocr_carea' id='block_1_30' title="bbox 1900 1536 3491 1610">
    <p class='ocr_par' dir='ltr' id='par_1_30' title="bbox 1900 1536 3491 1610">
     <span class='ocr_line' id='line_1_30' title="bbox 1900 1536 3491 1610; baseline 0.003 -21"><span class='ocrx_word' id='word_1_215' title='bbox 1900 1536 2123 1591; x_wconf 90' lang='lat' dir='ltr'><strong>trahunt</strong></span> <span class='ocrx_word' id='word_1_216' title='bbox 2163 1538 2493 1594; x_wconf 67' lang='lat' dir='ltr'><strong>substantiae.</strong></span> <span class='ocrx_word' id='word_1_217' title='bbox 2526 1540 2652 1595; x_wconf 85' lang='lat' dir='ltr'><strong>Pius</strong></span> <span class='ocrx_word' id='word_1_218' title='bbox 2682 1540 2896 1610; x_wconf 85' lang='lat' dir='ltr'><strong>quidem</strong></span> <span class='ocrx_word' id='word_1_219' title='bbox 2937 1556 3149 1607; x_wconf 84' lang='lat' dir='ltr'><strong>sensus,</strong></span> <span class='ocrx_word' id='word_1_220' title='bbox 3199 1543 3292 1597; x_wconf 90' lang='lat' dir='ltr'><strong>sed</strong></span> <span class='ocrx_word' id='word_1_221' title='bbox 3342 1557 3491 1596; x_wconf 83' lang='lat' dir='ltr'><strong>nun--</strong></span> 
     </span>
    </p>
   </div>
   <div class='ocr_carea' id='block_1_31' title="bbox 1902 1632 3473 1705">
    <p class='ocr_par' dir='ltr' id='par_1_31' title="bbox 1902 1632 3473 1705">
     <span class='ocr_line' id='line_1_31' title="bbox 1902 1632 3473 1705; baseline 0.003 -21"><span class='ocrx_word' id='word_1_222' title='bbox 1902 1646 2061 1700; x_wconf 90' lang='lat' dir='ltr'><strong>quam</strong></span> <span class='ocrx_word' id='word_1_223' title='bbox 2091 1632 2361 1701; x_wconf 74' lang='lat' dir='ltr'><strong>parabolae</strong></span> <span class='ocrx_word' id='word_1_224' title='bbox 2408 1641 2464 1687; x_wconf 92' lang='lat' dir='ltr'><strong>et</strong></span> <span class='ocrx_word' id='word_1_225' title='bbox 2505 1632 2663 1688; x_wconf 90' lang='lat' dir='ltr'><strong>dubia</strong></span> <span class='ocrx_word' id='word_1_226' title='bbox 2708 1634 3053 1705; x_wconf 78' lang='lat' dir='ltr'><strong>:enigmatum</strong></span> <span class='ocrx_word' id='word_1_227' title='bbox 3102 1632 3473 1704; x_wconf 89' lang='lat' dir='ltr'><strong>intelligentia,</strong></span> 
     </span>
    </p>
   </div>
   <div class='ocr_carea' id='block_1_32' title="bbox 1899 1719 3478 1793">
    <p class='ocr_par' dir='ltr' id='par_1_32' title="bbox 1899 1719 3478 1793">
     <span class='ocr_line' id='line_1_32' title="bbox 1899 1719 3478 1793; baseline 0.003 -20"><span class='ocrx_word' id='word_1_228' title='bbox 1899 1726 2076 1789; x_wconf 89' lang='lat' dir='ltr'><strong>potest</strong></span> <span class='ocrx_word' id='word_1_229' title='bbox 2120 1719 2185 1774; x_wconf 90' lang='lat' dir='ltr'><strong>ad</strong></span> <span class='ocrx_word' id='word_1_230' title='bbox 2228 1720 2603 1775; x_wconf 82' lang='lat' dir='ltr'><strong>auctoritatem</strong></span> <span class='ocrx_word' id='word_1_231' title='bbox 2642 1722 2951 1793; x_wconf 88' lang='lat' dir='ltr'><strong>dogmatum</strong></span> <span class='ocrx_word' id='word_1_232' title='bbox 3010 1722 3290 1792; x_wconf 87' lang='lat' dir='ltr'><strong>proficere.</strong></span> <span class='ocrx_word' id='word_1_233' title='bbox 3338 1721 3478 1779; x_wconf 76' lang='lat' dir='ltr'><strong>Non-</strong></span> 
     </span>
    </p>
   </div>
   <div class='ocr_carea' id='block_1_33' title="bbox 220 1803 3480 1889">
    <p class='ocr_par' dir='ltr' id='par_1_33' title="bbox 220 1803 3480 1889">
     <span class='ocr_line' id='line_1_33' title="bbox 220 1803 3480 1889; baseline 0.002 -26"><span class='ocrx_word' id='word_1_234' title='bbox 220 1823 305 1873; x_wconf 83' lang='lat' dir='ltr'><strong>re,</strong></span> <span class='ocrx_word' id='word_1_235' title='bbox 330 1810 415 1865; x_wconf 91' lang='lat' dir='ltr'><strong>vel</strong></span> <span class='ocrx_word' id='word_1_236' title='bbox 442 1812 722 1867; x_wconf 87' lang='lat' dir='ltr'><strong>Dominum</strong></span> <span class='ocrx_word' id='word_1_237' title='bbox 745 1813 810 1867; x_wconf 91' lang='lat' dir='ltr'><strong>de</strong></span> <span class='ocrx_word' id='word_1_238' title='bbox 838 1807 1000 1883; x_wconf 78' lang='lat' dir='ltr'><strong>parva</strong></span> <span class='ocrx_word' id='word_1_239' title='bbox 1042 1815 1144 1871; x_wconf 83' lang='lat' dir='ltr'><strong>[ide</strong></span> <span class='ocrx_word' id='word_1_240' title='bbox 1186 1817 1450 1879; x_wconf 89' lang='lat' dir='ltr'><strong>dubitare,</strong></span> <span class='ocrx_word' id='word_1_241' title='bbox 1500 1831 1622 1869; x_wconf 91' lang='lat' dir='ltr'><strong>cum</strong></span> <span class='ocrx_word' id='word_1_242' title='bbox 1668 1830 1798 1885; x_wconf 82' lang='lat' dir='ltr'><strong>apo-</strong></span> <span class='ocrx_word' id='word_1_243' title='bbox 1828 1803 1873 1863; x_wconf 86' lang='grc' dir='ltr'><strong>Β</strong></span> <span class='ocrx_word' id='word_1_244' title='bbox 1900 1810 2029 1865; x_wconf 82' lang='lat' dir='ltr'><strong>nulli</strong></span> <span class='ocrx_word' id='word_1_245' title='bbox 2052 1819 2108 1865; x_wconf 90' lang='lat' dir='ltr'><strong>et</strong></span> <span class='ocrx_word' id='word_1_246' title='bbox 2128 1818 2377 1889; x_wconf 84' lang='lat' dir='ltr'><strong>quartam</strong></span> <span class='ocrx_word' id='word_1_247' title='bbox 2402 1821 2612 1881; x_wconf 89' lang='lat' dir='ltr'><strong>ponunt</strong></span> <span class='ocrx_word' id='word_1_248' title='bbox 2650 1814 2980 1882; x_wconf 88' lang='lat' dir='ltr'><strong>opinionem,</strong></span> <span class='ocrx_word' id='word_1_249' title='bbox 3022 1815 3075 1869; x_wconf 92' lang='lat' dir='ltr'><strong>in</strong></span> <span class='ocrx_word' id='word_1_250' title='bbox 3121 1816 3293 1871; x_wconf 89' lang='lat' dir='ltr'><strong>tribus</strong></span> <span class='ocrx_word' id='word_1_251' title='bbox 3343 1817 3480 1871; x_wconf 75' lang='lat' dir='ltr'><strong>satis</strong></span> 
     </span>
    </p>
   </div>
   <div class='ocr_carea' id='block_1_34' title="bbox 221 1899 1800 1974">
    <p class='ocr_par' dir='ltr' id='par_1_34' title="bbox 221 1899 1800 1974">
     <span class='ocr_line' id='line_1_34' title="bbox 221 1899 1800 1974; baseline 0.004 -21"><span class='ocrx_word' id='word_1_252' title='bbox 221 1899 399 1953; x_wconf 78' lang='lat' dir='ltr'><strong>stolas</strong></span> <span class='ocrx_word' id='word_1_253' title='bbox 421 1899 617 1954; x_wconf 83' lang='lat' dir='ltr'><strong>Paulus</strong></span> <span class='ocrx_word' id='word_1_254' title='bbox 640 1901 795 1955; x_wconf 86' lang='lat' dir='ltr'><strong>fidem</strong></span> <span class='ocrx_word' id='word_1_255' title='bbox 817 1919 983 1973; x_wconf 90' lang='lat' dir='ltr'><strong>grano</strong></span> <span class='ocrx_word' id='word_1_256' title='bbox 1009 1905 1211 1973; x_wconf 89' lang='lat' dir='ltr'><strong>sinapis</strong></span> <span class='ocrx_word' id='word_1_257' title='bbox 1241 1912 1602 1974; x_wconf 87' lang='lat' dir='ltr'><strong>comparatam</strong></span> <span class='ocrx_word' id='word_1_258' title='bbox 1630 1904 1800 1959; x_wconf 81' lang='lat' dir='ltr'><strong>maxi-</strong></span> 
     </span>
    </p>
   </div>
   <div class='ocr_carea' id='block_1_35' title="bbox 219 1992 1798 2063">
    <p class='ocr_par' dir='ltr' id='par_1_35' title="bbox 219 1992 1798 2063">
     <span class='ocr_line' id='line_1_35' title="bbox 219 1992 1798 2063; baseline 0.001 -17"><span class='ocrx_word' id='word_1_259' title='bbox 219 2008 371 2047; x_wconf 85' lang='lat' dir='ltr'><strong>mam</strong></span> <span class='ocrx_word' id='word_1_260' title='bbox 408 1992 629 2062; x_wconf 84' lang='lat' dir='ltr'><strong>judicet.</strong></span> <span class='ocrx_word' id='word_1_261' title='bbox 683 1996 821 2063; x_wconf 85' lang='lat' dir='ltr'><strong>Quid</strong></span> <span class='ocrx_word' id='word_1_262' title='bbox 846 2000 988 2053; x_wconf 88' lang='lat' dir='ltr'><strong>enim</strong></span> <span class='ocrx_word' id='word_1_263' title='bbox 1018 2000 1189 2054; x_wconf 86' lang='lat' dir='ltr'><strong>dicit?</strong></span> <span class='ocrx_word' id='word_1_264' title='bbox 1239 2000 1301 2055; x_wconf 90' lang='lat' dir='ltr'><strong>Si</strong></span> <span class='ocrx_word' id='word_1_265' title='bbox 1325 2000 1549 2052; x_wconf 77' lang='lat' dir='ltr'><strong>habuero</strong></span> <span class='ocrx_word' id='word_1_266' title='bbox 1598 2004 1798 2050; x_wconf 87' lang='lat' dir='ltr'><strong>tantam</strong></span> 
     </span>
    </p>
   </div>
   <div class='ocr_carea' id='block_1_36' title="bbox 221 2084 1798 2161">
    <p class='ocr_par' dir='ltr' id='par_1_36' title="bbox 221 2084 1798 2161">
     <span class='ocr_line' id='line_1_36' title="bbox 221 2084 1798 2161; baseline 0.003 -25"><span class='ocrx_word' id='word_1_267' title='bbox 221 2084 408 2152; x_wconf 73' lang='lat' dir='ltr'><strong>ﬁdem,</strong></span> <span class='ocrx_word' id='word_1_268' title='bbox 448 2086 522 2161; x_wconf 76' lang='lat' dir='ltr'><strong>ita</strong></span> <span class='ocrx_word' id='word_1_269' title='bbox 552 2096 607 2139; x_wconf 88' lang='lat' dir='ltr'><strong>ut</strong></span> <span class='ocrx_word' id='word_1_270' title='bbox 655 2098 850 2142; x_wconf 87' lang='lat' dir='ltr'><strong>montes</strong></span> <span class='ocrx_word' id='word_1_271' title='bbox 882 2089 1217 2159; x_wconf 76' lang='lat' dir='ltr'><strong>transferam,</strong></span> <span class='ocrx_word' id='word_1_272' title='bbox 1272 2091 1575 2143; x_wconf 86' lang='lat' dir='ltr'><strong>charitatem</strong></span> <span class='ocrx_word' id='word_1_273' title='bbox 1611 2088 1798 2141; x_wconf 70' lang='lat' dir='ltr'><strong>&#39;autem</strong></span> 
     </span>
    </p>
   </div>
   <div class='ocr_carea' id='block_1_37' title="bbox 224 2175 1797 2251">
    <p class='ocr_par' dir='ltr' id='par_1_37' title="bbox 224 2175 1797 2251">
     <span class='ocr_line' id='line_1_37' title="bbox 224 2175 1797 2251; baseline 0.004 -25"><span class='ocrx_word' id='word_1_274' title='bbox 224 2189 331 2227; x_wconf 74' lang='lat' dir='ltr'><strong>non</strong></span> <span class='ocrx_word' id='word_1_275' title='bbox 372 2175 612 2241; x_wconf 83' lang='lat' dir='ltr'><strong>habeam,</strong></span> <span class='ocrx_word' id='word_1_276' title='bbox 664 2178 793 2231; x_wconf 86' lang='lat' dir='ltr'><strong>nihil</strong></span> <span class='ocrx_word' id='word_1_277' title='bbox 840 2176 966 2232; x_wconf 82' lang='lat' dir='ltr'><strong>mihi</strong></span> <span class='ocrx_word' id='word_1_278' title='bbox 992 2182 1199 2250; x_wconf 78' lang='lat' dir='ltr'><strong>prodest</strong></span> <span class='ocrx_word' id='word_1_279' title='bbox 1232 2180 1283 2251; x_wconf 91' lang='lat' dir='ltr'><strong>(I</strong></span> <span class='ocrx_word' id='word_1_280' title='bbox 1308 2180 1429 2234; x_wconf 86' lang='lat' dir='ltr'><strong>Cor.</strong></span> <span class='ocrx_word' id='word_1_281' title='bbox 1465 2178 1617 2249; x_wconf 78' lang='lat' dir='ltr'><strong>xm).</strong></span> <span class='ocrx_word' id='word_1_282' title='bbox 1658 2178 1797 2247; x_wconf 80' lang='lat' dir='ltr'><strong>Ergo</strong></span> 
     </span>
    </p>
   </div>
   <div class='ocr_carea' id='block_1_38' title="bbox 223 2264 1843 2342">
    <p class='ocr_par' dir='ltr' id='par_1_38' title="bbox 223 2264 1843 2342">
     <span class='ocr_line' id='line_1_38' title="bbox 223 2264 1843 2342; baseline 0.006 -27"><span class='ocrx_word' id='word_1_283' title='bbox 223 2264 371 2331; x_wconf 85' lang='lat' dir='ltr'><strong>quod</strong></span> <span class='ocrx_word' id='word_1_284' title='bbox 412 2264 665 2321; x_wconf 87' lang='lat' dir='ltr'><strong>Dominus</strong></span> <span class='ocrx_word' id='word_1_285' title='bbox 706 2268 839 2322; x_wconf 81' lang='lat' dir='ltr'><strong>dixit</strong></span> <span class='ocrx_word' id='word_1_286' title='bbox 871 2268 972 2324; x_wconf 84' lang='lat' dir='ltr'><strong>fide</strong></span> <span class='ocrx_word' id='word_1_287' title='bbox 1025 2269 1164 2336; x_wconf 86' lang='lat' dir='ltr'><strong>ﬁeri,</strong></span> <span class='ocrx_word' id='word_1_288' title='bbox 1211 2287 1329 2342; x_wconf 66' lang='lat' dir='ltr'><strong>quae</strong></span> <span class='ocrx_word' id='word_1_289' title='bbox 1378 2286 1545 2342; x_wconf 91' lang='lat' dir='ltr'><strong>grano</strong></span> <span class='ocrx_word' id='word_1_290' title='bbox 1592 2270 1796 2339; x_wconf 88' lang='lat' dir='ltr'><strong>sinapis</strong></span> <span class='ocrx_word' id='word_1_291' title='bbox 1836 2332 1843 2338; x_wconf 46' lang='grc'><em>,</em></span> 
     </span>
    </p>
   </div>
   <div class='ocr_carea' id='block_1_39' title="bbox 221 2357 1797 2431">
    <p class='ocr_par' dir='ltr' id='par_1_39' title="bbox 221 2357 1797 2431">
     <span class='ocr_line' id='line_1_39' title="bbox 221 2357 1797 2431; baseline 0.006 -26"><span class='ocrx_word' id='word_1_292' title='bbox 221 2362 606 2423; x_wconf 85' lang='lat' dir='ltr'><strong>comparatur,</strong></span> <span class='ocrx_word' id='word_1_293' title='bbox 654 2357 759 2412; x_wconf 89' lang='lat' dir='ltr'><strong>hoc</strong></span> <span class='ocrx_word' id='word_1_294' title='bbox 804 2359 1090 2429; x_wconf 86' lang='lat' dir='ltr'><strong>Apostolus</strong></span> <span class='ocrx_word' id='word_1_295' title='bbox 1141 2361 1297 2415; x_wconf 89' lang='lat' dir='ltr'><strong>docet</strong></span> <span class='ocrx_word' id='word_1_296' title='bbox 1344 2369 1451 2415; x_wconf 91' lang='lat' dir='ltr'><strong>tota</strong></span> <span class='ocrx_word' id='word_1_297' title='bbox 1494 2359 1597 2416; x_wconf 82' lang='lat' dir='ltr'><strong>ﬁde</strong></span> <span class='ocrx_word' id='word_1_298' title='bbox 1640 2374 1797 2431; x_wconf 87' lang='lat' dir='ltr'><strong>posse</strong></span> 
     </span>
    </p>
   </div>
   <div class='ocr_carea' id='block_1_40' title="bbox 208 2440 1797 2521">
    <p class='ocr_par' dir='ltr' id='par_1_40' title="bbox 208 2440 1797 2521">
     <span class='ocr_line' id='line_1_40' title="bbox 208 2440 1797 2521; baseline 0.005 -24"><span class='ocrx_word' id='word_1_299' title='bbox 208 2440 364 2497; x_wconf 73' lang='lat' dir='ltr'><strong>ﬁeri.</strong></span> <span class='ocrx_word' id='word_1_300' title='bbox 389 2442 546 2513; x_wconf 67' lang='grc' dir='ltr'><strong>(ΗΑΒ.</strong></span> <span class='ocrx_word' id='word_1_301' title='bbox 577 2446 596 2516; x_wconf 93' lang='grc'>)</span> <span class='ocrx_word' id='word_1_302' title='bbox 622 2446 808 2503; x_wconf 85' lang='lat' dir='ltr'><strong>Potest</strong></span> <span class='ocrx_word' id='word_1_303' title='bbox 835 2450 888 2504; x_wconf 90' lang='lat' dir='ltr'><strong>in</strong></span> <span class='ocrx_word' id='word_1_304' title='bbox 930 2465 1099 2519; x_wconf 89' lang='lat' dir='ltr'><strong>grano</strong></span> <span class='ocrx_word' id='word_1_305' title='bbox 1126 2451 1329 2520; x_wconf 88' lang='lat' dir='ltr'><strong>sinapis</strong></span> <span class='ocrx_word' id='word_1_306' title='bbox 1364 2452 1477 2521; x_wconf 89' lang='lat' dir='ltr'><strong>ipsa</strong></span> <span class='ocrx_word' id='word_1_307' title='bbox 1507 2450 1797 2505; x_wconf 77' lang='lat' dir='ltr'><strong>Dominicae</strong></span> 
     </span>
    </p>
   </div>
   <div class='ocr_carea' id='block_1_41' title="bbox 220 2529 1792 2609">
    <p class='ocr_par' dir='ltr' id='par_1_41' title="bbox 220 2529 1792 2609">
     <span class='ocr_line' id='line_1_41' title="bbox 220 2529 1792 2609; baseline 0.005 -26"><span class='ocrx_word' id='word_1_308' title='bbox 220 2529 917 2608; x_wconf 84' lang='lat' dir='ltr'><strong>incarnationis_bumililas</strong></span> <span class='ocrx_word' id='word_1_309' title='bbox 958 2538 1203 2609; x_wconf 88' lang='lat' dir='ltr'><strong>intelligi,</strong></span> <span class='ocrx_word' id='word_1_310' title='bbox 1226 2538 1365 2609; x_wconf 83' lang='lat' dir='ltr'><strong>quod</strong></span> <span class='ocrx_word' id='word_1_311' title='bbox 1394 2550 1659 2606; x_wconf 87' lang='lat' dir='ltr'><strong>acceptum</strong></span> <span class='ocrx_word' id='word_1_312' title='bbox 1694 2538 1792 2592; x_wconf 85' lang='lat' dir='ltr'><strong>ho-</strong></span> 
     </span>
    </p>
   </div>
   <div class='ocr_carea' id='block_1_42' title="bbox 224 2620 1795 2699">
    <p class='ocr_par' dir='ltr' id='par_1_42' title="bbox 224 2620 1795 2699">
     <span class='ocr_line' id='line_1_42' title="bbox 224 2620 1795 2699; baseline 0.007 -28"><span class='ocrx_word' id='word_1_313' title='bbox 224 2634 313 2672; x_wconf 85' lang='lat' dir='ltr'><strong>mo</strong></span> <span class='ocrx_word' id='word_1_314' title='bbox 357 2620 493 2674; x_wconf 87' lang='lat' dir='ltr'><strong>misit</strong></span> <span class='ocrx_word' id='word_1_315' title='bbox 516 2622 570 2675; x_wconf 89' lang='lat' dir='ltr'><strong>in</strong></span> <span class='ocrx_word' id='word_1_316' title='bbox 612 2623 816 2680; x_wconf 88' lang='lat' dir='ltr'><strong>hortum</strong></span> <span class='ocrx_word' id='word_1_317' title='bbox 843 2642 1015 2690; x_wconf 88' lang='lat' dir='ltr'><strong>suum,</strong></span> <span class='ocrx_word' id='word_1_318' title='bbox 1062 2628 1204 2697; x_wconf 80' lang='lat' dir='ltr'><strong>quod</strong></span> <span class='ocrx_word' id='word_1_319' title='bbox 1251 2643 1447 2699; x_wconf 90' lang='lat' dir='ltr'><strong>corpus</strong></span> <span class='ocrx_word' id='word_1_320' title='bbox 1501 2626 1795 2682; x_wconf 87' lang='lat' dir='ltr'><strong>Salvatoris</strong></span> 
     </span>
    </p>
   </div>
   <div class='ocr_carea' id='block_1_43' title="bbox 223 2708 1793 2785">
    <p class='ocr_par' dir='ltr' id='par_1_43' title="bbox 223 2708 1793 2785">
     <span class='ocr_line' id='line_1_43' title="bbox 223 2708 1793 2785; baseline 0.006 -26"><span class='ocrx_word' id='word_1_321' title='bbox 223 2708 524 2778; x_wconf 80' lang='lat' dir='ltr'><strong>accipiens,</strong></span> <span class='ocrx_word' id='word_1_322' title='bbox 550 2708 745 2781; x_wconf 85' lang='lat' dir='ltr'><strong>Josepb</strong></span> <span class='ocrx_word' id='word_1_323' title='bbox 789 2713 845 2767; x_wconf 92' lang='lat' dir='ltr'><strong>in</strong></span> <span class='ocrx_word' id='word_1_324' title='bbox 882 2714 1038 2769; x_wconf 89' lang='lat' dir='ltr'><strong>horto</strong></span> <span class='ocrx_word' id='word_1_325' title='bbox 1075 2716 1342 2785; x_wconf 82' lang='lat' dir='ltr'><strong>sepelivit.</strong></span> <span class='ocrx_word' id='word_1_326' title='bbox 1390 2717 1571 2772; x_wconf 84' lang='lat' dir='ltr'><strong>Crevit</strong></span> <span class='ocrx_word' id='word_1_327' title='bbox 1616 2726 1793 2771; x_wconf 88' lang='lat' dir='ltr'><strong>autem</strong></span> 
     </span>
    </p>
   </div>
   <div class='ocr_carea' id='block_1_44' title="bbox 222 2795 1791 2874">
    <p class='ocr_par' dir='ltr' id='par_1_44' title="bbox 222 2795 1791 2874">
     <span class='ocr_line' id='line_1_44' title="bbox 222 2795 1791 2874; baseline 0.006 -24"><span class='ocrx_word' id='word_1_328' title='bbox 222 2804 285 2851; x_wconf 91' lang='lat' dir='ltr'><strong>et</strong></span> <span class='ocrx_word' id='word_1_329' title='bbox 307 2795 503 2852; x_wconf 79' lang='lat' dir='ltr'><strong>factum</strong></span> <span class='ocrx_word' id='word_1_330' title='bbox 529 2807 611 2853; x_wconf 92' lang='lat' dir='ltr'><strong>est</strong></span> <span class='ocrx_word' id='word_1_331' title='bbox 634 2802 687 2853; x_wconf 92' lang='lat' dir='ltr'><strong>in</strong></span> <span class='ocrx_word' id='word_1_332' title='bbox 724 2803 991 2869; x_wconf 85' lang='lat' dir='ltr'><strong>arborem,</strong></span> <span class='ocrx_word' id='word_1_333' title='bbox 1023 2805 1167 2874; x_wconf 89' lang='lat' dir='ltr'><strong>quod</strong></span> <span class='ocrx_word' id='word_1_334' title='bbox 1210 2806 1567 2860; x_wconf 78' lang='lat' dir='ltr'><strong>resurrexerit</strong></span> <span class='ocrx_word' id='word_1_335' title='bbox 1613 2813 1667 2859; x_wconf 90' lang='lat' dir='ltr'><strong>et</strong></span> <span class='ocrx_word' id='word_1_336' title='bbox 1704 2822 1791 2860; x_wconf 92' lang='lat' dir='ltr'><strong>as-</strong></span> 
     </span>
    </p>
   </div>
   <div class='ocr_carea' id='block_1_45' title="bbox 222 2888 1795 2966">
    <p class='ocr_par' dir='ltr' id='par_1_45' title="bbox 222 2888 1795 2966">
     <span class='ocr_line' id='line_1_45' title="bbox 222 2888 1795 2966; baseline 0.007 -25"><span class='ocrx_word' id='word_1_337' title='bbox 222 2888 409 2942; x_wconf 82' lang='lat' dir='ltr'><strong>cendit</strong></span> <span class='ocrx_word' id='word_1_338' title='bbox 428 2888 482 2943; x_wconf 91' lang='lat' dir='ltr'><strong>in</strong></span> <span class='ocrx_word' id='word_1_339' title='bbox 508 2890 724 2945; x_wconf 65' lang='lat' dir='ltr'><strong>caelum.</strong></span> <span class='ocrx_word' id='word_1_340' title='bbox 750 2893 1015 2963; x_wconf 82' lang='lat' dir='ltr'><strong>Expandit</strong></span> <span class='ocrx_word' id='word_1_341' title='bbox 1040 2910 1221 2951; x_wconf 89' lang='lat' dir='ltr'><strong>ramos</strong></span> <span class='ocrx_word' id='word_1_342' title='bbox 1250 2897 1304 2950; x_wconf 91' lang='lat' dir='ltr'><strong>in</strong></span> <span class='ocrx_word' id='word_1_343' title='bbox 1327 2898 1518 2966; x_wconf 91' lang='lat' dir='ltr'><strong>quibus</strong></span> <span class='ocrx_word' id='word_1_344' title='bbox 1547 2898 1795 2953; x_wconf 89' lang='lat' dir='ltr'><strong>volucres</strong></span> 
     </span>
    </p>
   </div>
   <div class='ocr_carea' id='block_1_46' title="bbox 222 2979 1792 3059">
    <p class='ocr_par' dir='ltr' id='par_1_46' title="bbox 222 2979 1792 3059">
     <span class='ocr_line' id='line_1_46' title="bbox 222 2979 1792 3059; baseline 0.006 -25"><span class='ocrx_word' id='word_1_345' title='bbox 222 2979 349 3035; x_wconf 65' lang='lat' dir='ltr'><strong>celi</strong></span> <span class='ocrx_word' id='word_1_346' title='bbox 398 2983 813 3050; x_wconf 85' lang='lat' dir='ltr'><strong>requiescerent,</strong></span> <span class='ocrx_word' id='word_1_347' title='bbox 848 2988 991 3055; x_wconf 90' lang='lat' dir='ltr'><strong>quod</strong></span> <span class='ocrx_word' id='word_1_348' title='bbox 1032 2987 1411 3057; x_wconf 63' lang='lat' dir='ltr'><strong>praedicatores</strong></span> <span class='ocrx_word' id='word_1_349' title='bbox 1450 2990 1698 3059; x_wconf 80' lang='lat' dir='ltr'><strong>diSpersit</strong></span> <span class='ocrx_word' id='word_1_350' title='bbox 1739 2989 1792 3043; x_wconf 87' lang='lat' dir='ltr'><strong>in</strong></span> 
     </span>
    </p>
   </div>
   <div class='ocr_carea' id='block_1_47' title="bbox 222 3070 1792 3146">
    <p class='ocr_par' dir='ltr' id='par_1_47' title="bbox 222 3070 1792 3146">
     <span class='ocr_line' id='line_1_47' title="bbox 222 3070 1792 3146; baseline 0.008 -26"><span class='ocrx_word' id='word_1_351' title='bbox 222 3070 504 3140; x_wconf 83' lang='lat' dir='ltr'><strong>mundum,</strong></span> <span class='ocrx_word' id='word_1_352' title='bbox 537 3072 589 3125; x_wconf 92' lang='lat' dir='ltr'><strong>in</strong></span> <span class='ocrx_word' id='word_1_353' title='bbox 624 3089 851 3142; x_wconf 90' lang='lat' dir='ltr'><strong>quorum</strong></span> <span class='ocrx_word' id='word_1_354' title='bbox 872 3076 1029 3130; x_wconf 90' lang='lat' dir='ltr'><strong>dictis</strong></span> <span class='ocrx_word' id='word_1_355' title='bbox 1056 3085 1216 3146; x_wconf 89' lang='lat' dir='ltr'><strong>atque</strong></span> <span class='ocrx_word' id='word_1_356' title='bbox 1251 3078 1704 3132; x_wconf 88' lang='lat' dir='ltr'><strong>consolationibus</strong></span> <span class='ocrx_word' id='word_1_357' title='bbox 1725 3078 1792 3132; x_wconf 90' lang='lat' dir='ltr'><strong>ab</strong></span> 
     </span>
    </p>
   </div>
   <div class='ocr_carea' id='block_1_48' title="bbox 1899 1901 3491 1978">
    <p class='ocr_par' dir='ltr' id='par_1_48' title="bbox 1899 1901 3491 1978">
     <span class='ocr_line' id='line_1_48' title="bbox 1899 1901 3491 1978; baseline 0.005 -23"><span class='ocrx_word' id='word_1_358' title='bbox 1899 1901 2061 1956; x_wconf 90' lang='lat' dir='ltr'><strong>trium</strong></span> <span class='ocrx_word' id='word_1_359' title='bbox 2085 1902 2315 1956; x_wconf 88' lang='lat' dir='ltr'><strong>filiorum</strong></span> <span class='ocrx_word' id='word_1_360' title='bbox 2336 1901 2447 1957; x_wconf 81' lang='lat' dir='ltr'><strong>Noe</strong></span> <span class='ocrx_word' id='word_1_361' title='bbox 2472 1905 2819 1975; x_wconf 87' lang='lat' dir='ltr'><strong>propaginem</strong></span> <span class='ocrx_word' id='word_1_362' title='bbox 2842 1905 3179 1975; x_wconf 87' lang='lat' dir='ltr'><strong>recipientes,</strong></span> <span class='ocrx_word' id='word_1_363' title='bbox 3204 1906 3256 1962; x_wconf 91' lang='lat' dir='ltr'><strong>in</strong></span> <span class='ocrx_word' id='word_1_364' title='bbox 3277 1908 3491 1978; x_wconf 71' lang='lat' dir='ltr'><strong>quibus</strong></span> 
     </span>
    </p>
   </div>
   <div class='ocr_carea' id='block_1_49' title="bbox 1900 1990 3474 2068">
    <p class='ocr_par' dir='ltr' id='par_1_49' title="bbox 1900 1990 3474 2068">
     <span class='ocr_line' id='line_1_49' title="bbox 1900 1990 3474 2068; baseline 0.006 -23"><span class='ocrx_word' id='word_1_365' title='bbox 1900 1993 2259 2046; x_wconf 78' lang='lat' dir='ltr'><strong>restauratum</strong></span> <span class='ocrx_word' id='word_1_366' title='bbox 2315 2001 2397 2047; x_wconf 91' lang='lat' dir='ltr'><strong>est</strong></span> <span class='ocrx_word' id='word_1_367' title='bbox 2446 2009 2615 2063; x_wconf 90' lang='lat' dir='ltr'><strong>genus</strong></span> <span class='ocrx_word' id='word_1_368' title='bbox 2670 1994 2984 2062; x_wconf 89' lang='lat' dir='ltr'><strong>humanum,</strong></span> <span class='ocrx_word' id='word_1_369' title='bbox 3030 2012 3166 2068; x_wconf 91' lang='lat' dir='ltr'><strong>quos</strong></span> <span class='ocrx_word' id='word_1_370' title='bbox 3212 1990 3474 2054; x_wconf 83' lang='lat' dir='ltr'><strong>fermento</strong></span> 
     </span>
    </p>
   </div>
   <div class='ocr_carea' id='block_1_50' title="bbox 1898 2080 3469 2160">
    <p class='ocr_par' dir='ltr' id='par_1_50' title="bbox 1898 2080 3469 2160">
     <span class='ocr_line' id='line_1_50' title="bbox 1898 2080 3469 2160; baseline 0.006 -26"><span class='ocrx_word' id='word_1_371' title='bbox 1898 2080 2195 2151; x_wconf 84' lang='lat' dir='ltr'><strong>Evangelii,</strong></span> <span class='ocrx_word' id='word_1_372' title='bbox 2225 2081 2420 2136; x_wconf 90' lang='lat' dir='ltr'><strong>mulier</strong></span> <span class='ocrx_word' id='word_1_373' title='bbox 2441 2083 2697 2153; x_wconf 65' lang='lat' dir='ltr'><strong>praedicta</strong></span> <span class='ocrx_word' id='word_1_374' title='bbox 2729 2083 2781 2138; x_wconf 92' lang='lat' dir='ltr'><strong>in</strong></span> <span class='ocrx_word' id='word_1_375' title='bbox 2818 2085 3079 2141; x_wconf 89' lang='lat' dir='ltr'><strong>unitatem</strong></span> <span class='ocrx_word' id='word_1_376' title='bbox 3101 2086 3224 2143; x_wconf 82' lang='lat' dir='ltr'><strong>ﬁdei</strong></span> <span class='ocrx_word' id='word_1_377' title='bbox 3250 2087 3469 2160; x_wconf 85' lang='lat' dir='ltr'><strong>colligit.</strong></span> 
     </span>
    </p>
   </div>
   <div class='ocr_carea' id='block_1_51' title="bbox 1969 2171 3494 2244">
    <p class='ocr_par' dir='ltr' id='par_1_51' title="bbox 1969 2171 3494 2244">
     <span class='ocr_line' id='line_1_51' title="bbox 1969 2171 3494 2244; baseline 0.006 -19"><span class='ocrx_word' id='word_1_378' title='bbox 1969 2171 2166 2244; x_wconf 63' lang='lat' dir='ltr'><strong>(Rm)</strong></span> <span class='ocrx_word' id='word_1_379' title='bbox 2192 2174 2424 2229; x_wconf 86' lang='lat' dir='ltr'><strong>Possunt</strong></span> <span class='ocrx_word' id='word_1_380' title='bbox 2453 2175 2631 2244; x_wconf 88' lang='lat' dir='ltr'><strong>itaque</strong></span> <span class='ocrx_word' id='word_1_381' title='bbox 2652 2182 2847 2244; x_wconf 81' lang='lat' dir='ltr'><strong>praeter</strong></span> <span class='ocrx_word' id='word_1_382' title='bbox 2868 2176 2982 2233; x_wconf 60' lang='lat' dir='ltr'><strong>haec</strong></span> <span class='ocrx_word' id='word_1_383' title='bbox 3006 2188 3059 2232; x_wconf 90' lang='lat' dir='ltr'><strong>et</strong></span> <span class='ocrx_word' id='word_1_384' title='bbox 3084 2180 3137 2234; x_wconf 89' lang='lat' dir='ltr'><strong>in</strong></span> <span class='ocrx_word' id='word_1_385' title='bbox 3178 2178 3364 2234; x_wconf 66' lang='lat' dir='ltr'><strong>farinae</strong></span> <span class='ocrx_word' id='word_1_386' title='bbox 3391 2196 3494 2234; x_wconf 88' lang='lat' dir='ltr'><strong>sa--</strong></span> 
     </span>
    </p>
   </div>
   <div class='ocr_carea' id='block_1_52' title="bbox 1899 2262 3474 2339">
    <p class='ocr_par' dir='ltr' id='par_1_52' title="bbox 1899 2262 3474 2339">
     <span class='ocr_line' id='line_1_52' title="bbox 1899 2262 3474 2339; baseline 0.005 -23"><span class='ocrx_word' id='word_1_387' title='bbox 1899 2262 1968 2318; x_wconf 89' lang='lat' dir='ltr'><strong>tis</strong></span> <span class='ocrx_word' id='word_1_388' title='bbox 1996 2264 2167 2319; x_wconf 89' lang='lat' dir='ltr'><strong>tribus</strong></span> <span class='ocrx_word' id='word_1_389' title='bbox 2206 2263 2281 2318; x_wconf 90' lang='lat' dir='ltr'><strong>illi</strong></span> <span class='ocrx_word' id='word_1_390' title='bbox 2321 2262 2583 2321; x_wconf 88' lang='lat' dir='ltr'><strong>Dominici</strong></span> <span class='ocrx_word' id='word_1_391' title='bbox 2630 2268 2853 2339; x_wconf 75' lang='lat' dir='ltr'><strong>seminis</strong></span> <span class='ocrx_word' id='word_1_392' title='bbox 2893 2266 3120 2334; x_wconf 81' lang='lat' dir='ltr'><strong>lmetus,</strong></span> <span class='ocrx_word' id='word_1_393' title='bbox 3150 2270 3474 2325; x_wconf 79' lang='lat' dir='ltr'><strong>tricesimus</strong></span> 
     </span>
    </p>
   </div>
   <div class='ocr_carea' id='block_1_53' title="bbox 1896 2354 3474 2432">
    <p class='ocr_par' dir='ltr' id='par_1_53' title="bbox 1896 2354 3474 2432">
     <span class='ocr_line' id='line_1_53' title="bbox 1896 2354 3474 2432; baseline 0.005 -23"><span class='ocrx_word' id='word_1_394' title='bbox 1896 2354 2104 2410; x_wconf 88' lang='lat' dir='ltr'><strong>scilicet</strong></span> <span class='ocrx_word' id='word_1_395' title='bbox 2134 2356 2517 2427; x_wconf 81' lang='lat' dir='ltr'><strong>sexagesimus,</strong></span> <span class='ocrx_word' id='word_1_396' title='bbox 2550 2367 2605 2412; x_wconf 92' lang='lat' dir='ltr'><strong>et</strong></span> <span class='ocrx_word' id='word_1_397' title='bbox 2628 2360 2955 2415; x_wconf 79' lang='lat' dir='ltr'><strong>centesimus</strong></span> <span class='ocrx_word' id='word_1_398' title='bbox 2988 2360 3235 2432; x_wconf 66' lang='lat' dir='ltr'><strong>intelligi;</strong></span> <span class='ocrx_word' id='word_1_399' title='bbox 3276 2361 3327 2416; x_wconf 89' lang='lat' dir='ltr'><strong>id</strong></span> <span class='ocrx_word' id='word_1_400' title='bbox 3368 2373 3474 2426; x_wconf 88' lang='lat' dir='ltr'><strong>est,</strong></span> 
     </span>
    </p>
   </div>
   <div class='ocr_carea' id='block_1_54' title="bbox 1896 2445 3479 2522">
    <p class='ocr_par' dir='ltr' id='par_1_54' title="bbox 1896 2445 3479 2522">
     <span class='ocr_line' id='line_1_54' title="bbox 1896 2445 3479 2522; baseline 0.003 -20"><span class='ocrx_word' id='word_1_401' title='bbox 1896 2445 2324 2518; x_wconf 75' lang='lat' dir='ltr'><strong>coniugatorum,</strong></span> <span class='ocrx_word' id='word_1_402' title='bbox 2350 2448 2738 2515; x_wconf 83' lang='lat' dir='ltr'><strong>continentum,</strong></span> <span class='ocrx_word' id='word_1_403' title='bbox 2770 2450 3057 2522; x_wconf 87' lang='lat' dir='ltr'><strong>virginum.</strong></span> <span class='ocrx_word' id='word_1_404' title='bbox 3091 2450 3317 2507; x_wconf 85' lang='lat' dir='ltr'><strong>Pulchre</strong></span> <span class='ocrx_word' id='word_1_405' title='bbox 3342 2452 3479 2507; x_wconf 81' lang='lat' dir='ltr'><strong>dicit</strong></span> 
     </span>
    </p>
   </div>
   <div class='ocr_carea' id='block_1_55' title="bbox 1894 2538 3488 2607">
    <p class='ocr_par' dir='ltr' id='par_1_55' title="bbox 1894 2538 3488 2607">
     <span class='ocr_line' id='line_1_55' title="bbox 1894 2538 3488 2607; baseline 0.003 -16"><span class='ocrx_word' id='word_1_406' title='bbox 1894 2546 2123 2592; x_wconf 89' lang='lat' dir='ltr'><strong>eatenus</strong></span> <span class='ocrx_word' id='word_1_407' title='bbox 2172 2538 2564 2593; x_wconf 83' lang='lat' dir='ltr'><strong>absconditum-</strong></span> <span class='ocrx_word' id='word_1_408' title='bbox 2595 2541 2650 2595; x_wconf 89' lang='lat' dir='ltr'><strong>in</strong></span> <span class='ocrx_word' id='word_1_409' title='bbox 2690 2540 2860 2595; x_wconf 86' lang='lat' dir='ltr'><strong>farina</strong></span> <span class='ocrx_word' id='word_1_410' title='bbox 2908 2540 3251 2607; x_wconf 80' lang='lat' dir='ltr'><strong>fermentum,</strong></span> <span class='ocrx_word' id='word_1_411' title='bbox 3310 2543 3488 2596; x_wconf 58' lang='lat' dir='ltr'><strong>donem</strong></span> 
     </span>
    </p>
   </div>
   <div class='ocr_carea' id='block_1_56' title="bbox 1894 2629 3485 2703">
    <p class='ocr_par' dir='ltr' id='par_1_56' title="bbox 1894 2629 3485 2703">
     <span class='ocr_line' id='line_1_56' title="bbox 1894 2629 3485 2703; baseline 0.003 -19"><span class='ocrx_word' id='word_1_412' title='bbox 1894 2629 2293 2699; x_wconf 66' lang='lat' dir='ltr'><strong>lamentaretur</strong></span> <span class='ocrx_word' id='word_1_413' title='bbox 2320 2640 2506 2697; x_wconf 76' lang='lat' dir='ltr'><strong>totum;</strong></span> <span class='ocrx_word' id='word_1_414' title='bbox 2527 2634 2652 2703; x_wconf 86' lang='lat' dir='ltr'><strong>quia</strong></span> <span class='ocrx_word' id='word_1_415' title='bbox 2687 2634 2923 2688; x_wconf 77' lang='lat' dir='ltr'><strong>Charitas</strong></span> <span class='ocrx_word' id='word_1_416' title='bbox 2968 2634 3245 2687; x_wconf 84' lang='lat' dir='ltr'><strong>in-nostra</strong></span> <span class='ocrx_word' id='word_1_417' title='bbox 3294 2646 3485 2688; x_wconf 73' lang='lat' dir='ltr'><strong>mente</strong></span> 
     </span>
    </p>
   </div>
   <div class='ocr_carea' id='block_1_57' title="bbox 1894 2719 3465 2789">
    <p class='ocr_par' dir='ltr' id='par_1_57' title="bbox 1894 2719 3465 2789">
     <span class='ocr_line' id='line_1_57' title="bbox 1894 2719 3465 2789; baseline 0.001 -17"><span class='ocrx_word' id='word_1_418' title='bbox 1894 2719 2166 2773; x_wconf 85' lang='lat' dir='ltr'><strong>recondita</strong></span> <span class='ocrx_word' id='word_1_419' title='bbox 2188 2734 2423 2789; x_wconf 86' lang='lat' dir='ltr'><strong>eousque</strong></span> <span class='ocrx_word' id='word_1_420' title='bbox 2442 2735 2688 2776; x_wconf 90' lang='lat' dir='ltr'><strong>crescere</strong></span> <span class='ocrx_word' id='word_1_421' title='bbox 2715 2722 2900 2787; x_wconf 77' lang='lat' dir='ltr'><strong>debet,</strong></span> <span class='ocrx_word' id='word_1_422' title='bbox 2922 2723 3100 2776; x_wconf 85' lang='lat' dir='ltr'><strong>donec</strong></span> <span class='ocrx_word' id='word_1_423' title='bbox 3124 2731 3289 2775; x_wconf 85' lang='lat' dir='ltr'><strong>totam</strong></span> <span class='ocrx_word' id='word_1_424' title='bbox 3314 2737 3465 2776; x_wconf 79' lang='lat' dir='ltr'><strong>men-</strong></span> 
     </span>
    </p>
   </div>
   <div class='ocr_carea' id='block_1_58' title="bbox 1896 2809 3475 2881">
    <p class='ocr_par' dir='ltr' id='par_1_58' title="bbox 1896 2809 3475 2881">
     <span class='ocr_line' id='line_1_58' title="bbox 1896 2809 3475 2881; baseline 0.001 -18"><span class='ocrx_word' id='word_1_425' title='bbox 1896 2817 2000 2863; x_wconf 91' lang='lat' dir='ltr'><strong>tem</strong></span> <span class='ocrx_word' id='word_1_426' title='bbox 2027 2810 2080 2863; x_wconf 89' lang='lat' dir='ltr'><strong>in</strong></span> <span class='ocrx_word' id='word_1_427' title='bbox 2107 2811 2188 2867; x_wconf 83' lang='lat' dir='ltr'><strong>sui</strong></span> <span class='ocrx_word' id='word_1_428' title='bbox 2210 2809 2599 2880; x_wconf 84' lang='lat' dir='ltr'><strong>perfectionem</strong></span> <span class='ocrx_word' id='word_1_429' title='bbox 2622 2819 2939 2875; x_wconf 85' lang='lat' dir='ltr'><strong>commutet,</strong></span> <span class='ocrx_word' id='word_1_430' title='bbox 2964 2819 3022 2865; x_wconf 93' lang='lat' dir='ltr'><strong>ut</strong></span> <span class='ocrx_word' id='word_1_431' title='bbox 3048 2811 3180 2865; x_wconf 89' lang='lat' dir='ltr'><strong>nihil</strong></span> <span class='ocrx_word' id='word_1_432' title='bbox 3224 2810 3475 2881; x_wconf 81' lang='lat' dir='ltr'><strong>videlicet</strong></span> 
     </span>
    </p>
   </div>
   <div class='ocr_carea' id='block_1_59' title="bbox 1893 2900 3492 2973">
    <p class='ocr_par' dir='ltr' id='par_1_59' title="bbox 1893 2900 3492 2973">
     <span class='ocr_line' id='line_1_59' title="bbox 1893 2900 3492 2973; baseline 0.003 -20"><span class='ocrx_word' id='word_1_433' title='bbox 1893 2906 2091 2967; x_wconf 60' lang='lat' dir='ltr'><strong>praeter</strong></span> <span class='ocrx_word' id='word_1_434' title='bbox 2139 2900 2309 2970; x_wconf 89' lang='lat' dir='ltr'><strong>ipsam</strong></span> <span class='ocrx_word' id='word_1_435' title='bbox 2361 2901 2654 2955; x_wconf 86' lang='lat' dir='ltr'><strong>conditoris</strong></span> <span class='ocrx_word' id='word_1_436' title='bbox 2698 2901 2781 2956; x_wconf 91' lang='lat' dir='ltr'><strong>sui</strong></span> <span class='ocrx_word' id='word_1_437' title='bbox 2831 2901 3171 2957; x_wconf 87' lang='lat' dir='ltr'><strong>dilectionem</strong></span> <span class='ocrx_word' id='word_1_438' title='bbox 3226 2902 3492 2973; x_wconf 90' lang='lat' dir='ltr'><strong>diligere,.</strong></span> 
     </span>
    </p>
   </div>
   <div class='ocr_carea' id='block_1_60' title="bbox 1850 2978 3481 3063">
    <p class='ocr_par' dir='ltr' id='par_1_60' title="bbox 1850 2978 3481 3063">
     <span class='ocr_line' id='line_1_60' title="bbox 1850 2978 3481 3063; baseline 0.003 -19"><span class='ocrx_word' id='word_1_439' title='bbox 1850 2978 1853 2981; x_wconf 52' lang='grc'><em>’</em></span> <span class='ocrx_word' id='word_1_440' title='bbox 1894 3006 2076 3060; x_wconf 79' lang='lat' dir='ltr'><strong>agere,</strong></span> <span class='ocrx_word' id='word_1_441' title='bbox 2101 2992 2341 3047; x_wconf 83' lang='lat' dir='ltr'><strong>recolere</strong></span> <span class='ocrx_word' id='word_1_442' title='bbox 2368 2990 2549 3045; x_wconf 86' lang='lat' dir='ltr'><strong>anima</strong></span> <span class='ocrx_word' id='word_1_443' title='bbox 2575 2992 2764 3061; x_wconf 90' lang='lat' dir='ltr'><strong>possit.</strong></span> <span class='ocrx_word' id='word_1_444' title='bbox 2807 2991 2959 3058; x_wconf 85' lang='lat' dir='ltr'><strong>Quod</strong></span> <span class='ocrx_word' id='word_1_445' title='bbox 2986 2992 3079 3047; x_wconf 87' lang='lat' dir='ltr'><strong>hic</strong></span> <span class='ocrx_word' id='word_1_446' title='bbox 3117 2992 3334 3063; x_wconf 76' lang='lat' dir='ltr'><strong>quidem</strong></span> <span class='ocrx_word' id='word_1_447' title='bbox 3383 2992 3481 3049; x_wconf 71' lang='grc' dir='ltr'><strong>1η-</strong></span> 
     </span>
    </p>
   </div>
   <div class='ocr_carea' id='block_1_61' title="bbox 1894 3080 3485 3151">
    <p class='ocr_par' dir='ltr' id='par_1_61' title="bbox 1894 3080 3485 3151">
     <span class='ocr_line' id='line_1_61' title="bbox 1894 3080 3485 3151; baseline 0.001 -16"><span class='ocrx_word' id='word_1_448' title='bbox 1894 3080 2098 3144; x_wconf 79' lang='lat' dir='ltr'><strong>cboari,</strong></span> <span class='ocrx_word' id='word_1_449' title='bbox 2126 3082 2217 3135; x_wconf 89' lang='lat' dir='ltr'><strong>sed</strong></span> <span class='ocrx_word' id='word_1_450' title='bbox 2244 3081 2314 3135; x_wconf 88' lang='lat' dir='ltr'><strong>ibi</strong></span> <span class='ocrx_word' id='word_1_451' title='bbox 2340 3081 2501 3136; x_wconf 88' lang='lat' dir='ltr'><strong>habet</strong></span> <span class='ocrx_word' id='word_1_452' title='bbox 2522 3082 2733 3151; x_wconf 83' lang='lat' dir='ltr'><strong>perfici,</strong></span> <span class='ocrx_word' id='word_1_453' title='bbox 2763 3082 2851 3136; x_wconf 90' lang='lat' dir='ltr'><strong>ubi</strong></span> <span class='ocrx_word' id='word_1_454' title='bbox 2884 3098 3004 3137; x_wconf 91' lang='lat' dir='ltr'><strong>cum</strong></span> <span class='ocrx_word' id='word_1_455' title='bbox 3029 3082 3099 3137; x_wconf 86' lang='lat' dir='ltr'><strong>sit</strong></span> <span class='ocrx_word' id='word_1_456' title='bbox 3121 3081 3255 3136; x_wconf 87' lang='lat' dir='ltr'><strong>Deus</strong></span> <span class='ocrx_word' id='word_1_457' title='bbox 3296 3086 3485 3138; x_wconf 75' lang='lat' dir='ltr'><strong>omnia-</strong></span> 
     </span>
    </p>
   </div>
   <div class='ocr_carea' id='block_1_62' title="bbox 222 3151 3476 3244">
    <p class='ocr_par' dir='ltr' id='par_1_62' title="bbox 222 3151 3476 3244">
     <span class='ocr_line' id='line_1_62' title="bbox 222 3151 3476 3244; baseline 0.006 -35"><span class='ocrx_word' id='word_1_458' title='bbox 222 3155 386 3224; x_wconf 83' lang='lat' dir='ltr'><strong>bujus</strong></span> <span class='ocrx_word' id='word_1_459' title='bbox 413 3159 532 3214; x_wconf 59' lang='lat' dir='ltr'><strong>vita:</strong></span> <span class='ocrx_word' id='word_1_460' title='bbox 568 3158 882 3232; x_wconf 77' lang='lat' dir='ltr'><strong>fatigatione</strong></span> <span class='ocrx_word' id='word_1_461' title='bbox 912 3165 1098 3219; x_wconf 88' lang='lat' dir='ltr'><strong>lldeles</strong></span> <span class='ocrx_word' id='word_1_462' title='bbox 1125 3166 1327 3235; x_wconf 88' lang='lat' dir='ltr'><strong>quique</strong></span> <span class='ocrx_word' id='word_1_463' title='bbox 1367 3168 1725 3236; x_wconf 20' lang='lat' dir='ltr'><strong>respirarent.‘</strong></span> <span class='ocrx_word' id='word_1_464' title='bbox 1817 3151 1860 3213; x_wconf 81' lang='lat' dir='ltr'>C</span> <span class='ocrx_word' id='word_1_465' title='bbox 1891 3172 1945 3224; x_wconf 86' lang='lat' dir='ltr'><strong>in</strong></span> <span class='ocrx_word' id='word_1_466' title='bbox 1966 3173 2201 3226; x_wconf 88' lang='lat' dir='ltr'><strong>omnibus</strong></span> <span class='ocrx_word' id='word_1_467' title='bbox 2223 3172 2285 3243; x_wconf 87' lang='lat' dir='ltr'><strong>(I</strong></span> <span class='ocrx_word' id='word_1_468' title='bbox 2322 3172 2443 3227; x_wconf 88' lang='lat' dir='ltr'><strong>Cor.</strong></span> <span class='ocrx_word' id='word_1_469' title='bbox 2482 3176 2615 3244; x_wconf 86' lang='lat' dir='ltr'><strong>xv),</strong></span> <span class='ocrx_word' id='word_1_470' title='bbox 2652 3188 2840 3227; x_wconf 90' lang='lat' dir='ltr'><strong>omnes</strong></span> <span class='ocrx_word' id='word_1_471' title='bbox 2876 3188 2983 3227; x_wconf 90' lang='lat' dir='ltr'><strong>uno</strong></span> <span class='ocrx_word' id='word_1_472' title='bbox 3018 3174 3313 3243; x_wconf 86' lang='lat' dir='ltr'><strong>eodemque</strong></span> <span class='ocrx_word' id='word_1_473' title='bbox 3363 3188 3476 3229; x_wconf 65' lang='lat' dir='ltr'><strong>sua</strong></span> 
     </span>
    </p>
   </div>
   <div class='ocr_carea' id='block_1_63' title="bbox 300 3245 1790 3321">
    <p class='ocr_par' dir='ltr' id='par_1_63' title="bbox 300 3245 1790 3321">
     <span class='ocr_line' id='line_1_63' title="bbox 300 3245 1790 3321; baseline 0.006 -21"><span class='ocrx_word' id='word_1_474' title='bbox 300 3245 439 3319; x_wconf 63' lang='grc' dir='ltr'><strong>[Ν]</strong></span> <span class='ocrx_word' id='word_1_475' title='bbox 476 3248 647 3303; x_wconf 80' lang='lat' dir='ltr'><strong>Aliam</strong></span> <span class='ocrx_word' id='word_1_476' title='bbox 674 3252 975 3321; x_wconf 84' lang='lat' dir='ltr'><strong>parabolam</strong></span> <span class='ocrx_word' id='word_1_477' title='bbox 1005 3252 1209 3309; x_wconf 89' lang='lat' dir='ltr'><strong>locutus</strong></span> <span class='ocrx_word' id='word_1_478' title='bbox 1239 3266 1313 3309; x_wconf 85' lang='lat' dir='ltr'><strong>est</strong></span> <span class='ocrx_word' id='word_1_479' title='bbox 1353 3257 1445 3310; x_wconf 89' lang='lat' dir='ltr'><strong>eis.</strong></span> <span class='ocrx_word' id='word_1_480' title='bbox 1497 3256 1681 3311; x_wconf 86' lang='lat' dir='ltr'><strong>Simile</strong></span> <span class='ocrx_word' id='word_1_481' title='bbox 1718 3266 1790 3309; x_wconf 82' lang='lat' dir='ltr'><strong>est</strong></span> 
     </span>
    </p>
   </div>
   <div class='ocr_carea' id='block_1_64' title="bbox 222 3338 1788 3414">
    <p class='ocr_par' dir='ltr' id='par_1_64' title="bbox 222 3338 1788 3414">
     <span class='ocr_line' id='line_1_64' title="bbox 222 3338 1788 3414; baseline 0.008 -26"><span class='ocrx_word' id='word_1_482' title='bbox 222 3349 440 3405; x_wconf 82' lang='lat' dir='ltr'><strong>regnum</strong></span> <span class='ocrx_word' id='word_1_483' title='bbox 462 3338 703 3391; x_wconf 72' lang='lat' dir='ltr'><strong>caelorum</strong></span> <span class='ocrx_word' id='word_1_484' title='bbox 727 3340 993 3409; x_wconf 73' lang='lat' dir='ltr'><strong>fermento,</strong></span> <span class='ocrx_word' id='word_1_485' title='bbox 1021 3343 1156 3413; x_wconf 84' lang='lat' dir='ltr'><strong>quod</strong></span> <span class='ocrx_word' id='word_1_486' title='bbox 1176 3354 1437 3414; x_wconf 82' lang='lat' dir='ltr'><strong>acceptum</strong></span> <span class='ocrx_word' id='word_1_487' title='bbox 1463 3345 1788 3400; x_wconf 49' lang='lat' dir='ltr'><strong>mulier‘abs-</strong></span> 
     </span>
    </p>
   </div>
   <div class='ocr_carea' id='block_1_65' title="bbox 220 3425 1789 3506">
    <p class='ocr_par' dir='ltr' id='par_1_65' title="bbox 220 3425 1789 3506">
     <span class='ocr_line' id='line_1_65' title="bbox 220 3425 1789 3506; baseline 0.011 -30"><span class='ocrx_word' id='word_1_488' title='bbox 220 3425 402 3477; x_wconf 83' lang='lat' dir='ltr'><strong>condit</strong></span> <span class='ocrx_word' id='word_1_489' title='bbox 430 3427 484 3479; x_wconf 86' lang='lat' dir='ltr'><strong>in</strong></span> <span class='ocrx_word' id='word_1_490' title='bbox 528 3427 717 3495; x_wconf 77' lang='lat' dir='ltr'><strong>farina:</strong></span> <span class='ocrx_word' id='word_1_491' title='bbox 742 3431 870 3485; x_wconf 86' lang='lat' dir='ltr'><strong>satis</strong></span> <span class='ocrx_word' id='word_1_492' title='bbox 894 3432 1079 3498; x_wconf 85' lang='lat' dir='ltr'><strong>tribus,</strong></span> <span class='ocrx_word' id='word_1_493' title='bbox 1111 3434 1271 3488; x_wconf 85' lang='lat' dir='ltr'><strong>donec</strong></span> <span class='ocrx_word' id='word_1_494' title='bbox 1310 3436 1675 3506; x_wconf 80' lang='lat' dir='ltr'><strong>fermentatum</strong></span> <span class='ocrx_word' id='word_1_495' title='bbox 1715 3450 1789 3493; x_wconf 87' lang='lat' dir='ltr'><strong>est</strong></span> 
     </span>
    </p>
   </div>
   <div class='ocr_carea' id='block_1_66' title="bbox 221 3516 1786 3598">
    <p class='ocr_par' dir='ltr' id='par_1_66' title="bbox 221 3516 1786 3598">
     <span class='ocr_line' id='line_1_66' title="bbox 221 3516 1786 3598; baseline 0.011 -32"><span class='ocrx_word' id='word_1_496' title='bbox 221 3523 413 3568; x_wconf 85' lang='lat' dir='ltr'><strong>totum.</strong></span> <span class='ocrx_word' id='word_1_497' title='bbox 444 3517 463 3587; x_wconf 94' lang='lat'><strong>(</strong></span> <span class='ocrx_word' id='word_1_498' title='bbox 478 3516 729 3591; x_wconf 67' lang='lat' dir='ltr'><strong>Hieron.)</strong></span> <span class='ocrx_word' id='word_1_499' title='bbox 754 3520 1007 3577; x_wconf 85' lang='lat' dir='ltr'><strong>Diversus</strong></span> <span class='ocrx_word' id='word_1_500' title='bbox 1036 3530 1120 3583; x_wconf 87' lang='lat' dir='ltr'><strong>est</strong></span> <span class='ocrx_word' id='word_1_501' title='bbox 1147 3524 1421 3598; x_wconf 84' lang='lat' dir='ltr'><strong>hominum</strong></span> <span class='ocrx_word' id='word_1_502' title='bbox 1448 3530 1786 3583; x_wconf 87' lang='lat' dir='ltr'><strong>stomaohus:</strong></span> 
     </span>
    </p>
   </div>
   <div class='ocr_carea' id='block_1_67' title="bbox 220 3602 1793 3681">
    <p class='ocr_par' dir='ltr' id='par_1_67' title="bbox 220 3602 1793 3681">
     <span class='ocr_line' id='line_1_67' title="bbox 220 3602 1793 3681; baseline 0.01 -24"><span class='ocrx_word' id='word_1_503' title='bbox 220 3602 316 3658; x_wconf 84' lang='lat' dir='ltr'><strong>alii</strong></span> <span class='ocrx_word' id='word_1_504' title='bbox 347 3607 565 3672; x_wconf 89' lang='lat' dir='ltr'><strong>amaris,</strong></span> <span class='ocrx_word' id='word_1_505' title='bbox 596 3609 685 3663; x_wconf 85' lang='lat' dir='ltr'><strong>alii</strong></span> <span class='ocrx_word' id='word_1_506' title='bbox 708 3610 969 3676; x_wconf 85' lang='lat' dir='ltr'><strong>dulcibus,</strong></span> <span class='ocrx_word' id='word_1_507' title='bbox 1018 3614 1495 3681; x_wconf 86' lang='lat' dir='ltr'><strong>hiausterioribus,</strong></span> <span class='ocrx_word' id='word_1_508' title='bbox 1543 3604 1617 3672; x_wconf 79' lang='lat' dir='ltr'><strong>illi</strong></span> <span class='ocrx_word' id='word_1_509' title='bbox 1660 3619 1793 3674; x_wconf 90' lang='lat' dir='ltr'><strong>leni-</strong></span> 
     </span>
    </p>
   </div>
   <div class='ocr_carea' id='block_1_68' title="bbox 196 3696 1792 3778">
    <p class='ocr_par' dir='ltr' id='par_1_68' title="bbox 196 3696 1792 3778">
     <span class='ocr_line' id='line_1_68' title="bbox 196 3696 1792 3778; baseline 0.006 -25"><span class='ocrx_word' id='word_1_510' title='bbox 196 3696 327 3753; x_wconf 84' lang='lat' dir='ltr'><strong>-bus</strong></span> <span class='ocrx_word' id='word_1_511' title='bbox 350 3699 682 3756; x_wconf 87' lang='lat' dir='ltr'><strong>delectantur</strong></span> <span class='ocrx_word' id='word_1_512' title='bbox 704 3703 857 3757; x_wconf 89' lang='lat' dir='ltr'><strong>cibis.</strong></span> <span class='ocrx_word' id='word_1_513' title='bbox 881 3704 1136 3775; x_wconf 87' lang='lat' dir='ltr'><strong>Proponit</strong></span> <span class='ocrx_word' id='word_1_514' title='bbox 1161 3721 1288 3777; x_wconf 84' lang='lat' dir='ltr'><strong>ergo</strong></span> <span class='ocrx_word' id='word_1_515' title='bbox 1308 3706 1563 3762; x_wconf 89' lang='lat' dir='ltr'><strong>Dominus</strong></span> <span class='ocrx_word' id='word_1_516' title='bbox 1584 3719 1643 3763; x_wconf 92' lang='lat' dir='ltr'><strong>ut</strong></span> <span class='ocrx_word' id='word_1_517' title='bbox 1678 3708 1792 3778; x_wconf 90' lang='lat' dir='ltr'><strong>jam</strong></span> 
     </span>
    </p>
   </div>
   <div class='ocr_carea' id='block_1_69' title="bbox 220 3788 1793 3865">
    <p class='ocr_par' dir='ltr' id='par_1_69' title="bbox 220 3788 1793 3865">
     <span class='ocr_line' id='line_1_69' title="bbox 220 3788 1793 3865; baseline 0.009 -23"><span class='ocrx_word' id='word_1_518' title='bbox 220 3800 390 3856; x_wconf 71' lang='lat' dir='ltr'><strong>Supra</strong></span> <span class='ocrx_word' id='word_1_519' title='bbox 421 3788 672 3856; x_wconf 81' lang='lat' dir='ltr'><strong>diximus,</strong></span> <span class='ocrx_word' id='word_1_520' title='bbox 720 3792 961 3849; x_wconf 83' lang='lat' dir='ltr'><strong>diversas</strong></span> <span class='ocrx_word' id='word_1_521' title='bbox 997 3796 1296 3863; x_wconf 89' lang='lat' dir='ltr'><strong>parabolas,</strong></span> <span class='ocrx_word' id='word_1_522' title='bbox 1328 3806 1387 3851; x_wconf 91' lang='lat' dir='ltr'><strong>ut</strong></span> <span class='ocrx_word' id='word_1_523' title='bbox 1424 3798 1576 3865; x_wconf 77' lang='lat' dir='ltr'><strong>juxta</strong></span> <span class='ocrx_word' id='word_1_524' title='bbox 1612 3800 1793 3855; x_wconf 84' lang='lat' dir='ltr'><strong>vulne-</strong></span> 
     </span>
    </p>
   </div>
   <div class='ocr_carea' id='block_1_70' title="bbox 222 3880 1788 3957">
    <p class='ocr_par' dir='ltr' id='par_1_70' title="bbox 222 3880 1788 3957">
     <span class='ocr_line' id='line_1_70' title="bbox 222 3880 1788 3957; baseline 0.009 -25"><span class='ocrx_word' id='word_1_525' title='bbox 222 3891 346 3932; x_wconf 89' lang='lat' dir='ltr'><strong>rum</strong></span> <span class='ocrx_word' id='word_1_526' title='bbox 370 3880 657 3953; x_wconf 55' lang='lat' dir='ltr'><strong>varietates</strong></span> <span class='ocrx_word' id='word_1_527' title='bbox 676 3890 729 3935; x_wconf 92' lang='lat' dir='ltr'><strong>et</strong></span> <span class='ocrx_word' id='word_1_528' title='bbox 759 3884 1021 3939; x_wconf 86' lang='lat' dir='ltr'><strong>medicina</strong></span> <span class='ocrx_word' id='word_1_529' title='bbox 1057 3887 1265 3941; x_wconf 87' lang='lat' dir='ltr'><strong>diversa</strong></span> <span class='ocrx_word' id='word_1_530' title='bbox 1300 3889 1387 3942; x_wconf 92' lang='lat' dir='ltr'><strong>sit.</strong></span> <span class='ocrx_word' id='word_1_531' title='bbox 1434 3889 1620 3946; x_wconf 78' lang='lat' dir='ltr'><strong>Muller</strong></span> <span class='ocrx_word' id='word_1_532' title='bbox 1668 3891 1788 3957; x_wconf 90' lang='lat' dir='ltr'><strong>ista,</strong></span> 
     </span>
    </p>
   </div>
   <div class='ocr_carea' id='block_1_71' title="bbox 218 3969 1793 4049">
    <p class='ocr_par' dir='ltr' id='par_1_71' title="bbox 218 3969 1793 4049">
     <span class='ocr_line' id='line_1_71' title="bbox 218 3969 1793 4049; baseline 0.011 -29"><span class='ocrx_word' id='word_1_533' title='bbox 218 3984 344 4037; x_wconf 74' lang='lat' dir='ltr'><strong>qua:</strong></span> <span class='ocrx_word' id='word_1_534' title='bbox 367 3969 684 4025; x_wconf 78' lang='lat' dir='ltr'><strong>fermentirm</strong></span> <span class='ocrx_word' id='word_1_535' title='bbox 714 3975 926 4043; x_wconf 83' lang='lat' dir='ltr'><strong>accipit,</strong></span> <span class='ocrx_word' id='word_1_536' title='bbox 974 3985 1029 4031; x_wconf 88' lang='lat' dir='ltr'><strong>et</strong></span> <span class='ocrx_word' id='word_1_537' title='bbox 1067 3978 1351 4032; x_wconf 83' lang='lat' dir='ltr'><strong>abscondit</strong></span> <span class='ocrx_word' id='word_1_538' title='bbox 1392 3979 1537 4045; x_wconf 21' lang='lat' dir='ltr'><strong>illud,</strong></span> <span class='ocrx_word' id='word_1_539' title='bbox 1569 3982 1621 4035; x_wconf 92' lang='lat' dir='ltr'><strong>in</strong></span> <span class='ocrx_word' id='word_1_540' title='bbox 1663 3984 1793 4049; x_wconf 87' lang='lat' dir='ltr'><strong>satis</strong></span> 
     </span>
    </p>
   </div>
   <div class='ocr_carea' id='block_1_72' title="bbox 222 4059 1790 4141">
    <p class='ocr_par' dir='ltr' id='par_1_72' title="bbox 222 4059 1790 4141">
     <span class='ocr_line' id='line_1_72' title="bbox 222 4059 1790 4141; baseline 0.009 -28"><span class='ocrx_word' id='word_1_541' title='bbox 222 4060 398 4114; x_wconf 88' lang='lat' dir='ltr'><strong>tribus</strong></span> <span class='ocrx_word' id='word_1_542' title='bbox 424 4059 627 4127; x_wconf 68' lang='lat' dir='ltr'><strong>farinae,</strong></span> <span class='ocrx_word' id='word_1_543' title='bbox 660 4065 829 4119; x_wconf 87' lang='lat' dir='ltr'><strong>donec</strong></span> <span class='ocrx_word' id='word_1_544' title='bbox 855 4064 1479 4136; x_wconf 88' lang='lat' dir='ltr'><strong>fermentareturtotum,</strong></span> <span class='ocrx_word' id='word_1_545' title='bbox 1520 4073 1601 4126; x_wconf 84' lang='lat' dir='ltr'><strong>vel</strong></span> <span class='ocrx_word' id='word_1_546' title='bbox 1652 4088 1790 4141; x_wconf 72' lang='lat' dir='ltr'><strong>pra:-</strong></span> 
     </span>
    </p>
   </div>
   <div class='ocr_carea' id='block_1_73' title="bbox 219 4141 1790 4232">
    <p class='ocr_par' dir='ltr' id='par_1_73' title="bbox 219 4141 1790 4232">
     <span class='ocr_line' id='line_1_73' title="bbox 219 4141 1790 4232; baseline 0.01 -28"><span class='ocrx_word' id='word_1_547' title='bbox 219 4151 575 4209; x_wconf 84' lang='lat' dir='ltr'><strong>dicatiomihi</strong></span> <span class='ocrx_word' id='word_1_548' title='bbox 605 4155 813 4210; x_wconf 87' lang='lat' dir='ltr'><strong>videtur</strong></span> <span class='ocrx_word' id='word_1_549' title='bbox 837 4159 1147 4227; x_wconf 76' lang='lat' dir='ltr'><strong>apostolica,</strong></span> <span class='ocrx_word' id='word_1_550' title='bbox 1193 4161 1277 4215; x_wconf 84' lang='lat' dir='ltr'><strong>vel</strong></span> <span class='ocrx_word' id='word_1_551' title='bbox 1323 4162 1560 4216; x_wconf 86' lang='lat' dir='ltr'><strong>Ecclesia</strong></span> <span class='ocrx_word' id='word_1_552' title='bbox 1606 4141 1790 4232; x_wconf 39' lang='lat' dir='ltr'><strong>quzn’e</strong></span> 
     </span>
    </p>
   </div>
   <div class='ocr_carea' id='block_1_74' title="bbox 218 4242 1790 4319">
    <p class='ocr_par' dir='ltr' id='par_1_74' title="bbox 218 4242 1790 4319">
     <span class='ocr_line' id='line_1_74' title="bbox 218 4242 1790 4319; baseline 0.009 -25"><span class='ocrx_word' id='word_1_553' title='bbox 218 4242 452 4298; x_wconf 83' lang='lat' dir='ltr'><strong>diversis</strong></span> <span class='ocrx_word' id='word_1_554' title='bbox 477 4245 721 4312; x_wconf 88' lang='lat' dir='ltr'><strong>gentibus</strong></span> <span class='ocrx_word' id='word_1_555' title='bbox 749 4259 1065 4319; x_wconf 85' lang='lat' dir='ltr'><strong>congregata</strong></span> <span class='ocrx_word' id='word_1_556' title='bbox 1092 4260 1191 4305; x_wconf 90' lang='lat' dir='ltr'><strong>est.</strong></span> <span class='ocrx_word' id='word_1_557' title='bbox 1238 4252 1360 4307; x_wconf 60' lang='lat' dir='ltr'><strong>[lare</strong></span> <span class='ocrx_word' id='word_1_558' title='bbox 1403 4254 1520 4307; x_wconf 92' lang='lat' dir='ltr'><strong>tulit</strong></span> <span class='ocrx_word' id='word_1_559' title='bbox 1557 4252 1790 4309; x_wconf 88' lang='lat' dir='ltr'><strong>fermen-</strong></span> 
     </span>
    </p>
   </div>
   <div class='ocr_carea' id='block_1_75' title="bbox 219 4334 1790 4413">
    <p class='ocr_par' dir='ltr' id='par_1_75' title="bbox 219 4334 1790 4413">
     <span class='ocr_line' id='line_1_75' title="bbox 219 4334 1790 4413; baseline 0.01 -30"><span class='ocrx_word' id='word_1_560' title='bbox 219 4338 363 4396; x_wconf 89' lang='lat' dir='ltr'><strong>tum,</strong></span> <span class='ocrx_word' id='word_1_561' title='bbox 404 4334 649 4389; x_wconf 89' lang='lat' dir='ltr'><strong>notitiam</strong></span> <span class='ocrx_word' id='word_1_562' title='bbox 692 4337 898 4403; x_wconf 81' lang='lat' dir='ltr'><strong>scilicet</strong></span> <span class='ocrx_word' id='word_1_563' title='bbox 941 4346 997 4393; x_wconf 90' lang='lat' dir='ltr'><strong>et</strong></span> <span class='ocrx_word' id='word_1_564' title='bbox 1041 4340 1440 4411; x_wconf 88' lang='lat' dir='ltr'><strong>intelligentiam</strong></span> <span class='ocrx_word' id='word_1_565' title='bbox 1488 4342 1790 4413; x_wconf 71' lang='lat' dir='ltr'><strong>Scriptura-</strong></span> 
     </span>
    </p>
   </div>
   <div class='ocr_carea' id='block_1_76' title="bbox 218 4426 1788 4505">
    <p class='ocr_par' dir='ltr' id='par_1_76' title="bbox 218 4426 1788 4505">
     <span class='ocr_line' id='line_1_76' title="bbox 218 4426 1788 4505; baseline 0.009 -29"><span class='ocrx_word' id='word_1_566' title='bbox 218 4438 364 4489; x_wconf 60' lang='lat' dir='ltr'><strong>rum,</strong></span> <span class='ocrx_word' id='word_1_567' title='bbox 392 4433 442 4478; x_wconf 87' lang='lat' dir='ltr'><strong>et</strong></span> <span class='ocrx_word' id='word_1_568' title='bbox 470 4426 737 4482; x_wconf 76' lang='lat' dir='ltr'><strong>abscondit</strong></span> <span class='ocrx_word' id='word_1_569' title='bbox 772 4428 901 4483; x_wconf 89' lang='lat' dir='ltr'><strong>illud</strong></span> <span class='ocrx_word' id='word_1_570' title='bbox 932 4431 983 4484; x_wconf 91' lang='lat' dir='ltr'><strong>in</strong></span> <span class='ocrx_word' id='word_1_571' title='bbox 1015 4430 1202 4499; x_wconf 77' lang='lat' dir='ltr'><strong>farina:</strong></span> <span class='ocrx_word' id='word_1_572' title='bbox 1227 4435 1352 4487; x_wconf 84' lang='lat' dir='ltr'><strong>satis</strong></span> <span class='ocrx_word' id='word_1_573' title='bbox 1386 4435 1571 4499; x_wconf 87' lang='lat' dir='ltr'><strong>tribus,</strong></span> <span class='ocrx_word' id='word_1_574' title='bbox 1600 4444 1658 4492; x_wconf 86' lang='lat' dir='ltr'><strong>ut</strong></span> <span class='ocrx_word' id='word_1_575' title='bbox 1682 4437 1788 4505; x_wconf 88' lang='lat' dir='ltr'><strong>spi-</strong></span> 
     </span>
    </p>
   </div>
   <div class='ocr_carea' id='block_1_77' title="bbox 219 4515 1786 4590">
    <p class='ocr_par' dir='ltr' id='par_1_77' title="bbox 219 4515 1786 4590">
     <span class='ocr_line' id='line_1_77' title="bbox 219 4515 1786 4590; baseline 0.009 -24"><span class='ocrx_word' id='word_1_576' title='bbox 219 4515 380 4579; x_wconf 88' lang='lat' dir='ltr'><strong>ritus,</strong></span> <span class='ocrx_word' id='word_1_577' title='bbox 410 4524 464 4569; x_wconf 92' lang='lat' dir='ltr'><strong>et</strong></span> <span class='ocrx_word' id='word_1_578' title='bbox 490 4517 685 4581; x_wconf 88' lang='lat' dir='ltr'><strong>anima,</strong></span> <span class='ocrx_word' id='word_1_579' title='bbox 709 4527 773 4572; x_wconf 86' lang='lat' dir='ltr'><strong>et&#39;</strong></span> <span class='ocrx_word' id='word_1_580' title='bbox 790 4535 1002 4590; x_wconf 90' lang='lat' dir='ltr'><strong>corpus,</strong></span> <span class='ocrx_word' id='word_1_581' title='bbox 1031 4523 1082 4574; x_wconf 90' lang='lat' dir='ltr'><strong>in</strong></span> <span class='ocrx_word' id='word_1_582' title='bbox 1106 4538 1268 4575; x_wconf 88' lang='lat' dir='ltr'><strong>unum</strong></span> <span class='ocrx_word' id='word_1_583' title='bbox 1291 4526 1523 4588; x_wconf 87' lang='lat' dir='ltr'><strong>redacta,</strong></span> <span class='ocrx_word' id='word_1_584' title='bbox 1548 4542 1653 4580; x_wconf 91' lang='lat' dir='ltr'><strong>non</strong></span> <span class='ocrx_word' id='word_1_585' title='bbox 1678 4527 1786 4581; x_wconf 90' lang='lat' dir='ltr'><strong>dis-</strong></span> 
     </span>
    </p>
   </div>
   <div class='ocr_carea' id='block_1_78' title="bbox 217 4607 1782 4680">
    <p class='ocr_par' dir='ltr' id='par_1_78' title="bbox 217 4607 1782 4680">
     <span class='ocr_line' id='line_1_78' title="bbox 217 4607 1782 4680; baseline 0.01 -22"><span class='ocrx_word' id='word_1_586' title='bbox 217 4614 445 4672; x_wconf 80' lang='lat' dir='ltr'><strong>crepent</strong></span> <span class='ocrx_word' id='word_1_587' title='bbox 475 4607 614 4661; x_wconf 87' lang='lat' dir='ltr'><strong>inter</strong></span> <span class='ocrx_word' id='word_1_588' title='bbox 638 4624 727 4673; x_wconf 90' lang='lat' dir='ltr'><strong>se;</strong></span> <span class='ocrx_word' id='word_1_589' title='bbox 761 4611 851 4663; x_wconf 88' lang='lat' dir='ltr'><strong>sed</strong></span> <span class='ocrx_word' id='word_1_590' title='bbox 886 4627 1007 4665; x_wconf 90' lang='lat' dir='ltr'><strong>cum</strong></span> <span class='ocrx_word' id='word_1_591' title='bbox 1054 4614 1279 4680; x_wconf 90' lang='lat' dir='ltr'><strong>duobus,</strong></span> <span class='ocrx_word' id='word_1_592' title='bbox 1328 4616 1408 4669; x_wconf 90' lang='lat' dir='ltr'><strong>vel</strong></span> <span class='ocrx_word' id='word_1_593' title='bbox 1446 4618 1613 4671; x_wconf 90' lang='lat' dir='ltr'><strong>tribus</strong></span> <span class='ocrx_word' id='word_1_594' title='bbox 1658 4634 1782 4672; x_wconf 87' lang='lat' dir='ltr'><strong>con-</strong></span> 
     </span>
    </p>
   </div>
   <div class='ocr_carea' id='block_1_79' title="bbox 214 4696 1785 4776">
    <p class='ocr_par' dir='ltr' id='par_1_79' title="bbox 214 4696 1785 4776">
     <span class='ocr_line' id='line_1_79' title="bbox 214 4696 1785 4776; baseline 0.01 -30"><span class='ocrx_word' id='word_1_595' title='bbox 214 4696 447 4759; x_wconf 81' lang='lat' dir='ltr'><strong>venerit,</strong></span> <span class='ocrx_word' id='word_1_596' title='bbox 491 4698 836 4766; x_wconf 82' lang='lat' dir='ltr'><strong>impetrarent</strong></span> <span class='ocrx_word' id='word_1_597' title='bbox 877 4717 903 4754; x_wconf 91' lang='lat' dir='ltr'><strong>a</strong></span> <span class='ocrx_word' id='word_1_598' title='bbox 953 4701 1108 4757; x_wconf 87' lang='lat' dir='ltr'><strong>Patre</strong></span> <span class='ocrx_word' id='word_1_599' title='bbox 1156 4706 1505 4774; x_wconf 88' lang='lat' dir='ltr'><strong>quodcunque</strong></span> <span class='ocrx_word' id='word_1_600' title='bbox 1552 4708 1785 4776; x_wconf 84' lang='lat' dir='ltr'><strong>postula-</strong></span> 
     </span>
    </p>
   </div>
   <div class='ocr_carea' id='block_1_80' title="bbox 216 4790 1783 4867">
    <p class='ocr_par' dir='ltr' id='par_1_80' title="bbox 216 4790 1783 4867">
     <span class='ocr_line' id='line_1_80' title="bbox 216 4790 1783 4867; baseline 0.008 -28"><span class='ocrx_word' id='word_1_601' title='bbox 216 4790 417 4843; x_wconf 79' lang='lat' dir='ltr'><strong>verint.</strong></span> <span class='ocrx_word' id='word_1_602' title='bbox 441 4791 730 4845; x_wconf 89' lang='lat' dir='ltr'><strong>Disseritur</strong></span> <span class='ocrx_word' id='word_1_603' title='bbox 750 4793 895 4847; x_wconf 90' lang='lat' dir='ltr'><strong>locus</strong></span> <span class='ocrx_word' id='word_1_604' title='bbox 923 4794 1020 4848; x_wconf 88' lang='lat' dir='ltr'><strong>iste</strong></span> <span class='ocrx_word' id='word_1_605' title='bbox 1043 4803 1096 4847; x_wconf 85' lang='lat' dir='ltr'><strong>et</strong></span> <span class='ocrx_word' id='word_1_606' title='bbox 1120 4796 1290 4851; x_wconf 90' lang='lat' dir='ltr'><strong>aliter.</strong></span> <span class='ocrx_word' id='word_1_607' title='bbox 1319 4796 1568 4867; x_wconf 89' lang='lat' dir='ltr'><strong>Legimus</strong></span> <span class='ocrx_word' id='word_1_608' title='bbox 1590 4798 1641 4850; x_wconf 86' lang='lat' dir='ltr'><strong>in</strong></span> <span class='ocrx_word' id='word_1_609' title='bbox 1663 4798 1783 4851; x_wconf 75' lang='lat' dir='ltr'><strong>Pla—</strong></span> 
     </span>
    </p>
   </div>
   <div class='ocr_carea' id='block_1_81' title="bbox 216 4880 1784 4983">
    <p class='ocr_par' dir='ltr' id='par_1_81' title="bbox 216 4880 1784 4983">
     <span class='ocr_line' id='line_1_81' title="bbox 216 4880 1784 4983; baseline 0.007 -51"><span class='ocrx_word' id='word_1_610' title='bbox 216 4886 366 4941; x_wconf 85' lang='lat' dir='ltr'><strong>tone,</strong></span> <span class='ocrx_word' id='word_1_611' title='bbox 398 4890 451 4933; x_wconf 84' lang='lat' dir='ltr'><strong>et</strong></span> <span class='ocrx_word' id='word_1_612' title='bbox 476 4880 909 4950; x_wconf 82' lang='lat' dir='ltr'><strong>philosophorum</strong></span> <span class='ocrx_word' id='word_1_613' title='bbox 949 4885 1195 4954; x_wconf 82' lang='lat' dir='ltr'><strong>dogmate</strong></span> <span class='ocrx_word' id='word_1_614' title='bbox 1237 4887 1632 4983; x_wconf 44' lang='lat' dir='ltr'><strong>vulgatunhest</strong></span> <span class='ocrx_word' id='word_1_615' title='bbox 1674 4897 1784 4943; x_wconf 90' lang='lat' dir='ltr'><strong>tres</strong></span> 
     </span>
    </p>
   </div>
   <div class='ocr_carea' id='block_1_82' title="bbox 215 4968 1782 5049">
    <p class='ocr_par' dir='ltr' id='par_1_82' title="bbox 215 4968 1782 5049">
     <span class='ocr_line' id='line_1_82' title="bbox 215 4968 1782 5049; baseline 0.009 -29"><span class='ocrx_word' id='word_1_616' title='bbox 215 4982 340 5021; x_wconf 89' lang='lat' dir='ltr'><strong>esse</strong></span> <span class='ocrx_word' id='word_1_617' title='bbox 366 4968 417 5021; x_wconf 87' lang='lat' dir='ltr'><strong>in</strong></span> <span class='ocrx_word' id='word_1_618' title='bbox 446 4969 672 5022; x_wconf 86' lang='lat' dir='ltr'><strong>humana</strong></span> <span class='ocrx_word' id='word_1_619' title='bbox 697 4973 869 5027; x_wconf 87' lang='lat' dir='ltr'><strong>anima</strong></span> <span class='ocrx_word' id='word_1_620' title='bbox 892 4976 1185 5043; x_wconf 86' lang='lat' dir='ltr'><strong>passiones,</strong></span> <span class='ocrx_word' id='word_1_621' title='bbox 1208 4982 1264 5039; x_wconf 82' lang='grc' dir='ltr'><strong>τὸ</strong></span> <span class='ocrx_word' id='word_1_622' title='bbox 1284 4968 1661 5049; x_wconf 68' lang='grc' dir='ltr'><strong>λογικὸν,ῗιιιοι1</strong></span> <span class='ocrx_word' id='word_1_623' title='bbox 1684 4996 1782 5034; x_wconf 91' lang='lat' dir='ltr'><strong>nos</strong></span> 
     </span>
    </p>
   </div>
   <div class='ocr_carea' id='block_1_83' title="bbox 214 5060 1784 5143">
    <p class='ocr_par' dir='ltr' id='par_1_83' title="bbox 214 5060 1784 5143">
     <span class='ocr_line' id='line_1_83' title="bbox 214 5060 1784 5143; baseline 0.009 -34"><span class='ocrx_word' id='word_1_624' title='bbox 214 5073 502 5143; x_wconf 83' lang='lat' dir='ltr'><strong>possumus</strong></span> <span class='ocrx_word' id='word_1_625' title='bbox 519 5060 857 5129; x_wconf 84' lang='lat' dir='ltr'><strong>interpretari</strong></span> <span class='ocrx_word' id='word_1_626' title='bbox 875 5066 1210 5131; x_wconf 85' lang='lat' dir='ltr'><strong>rationabile;</strong></span> <span class='ocrx_word' id='word_1_627' title='bbox 1232 5073 1287 5125; x_wconf 85' lang='grc' dir='ltr'><strong>τὸ</strong></span> <span class='ocrx_word' id='word_1_628' title='bbox 1308 5071 1620 5143; x_wconf 77' lang='grc' dir='ltr'><strong>ὀργηστικὸν,</strong></span> <span class='ocrx_word' id='word_1_629' title='bbox 1644 5070 1784 5138; x_wconf 87' lang='lat' dir='ltr'><strong>quod</strong></span> 
     </span>
    </p>
   </div>
   <div class='ocr_carea' id='block_1_84' title="bbox 215 5148 1781 5223">
    <p class='ocr_par' dir='ltr' id='par_1_84' title="bbox 215 5148 1781 5223">
     <span class='ocr_line' id='line_1_84' title="bbox 215 5148 1781 5223; baseline 0.008 -23"><span class='ocrx_word' id='word_1_630' title='bbox 215 5148 447 5201; x_wconf 84' lang='lat' dir='ltr'><strong>dicimus</strong></span> <span class='ocrx_word' id='word_1_631' title='bbox 487 5150 695 5218; x_wconf 85' lang='lat' dir='ltr'><strong>plenum</strong></span> <span class='ocrx_word' id='word_1_632' title='bbox 746 5153 859 5218; x_wconf 74' lang='lat' dir='ltr'><strong>irm,</strong></span> <span class='ocrx_word' id='word_1_633' title='bbox 916 5154 997 5208; x_wconf 79' lang='lat' dir='ltr'><strong>vel</strong></span> <span class='ocrx_word' id='word_1_634' title='bbox 1046 5156 1335 5218; x_wconf 83' lang='lat' dir='ltr'><strong>irascibile;</strong></span> <span class='ocrx_word' id='word_1_635' title='bbox 1375 5162 1433 5214; x_wconf 83' lang='grc' dir='ltr'><strong>τὸ</strong></span> <span class='ocrx_word' id='word_1_636' title='bbox 1476 5160 1781 5223; x_wconf 70' lang='grc' dir='ltr'><strong>ἐπιποθικὸν,</strong></span> 
     </span>
    </p>
   </div>
   <div class='ocr_carea' id='block_1_85' title="bbox 214 5232 1784 5315">
    <p class='ocr_par' dir='ltr' id='par_1_85' title="bbox 214 5232 1784 5315">
     <span class='ocr_line' id='line_1_85' title="bbox 214 5232 1784 5315; baseline 0.01 -27"><span class='ocrx_word' id='word_1_637' title='bbox 214 5238 360 5306; x_wconf 80' lang='lat' dir='ltr'><strong>quod</strong></span> <span class='ocrx_word' id='word_1_638' title='bbox 384 5239 709 5307; x_wconf 80' lang='lat' dir='ltr'><strong>appellamus</strong></span> <span class='ocrx_word' id='word_1_639' title='bbox 737 5244 1145 5314; x_wconf 81' lang='lat' dir='ltr'><strong>concupiscibile.</strong></span> <span class='ocrx_word' id='word_1_640' title='bbox 1176 5246 1242 5299; x_wconf 86' lang='lat' dir='ltr'><strong>Et</strong></span> <span class='ocrx_word' id='word_1_641' title='bbox 1266 5232 1418 5315; x_wconf 91' lang='lat' dir='ltr'><strong>putat</strong></span> <span class='ocrx_word' id='word_1_642' title='bbox 1437 5246 1523 5301; x_wconf 92' lang='lat' dir='ltr'><strong>ille</strong></span> <span class='ocrx_word' id='word_1_643' title='bbox 1551 5248 1784 5315; x_wconf 83' lang='lat' dir='ltr'><strong>philoso-</strong></span> 
     </span>
    </p>
   </div>
   <div class='ocr_carea' id='block_1_86' title="bbox 213 5328 1781 5403">
    <p class='ocr_par' dir='ltr' id='par_1_86' title="bbox 213 5328 1781 5403">
     <span class='ocr_line' id='line_1_86' title="bbox 213 5328 1781 5403; baseline 0.008 -23"><span class='ocrx_word' id='word_1_644' title='bbox 213 5328 357 5396; x_wconf 86' lang='lat' dir='ltr'><strong>phus</strong></span> <span class='ocrx_word' id='word_1_645' title='bbox 385 5330 698 5385; x_wconf 89' lang='lat' dir='ltr'><strong>rationabile</strong></span> <span class='ocrx_word' id='word_1_646' title='bbox 722 5342 962 5387; x_wconf 89' lang='lat' dir='ltr'><strong>nostrum</strong></span> <span class='ocrx_word' id='word_1_647' title='bbox 993 5336 1043 5388; x_wconf 89' lang='lat' dir='ltr'><strong>in</strong></span> <span class='ocrx_word' id='word_1_648' title='bbox 1065 5336 1304 5400; x_wconf 88' lang='lat' dir='ltr'><strong>cerebro,</strong></span> <span class='ocrx_word' id='word_1_649' title='bbox 1354 5337 1488 5389; x_wconf 91' lang='lat' dir='ltr'><strong>iram</strong></span> <span class='ocrx_word' id='word_1_650' title='bbox 1533 5337 1586 5389; x_wconf 92' lang='lat' dir='ltr'><strong>in</strong></span> <span class='ocrx_word' id='word_1_651' title='bbox 1637 5337 1781 5403; x_wconf 87' lang='lat' dir='ltr'><strong>felle,</strong></span> 
     </span>
    </p>
   </div>
   <div class='ocr_carea' id='block_1_87' title="bbox 214 5417 1783 5496">
    <p class='ocr_par' dir='ltr' id='par_1_87' title="bbox 214 5417 1783 5496">
     <span class='ocr_line' id='line_1_87' title="bbox 214 5417 1783 5496; baseline 0.006 -24"><span class='ocrx_word' id='word_1_652' title='bbox 214 5417 541 5472; x_wconf 89' lang='lat' dir='ltr'><strong>desiderium</strong></span> <span class='ocrx_word' id='word_1_653' title='bbox 572 5420 623 5472; x_wconf 94' lang='lat' dir='ltr'><strong>in</strong></span> <span class='ocrx_word' id='word_1_654' title='bbox 646 5421 828 5490; x_wconf 87' lang='lat' dir='ltr'><strong>jecore</strong></span> <span class='ocrx_word' id='word_1_655' title='bbox 857 5427 1194 5480; x_wconf 87' lang='lat' dir='ltr'><strong>commorari.</strong></span> <span class='ocrx_word' id='word_1_656' title='bbox 1239 5426 1302 5479; x_wconf 86' lang='lat' dir='ltr'><strong>Et</strong></span> <span class='ocrx_word' id='word_1_657' title='bbox 1329 5442 1426 5481; x_wconf 90' lang='lat' dir='ltr'><strong>nos</strong></span> <span class='ocrx_word' id='word_1_658' title='bbox 1453 5442 1580 5496; x_wconf 90' lang='lat' dir='ltr'><strong>ergo</strong></span> <span class='ocrx_word' id='word_1_659' title='bbox 1603 5428 1647 5481; x_wconf 85' lang='lat' dir='ltr'><strong>si</strong></span> <span class='ocrx_word' id='word_1_660' title='bbox 1692 5444 1783 5482; x_wconf 54' lang='lat' dir='ltr'><strong>acu</strong></span> 
     </span>
    </p>
   </div>
   <div class='ocr_carea' id='block_1_88' title="bbox 214 5499 1780 5584">
    <p class='ocr_par' dir='ltr' id='par_1_88' title="bbox 214 5499 1780 5584">
     <span class='ocr_line' id='line_1_88' title="bbox 214 5499 1780 5584; baseline 0.004 -21"><span class='ocrx_word' id='word_1_661' title='bbox 214 5508 519 5577; x_wconf 78' lang='lat' dir='ltr'><strong>ceperimus</strong></span> <span class='ocrx_word' id='word_1_662' title='bbox 565 5509 882 5566; x_wconf 87' lang='lat' dir='ltr'><strong>fermentum</strong></span> <span class='ocrx_word' id='word_1_663' title='bbox 939 5499 1232 5584; x_wconf 83' lang='lat' dir='ltr'><strong>Evangelii,</strong></span> <span class='ocrx_word' id='word_1_664' title='bbox 1295 5532 1413 5570; x_wconf 90' lang='lat' dir='ltr'><strong>cum</strong></span> <span class='ocrx_word' id='word_1_665' title='bbox 1476 5526 1780 5570; x_wconf 89' lang='lat' dir='ltr'><strong>sanctarum</strong></span> 
     </span>
    </p>
   </div>
   <div class='ocr_carea' id='block_1_89' title="bbox 217 5600 1781 5673">
    <p class='ocr_par' dir='ltr' id='par_1_89' title="bbox 217 5600 1781 5673">
     <span class='ocr_line' id='line_1_89' title="bbox 217 5600 1781 5673; baseline 0.003 -18"><span class='ocrx_word' id='word_1_666' title='bbox 217 5600 615 5670; x_wconf 79' lang='lat' dir='ltr'><strong>Srripturarum</strong></span> <span class='ocrx_word' id='word_1_667' title='bbox 648 5602 854 5667; x_wconf 83' lang='lat' dir='ltr'><strong>notitia,</strong></span> <span class='ocrx_word' id='word_1_668' title='bbox 887 5604 952 5656; x_wconf 89' lang='lat' dir='ltr'><strong>de</strong></span> <span class='ocrx_word' id='word_1_669' title='bbox 981 5618 1086 5672; x_wconf 91' lang='lat' dir='ltr'><strong>quo</strong></span> <span class='ocrx_word' id='word_1_670' title='bbox 1111 5619 1270 5673; x_wconf 87' lang='lat' dir='ltr'><strong>supra</strong></span> <span class='ocrx_word' id='word_1_671' title='bbox 1298 5606 1496 5659; x_wconf 83' lang='lat' dir='ltr'><strong>dictum</strong></span> <span class='ocrx_word' id='word_1_672' title='bbox 1525 5613 1627 5669; x_wconf 84' lang='lat' dir='ltr'><strong>est,</strong></span> <span class='ocrx_word' id='word_1_673' title='bbox 1672 5614 1781 5660; x_wconf 90' lang='lat' dir='ltr'><strong>tres</strong></span> 
     </span>
    </p>
   </div>
   <div class='ocr_carea' id='block_1_90' title="bbox 210 5689 1776 5764">
    <p class='ocr_par' dir='ltr' id='par_1_90' title="bbox 210 5689 1776 5764">
     <span class='ocr_line' id='line_1_90' title="bbox 210 5689 1776 5764; baseline 0.003 -21"><span class='ocrx_word' id='word_1_674' title='bbox 210 5692 465 5743; x_wconf 69' lang='lat' dir='ltr'><strong>humanm</strong></span> <span class='ocrx_word' id='word_1_675' title='bbox 493 5689 682 5744; x_wconf 69' lang='lat' dir='ltr'><strong>anima“:</strong></span> <span class='ocrx_word' id='word_1_676' title='bbox 707 5691 982 5759; x_wconf 80' lang='lat' dir='ltr'><strong>passiones</strong></span> <span class='ocrx_word' id='word_1_677' title='bbox 1004 5695 1053 5747; x_wconf 85' lang='lat' dir='ltr'><strong>in</strong></span> <span class='ocrx_word' id='word_1_678' title='bbox 1078 5711 1239 5747; x_wconf 82' lang='lat' dir='ltr'><strong>unum</strong></span> <span class='ocrx_word' id='word_1_679' title='bbox 1270 5696 1595 5764; x_wconf 80' lang='lat' dir='ltr'><strong>redigentur,</strong></span> <span class='ocrx_word' id='word_1_680' title='bbox 1626 5705 1683 5747; x_wconf 88' lang='lat' dir='ltr'><strong>ut</strong></span> <span class='ocrx_word' id='word_1_681' title='bbox 1726 5696 1776 5749; x_wconf 89' lang='lat' dir='ltr'><strong>in</strong></span> 
     </span>
    </p>
   </div>
   <div class='ocr_carea' id='block_1_91' title="bbox 1814 4487 1864 4545">
    <p class='ocr_par' dir='ltr' id='par_1_91' title="bbox 1814 4487 1864 4545">
     <span class='ocr_line' id='line_1_91' title="bbox 1814 4487 1864 4545; baseline 0 0"><span class='ocrx_word' id='word_1_682' title='bbox 1814 4487 1864 4545; x_wconf 93' lang='lat' dir='ltr'><strong>D</strong></span> 
     </span>
    </p>
   </div>
   <div class='ocr_carea' id='block_1_92' title="bbox 1892 3260 3475 3344">
    <p class='ocr_par' dir='ltr' id='par_1_92' title="bbox 1892 3260 3475 3344">
     <span class='ocr_line' id='line_1_92' title="bbox 1892 3260 3475 3344; baseline 0.002 -30"><span class='ocrx_word' id='word_1_683' title='bbox 1892 3260 2190 3344; x_wconf 71' lang='lat' dir='ltr'><strong>dilectionis</strong></span> <span class='ocrx_word' id='word_1_684' title='bbox 2217 3263 2339 3332; x_wconf 92' lang='lat' dir='ltr'><strong>igne</strong></span> <span class='ocrx_word' id='word_1_685' title='bbox 2356 3262 2617 3318; x_wconf 88' lang='lat' dir='ltr'><strong>calefacit.</strong></span> <span class='ocrx_word' id='word_1_686' title='bbox 2653 3262 2843 3317; x_wconf 73' lang='lat' dir='ltr'><strong>Saturn</strong></span> <span class='ocrx_word' id='word_1_687' title='bbox 2886 3264 3053 3331; x_wconf 80' lang='lat' dir='ltr'><strong>genus</strong></span> <span class='ocrx_word' id='word_1_688' title='bbox 3084 3270 3166 3317; x_wconf 92' lang='lat' dir='ltr'><strong>est</strong></span> <span class='ocrx_word' id='word_1_689' title='bbox 3209 3278 3475 3317; x_wconf 71' lang='lat' dir='ltr'><strong>mensum</strong></span> 
     </span>
    </p>
   </div>
   <div class='ocr_carea' id='block_1_93' title="bbox 1884 3348 3471 3423">
    <p class='ocr_par' dir='ltr' id='par_1_93' title="bbox 1884 3348 3471 3423">
     <span class='ocr_line' id='line_1_93' title="bbox 1884 3348 3471 3423; baseline 0.001 -18"><span class='ocrx_word' id='word_1_690' title='bbox 1884 3348 2034 3419; x_wconf 80' lang='lat' dir='ltr'><strong>juxta</strong></span> <span class='ocrx_word' id='word_1_691' title='bbox 2062 3368 2262 3407; x_wconf 91' lang='lat' dir='ltr'><strong>morem</strong></span> <span class='ocrx_word' id='word_1_692' title='bbox 2286 3354 2572 3423; x_wconf 72' lang='lat' dir='ltr'><strong>provincia:</strong></span> <span class='ocrx_word' id='word_1_693' title='bbox 2600 3353 2904 3418; x_wconf 75' lang='lat' dir='ltr'><strong>Palestinae,</strong></span> <span class='ocrx_word' id='word_1_694' title='bbox 2928 3370 3096 3409; x_wconf 80' lang='lat' dir='ltr'><strong>unum</strong></span> <span class='ocrx_word' id='word_1_695' title='bbox 3118 3361 3174 3407; x_wconf 90' lang='lat' dir='ltr'><strong>et</strong></span> <span class='ocrx_word' id='word_1_696' title='bbox 3191 3353 3471 3408; x_wconf 89' lang='lat' dir='ltr'><strong>dimidium</strong></span> 
     </span>
    </p>
   </div>
   <div class='ocr_carea' id='block_1_94' title="bbox 1891 3442 2927 3513">
    <p class='ocr_par' dir='ltr' id='par_1_94' title="bbox 1891 3442 2927 3513">
     <span class='ocr_line' id='line_1_94' title="bbox 1891 3442 2927 3513; baseline 0.007 -17"><span class='ocrx_word' id='word_1_697' title='bbox 1891 3442 2126 3497; x_wconf 85' lang='lat' dir='ltr'><strong>modium</strong></span> <span class='ocrx_word' id='word_1_698' title='bbox 2157 3444 2394 3513; x_wconf 88' lang='lat' dir='ltr'><strong>capiens.</strong></span> <span class='ocrx_word' id='word_1_699' title='bbox 2482 3503 2489 3513; x_wconf 55' lang='grc'><strong><em>,</em></strong></span> <span class='ocrx_word' id='word_1_700' title='bbox 2926 3500 2927 3503; x_wconf 44' lang='grc' dir='ltr'><strong>η</strong></span> 
     </span>
    </p>
   </div>
   <div class='ocr_carea' id='block_1_95' title="bbox 1964 3529 3462 3601">
    <p class='ocr_par' dir='ltr' id='par_1_95' title="bbox 1964 3529 3462 3601">
     <span class='ocr_line' id='line_1_95' title="bbox 1964 3529 3462 3601; baseline 0 -18"><span class='ocrx_word' id='word_1_701' title='bbox 1964 3530 2091 3584; x_wconf 72' lang='lat' dir='ltr'><strong>Hrec</strong></span> <span class='ocrx_word' id='word_1_702' title='bbox 2110 3533 2285 3585; x_wconf 83' lang='lat' dir='ltr'><strong>omnia</strong></span> <span class='ocrx_word' id='word_1_703' title='bbox 2310 3531 2513 3587; x_wconf 79' lang='lat' dir='ltr'><strong>locutus</strong></span> <span class='ocrx_word' id='word_1_704' title='bbox 2537 3541 2611 3585; x_wconf 85' lang='lat' dir='ltr'><strong>est</strong></span> <span class='ocrx_word' id='word_1_705' title='bbox 2632 3530 2785 3585; x_wconf 75' lang='lat' dir='ltr'><strong>Iesus</strong></span> <span class='ocrx_word' id='word_1_706' title='bbox 2807 3529 3462 3601; x_wconf 67' lang='lat' dir='ltr'><strong>in-parabolisadturbas,</strong></span> 
     </span>
    </p>
   </div>
   <div class='ocr_carea' id='block_1_96' title="bbox 1892 3620 3473 3692">
    <p class='ocr_par' dir='ltr' id='par_1_96' title="bbox 1892 3620 3473 3692">
     <span class='ocr_line' id='line_1_96' title="bbox 1892 3620 3473 3692; baseline -0.001 -16"><span class='ocrx_word' id='word_1_707' title='bbox 1892 3632 1937 3676; x_wconf 85' lang='lat' dir='ltr'><strong>et</strong></span> <span class='ocrx_word' id='word_1_708' title='bbox 1966 3622 2077 3674; x_wconf 78' lang='lat' dir='ltr'><strong>sine</strong></span> <span class='ocrx_word' id='word_1_709' title='bbox 2095 3621 2356 3690; x_wconf 80' lang='lat' dir='ltr'><strong>parabolis</strong></span> <span class='ocrx_word' id='word_1_710' title='bbox 2386 3637 2489 3674; x_wconf 88' lang='lat' dir='ltr'><strong>non</strong></span> <span class='ocrx_word' id='word_1_711' title='bbox 2516 3620 2821 3692; x_wconf 79' lang='lat' dir='ltr'><strong>loquebatur</strong></span> <span class='ocrx_word' id='word_1_712' title='bbox 2855 3622 2948 3674; x_wconf 89' lang='lat' dir='ltr'><strong>eis.</strong></span> <span class='ocrx_word' id='word_1_713' title='bbox 2994 3620 3124 3675; x_wconf 61' lang='lat' dir='ltr'><strong>Haec</strong></span> <span class='ocrx_word' id='word_1_714' title='bbox 3162 3623 3358 3685; x_wconf 80' lang='lat' dir='ltr'><strong>omnia,</strong></span> <span class='ocrx_word' id='word_1_715' title='bbox 3389 3621 3473 3674; x_wconf 77' lang='lat' dir='ltr'><strong>in-</strong></span> 
     </span>
    </p>
   </div>
   <div class='ocr_carea' id='block_1_97' title="bbox 1892 3710 3473 3791">
    <p class='ocr_par' dir='ltr' id='par_1_97' title="bbox 1892 3710 3473 3791">
     <span class='ocr_line' id='line_1_97' title="bbox 1892 3710 3473 3791; baseline -0.001 -27"><span class='ocrx_word' id='word_1_716' title='bbox 1892 3712 2027 3781; x_wconf 89' lang='lat' dir='ltr'><strong>quit,</strong></span> <span class='ocrx_word' id='word_1_717' title='bbox 2063 3711 2263 3765; x_wconf 85' lang='lat' dir='ltr'><strong>locutus</strong></span> <span class='ocrx_word' id='word_1_718' title='bbox 2287 3721 2359 3764; x_wconf 84' lang='lat' dir='ltr'><strong>est</strong></span> <span class='ocrx_word' id='word_1_719' title='bbox 2380 3710 2533 3765; x_wconf 78' lang='lat' dir='ltr'><strong>Iesus</strong></span> <span class='ocrx_word' id='word_1_720' title='bbox 2557 3713 2609 3765; x_wconf 88' lang='lat' dir='ltr'><strong>in</strong></span> <span class='ocrx_word' id='word_1_721' title='bbox 2630 3711 2891 3781; x_wconf 85' lang='lat' dir='ltr'><strong>parabolis</strong></span> <span class='ocrx_word' id='word_1_722' title='bbox 2920 3711 2988 3764; x_wconf 90' lang='lat' dir='ltr'><strong>ad</strong></span> <span class='ocrx_word' id='word_1_723' title='bbox 3010 3712 3207 3776; x_wconf 89' lang='lat' dir='ltr'><strong>turbas,</strong></span> <span class='ocrx_word' id='word_1_724' title='bbox 3230 3721 3285 3766; x_wconf 89' lang='lat' dir='ltr'><strong>et</strong></span> <span class='ocrx_word' id='word_1_725' title='bbox 3308 3712 3473 3791; x_wconf 67' lang='lat' dir='ltr'><strong>reliq.</strong></span> 
     </span>
    </p>
   </div>
   <div class='ocr_carea' id='block_1_98' title="bbox 1894 3802 3463 3872">
    <p class='ocr_par' dir='ltr' id='par_1_98' title="bbox 1894 3802 3463 3872">
     <span class='ocr_line' id='line_1_98' title="bbox 1894 3802 3463 3872; baseline 0.001 -17"><span class='ocrx_word' id='word_1_726' title='bbox 1894 3802 2007 3856; x_wconf 88' lang='lat' dir='ltr'><strong>Non</strong></span> <span class='ocrx_word' id='word_1_727' title='bbox 2040 3803 2162 3872; x_wconf 90' lang='lat' dir='ltr'><strong>quia</strong></span> <span class='ocrx_word' id='word_1_728' title='bbox 2192 3802 2323 3857; x_wconf 77' lang='lat' dir='ltr'><strong>nihil</strong></span> <span class='ocrx_word' id='word_1_729' title='bbox 2354 3803 2565 3872; x_wconf 90' lang='lat' dir='ltr'><strong>proprie</strong></span> <span class='ocrx_word' id='word_1_730' title='bbox 2586 3802 2797 3856; x_wconf 91' lang='lat' dir='ltr'><strong>locutus</strong></span> <span class='ocrx_word' id='word_1_731' title='bbox 2824 3810 2927 3866; x_wconf 87' lang='lat' dir='ltr'><strong>est,</strong></span> <span class='ocrx_word' id='word_1_732' title='bbox 2965 3803 3054 3856; x_wconf 89' lang='lat' dir='ltr'><strong>sed</strong></span> <span class='ocrx_word' id='word_1_733' title='bbox 3102 3803 3226 3871; x_wconf 81' lang='lat' dir='ltr'><strong>quia</strong></span> <span class='ocrx_word' id='word_1_734' title='bbox 3262 3803 3463 3857; x_wconf 88' lang='lat' dir='ltr'><strong>nulldm</strong></span> 
     </span>
    </p>
   </div>
   <div class='ocr_carea' id='block_1_99' title="bbox 1893 3892 3469 3962">
    <p class='ocr_par' dir='ltr' id='par_1_99' title="bbox 1893 3892 3469 3962">
     <span class='ocr_line' id='line_1_99' title="bbox 1893 3892 3469 3962; baseline 0 -16"><span class='ocrx_word' id='word_1_735' title='bbox 1893 3893 2005 3948; x_wconf 86' lang='lat' dir='ltr'><strong>fere</strong></span> <span class='ocrx_word' id='word_1_736' title='bbox 2032 3908 2332 3947; x_wconf 90' lang='lat' dir='ltr'><strong>sermonem</strong></span> <span class='ocrx_word' id='word_1_737' title='bbox 2355 3892 2640 3959; x_wconf 82' lang='lat' dir='ltr'><strong>explicavit</strong></span> <span class='ocrx_word' id='word_1_738' title='bbox 2668 3892 2758 3946; x_wconf 88' lang='lat' dir='ltr'><strong>ubi</strong></span> <span class='ocrx_word' id='word_1_739' title='bbox 2781 3907 2886 3946; x_wconf 90' lang='lat' dir='ltr'><strong>non</strong></span> <span class='ocrx_word' id='word_1_740' title='bbox 2922 3892 3122 3960; x_wconf 88' lang='lat' dir='ltr'><strong>aliquid</strong></span> <span class='ocrx_word' id='word_1_741' title='bbox 3165 3908 3261 3961; x_wconf 90' lang='lat' dir='ltr'><strong>per</strong></span> <span class='ocrx_word' id='word_1_742' title='bbox 3308 3908 3469 3962; x_wconf 79' lang='lat' dir='ltr'><strong>para-</strong></span> 
     </span>
    </p>
   </div>
   <div class='ocr_carea' id='block_1_100' title="bbox 1890 3969 3506 4056">
    <p class='ocr_par' dir='ltr' id='par_1_100' title="bbox 1890 3969 3506 4056">
     <span class='ocr_line' id='line_1_100' title="bbox 1890 3969 3506 4056; baseline 0 -17"><span class='ocrx_word' id='word_1_743' title='bbox 1890 3985 2066 4039; x_wconf 87' lang='lat' dir='ltr'><strong>bolam</strong></span> <span class='ocrx_word' id='word_1_744' title='bbox 2086 3985 2440 4056; x_wconf 84' lang='lat' dir='ltr'><strong>significavit,</strong></span> <span class='ocrx_word' id='word_1_745' title='bbox 2468 3985 2715 4055; x_wconf 83' lang='lat' dir='ltr'><strong>quamvis</strong></span> <span class='ocrx_word' id='word_1_746' title='bbox 2752 3986 2805 4038; x_wconf 91' lang='lat' dir='ltr'><strong>in</strong></span> <span class='ocrx_word' id='word_1_747' title='bbox 2849 4000 2914 4039; x_wconf 91' lang='lat' dir='ltr'><strong>eo</strong></span> <span class='ocrx_word' id='word_1_748' title='bbox 2947 3984 3123 4054; x_wconf 80' lang='lat' dir='ltr'><strong>aliqua</strong></span> <span class='ocrx_word' id='word_1_749' title='bbox 3153 3993 3209 4037; x_wconf 78' lang='lat' dir='ltr'><strong>et</strong></span> <span class='ocrx_word' id='word_1_750' title='bbox 3232 3986 3471 4054; x_wconf 79' lang='lat' dir='ltr'><strong>proprie</strong></span> <span class='ocrx_word' id='word_1_751' title='bbox 3493 3969 3506 3983; x_wconf 70' lang='grc'><em>’</em></span> 
     </span>
    </p>
   </div>
   <div class='ocr_carea' id='block_1_101' title="bbox 1891 4078 3471 4147">
    <p class='ocr_par' dir='ltr' id='par_1_101' title="bbox 1891 4078 3471 4147">
     <span class='ocr_line' id='line_1_101' title="bbox 1891 4078 3471 4147; baseline -0.001 -15"><span class='ocrx_word' id='word_1_752' title='bbox 1891 4078 2106 4141; x_wconf 76' lang='lat' dir='ltr'><strong>dixerit,</strong></span> <span class='ocrx_word' id='word_1_753' title='bbox 2133 4078 2201 4130; x_wconf 83' lang='lat' dir='ltr'><strong>ita</strong></span> <span class='ocrx_word' id='word_1_754' title='bbox 2226 4086 2285 4131; x_wconf 89' lang='lat' dir='ltr'><strong>ut</strong></span> <span class='ocrx_word' id='word_1_755' title='bbox 2308 4092 2448 4146; x_wconf 68' lang='lat' dir='ltr'><strong>smpe</strong></span> <span class='ocrx_word' id='word_1_756' title='bbox 2479 4078 2782 4131; x_wconf 87' lang='lat' dir='ltr'><strong>inveniatur</strong></span> <span class='ocrx_word' id='word_1_757' title='bbox 2811 4084 2953 4130; x_wconf 88' lang='lat' dir='ltr'><strong>totus</strong></span> <span class='ocrx_word' id='word_1_758' title='bbox 2979 4078 3471 4147; x_wconf 65' lang='lat' dir='ltr'><strong>sonnaej&#39;uspara—</strong></span> 
     </span>
    </p>
   </div>
   <div class='ocr_carea' id='block_1_102' title="bbox 1889 4165 3471 4235">
    <p class='ocr_par' dir='ltr' id='par_1_102' title="bbox 1889 4165 3471 4235">
     <span class='ocr_line' id='line_1_102' title="bbox 1889 4165 3471 4235; baseline -0.001 -14"><span class='ocrx_word' id='word_1_759' title='bbox 1889 4167 2025 4221; x_wconf 91' lang='lat' dir='ltr'><strong>bolis</strong></span> <span class='ocrx_word' id='word_1_760' title='bbox 2052 4167 2371 4235; x_wconf 76' lang='lat' dir='ltr'><strong>explicatus,</strong></span> <span class='ocrx_word' id='word_1_761' title='bbox 2403 4175 2544 4220; x_wconf 88' lang='lat' dir='ltr'><strong>totus</strong></span> <span class='ocrx_word' id='word_1_762' title='bbox 2582 4174 2760 4219; x_wconf 89' lang='lat' dir='ltr'><strong>autem</strong></span> <span class='ocrx_word' id='word_1_763' title='bbox 2809 4165 3025 4235; x_wconf 89' lang='lat' dir='ltr'><strong>proprie</strong></span> <span class='ocrx_word' id='word_1_764' title='bbox 3076 4166 3249 4219; x_wconf 88' lang='lat' dir='ltr'><strong>dictus</strong></span> <span class='ocrx_word' id='word_1_765' title='bbox 3295 4166 3471 4219; x_wconf 80' lang='lat' dir='ltr'><strong>nullus</strong></span> 
     </span>
    </p>
   </div>
   <div class='ocr_carea' id='block_1_103' title="bbox 1890 4253 3469 4326">
    <p class='ocr_par' dir='ltr' id='par_1_103' title="bbox 1890 4253 3469 4326">
     <span class='ocr_line' id='line_1_103' title="bbox 1890 4253 3469 4326; baseline 0 -18"><span class='ocrx_word' id='word_1_766' title='bbox 1890 4254 2208 4309; x_wconf 83' lang='lat' dir='ltr'><strong>inveniatur.</strong></span> <span class='ocrx_word' id='word_1_767' title='bbox 2239 4253 2527 4326; x_wconf 86' lang='lat' dir='ltr'><strong>(llieron.)</strong></span> <span class='ocrx_word' id='word_1_768' title='bbox 2558 4255 2619 4308; x_wconf 85' lang='lat' dir='ltr'><strong>Et</strong></span> <span class='ocrx_word' id='word_1_769' title='bbox 2647 4255 2941 4308; x_wconf 86' lang='lat' dir='ltr'><strong>notandum</strong></span> <span class='ocrx_word' id='word_1_770' title='bbox 2973 4255 3113 4322; x_wconf 90' lang='lat' dir='ltr'><strong>quod</strong></span> <span class='ocrx_word' id='word_1_771' title='bbox 3155 4270 3260 4307; x_wconf 85' lang='lat' dir='ltr'><strong>non</strong></span> <span class='ocrx_word' id='word_1_772' title='bbox 3311 4255 3469 4309; x_wconf 85' lang='lat' dir='ltr'><strong>disci-</strong></span> 
     </span>
    </p>
   </div>
   <div class='ocr_carea' id='block_1_104' title="bbox 1885 4345 3465 4415">
    <p class='ocr_par' dir='ltr' id='par_1_104' title="bbox 1885 4345 3465 4415">
     <span class='ocr_line' id='line_1_104' title="bbox 1885 4345 3465 4415; baseline 0.003 -18"><span class='ocrx_word' id='word_1_773' title='bbox 1885 4346 2043 4414; x_wconf 83' lang='lat' dir='ltr'><strong>pulis,</strong></span> <span class='ocrx_word' id='word_1_774' title='bbox 2074 4346 2167 4401; x_wconf 89' lang='lat' dir='ltr'><strong>sed</strong></span> <span class='ocrx_word' id='word_1_775' title='bbox 2216 4346 2387 4399; x_wconf 83' lang='lat' dir='ltr'><strong>mrbis</strong></span> <span class='ocrx_word' id='word_1_776' title='bbox 2425 4360 2522 4414; x_wconf 83' lang='lat' dir='ltr'><strong>per</strong></span> <span class='ocrx_word' id='word_1_777' title='bbox 2563 4345 2850 4415; x_wconf 89' lang='lat' dir='ltr'><strong>parabolas</strong></span> <span class='ocrx_word' id='word_1_778' title='bbox 2898 4345 3153 4414; x_wconf 90' lang='lat' dir='ltr'><strong>loquitur,</strong></span> <span class='ocrx_word' id='word_1_779' title='bbox 3200 4356 3251 4400; x_wconf 90' lang='lat' dir='ltr'><strong>et</strong></span> <span class='ocrx_word' id='word_1_780' title='bbox 3299 4363 3465 4415; x_wconf 82' lang='lat' dir='ltr'><strong>usque</strong></span> 
     </span>
    </p>
   </div>
   <div class='ocr_carea' id='block_1_105' title="bbox 1889 4426 3467 4505">
    <p class='ocr_par' dir='ltr' id='par_1_105' title="bbox 1889 4426 3467 4505">
     <span class='ocr_line' id='line_1_105' title="bbox 1889 4426 3467 4505; baseline 0.001 -15"><span class='ocrx_word' id='word_1_781' title='bbox 1889 4435 2045 4490; x_wconf 84' lang='lat' dir='ltr'><strong>hodie</strong></span> <span class='ocrx_word' id='word_1_782' title='bbox 2071 4437 2240 4490; x_wconf 75' lang='lat' dir='ltr'><strong>turbae</strong></span> <span class='ocrx_word' id='word_1_783' title='bbox 2271 4436 2322 4489; x_wconf 90' lang='lat' dir='ltr'><strong>in</strong></span> <span class='ocrx_word' id='word_1_784' title='bbox 2352 4426 2619 4505; x_wconf 74' lang='lat' dir='ltr'><strong>parabolis</strong></span> <span class='ocrx_word' id='word_1_785' title='bbox 2642 4436 2888 4499; x_wconf 89' lang='lat' dir='ltr'><strong>audiunt,</strong></span> <span class='ocrx_word' id='word_1_786' title='bbox 2936 4443 2988 4489; x_wconf 87' lang='lat' dir='ltr'><strong>et</strong></span> <span class='ocrx_word' id='word_1_787' title='bbox 3029 4436 3271 4505; x_wconf 89' lang='lat' dir='ltr'><strong>discipuli</strong></span> <span class='ocrx_word' id='word_1_788' title='bbox 3320 4438 3467 4499; x_wconf 77' lang='lat' dir='ltr'><strong>domi</strong></span> 
     </span>
    </p>
   </div>
   <div class='ocr_carea' id='block_1_106' title="bbox 1891 4525 3201 4593">
    <p class='ocr_par' dir='ltr' id='par_1_106' title="bbox 1891 4525 3201 4593">
     <span class='ocr_line' id='line_1_106' title="bbox 1891 4525 3201 4593; baseline 0.001 -14"><span class='ocrx_word' id='word_1_789' title='bbox 1891 4526 2221 4593; x_wconf 81' lang='lat' dir='ltr'><strong>interrogant</strong></span> <span class='ocrx_word' id='word_1_790' title='bbox 2250 4525 2601 4579; x_wconf 87' lang='lat' dir='ltr'><strong>Salvatorem.</strong></span> <span class='ocrx_word' id='word_1_791' title='bbox 3192 4533 3201 4541; x_wconf 85' lang='grc'><strong>·</strong></span> 
     </span>
    </p>
   </div>
   <div class='ocr_carea' id='block_1_107' title="bbox 1963 4613 3462 4686">
    <p class='ocr_par' dir='ltr' id='par_1_107' title="bbox 1963 4613 3462 4686">
     <span class='ocr_line' id='line_1_107' title="bbox 1963 4613 3462 4686; baseline -0.001 -17"><span class='ocrx_word' id='word_1_792' title='bbox 1963 4615 2029 4669; x_wconf 90' lang='lat' dir='ltr'><strong>Ut</strong></span> <span class='ocrx_word' id='word_1_793' title='bbox 2052 4615 2348 4686; x_wconf 87' lang='lat' dir='ltr'><strong>impleretur</strong></span> <span class='ocrx_word' id='word_1_794' title='bbox 2372 4616 2511 4686; x_wconf 88' lang='lat' dir='ltr'><strong>quod</strong></span> <span class='ocrx_word' id='word_1_795' title='bbox 2539 4616 2730 4668; x_wconf 83' lang='lat' dir='ltr'><strong>dictum</strong></span> <span class='ocrx_word' id='word_1_796' title='bbox 2752 4624 2823 4668; x_wconf 87' lang='lat' dir='ltr'><strong>est</strong></span> <span class='ocrx_word' id='word_1_797' title='bbox 2846 4631 2937 4683; x_wconf 84' lang='lat' dir='ltr'><strong>per</strong></span> <span class='ocrx_word' id='word_1_798' title='bbox 2954 4613 3267 4683; x_wconf 82' lang='lat' dir='ltr'><strong>Prophetam</strong></span> <span class='ocrx_word' id='word_1_799' title='bbox 3291 4616 3462 4669; x_wconf 74' lang='lat' dir='ltr'><strong>(licen-</strong></span> 
     </span>
    </p>
   </div>
   <div class='ocr_carea' id='block_1_108' title="bbox 1889 4704 3465 4775">
    <p class='ocr_par' dir='ltr' id='par_1_108' title="bbox 1889 4704 3465 4775">
     <span class='ocr_line' id='line_1_108' title="bbox 1889 4704 3465 4775; baseline -0.001 -16"><span class='ocrx_word' id='word_1_800' title='bbox 1889 4717 1988 4759; x_wconf 84' lang='lat' dir='ltr'><strong>tem</strong></span> <span class='ocrx_word' id='word_1_801' title='bbox 2012 4723 2031 4759; x_wconf 90' lang='lat'><strong><em>:</em></strong></span> <span class='ocrx_word' id='word_1_802' title='bbox 2054 4706 2292 4775; x_wconf 75' lang='lat' dir='ltr'><strong>Aperia‘m</strong></span> <span class='ocrx_word' id='word_1_803' title='bbox 2336 4707 2393 4758; x_wconf 81' lang='lat' dir='ltr'><strong>in</strong></span> <span class='ocrx_word' id='word_1_804' title='bbox 2416 4705 2677 4774; x_wconf 83' lang='lat' dir='ltr'><strong>parabolis</strong></span> <span class='ocrx_word' id='word_1_805' title='bbox 2704 4721 2758 4757; x_wconf 89' lang='lat' dir='ltr'><strong>os</strong></span> <span class='ocrx_word' id='word_1_806' title='bbox 2784 4720 2975 4768; x_wconf 73' lang='lat' dir='ltr'><strong>areum,</strong></span> <span class='ocrx_word' id='word_1_807' title='bbox 3007 4713 3053 4756; x_wconf 87' lang='lat' dir='ltr'><strong>et</strong></span> <span class='ocrx_word' id='word_1_808' title='bbox 3079 4704 3320 4757; x_wconf 83' lang='lat' dir='ltr'><strong>eructabo</strong></span> <span class='ocrx_word' id='word_1_809' title='bbox 3345 4705 3465 4758; x_wconf 50' lang='lat' dir='ltr'><strong>abs‘</strong></span> 
     </span>
    </p>
   </div>
   <div class='ocr_carea' id='block_1_109' title="bbox 1888 4793 3463 4851">
    <p class='ocr_par' dir='ltr' id='par_1_109' title="bbox 1888 4793 3463 4851">
     <span class='ocr_line' id='line_1_109' title="bbox 1888 4793 3463 4851; baseline -0.001 -1"><span class='ocrx_word' id='word_1_810' title='bbox 1888 4798 2097 4851; x_wconf 85' lang='lat' dir='ltr'><strong>condita</strong></span> <span class='ocrx_word' id='word_1_811' title='bbox 2142 4814 2173 4850; x_wconf 77' lang='grc' dir='ltr'><strong>α</strong></span> <span class='ocrx_word' id='word_1_812' title='bbox 2210 4798 2574 4849; x_wconf 86' lang='lat' dir='ltr'><strong>constitutione</strong></span> <span class='ocrx_word' id='word_1_813' title='bbox 2605 4795 2803 4847; x_wconf 75' lang='lat' dir='ltr'><strong>ntundi.</strong></span> <span class='ocrx_word' id='word_1_814' title='bbox 2838 4793 2949 4848; x_wconf 86' lang='lat' dir='ltr'><strong>lioc</strong></span> <span class='ocrx_word' id='word_1_815' title='bbox 2987 4793 3352 4845; x_wconf 88' lang='lat' dir='ltr'><strong>testimonium</strong></span> <span class='ocrx_word' id='word_1_816' title='bbox 3396 4794 3463 4848; x_wconf 82' lang='lat' dir='ltr'><strong>de</strong></span> 
     </span>
    </p>
   </div>
   <div class='ocr_carea' id='block_1_110' title="bbox 1888 4873 3461 4955">
    <p class='ocr_par' dir='ltr' id='par_1_110' title="bbox 1888 4873 3461 4955">
     <span class='ocr_line' id='line_1_110' title="bbox 1888 4873 3461 4955; baseline -0.003 -15"><span class='ocrx_word' id='word_1_817' title='bbox 1888 4879 2280 4955; x_wconf 74' lang='lat' dir='ltr'><strong>sepluagesimo</strong></span> <span class='ocrx_word' id='word_1_818' title='bbox 2310 4886 2537 4953; x_wconf 85' lang='lat' dir='ltr'><strong>septimo</strong></span> <span class='ocrx_word' id='word_1_819' title='bbox 2561 4884 2764 4951; x_wconf 83' lang='lat' dir='ltr'><strong>psalmo</strong></span> <span class='ocrx_word' id='word_1_820' title='bbox 2787 4891 3053 4950; x_wconf 87' lang='lat' dir='ltr'><strong>sumptum</strong></span> <span class='ocrx_word' id='word_1_821' title='bbox 3081 4873 3182 4944; x_wconf 44' lang='lat' dir='ltr'><strong>es‘t,</strong></span> <span class='ocrx_word' id='word_1_822' title='bbox 3215 4883 3355 4950; x_wconf 89' lang='lat' dir='ltr'><strong>quod</strong></span> <span class='ocrx_word' id='word_1_823' title='bbox 3403 4893 3461 4937; x_wconf 85' lang='lat' dir='ltr'><strong>et</strong></span> 
     </span>
    </p>
   </div>
   <div class='ocr_carea' id='block_1_111' title="bbox 1886 4976 3459 5048">
    <p class='ocr_par' dir='ltr' id='par_1_111' title="bbox 1886 4976 3459 5048">
     <span class='ocr_line' id='line_1_111' title="bbox 1886 4976 3459 5048; baseline -0.001 -17"><span class='ocrx_word' id='word_1_824' title='bbox 1886 4994 1953 5032; x_wconf 78' lang='lat' dir='ltr'><strong>ex</strong></span> <span class='ocrx_word' id='word_1_825' title='bbox 1979 4994 2202 5048; x_wconf 86' lang='lat' dir='ltr'><strong>persona</strong></span> <span class='ocrx_word' id='word_1_826' title='bbox 2230 4978 2431 5030; x_wconf 81' lang='lat' dir='ltr'><strong>Domini</strong></span> <span class='ocrx_word' id='word_1_827' title='bbox 2462 4979 2672 5030; x_wconf 87' lang='lat' dir='ltr'><strong>dicitur.</strong></span> <span class='ocrx_word' id='word_1_828' title='bbox 2702 4977 2964 5043; x_wconf 74' lang='lat' dir='ltr'><strong>Aperiam,</strong></span> <span class='ocrx_word' id='word_1_829' title='bbox 2992 4976 3085 5040; x_wconf 89' lang='lat' dir='ltr'><strong>ait,</strong></span> <span class='ocrx_word' id='word_1_830' title='bbox 3112 4976 3163 5028; x_wconf 85' lang='lat' dir='ltr'><strong>in</strong></span> <span class='ocrx_word' id='word_1_831' title='bbox 3194 4977 3459 5045; x_wconf 76' lang='lat' dir='ltr'><strong>parabolis</strong></span> 
     </span>
    </p>
   </div>
   <div class='ocr_carea' id='block_1_112' title="bbox 1886 5071 3455 5129">
    <p class='ocr_par' dir='ltr' id='par_1_112' title="bbox 1886 5071 3455 5129">
     <span class='ocr_line' id='line_1_112' title="bbox 1886 5071 3455 5129; baseline -0.001 -6"><span class='ocrx_word' id='word_1_832' title='bbox 1886 5088 1940 5124; x_wconf 85' lang='lat' dir='ltr'><strong>os</strong></span> <span class='ocrx_word' id='word_1_833' title='bbox 1966 5088 2154 5129; x_wconf 86' lang='lat' dir='ltr'><strong>meum,</strong></span> <span class='ocrx_word' id='word_1_834' title='bbox 2183 5081 2227 5121; x_wconf 88' lang='lat' dir='ltr'><strong>ct</strong></span> <span class='ocrx_word' id='word_1_835' title='bbox 2255 5072 2495 5123; x_wconf 80' lang='lat' dir='ltr'><strong>erm-tabo</strong></span> <span class='ocrx_word' id='word_1_836' title='bbox 2523 5071 2822 5123; x_wconf 76' lang='lat' dir='ltr'><strong>abscondita</strong></span> <span class='ocrx_word' id='word_1_837' title='bbox 2842 5088 2872 5122; x_wconf 90' lang='lat' dir='ltr'><strong>a</strong></span> <span class='ocrx_word' id='word_1_838' title='bbox 2890 5071 3252 5122; x_wconf 77' lang='lat' dir='ltr'><strong>constitutione</strong></span> <span class='ocrx_word' id='word_1_839' title='bbox 3276 5072 3455 5123; x_wconf 81' lang='lat' dir='ltr'><strong>mundi</strong></span> 
     </span>
    </p>
   </div>
   <div class='ocr_carea' id='block_1_113' title="bbox 1888 5158 3454 5229">
    <p class='ocr_par' dir='ltr' id='par_1_113' title="bbox 1888 5158 3454 5229">
     <span class='ocr_line' id='line_1_113' title="bbox 1888 5158 3454 5229; baseline 0.002 -18"><span class='ocrx_word' id='word_1_840' title='bbox 1888 5158 2067 5229; x_wconf 86' lang='lat' dir='ltr'><strong>(Psal.</strong></span> <span class='ocrx_word' id='word_1_841' title='bbox 2094 5175 2266 5211; x_wconf 77' lang='lat' dir='ltr'><strong>Lxxvn</strong></span> <span class='ocrx_word' id='word_1_842' title='bbox 2291 5161 2337 5225; x_wconf 92' lang='lat'><strong>).</strong></span> <span class='ocrx_word' id='word_1_843' title='bbox 2368 5158 2827 5211; x_wconf 78' lang='lat' dir='ltr'><strong>Considerandum</strong></span> <span class='ocrx_word' id='word_1_844' title='bbox 2858 5167 2939 5213; x_wconf 89' lang='lat' dir='ltr'><strong>est</strong></span> <span class='ocrx_word' id='word_1_845' title='bbox 2969 5174 3097 5229; x_wconf 84' lang='lat' dir='ltr'><strong>ergo</strong></span> <span class='ocrx_word' id='word_1_846' title='bbox 3123 5160 3379 5213; x_wconf 88' lang='lat' dir='ltr'><strong>attentius</strong></span> <span class='ocrx_word' id='word_1_847' title='bbox 3400 5170 3454 5213; x_wconf 81' lang='lat' dir='ltr'><strong>et</strong></span> 
     </span>
    </p>
   </div>
   <div class='ocr_carea' id='block_1_114' title="bbox 1886 5248 3451 5317">
    <p class='ocr_par' dir='ltr' id='par_1_114' title="bbox 1886 5248 3451 5317">
     <span class='ocr_line' id='line_1_114' title="bbox 1886 5248 3451 5317; baseline 0.001 -16"><span class='ocrx_word' id='word_1_848' title='bbox 1886 5249 2256 5302; x_wconf 75' lang='lat' dir='ltr'><strong>inveniendum</strong></span> <span class='ocrx_word' id='word_1_849' title='bbox 2309 5248 2358 5299; x_wconf 90' lang='lat' dir='ltr'><strong>in</strong></span> <span class='ocrx_word' id='word_1_850' title='bbox 2413 5263 2476 5301; x_wconf 88' lang='lat' dir='ltr'><strong>eo</strong></span> <span class='ocrx_word' id='word_1_851' title='bbox 2531 5248 2759 5302; x_wconf 77' lang='lat' dir='ltr'><strong>describi</strong></span> <span class='ocrx_word' id='word_1_852' title='bbox 2815 5264 3087 5317; x_wconf 83' lang='lat' dir='ltr'><strong>egressum</strong></span> <span class='ocrx_word' id='word_1_853' title='bbox 3129 5248 3339 5303; x_wconf 87' lang='lat' dir='ltr'><strong>lsraelis</strong></span> <span class='ocrx_word' id='word_1_854' title='bbox 3386 5250 3451 5303; x_wconf 86' lang='lat' dir='ltr'><strong>do</strong></span> 
     </span>
    </p>
   </div>
   <div class='ocr_carea' id='block_1_115' title="bbox 1887 5336 3448 5407">
    <p class='ocr_par' dir='ltr' id='par_1_115' title="bbox 1887 5336 3448 5407">
     <span class='ocr_line' id='line_1_115' title="bbox 1887 5336 3448 5407; baseline -0.001 -17"><span class='ocrx_word' id='word_1_855' title='bbox 1887 5336 2137 5406; x_wconf 67' lang='lat' dir='ltr'><strong>IEgypto,</strong></span> <span class='ocrx_word' id='word_1_856' title='bbox 2176 5345 2228 5388; x_wconf 86' lang='lat' dir='ltr'><strong>et</strong></span> <span class='ocrx_word' id='word_1_857' title='bbox 2252 5337 2427 5387; x_wconf 84' lang='lat' dir='ltr'><strong>omnia</strong></span> <span class='ocrx_word' id='word_1_858' title='bbox 2454 5337 2602 5405; x_wconf 83' lang='lat' dir='ltr'><strong>signa</strong></span> <span class='ocrx_word' id='word_1_859' title='bbox 2635 5338 2865 5397; x_wconf 84' lang='lat' dir='ltr'><strong>narrari,</strong></span> <span class='ocrx_word' id='word_1_860' title='bbox 2907 5353 3024 5407; x_wconf 74' lang='lat' dir='ltr'><strong>qua:</strong></span> <span class='ocrx_word' id='word_1_861' title='bbox 3055 5338 3104 5389; x_wconf 88' lang='lat' dir='ltr'><strong>in</strong></span> <span class='ocrx_word' id='word_1_862' title='bbox 3132 5338 3297 5391; x_wconf 80' lang='lat' dir='ltr'><strong>Exodi</strong></span> <span class='ocrx_word' id='word_1_863' title='bbox 3326 5353 3448 5390; x_wconf 86' lang='lat' dir='ltr'><strong>con-</strong></span> 
     </span>
    </p>
   </div>
   <div class='ocr_carea' id='block_1_116' title="bbox 1885 5426 3449 5495">
    <p class='ocr_par' dir='ltr' id='par_1_116' title="bbox 1885 5426 3449 5495">
     <span class='ocr_line' id='line_1_116' title="bbox 1885 5426 3449 5495; baseline -0.001 -14"><span class='ocrx_word' id='word_1_864' title='bbox 1885 5429 2124 5481; x_wconf 88' lang='lat' dir='ltr'><strong>tinentur</strong></span> <span class='ocrx_word' id='word_1_865' title='bbox 2158 5427 2394 5479; x_wconf 88' lang='lat' dir='ltr'><strong>historia.</strong></span> <span class='ocrx_word' id='word_1_866' title='bbox 2431 5427 2504 5479; x_wconf 73' lang='lat' dir='ltr'><strong>Ex</strong></span> <span class='ocrx_word' id='word_1_867' title='bbox 2536 5443 2651 5495; x_wconf 35' lang='lat' dir='ltr'><strong>quo,</strong></span> <span class='ocrx_word' id='word_1_868' title='bbox 2678 5426 3023 5495; x_wconf 86' lang='lat' dir='ltr'><strong>intelligimus</strong></span> <span class='ocrx_word' id='word_1_869' title='bbox 3066 5427 3312 5479; x_wconf 79' lang='lat' dir='ltr'><strong>universa</strong></span> <span class='ocrx_word' id='word_1_870' title='bbox 3360 5426 3449 5479; x_wconf 83' lang='lat' dir='ltr'><strong>illa</strong></span> 
     </span>
    </p>
   </div>
   <div class='ocr_carea' id='block_1_117' title="bbox 1883 5514 3445 5586">
    <p class='ocr_par' dir='ltr' id='par_1_117' title="bbox 1883 5514 3445 5586">
     <span class='ocr_line' id='line_1_117' title="bbox 1883 5514 3445 5586; baseline -0.001 -19"><span class='ocrx_word' id='word_1_871' title='bbox 1883 5532 2001 5586; x_wconf 78' lang='lat' dir='ltr'><strong>qum</strong></span> <span class='ocrx_word' id='word_1_872' title='bbox 2032 5515 2226 5582; x_wconf 77' lang='lat' dir='ltr'><strong>scripta</strong></span> <span class='ocrx_word' id='word_1_873' title='bbox 2260 5525 2404 5578; x_wconf 91' lang='lat' dir='ltr'><strong>sunt,</strong></span> <span class='ocrx_word' id='word_1_874' title='bbox 2429 5517 2733 5584; x_wconf 74' lang='lat' dir='ltr'><strong>parabolice</strong></span> <span class='ocrx_word' id='word_1_875' title='bbox 2766 5516 3070 5578; x_wconf 84' lang='lat' dir='ltr'><strong>sentienda;</strong></span> <span class='ocrx_word' id='word_1_876' title='bbox 3100 5530 3195 5567; x_wconf 86' lang='lat' dir='ltr'><strong>nec</strong></span> <span class='ocrx_word' id='word_1_877' title='bbox 3225 5514 3445 5567; x_wconf 84' lang='lat' dir='ltr'><strong>manife-</strong></span> 
     </span>
    </p>
   </div>
   <div class='ocr_carea' id='block_1_118' title="bbox 1881 5604 3444 5667">
    <p class='ocr_par' dir='ltr' id='par_1_118' title="bbox 1881 5604 3444 5667">
     <span class='ocr_line' id='line_1_118' title="bbox 1881 5604 3444 5667; baseline -0.002 -9"><span class='ocrx_word' id='word_1_878' title='bbox 1881 5614 2016 5658; x_wconf 85' lang='lat' dir='ltr'><strong>stam</strong></span> <span class='ocrx_word' id='word_1_879' title='bbox 2042 5619 2337 5658; x_wconf 88' lang='lat' dir='ltr'><strong>consonare</strong></span> <span class='ocrx_word' id='word_1_880' title='bbox 2366 5605 2615 5667; x_wconf 88' lang='lat' dir='ltr'><strong>litteram,</strong></span> <span class='ocrx_word' id='word_1_881' title='bbox 2643 5606 2732 5658; x_wconf 86' lang='lat' dir='ltr'><strong>sed</strong></span> <span class='ocrx_word' id='word_1_882' title='bbox 2759 5604 3063 5657; x_wconf 87' lang='lat' dir='ltr'><strong>abscondita</strong></span> <span class='ocrx_word' id='word_1_883' title='bbox 3091 5615 3444 5655; x_wconf 81' lang='lat' dir='ltr'><strong>sacramenta.</strong></span> 
     </span>
    </p>
   </div>
   <div class='ocr_carea' id='block_1_119' title="bbox 1884 5683 3440 5765">
    <p class='ocr_par' dir='ltr' id='par_1_119' title="bbox 1884 5683 3440 5765">
     <span class='ocr_line' id='line_1_119' title="bbox 1884 5683 3440 5765; baseline -0.001 -19"><span class='ocrx_word' id='word_1_884' title='bbox 1884 5683 2001 5748; x_wconf 67' lang='grc' dir='ltr'><strong>ιιοιί</strong></span> <span class='ocrx_word' id='word_1_885' title='bbox 2028 5694 2165 5746; x_wconf 70' lang='lat' dir='ltr'><strong>enim</strong></span> <span class='ocrx_word' id='word_1_886' title='bbox 2202 5710 2257 5747; x_wconf 82' lang='lat' dir='ltr'><strong>se</strong></span> <span class='ocrx_word' id='word_1_887' title='bbox 2288 5694 2535 5765; x_wconf 74' lang='lat' dir='ltr'><strong>Salvator</strong></span> <span class='ocrx_word' id='word_1_888' title='bbox 2566 5696 2827 5749; x_wconf 71' lang='lat' dir='ltr'><strong>dicturum</strong></span> <span class='ocrx_word' id='word_1_889' title='bbox 2853 5698 2973 5747; x_wconf 76' lang='lat' dir='ltr'><strong>esse</strong></span> <span class='ocrx_word' id='word_1_890' title='bbox 3006 5693 3285 5761; x_wconf 81' lang='lat' dir='ltr'><strong>promittit,</strong></span> <span class='ocrx_word' id='word_1_891' title='bbox 3322 5708 3440 5761; x_wconf 77' lang='lat' dir='ltr'><strong>ape-</strong></span> 
     </span>
    </p>
   </div>
  </div>
