  <div class='ocr_page' id='page_1' title='image "/cluster/home/n/w/nwhite01/storage/ocr_20150623/107/uva.x000827064/481.png"; bbox 0 0 3938 6322; ppageno 0'>
   <div class='ocr_carea' id='block_1_1' title="bbox 488 291 3759 369">
    <p class='ocr_par' dir='ltr' id='par_1_1' title="bbox 488 291 3759 369">
     <span class='ocr_line' id='line_1_1' title="bbox 488 291 3759 369; baseline 0.002 -6"><span class='ocrx_word' id='word_1_1' title='bbox 488 309 584 365; x_wconf 71' lang='lat'><strong>951</strong></span> <span class='ocrx_word' id='word_1_2' title='bbox 736 315 740 320; x_wconf 91' lang='grc'><strong>·</strong></span> <span class='ocrx_word' id='word_1_3' title='bbox 1119 305 1182 358; x_wconf 74' lang='grc' dir='ltr'><strong>ις.</strong></span> <span class='ocrx_word' id='word_1_4' title='bbox 1220 303 1473 359; x_wconf 81' lang='lat' dir='ltr'><strong>RABANI</strong></span> <span class='ocrx_word' id='word_1_5' title='bbox 1513 305 1732 362; x_wconf 65' lang='lat' dir='ltr'><strong>suum</strong></span> <span class='ocrx_word' id='word_1_6' title='bbox 1769 303 2086 360; x_wconf 80' lang='lat' dir='ltr'><strong>AltClllEP.</strong></span> <span class='ocrx_word' id='word_1_7' title='bbox 2132 305 2437 365; x_wconf 66' lang='lat' dir='ltr'><strong>uocum.</strong></span> <span class='ocrx_word' id='word_1_8' title='bbox 2481 291 2764 366; x_wconf 72' lang='lat' dir='ltr'><strong>operum</strong></span> <span class='ocrx_word' id='word_1_9' title='bbox 2801 310 2978 366; x_wconf 64' lang='lat' dir='ltr'><strong>rans</strong></span> <span class='ocrx_word' id='word_1_10' title='bbox 3017 311 3057 366; x_wconf 78' lang='grc' dir='ltr'><strong>ι.</strong></span> <span class='ocrx_word' id='word_1_11' title='bbox 3655 313 3759 369; x_wconf 68' lang='lat' dir='ltr'><strong>95s</strong></span> 
     </span>
    </p>
   </div>
   <div class='ocr_carea' id='block_1_2' title="bbox 485 415 3758 484">
    <p class='ocr_par' dir='ltr' id='par_1_2' title="bbox 485 415 3758 484">
     <span class='ocr_line' id='line_1_2' title="bbox 485 415 3758 484; baseline 0.001 -10"><span class='ocrx_word' id='word_1_12' title='bbox 485 431 632 474; x_wconf 76' lang='lat' dir='ltr'><strong>nens</strong></span> <span class='ocrx_word' id='word_1_13' title='bbox 656 430 717 471; x_wconf 88' lang='lat' dir='ltr'><strong>os</strong></span> <span class='ocrx_word' id='word_1_14' title='bbox 744 429 900 471; x_wconf 80' lang='lat' dir='ltr'><strong>suum</strong></span> <span class='ocrx_word' id='word_1_15' title='bbox 928 415 982 469; x_wconf 91' lang='lat' dir='ltr'><strong>in</strong></span> <span class='ocrx_word' id='word_1_16' title='bbox 1017 415 1312 484; x_wconf 85' lang='lat' dir='ltr'><strong>parabolis,</strong></span> <span class='ocrx_word' id='word_1_17' title='bbox 1339 423 1393 470; x_wconf 90' lang='lat' dir='ltr'><strong>et</strong></span> <span class='ocrx_word' id='word_1_18' title='bbox 1416 423 1667 471; x_wconf 75' lang='lat' dir='ltr'><strong>eructans</strong></span> <span class='ocrx_word' id='word_1_19' title='bbox 1693 415 2006 474; x_wconf 88' lang='lat' dir='ltr'><strong>abscondita</strong></span> <span class='ocrx_word' id='word_1_20' title='bbox 2029 431 2059 470; x_wconf 84' lang='lat' dir='ltr'><strong>a</strong></span> <span class='ocrx_word' id='word_1_21' title='bbox 2087 425 2136 483; x_wconf 80' lang='grc' dir='ltr'>Α</span> <span class='ocrx_word' id='word_1_22' title='bbox 2165 416 2375 472; x_wconf 89' lang='lat' dir='ltr'><strong>cionem</strong></span> <span class='ocrx_word' id='word_1_23' title='bbox 2414 418 2686 484; x_wconf 84' lang='lat' dir='ltr'><strong>criminis,</strong></span> <span class='ocrx_word' id='word_1_24' title='bbox 2716 419 2809 475; x_wconf 90' lang='lat' dir='ltr'><strong>sed</strong></span> <span class='ocrx_word' id='word_1_25' title='bbox 2837 419 3181 475; x_wconf 81' lang='lat' dir='ltr'><strong>manifestum</strong></span> <span class='ocrx_word' id='word_1_26' title='bbox 3208 431 3417 476; x_wconf 86' lang='lat' dir='ltr'><strong>reatum</strong></span> <span class='ocrx_word' id='word_1_27' title='bbox 3443 427 3514 476; x_wconf 86' lang='lat' dir='ltr'><strong>de</strong></span> <span class='ocrx_word' id='word_1_28' title='bbox 3539 433 3758 478; x_wconf 86' lang='lat' dir='ltr'><strong>sancto-</strong></span> 
     </span>
    </p>
   </div>
   <div class='ocr_carea' id='block_1_3' title="bbox 483 502 2682 580">
    <p class='ocr_par' dir='ltr' id='par_1_3' title="bbox 483 502 2682 580">
     <span class='ocr_line' id='line_1_3' title="bbox 483 502 2682 580; baseline -0.002 -14"><span class='ocrx_word' id='word_1_29' title='bbox 483 509 863 566; x_wconf 84' lang='lat' dir='ltr'><strong>coustitutione</strong></span> <span class='ocrx_word' id='word_1_30' title='bbox 899 509 1081 563; x_wconf 88' lang='lat' dir='ltr'><strong>mundi</strong></span> <span class='ocrx_word' id='word_1_31' title='bbox 1106 525 1119 561; x_wconf 85' lang='lat'><strong>:</strong></span> <span class='ocrx_word' id='word_1_32' title='bbox 1143 509 1269 578; x_wconf 86' lang='lat' dir='ltr'><strong>quia</strong></span> <span class='ocrx_word' id='word_1_33' title='bbox 1300 525 1403 562; x_wconf 88' lang='lat' dir='ltr'><strong>non</strong></span> <span class='ocrx_word' id='word_1_34' title='bbox 1431 518 1504 562; x_wconf 91' lang='lat' dir='ltr'><strong>est</strong></span> <span class='ocrx_word' id='word_1_35' title='bbox 1544 509 1775 562; x_wconf 80' lang='lat' dir='ltr'><strong>inuentus</strong></span> <span class='ocrx_word' id='word_1_36' title='bbox 1807 524 1966 577; x_wconf 88' lang='lat' dir='ltr'><strong>neque</strong></span> <span class='ocrx_word' id='word_1_37' title='bbox 2002 508 2058 561; x_wconf 88' lang='lat' dir='ltr'><strong>in</strong></span> <span class='ocrx_word' id='word_1_38' title='bbox 2163 522 2282 561; x_wconf 85' lang='lat' dir='ltr'><strong>rum</strong></span> <span class='ocrx_word' id='word_1_39' title='bbox 2311 509 2451 564; x_wconf 63' lang='lat' dir='ltr'><strong>coetu</strong></span> <span class='ocrx_word' id='word_1_40' title='bbox 2478 502 2682 580; x_wconf 86' lang='lat' dir='ltr'><strong>ejiciat.</strong></span> 
     </span>
    </p>
   </div>
   <div class='ocr_carea' id='block_1_4' title="bbox 484 596 3753 670">
    <p class='ocr_par' dir='ltr' id='par_1_4' title="bbox 484 596 3753 670">
     <span class='ocr_line' id='line_1_4' title="bbox 484 596 3753 670; baseline 0 -16"><span class='ocrx_word' id='word_1_41' title='bbox 484 598 634 665; x_wconf 75' lang='lat' dir='ltr'><strong>calo,</strong></span> <span class='ocrx_word' id='word_1_42' title='bbox 662 615 822 670; x_wconf 86' lang='lat' dir='ltr'><strong>neque</strong></span> <span class='ocrx_word' id='word_1_43' title='bbox 844 600 897 652; x_wconf 87' lang='lat' dir='ltr'><strong>in</strong></span> <span class='ocrx_word' id='word_1_44' title='bbox 925 609 1083 662; x_wconf 90' lang='lat' dir='ltr'><strong>terra,</strong></span> <span class='ocrx_word' id='word_1_45' title='bbox 1111 615 1272 670; x_wconf 89' lang='lat' dir='ltr'><strong>neque</strong></span> <span class='ocrx_word' id='word_1_46' title='bbox 1295 598 1475 652; x_wconf 92' lang='lat' dir='ltr'><strong>subtus</strong></span> <span class='ocrx_word' id='word_1_47' title='bbox 1497 607 1688 650; x_wconf 88' lang='lat' dir='ltr'><strong>terram</strong></span> <span class='ocrx_word' id='word_1_48' title='bbox 1717 599 1831 668; x_wconf 80' lang='lat' dir='ltr'><strong>quis</strong></span> <span class='ocrx_word' id='word_1_49' title='bbox 1870 598 2060 669; x_wconf 88' lang='lat' dir='ltr'><strong>dignus</strong></span> <span class='ocrx_word' id='word_1_50' title='bbox 2230 596 2377 653; x_wconf 80' lang='lat' dir='ltr'><strong>Sicut</strong></span> <span class='ocrx_word' id='word_1_51' title='bbox 2398 615 2518 669; x_wconf 89' lang='lat' dir='ltr'><strong>ergo</strong></span> <span class='ocrx_word' id='word_1_52' title='bbox 2546 599 2859 670; x_wconf 85' lang='lat' dir='ltr'><strong>colliguntur</strong></span> <span class='ocrx_word' id='word_1_53' title='bbox 2888 599 3116 664; x_wconf 76' lang='lat' dir='ltr'><strong>aisania,</strong></span> <span class='ocrx_word' id='word_1_54' title='bbox 3142 610 3188 653; x_wconf 87' lang='lat' dir='ltr'><strong>et</strong></span> <span class='ocrx_word' id='word_1_55' title='bbox 3208 601 3322 670; x_wconf 82' lang='lat' dir='ltr'><strong>igne</strong></span> <span class='ocrx_word' id='word_1_56' title='bbox 3344 602 3753 666; x_wconf 75' lang='lat' dir='ltr'><strong>comburuntur,</strong></span> 
     </span>
    </p>
   </div>
   <div class='ocr_carea' id='block_1_5' title="bbox 484 685 3758 760">
    <p class='ocr_par' dir='ltr' id='par_1_5' title="bbox 484 685 3758 760">
     <span class='ocr_line' id='line_1_5' title="bbox 484 685 3758 760; baseline 0 -17"><span class='ocrx_word' id='word_1_57' title='bbox 484 689 684 760; x_wconf 82' lang='lat' dir='ltr'><strong>aperire</strong></span> <span class='ocrx_word' id='word_1_58' title='bbox 712 688 922 751; x_wconf 88' lang='lat' dir='ltr'><strong>librum,</strong></span> <span class='ocrx_word' id='word_1_59' title='bbox 945 697 992 741; x_wconf 91' lang='lat' dir='ltr'><strong>et</strong></span> <span class='ocrx_word' id='word_1_60' title='bbox 1019 687 1210 742; x_wconf 77' lang='lat' dir='ltr'><strong>solvere</strong></span> <span class='ocrx_word' id='word_1_61' title='bbox 1234 697 1424 755; x_wconf 86' lang='lat' dir='ltr'><strong>septem</strong></span> <span class='ocrx_word' id='word_1_62' title='bbox 1455 685 1725 756; x_wconf 85' lang='lat' dir='ltr'><strong>signacula</strong></span> <span class='ocrx_word' id='word_1_63' title='bbox 1771 686 1903 755; x_wconf 83' lang='lat' dir='ltr'><strong>ejus,</strong></span> <span class='ocrx_word' id='word_1_64' title='bbox 1962 687 2059 740; x_wconf 87' lang='lat' dir='ltr'><strong>nisi</strong></span> <span class='ocrx_word' id='word_1_65' title='bbox 2161 687 2235 739; x_wconf 80' lang='lat' dir='ltr'><strong>sic</strong></span> <span class='ocrx_word' id='word_1_66' title='bbox 2264 689 2360 741; x_wconf 89' lang='lat' dir='ltr'><strong>erit</strong></span> <span class='ocrx_word' id='word_1_67' title='bbox 2382 689 2437 740; x_wconf 91' lang='lat' dir='ltr'><strong>in</strong></span> <span class='ocrx_word' id='word_1_68' title='bbox 2459 689 2900 741; x_wconf 80' lang='lat' dir='ltr'><strong>consummatione</strong></span> <span class='ocrx_word' id='word_1_69' title='bbox 2930 686 3130 742; x_wconf 77' lang='lat' dir='ltr'><strong>swculi.</strong></span> <span class='ocrx_word' id='word_1_70' title='bbox 3156 687 3322 741; x_wconf 71' lang='lat' dir='ltr'><strong>Mittet</strong></span> <span class='ocrx_word' id='word_1_71' title='bbox 3342 690 3494 758; x_wconf 83' lang='lat' dir='ltr'><strong>ﬁlius</strong></span> <span class='ocrx_word' id='word_1_72' title='bbox 3526 691 3758 758; x_wconf 80' lang='lat' dir='ltr'><strong>hominis</strong></span> 
     </span>
    </p>
   </div>
   <div class='ocr_carea' id='block_1_6' title="bbox 483 765 3756 850">
    <p class='ocr_par' dir='ltr' id='par_1_6' title="bbox 483 765 3756 850">
     <span class='ocr_line' id='line_1_6' title="bbox 483 765 3756 850; baseline -0.001 -15"><span class='ocrx_word' id='word_1_73' title='bbox 483 782 592 850; x_wconf 84' lang='lat' dir='ltr'><strong>ipse</strong></span> <span class='ocrx_word' id='word_1_74' title='bbox 614 780 692 835; x_wconf 88' lang='lat' dir='ltr'><strong>leo</strong></span> <span class='ocrx_word' id='word_1_75' title='bbox 715 780 780 834; x_wconf 91' lang='lat' dir='ltr'><strong>de</strong></span> <span class='ocrx_word' id='word_1_76' title='bbox 808 780 944 833; x_wconf 88' lang='lat' dir='ltr'><strong>tribu</strong></span> <span class='ocrx_word' id='word_1_77' title='bbox 973 779 1138 842; x_wconf 76' lang='lat' dir='ltr'><strong>Iuda;</strong></span> <span class='ocrx_word' id='word_1_78' title='bbox 1165 777 1318 830; x_wconf 70' lang='lat' dir='ltr'><strong>radix</strong></span> <span class='ocrx_word' id='word_1_79' title='bbox 1342 765 1532 842; x_wconf 78' lang='lat' dir='ltr'><strong>David,</strong></span> <span class='ocrx_word' id='word_1_80' title='bbox 1556 777 1644 847; x_wconf 88' lang='lat' dir='ltr'><strong>qui</strong></span> <span class='ocrx_word' id='word_1_81' title='bbox 1665 778 1827 847; x_wconf 89' lang='lat' dir='ltr'><strong>aperit</strong></span> <span class='ocrx_word' id='word_1_82' title='bbox 1842 787 1888 830; x_wconf 90' lang='lat' dir='ltr'><strong>et</strong></span> <span class='ocrx_word' id='word_1_83' title='bbox 1913 793 2060 830; x_wconf 87' lang='lat' dir='ltr'><strong>nemo</strong></span> <span class='ocrx_word' id='word_1_84' title='bbox 2161 776 2370 846; x_wconf 80' lang='lat' dir='ltr'><strong>angelos</strong></span> <span class='ocrx_word' id='word_1_85' title='bbox 2392 794 2533 841; x_wconf 87' lang='lat' dir='ltr'><strong>suos,</strong></span> <span class='ocrx_word' id='word_1_86' title='bbox 2561 787 2608 831; x_wconf 89' lang='lat' dir='ltr'><strong>et</strong></span> <span class='ocrx_word' id='word_1_87' title='bbox 2633 777 2869 847; x_wconf 83' lang='lat' dir='ltr'><strong>colligent</strong></span> <span class='ocrx_word' id='word_1_88' title='bbox 2890 778 2954 831; x_wconf 90' lang='lat' dir='ltr'><strong>de</strong></span> <span class='ocrx_word' id='word_1_89' title='bbox 2982 795 3138 847; x_wconf 81' lang='lat' dir='ltr'><strong>regno</strong></span> <span class='ocrx_word' id='word_1_90' title='bbox 3158 778 3274 847; x_wconf 79' lang='lat' dir='ltr'><strong>ejus</strong></span> <span class='ocrx_word' id='word_1_91' title='bbox 3297 780 3584 844; x_wconf 81' lang='lat' dir='ltr'><strong>scandala,</strong></span> <span class='ocrx_word' id='word_1_92' title='bbox 3601 772 3652 833; x_wconf 87' lang='lat' dir='ltr'><strong>et</strong></span> <span class='ocrx_word' id='word_1_93' title='bbox 3674 797 3756 834; x_wconf 82' lang='lat' dir='ltr'><strong>eos</strong></span> 
     </span>
    </p>
   </div>
   <div class='ocr_carea' id='block_1_7' title="bbox 482 858 3754 942">
    <p class='ocr_par' dir='ltr' id='par_1_7' title="bbox 482 858 3754 942">
     <span class='ocr_line' id='line_1_7' title="bbox 482 858 3754 942; baseline -0.001 -16"><span class='ocrx_word' id='word_1_94' title='bbox 482 870 704 938; x_wconf 90' lang='lat' dir='ltr'><strong>claudit,</strong></span> <span class='ocrx_word' id='word_1_95' title='bbox 735 871 953 930; x_wconf 81' lang='lat' dir='ltr'><strong>claudit.</strong></span> <span class='ocrx_word' id='word_1_96' title='bbox 983 880 1029 926; x_wconf 90' lang='lat' dir='ltr'><strong>et</strong></span> <span class='ocrx_word' id='word_1_97' title='bbox 1053 886 1201 924; x_wconf 79' lang='lat' dir='ltr'><strong>nemo</strong></span> <span class='ocrx_word' id='word_1_98' title='bbox 1226 858 1389 940; x_wconf 84' lang='lat' dir='ltr'><strong>aperit</strong></span> <span class='ocrx_word' id='word_1_99' title='bbox 1432 869 1623 942; x_wconf 83' lang='lat' dir='ltr'><strong>(Apoc.</strong></span> <span class='ocrx_word' id='word_1_100' title='bbox 1654 871 1718 941; x_wconf 90' lang='lat' dir='ltr'><strong>v)</strong></span> <span class='ocrx_word' id='word_1_101' title='bbox 1737 912 1751 936; x_wconf 91' lang='lat'><strong>,</strong></span> <span class='ocrx_word' id='word_1_102' title='bbox 1803 872 1974 925; x_wconf 83' lang='lat' dir='ltr'><strong>virtus</strong></span> <span class='ocrx_word' id='word_1_103' title='bbox 2009 879 2063 924; x_wconf 92' lang='lat' dir='ltr'><strong>et</strong></span> <span class='ocrx_word' id='word_1_104' title='bbox 2159 870 2254 939; x_wconf 83' lang='lat' dir='ltr'><strong>qui</strong></span> <span class='ocrx_word' id='word_1_105' title='bbox 2265 869 2460 938; x_wconf 82' lang='lat' dir='ltr'><strong>faciunt</strong></span> <span class='ocrx_word' id='word_1_106' title='bbox 2475 867 3088 942; x_wconf 82' lang='lat' dir='ltr'><strong>iniquitatem,etntittent</strong></span> <span class='ocrx_word' id='word_1_107' title='bbox 3115 884 3202 921; x_wconf 86' lang='lat' dir='ltr'><strong>eos</strong></span> <span class='ocrx_word' id='word_1_108' title='bbox 3233 868 3754 939; x_wconf 27' lang='lat' dir='ltr'><strong>intcaminumignis;</strong></span> 
     </span>
    </p>
   </div>
   <div class='ocr_carea' id='block_1_8' title="bbox 484 955 3754 1034">
    <p class='ocr_par' dir='ltr' id='par_1_8' title="bbox 484 955 3754 1034">
     <span class='ocr_line' id='line_1_8' title="bbox 484 955 3754 1034; baseline -0.002 -16"><span class='ocrx_word' id='word_1_109' title='bbox 484 964 746 1034; x_wconf 87' lang='lat' dir='ltr'><strong>sapientia</strong></span> <span class='ocrx_word' id='word_1_110' title='bbox 777 962 892 1018; x_wconf 87' lang='lat' dir='ltr'><strong>Dei.</strong></span> <span class='ocrx_word' id='word_1_111' title='bbox 2163 957 2234 1010; x_wconf 79' lang='lat' dir='ltr'><strong>ibi</strong></span> <span class='ocrx_word' id='word_1_112' title='bbox 2258 956 2353 1010; x_wconf 84' lang='lat' dir='ltr'><strong>erit</strong></span> <span class='ocrx_word' id='word_1_113' title='bbox 2379 957 2532 1026; x_wconf 78' lang='lat' dir='ltr'><strong>ﬂetus</strong></span> <span class='ocrx_word' id='word_1_114' title='bbox 2564 965 2611 1010; x_wconf 87' lang='lat' dir='ltr'><strong>et</strong></span> <span class='ocrx_word' id='word_1_115' title='bbox 2658 957 2857 1010; x_wconf 89' lang='lat' dir='ltr'><strong>stridor</strong></span> <span class='ocrx_word' id='word_1_116' title='bbox 2889 957 3141 1019; x_wconf 77' lang='lat' dir='ltr'><strong>dentium.</strong></span> <span class='ocrx_word' id='word_1_117' title='bbox 3188 955 3376 1012; x_wconf 90' lang='lat' dir='ltr'><strong>Omnis</strong></span> <span class='ocrx_word' id='word_1_118' title='bbox 3405 958 3754 1013; x_wconf 82' lang='lat' dir='ltr'><strong>immunditia</strong></span> 
     </span>
    </p>
   </div>
   <div class='ocr_carea' id='block_1_9' title="bbox 2165 1046 3756 1118">
    <p class='ocr_par' dir='ltr' id='par_1_9' title="bbox 2165 1046 3756 1118">
     <span class='ocr_line' id='line_1_9' title="bbox 2165 1046 3756 1118; baseline 0.001 -18"><span class='ocrx_word' id='word_1_119' title='bbox 2165 1047 2219 1100; x_wconf 93' lang='lat' dir='ltr'><strong>in</strong></span> <span class='ocrx_word' id='word_1_120' title='bbox 2249 1056 2428 1116; x_wconf 80' lang='lat' dir='ltr'><strong>segete</strong></span> <span class='ocrx_word' id='word_1_121' title='bbox 2456 1047 2662 1100; x_wconf 88' lang='lat' dir='ltr'><strong>zizania</strong></span> <span class='ocrx_word' id='word_1_122' title='bbox 2688 1047 2957 1100; x_wconf 91' lang='lat' dir='ltr'><strong>dicuntur.</strong></span> <span class='ocrx_word' id='word_1_123' title='bbox 2999 1046 3153 1118; x_wconf 78' lang='lat' dir='ltr'><strong>Quod</strong></span> <span class='ocrx_word' id='word_1_124' title='bbox 3210 1046 3384 1115; x_wconf 90' lang='lat' dir='ltr'><strong>primo</strong></span> <span class='ocrx_word' id='word_1_125' title='bbox 3426 1057 3756 1115; x_wconf 60' lang='lat' dir='ltr'><strong>separentur</strong></span> 
     </span>
    </p>
   </div>
   <div class='ocr_carea' id='block_1_10' title="bbox 2166 1134 3755 1210">
    <p class='ocr_par' dir='ltr' id='par_1_10' title="bbox 2166 1134 3755 1210">
     <span class='ocr_line' id='line_1_10' title="bbox 2166 1134 3755 1210; baseline 0.001 -22"><span class='ocrx_word' id='word_1_126' title='bbox 2166 1136 2370 1189; x_wconf 76' lang='lat' dir='ltr'><strong>sizania</strong></span> <span class='ocrx_word' id='word_1_127' title='bbox 2401 1135 2618 1200; x_wconf 86' lang='lat' dir='ltr'><strong>dicitur,</strong></span> <span class='ocrx_word' id='word_1_128' title='bbox 2643 1135 2769 1203; x_wconf 89' lang='lat' dir='ltr'><strong>quia</strong></span> <span class='ocrx_word' id='word_1_129' title='bbox 2800 1134 3149 1199; x_wconf 84' lang='lat' dir='ltr'><strong>tribulatione</strong></span> <span class='ocrx_word' id='word_1_130' title='bbox 3169 1136 3514 1210; x_wconf 64' lang='lat' dir='ltr'><strong>prses-edente</strong></span> <span class='ocrx_word' id='word_1_131' title='bbox 3527 1151 3755 1206; x_wconf 78' lang='lat' dir='ltr'><strong>separa-</strong></span> 
     </span>
    </p>
   </div>
   <div class='ocr_carea' id='block_1_11' title="bbox 513 1223 3755 1296">
    <p class='ocr_par' dir='ltr' id='par_1_11' title="bbox 513 1223 3755 1296">
     <span class='ocr_line' id='line_1_11' title="bbox 513 1223 3755 1296; baseline 0.002 -37"><span class='ocrx_word' id='word_1_132' title='bbox 513 1223 553 1296; x_wconf 78' lang='lat' dir='ltr'><strong>:a</strong></span> <span class='ocrx_word' id='word_1_133' title='bbox 581 1224 699 1263; x_wconf 90' lang='lat' dir='ltr'><strong>eum</strong></span> <span class='ocrx_word' id='word_1_134' title='bbox 724 1223 970 1277; x_wconf 77' lang='lat' dir='ltr'><strong>atsctputt</strong></span> <span class='ocrx_word' id='word_1_135' title='bbox 994 1224 1107 1276; x_wconf 70' lang='lat' dir='ltr'><strong>ejus</strong></span> <span class='ocrx_word' id='word_1_136' title='bbox 1135 1223 1378 1260; x_wconf 74' lang='lat' dir='ltr'><strong>arcentes.</strong></span> <span class='ocrx_word' id='word_1_137' title='bbox 1403 1223 1648 1261; x_wconf 74' lang='lat' dir='ltr'><strong>Larssere</strong></span> <span class='ocrx_word' id='word_1_138' title='bbox 1673 1223 1818 1262; x_wconf 85' lang='lat' dir='ltr'><strong>noots</strong></span> <span class='ocrx_word' id='word_1_139' title='bbox 1844 1223 2068 1277; x_wconf 80' lang='lat' dir='ltr'><strong>parabo-</strong></span> <span class='ocrx_word' id='word_1_140' title='bbox 2166 1225 2368 1280; x_wconf 64' lang='lat' dir='ltr'><strong>buntur</strong></span> <span class='ocrx_word' id='word_1_141' title='bbox 2387 1223 2533 1292; x_wconf 85' lang='lat' dir='ltr'><strong>impii</strong></span> <span class='ocrx_word' id='word_1_142' title='bbox 2561 1240 2589 1278; x_wconf 91' lang='lat' dir='ltr'><strong>a</strong></span> <span class='ocrx_word' id='word_1_143' title='bbox 2615 1224 2751 1294; x_wconf 89' lang='lat' dir='ltr'><strong>piis:</strong></span> <span class='ocrx_word' id='word_1_144' title='bbox 2779 1223 2921 1294; x_wconf 90' lang='lat' dir='ltr'><strong>quod</strong></span> <span class='ocrx_word' id='word_1_145' title='bbox 2942 1239 3039 1294; x_wconf 89' lang='lat' dir='ltr'><strong>per</strong></span> <span class='ocrx_word' id='word_1_146' title='bbox 3061 1223 3230 1290; x_wconf 85' lang='lat' dir='ltr'><strong>bonos</strong></span> <span class='ocrx_word' id='word_1_147' title='bbox 3274 1225 3504 1296; x_wconf 73' lang='lat' dir='ltr'><strong>angelos.</strong></span> <span class='ocrx_word' id='word_1_148' title='bbox 3539 1226 3755 1280; x_wconf 68' lang='grc' dir='ltr'><strong>ίυιειιί,</strong></span> 
     </span>
    </p>
   </div>
   <div class='ocr_carea' id='block_1_12' title="bbox 486 1296 3755 1386">
    <p class='ocr_par' dir='ltr' id='par_1_12' title="bbox 486 1296 3755 1386">
     <span class='ocr_line' id='line_1_12' title="bbox 486 1296 3755 1386; baseline -0.001 -33"><span class='ocrx_word' id='word_1_149' title='bbox 486 1301 591 1354; x_wconf 81' lang='lat' dir='ltr'><strong>lam</strong></span> <span class='ocrx_word' id='word_1_150' title='bbox 623 1299 948 1352; x_wconf 75' lang='lat' dir='ltr'><strong>zizaniorum</strong></span> <span class='ocrx_word' id='word_1_151' title='bbox 977 1299 1108 1368; x_wconf 86' lang='lat' dir='ltr'><strong>agri.</strong></span> <span class='ocrx_word' id='word_1_152' title='bbox 1138 1296 1418 1368; x_wconf 79' lang='grc' dir='ltr'><strong>(Ηὶενοη.)</strong></span> <span class='ocrx_word' id='word_1_153' title='bbox 1436 1298 1666 1353; x_wconf 75' lang='lat' dir='ltr'><strong>Dimittit</strong></span> <span class='ocrx_word' id='word_1_154' title='bbox 1690 1298 1872 1353; x_wconf 80' lang='lat' dir='ltr'><strong>turbas</strong></span> <span class='ocrx_word' id='word_1_155' title='bbox 1891 1297 2064 1377; x_wconf 60' lang='lat' dir='ltr'><strong>Iesus,</strong></span> <span class='ocrx_word' id='word_1_156' title='bbox 2169 1316 2311 1386; x_wconf 62' lang='lat' dir='ltr'><strong>8m&quot;-</strong></span> <span class='ocrx_word' id='word_1_157' title='bbox 2337 1314 2476 1380; x_wconf 55' lang='lat' dir='ltr'><strong>ﬁeri.</strong></span> <span class='ocrx_word' id='word_1_158' title='bbox 2499 1315 2621 1384; x_wconf 62' lang='lat' dir='ltr'><strong>quia</strong></span> <span class='ocrx_word' id='word_1_159' title='bbox 2645 1313 2816 1369; x_wconf 65' lang='lat' dir='ltr'><strong>amcia</strong></span> <span class='ocrx_word' id='word_1_160' title='bbox 2845 1314 3093 1374; x_wconf 44' lang='lat' dir='ltr'><strong>“indica</strong></span> <span class='ocrx_word' id='word_1_161' title='bbox 3113 1305 3344 1384; x_wconf 48' lang='lat' dir='ltr'><strong>&quot;possunt</strong></span> <span class='ocrx_word' id='word_1_162' title='bbox 3371 1315 3600 1385; x_wconf 60' lang='lat' dir='ltr'><strong>implere</strong></span> <span class='ocrx_word' id='word_1_163' title='bbox 3627 1316 3755 1370; x_wconf 64' lang='lat' dir='ltr'><strong>boni</strong></span> 
     </span>
    </p>
   </div>
   <div class='ocr_carea' id='block_1_13' title="bbox 483 1387 3756 1474">
    <p class='ocr_par' dir='ltr' id='par_1_13' title="bbox 483 1387 3756 1474">
     <span class='ocr_line' id='line_1_13' title="bbox 483 1387 3756 1474; baseline 0.005 -32"><span class='ocrx_word' id='word_1_164' title='bbox 483 1395 540 1443; x_wconf 89' lang='lat' dir='ltr'><strong>et</strong></span> <span class='ocrx_word' id='word_1_165' title='bbox 570 1387 786 1441; x_wconf 87' lang='lat' dir='ltr'><strong>domum</strong></span> <span class='ocrx_word' id='word_1_166' title='bbox 818 1389 1120 1450; x_wconf 85' lang='lat' dir='ltr'><strong>revertitur,</strong></span> <span class='ocrx_word' id='word_1_167' title='bbox 1155 1394 1208 1441; x_wconf 92' lang='lat' dir='ltr'><strong>et</strong></span> <span class='ocrx_word' id='word_1_168' title='bbox 1239 1387 1502 1442; x_wconf 91' lang='lat' dir='ltr'><strong>accedunt</strong></span> <span class='ocrx_word' id='word_1_169' title='bbox 1528 1387 1594 1442; x_wconf 91' lang='lat' dir='ltr'><strong>ad</strong></span> <span class='ocrx_word' id='word_1_170' title='bbox 1628 1403 1756 1463; x_wconf 26' lang='lat' dir='ltr'><strong>eum,</strong></span> <span class='ocrx_word' id='word_1_171' title='bbox 1801 1387 2067 1456; x_wconf 86' lang='lat' dir='ltr'><strong>discipuli,</strong></span> <span class='ocrx_word' id='word_1_172' title='bbox 2167 1407 2312 1460; x_wconf 65' lang='grc' dir='ltr'><strong>ωηο</strong></span> <span class='ocrx_word' id='word_1_173' title='bbox 2337 1389 2534 1468; x_wconf 65' lang='lat' dir='ltr'><strong>animo,</strong></span> <span class='ocrx_word' id='word_1_174' title='bbox 2571 1405 2838 1474; x_wconf 75' lang='lat' dir='ltr'><strong>quomodo</strong></span> <span class='ocrx_word' id='word_1_175' title='bbox 2865 1403 2973 1469; x_wconf 76' lang='lat' dir='ltr'><strong>lex,</strong></span> <span class='ocrx_word' id='word_1_176' title='bbox 3016 1403 3283 1473; x_wconf 84' lang='lat' dir='ltr'><strong>quomodo</strong></span> <span class='ocrx_word' id='word_1_177' title='bbox 3321 1403 3520 1474; x_wconf 73' lang='lat' dir='ltr'><strong>iudex;</strong></span> <span class='ocrx_word' id='word_1_178' title='bbox 3574 1404 3756 1460; x_wconf 72' lang='lat' dir='ltr'><strong>cilicia</strong></span> 
     </span>
    </p>
   </div>
   <div class='ocr_carea' id='block_1_14' title="bbox 487 1474 3519 1566">
    <p class='ocr_par' dir='ltr' id='par_1_14' title="bbox 487 1474 3519 1566">
     <span class='ocr_line' id='line_1_14' title="bbox 487 1474 3519 1566; baseline -0.001 -33"><span class='ocrx_word' id='word_1_179' title='bbox 487 1486 542 1533; x_wconf 85' lang='lat' dir='ltr'><strong>et</strong></span> <span class='ocrx_word' id='word_1_180' title='bbox 570 1485 779 1533; x_wconf 82' lang='lat' dir='ltr'><strong>secreto</strong></span> <span class='ocrx_word' id='word_1_181' title='bbox 809 1477 1171 1566; x_wconf 79' lang='lat' dir='ltr'><strong>interrogant,</strong></span> <span class='ocrx_word' id='word_1_182' title='bbox 1204 1492 1322 1547; x_wconf 81' lang='lat' dir='ltr'><strong>quae</strong></span> <span class='ocrx_word' id='word_1_183' title='bbox 1351 1477 1577 1547; x_wconf 90' lang='lat' dir='ltr'><strong>populus</strong></span> <span class='ocrx_word' id='word_1_184' title='bbox 1624 1493 1724 1533; x_wconf 88' lang='lat' dir='ltr'><strong>nec</strong></span> <span class='ocrx_word' id='word_1_185' title='bbox 1768 1478 2073 1532; x_wconf 87' lang='lat' dir='ltr'><strong>merebatur</strong></span> <span class='ocrx_word' id='word_1_186' title='bbox 2170 1477 2298 1551; x_wconf 45' lang='grc' dir='ltr'><strong>τετυ</strong></span> <span class='ocrx_word' id='word_1_187' title='bbox 2328 1474 2711 1551; x_wconf 48' lang='lat' dir='ltr'><strong>misericordia.</strong></span> <span class='ocrx_word' id='word_1_188' title='bbox 2740 1495 2863 1549; x_wconf 65' lang='lat' dir='ltr'><strong>mali</strong></span> <span class='ocrx_word' id='word_1_189' title='bbox 2885 1494 3109 1566; x_wconf 64' lang='lat' dir='ltr'><strong>implere</strong></span> <span class='ocrx_word' id='word_1_190' title='bbox 3140 1510 3254 1550; x_wconf 36' lang='lat' dir='ltr'><strong>non.</strong></span> <span class='ocrx_word' id='word_1_191' title='bbox 3274 1504 3519 1565; x_wconf 51' lang='lat' dir='ltr'><strong>possunt.</strong></span> 
     </span>
    </p>
   </div>
   <div class='ocr_carea' id='block_1_15' title="bbox 487 1565 2070 1661">
    <p class='ocr_par' dir='ltr' id='par_1_15' title="bbox 487 1565 2070 1644">
     <span class='ocr_line' id='line_1_15' title="bbox 487 1565 2070 1644; baseline -0.001 -22"><span class='ocrx_word' id='word_1_192' title='bbox 487 1568 695 1632; x_wconf 74' lang='lat' dir='ltr'><strong>audire,</strong></span> <span class='ocrx_word' id='word_1_193' title='bbox 715 1582 813 1621; x_wconf 88' lang='lat' dir='ltr'><strong>nec</strong></span> <span class='ocrx_word' id='word_1_194' title='bbox 846 1575 1077 1635; x_wconf 85' lang='lat' dir='ltr'><strong>poterat.</strong></span> <span class='ocrx_word' id='word_1_195' title='bbox 1105 1565 1339 1637; x_wconf 72' lang='grc' dir='ltr'><strong>(ΜΑυιι.)</strong></span> <span class='ocrx_word' id='word_1_196' title='bbox 1368 1566 1588 1637; x_wconf 87' lang='lat' dir='ltr'><strong>Mystice</strong></span> <span class='ocrx_word' id='word_1_197' title='bbox 1619 1575 1796 1644; x_wconf 87' lang='lat' dir='ltr'><strong>autem</strong></span> <span class='ocrx_word' id='word_1_198' title='bbox 1829 1566 2070 1622; x_wconf 84' lang='lat' dir='ltr'><strong>Salvator</strong></span> 
     </span>
    </p>
   </div>
   <div class='ocr_carea' id='block_1_16' title="bbox 2180 1565 3754 1661">
    <p class='ocr_par' dir='ltr' id='par_1_16' title="bbox 2243 1565 3754 1661">
     <span class='ocr_line' id='line_1_16' title="bbox 2243 1565 3754 1661; baseline -0.001 -20"><span class='ocrx_word' id='word_1_199' title='bbox 2243 1582 2527 1661; x_wconf 74' lang='grc' dir='ltr'><strong>(Ηίεί-οη.)</strong></span> <span class='ocrx_word' id='word_1_200' title='bbox 2565 1587 2716 1655; x_wconf 79' lang='lat' dir='ltr'><strong>Quod</strong></span> <span class='ocrx_word' id='word_1_201' title='bbox 2751 1595 2928 1661; x_wconf 80' lang='lat' dir='ltr'><strong>autem</strong></span> <span class='ocrx_word' id='word_1_202' title='bbox 2960 1565 3291 1640; x_wconf 69' lang='lat' dir='ltr'><strong>aizaniorum</strong></span> <span class='ocrx_word' id='word_1_203' title='bbox 3315 1585 3600 1642; x_wconf 80' lang='lat' dir='ltr'><strong>fasciculos</strong></span> <span class='ocrx_word' id='word_1_204' title='bbox 3619 1586 3754 1657; x_wconf 83' lang='lat' dir='ltr'><strong>igni—</strong></span> 
     </span>
    </p>
   </div>
   <div class='ocr_carea' id='block_1_17' title="bbox 486 1655 3754 1767">
    <p class='ocr_par' dir='ltr' id='par_1_17' title="bbox 486 1655 3754 1767">
     <span class='ocr_line' id='line_1_17' title="bbox 486 1655 3754 1767; baseline -0.002 -54"><span class='ocrx_word' id='word_1_205' title='bbox 486 1668 673 1767; x_wconf 69' lang='lat' dir='ltr'><strong>noster</strong></span> <span class='ocrx_word' id='word_1_206' title='bbox 695 1658 912 1712; x_wconf 88' lang='lat' dir='ltr'><strong>dimissa</strong></span> <span class='ocrx_word' id='word_1_207' title='bbox 942 1658 1094 1712; x_wconf 88' lang='lat' dir='ltr'><strong>turba</strong></span> <span class='ocrx_word' id='word_1_208' title='bbox 1112 1655 2076 1727; x_wconf 68' lang='lat' dir='ltr'><strong>tumultuantiumIudaeorum,ingre-</strong></span> <span class='ocrx_word' id='word_1_209' title='bbox 2172 1655 2274 1743; x_wconf 42' lang='lat' dir='ltr'><strong>1mg</strong></span> <span class='ocrx_word' id='word_1_210' title='bbox 2305 1678 2441 1732; x_wconf 59' lang='lat' dir='ltr'><strong>&quot;adi</strong></span> <span class='ocrx_word' id='word_1_211' title='bbox 2472 1655 2727 1741; x_wconf 38' lang='lat' dir='ltr'><strong>decem“,</strong></span> <span class='ocrx_word' id='word_1_212' title='bbox 2759 1685 2815 1732; x_wconf 68' lang='grc' dir='ltr'><strong>ει</strong></span> <span class='ocrx_word' id='word_1_213' title='bbox 2838 1657 3070 1730; x_wconf 49' lang='lat' dir='ltr'><strong>uilicum</strong></span> <span class='ocrx_word' id='word_1_214' title='bbox 3102 1676 3422 1767; x_wconf 51' lang='lat' dir='ltr'><strong>congregari</strong></span> <span class='ocrx_word' id='word_1_215' title='bbox 3447 1676 3499 1729; x_wconf 69' lang='lat' dir='ltr'><strong>in</strong></span> <span class='ocrx_word' id='word_1_216' title='bbox 3525 1655 3754 1738; x_wconf 52' lang='lat' dir='ltr'><strong>boni“,</strong></span> 
     </span>
    </p>
   </div>
   <div class='ocr_carea' id='block_1_18' title="bbox 488 1741 2070 1833">
    <p class='ocr_par' dir='ltr' id='par_1_18' title="bbox 488 1745 2070 1823">
     <span class='ocr_line' id='line_1_18' title="bbox 488 1745 2070 1823; baseline 0 -17"><span class='ocrx_word' id='word_1_217' title='bbox 488 1745 632 1806; x_wconf 84' lang='lat' dir='ltr'><strong>ditur</strong></span> <span class='ocrx_word' id='word_1_218' title='bbox 664 1751 718 1805; x_wconf 90' lang='lat' dir='ltr'><strong>iu</strong></span> <span class='ocrx_word' id='word_1_219' title='bbox 748 1750 1041 1806; x_wconf 87' lang='lat' dir='ltr'><strong>Ecclesiam</strong></span> <span class='ocrx_word' id='word_1_220' title='bbox 1073 1751 1332 1822; x_wconf 89' lang='lat' dir='ltr'><strong>gentium.</strong></span> <span class='ocrx_word' id='word_1_221' title='bbox 1378 1751 1446 1805; x_wconf 88' lang='lat' dir='ltr'><strong>Et</strong></span> <span class='ocrx_word' id='word_1_222' title='bbox 1495 1751 2070 1823; x_wconf 78' lang='lat' dir='ltr'><strong>ibi‘interrogantibus</strong></span> 
     </span>
    </p>
   </div>
   <div class='ocr_carea' id='block_1_19' title="bbox 2180 1741 3746 1833">
    <p class='ocr_par' dir='ltr' id='par_1_19' title="bbox 2180 1741 3746 1833">
     <span class='ocr_line' id='line_1_19' title="bbox 2180 1741 3746 1833; baseline -0.004 -13"><span class='ocrx_word' id='word_1_223' title='bbox 2180 1741 2516 1820; x_wconf 72' lang='lat' dir='ltr'><strong>manifestum</strong></span> <span class='ocrx_word' id='word_1_224' title='bbox 2543 1773 2626 1818; x_wconf 85' lang='lat' dir='ltr'><strong>est</strong></span> <span class='ocrx_word' id='word_1_225' title='bbox 2653 1763 2933 1819; x_wconf 69' lang='lat' dir='ltr'><strong>haereticos</strong></span> <span class='ocrx_word' id='word_1_226' title='bbox 2955 1778 3194 1832; x_wconf 88' lang='lat' dir='ltr'><strong>quosque</strong></span> <span class='ocrx_word' id='word_1_227' title='bbox 3211 1741 3284 1817; x_wconf 72' lang='lat' dir='ltr'><strong>ret</strong></span> <span class='ocrx_word' id='word_1_228' title='bbox 3307 1741 3642 1833; x_wconf 38' lang='lat' dir='ltr'><strong>&#39;hypocritas</strong></span> <span class='ocrx_word' id='word_1_229' title='bbox 3691 1761 3746 1814; x_wconf 83' lang='lat' dir='ltr'><strong>tl-</strong></span> 
     </span>
    </p>
   </div>
   <div class='ocr_carea' id='block_1_20' title="bbox 488 1841 2070 1927">
    <p class='ocr_par' dir='ltr' id='par_1_20' title="bbox 488 1841 2068 1914">
     <span class='ocr_line' id='line_1_20' title="bbox 488 1841 2068 1914; baseline -0.001 -17"><span class='ocrx_word' id='word_1_230' title='bbox 488 1841 784 1914; x_wconf 79' lang='lat' dir='ltr'><strong>discipulis,</strong></span> <span class='ocrx_word' id='word_1_231' title='bbox 811 1843 912 1897; x_wconf 90' lang='lat' dir='ltr'><strong>hoc</strong></span> <span class='ocrx_word' id='word_1_232' title='bbox 935 1850 1036 1907; x_wconf 81' lang='lat' dir='ltr'><strong>est,</strong></span> <span class='ocrx_word' id='word_1_233' title='bbox 1065 1842 1309 1896; x_wconf 88' lang='lat' dir='ltr'><strong>ﬁdelibus</strong></span> <span class='ocrx_word' id='word_1_234' title='bbox 1340 1842 1533 1896; x_wconf 85' lang='lat' dir='ltr'><strong>devote</strong></span> <span class='ocrx_word' id='word_1_235' title='bbox 1581 1843 1761 1896; x_wconf 89' lang='lat' dir='ltr'><strong>divina</strong></span> <span class='ocrx_word' id='word_1_236' title='bbox 1814 1843 2068 1913; x_wconf 86' lang='lat' dir='ltr'><strong>mysteria</strong></span> 
     </span>
    </p>
   </div>
   <div class='ocr_carea' id='block_1_21' title="bbox 2180 1841 3754 1927">
    <p class='ocr_par' dir='ltr' id='par_1_21' title="bbox 2180 1853 3754 1927">
     <span class='ocr_line' id='line_1_21' title="bbox 2180 1853 3754 1927; baseline -0.004 -15"><span class='ocrx_word' id='word_1_237' title='bbox 2180 1857 2254 1912; x_wconf 84' lang='lat' dir='ltr'><strong>dei</strong></span> <span class='ocrx_word' id='word_1_238' title='bbox 2289 1857 2548 1927; x_wconf 78' lang='lat' dir='ltr'><strong>gehennze</strong></span> <span class='ocrx_word' id='word_1_239' title='bbox 2593 1855 2804 1926; x_wconf 81' lang='lat' dir='ltr'><strong>ignibus</strong></span> <span class='ocrx_word' id='word_1_240' title='bbox 2851 1853 3301 1919; x_wconf 67' lang='lat' dir='ltr'><strong>eoneremandos’;</strong></span> <span class='ocrx_word' id='word_1_241' title='bbox 3350 1864 3566 1908; x_wconf 81' lang='lat' dir='ltr'><strong>sanctos</strong></span> <span class='ocrx_word' id='word_1_242' title='bbox 3619 1867 3754 1906; x_wconf 85' lang='lat' dir='ltr'><strong>vero</strong></span> 
     </span>
    </p>
   </div>
   <div class='ocr_carea' id='block_1_22' title="bbox 487 1933 2070 2020">
    <p class='ocr_par' dir='ltr' id='par_1_22' title="bbox 487 1933 1741 2004">
     <span class='ocr_line' id='line_1_22' title="bbox 487 1933 1741 2004; baseline 0 -16"><span class='ocrx_word' id='word_1_243' title='bbox 487 1933 818 1989; x_wconf 84' lang='lat' dir='ltr'><strong>discentibus</strong></span> <span class='ocrx_word' id='word_1_244' title='bbox 847 1933 1067 2004; x_wconf 84' lang='lat' dir='ltr'><strong>exponit</strong></span> <span class='ocrx_word' id='word_1_245' title='bbox 1100 1933 1456 1989; x_wconf 83' lang='lat' dir='ltr'><strong>Sacramenta</strong></span> <span class='ocrx_word' id='word_1_246' title='bbox 1482 1934 1741 1989; x_wconf 73' lang='lat' dir='ltr'><strong>ccelestia.</strong></span> 
     </span>
    </p>
   </div>
   <div class='ocr_carea' id='block_1_23' title="bbox 2180 1933 3748 2020">
    <p class='ocr_par' dir='ltr' id='par_1_23' title="bbox 2180 1940 3748 2020">
     <span class='ocr_line' id='line_1_23' title="bbox 2180 1940 3748 2020; baseline -0.003 -18"><span class='ocrx_word' id='word_1_247' title='bbox 2180 1940 2264 2020; x_wconf 67' lang='lat' dir='ltr'><strong>Qui</strong></span> <span class='ocrx_word' id='word_1_248' title='bbox 2288 1948 2626 2020; x_wconf 88' lang='lat' dir='ltr'><strong>appellantur</strong></span> <span class='ocrx_word' id='word_1_249' title='bbox 2651 1947 2919 2007; x_wconf 81' lang='lat' dir='ltr'><strong>triticum.</strong></span> <span class='ocrx_word' id='word_1_250' title='bbox 2947 1946 3182 2012; x_wconf 86' lang='lat' dir='ltr'><strong>horreis,</strong></span> <span class='ocrx_word' id='word_1_251' title='bbox 3210 1946 3262 1999; x_wconf 89' lang='lat' dir='ltr'><strong>id</strong></span> <span class='ocrx_word' id='word_1_252' title='bbox 3303 1953 3406 2011; x_wconf 91' lang='lat' dir='ltr'><strong>est,</strong></span> <span class='ocrx_word' id='word_1_253' title='bbox 3453 1945 3748 2000; x_wconf 87' lang='lat' dir='ltr'><strong>mansioni-</strong></span> 
     </span>
    </p>
   </div>
   <div class='ocr_carea' id='block_1_24' title="bbox 2171 2035 3752 2107">
    <p class='ocr_par' dir='ltr' id='par_1_24' title="bbox 2171 2035 3752 2107">
     <span class='ocr_line' id='line_1_24' title="bbox 2171 2035 3752 2107; baseline -0.003 -14"><span class='ocrx_word' id='word_1_254' title='bbox 2171 2039 2272 2093; x_wconf 89' lang='lat' dir='ltr'><strong>bus</strong></span> <span class='ocrx_word' id='word_1_255' title='bbox 2295 2035 2606 2094; x_wconf 74' lang='lat' dir='ltr'><strong>ctelestibus</strong></span> <span class='ocrx_word' id='word_1_256' title='bbox 2625 2036 3009 2106; x_wconf 88' lang='lat' dir='ltr'><strong>suscipiendos.</strong></span> <span class='ocrx_word' id='word_1_257' title='bbox 3038 2035 3289 2107; x_wconf 66' lang='grc' dir='ltr'><strong>(Μλυι.)</strong></span> <span class='ocrx_word' id='word_1_258' title='bbox 3313 2035 3553 2092; x_wconf 81' lang='lat' dir='ltr'><strong>Observa</strong></span> <span class='ocrx_word' id='word_1_259' title='bbox 3603 2035 3752 2105; x_wconf 79' lang='lat' dir='ltr'><strong>quod</strong></span> 
     </span>
    </p>
   </div>
   <div class='ocr_carea' id='block_1_25' title="bbox 2173 2123 3746 2200">
    <p class='ocr_par' dir='ltr' id='par_1_25' title="bbox 2173 2123 3746 2200">
     <span class='ocr_line' id='line_1_25' title="bbox 2173 2123 3746 2200; baseline -0.003 -18"><span class='ocrx_word' id='word_1_260' title='bbox 2173 2129 2324 2194; x_wconf 83' lang='lat' dir='ltr'><strong>dicit,</strong></span> <span class='ocrx_word' id='word_1_261' title='bbox 2345 2138 2390 2182; x_wconf 87' lang='lat' dir='ltr'><strong>et</strong></span> <span class='ocrx_word' id='word_1_262' title='bbox 2409 2146 2495 2182; x_wconf 89' lang='lat' dir='ltr'><strong>eos</strong></span> <span class='ocrx_word' id='word_1_263' title='bbox 2521 2130 2607 2200; x_wconf 89' lang='lat' dir='ltr'><strong>qui</strong></span> <span class='ocrx_word' id='word_1_264' title='bbox 2636 2123 2836 2198; x_wconf 80' lang='lat' dir='ltr'><strong>faciunt</strong></span> <span class='ocrx_word' id='word_1_265' title='bbox 2861 2128 3205 2198; x_wconf 79' lang='lat' dir='ltr'><strong>iniquitatem,</strong></span> <span class='ocrx_word' id='word_1_266' title='bbox 3235 2143 3342 2182; x_wconf 91' lang='lat' dir='ltr'><strong>non</strong></span> <span class='ocrx_word' id='word_1_267' title='bbox 3370 2127 3461 2197; x_wconf 89' lang='lat' dir='ltr'><strong>qui</strong></span> <span class='ocrx_word' id='word_1_268' title='bbox 3489 2127 3746 2196; x_wconf 73' lang='lat' dir='ltr'><strong>fecerunt,</strong></span> 
     </span>
    </p>
   </div>
   <div class='ocr_carea' id='block_1_26' title="bbox 2172 2218 3744 2292">
    <p class='ocr_par' dir='ltr' id='par_1_26' title="bbox 2172 2218 3744 2292">
     <span class='ocr_line' id='line_1_26' title="bbox 2172 2218 3744 2292; baseline -0.003 -17"><span class='ocrx_word' id='word_1_269' title='bbox 2172 2223 2299 2292; x_wconf 85' lang='lat' dir='ltr'><strong>quia</strong></span> <span class='ocrx_word' id='word_1_270' title='bbox 2325 2236 2430 2276; x_wconf 87' lang='lat' dir='ltr'><strong>non</strong></span> <span class='ocrx_word' id='word_1_271' title='bbox 2468 2236 2676 2286; x_wconf 91' lang='lat' dir='ltr'><strong>omnes,</strong></span> <span class='ocrx_word' id='word_1_272' title='bbox 2714 2221 2804 2290; x_wconf 90' lang='lat' dir='ltr'><strong>qui</strong></span> <span class='ocrx_word' id='word_1_273' title='bbox 2839 2219 3085 2276; x_wconf 76' lang='lat' dir='ltr'><strong>fecerunt</strong></span> <span class='ocrx_word' id='word_1_274' title='bbox 3119 2218 3481 2288; x_wconf 81' lang='lat' dir='ltr'><strong>iniquitatem,</strong></span> <span class='ocrx_word' id='word_1_275' title='bbox 3537 2227 3593 2271; x_wconf 88' lang='lat' dir='ltr'><strong>et</strong></span> <span class='ocrx_word' id='word_1_276' title='bbox 3619 2227 3744 2271; x_wconf 80' lang='lat' dir='ltr'><strong>cen-</strong></span> 
     </span>
    </p>
   </div>
   <div class='ocr_carea' id='block_1_27' title="bbox 2174 2306 3747 2387">
    <p class='ocr_par' dir='ltr' id='par_1_27' title="bbox 2174 2306 3747 2387">
     <span class='ocr_line' id='line_1_27' title="bbox 2174 2306 3747 2387; baseline -0.006 -21"><span class='ocrx_word' id='word_1_277' title='bbox 2174 2311 2316 2387; x_wconf 89' lang='lat' dir='ltr'><strong>vcrsi</strong></span> <span class='ocrx_word' id='word_1_278' title='bbox 2340 2321 2463 2366; x_wconf 90' lang='lat' dir='ltr'><strong>sunt</strong></span> <span class='ocrx_word' id='word_1_279' title='bbox 2487 2314 2552 2365; x_wconf 86' lang='lat' dir='ltr'><strong>ad</strong></span> <span class='ocrx_word' id='word_1_280' title='bbox 2574 2311 2965 2382; x_wconf 63' lang='lat' dir='ltr'><strong>penitentiam,</strong></span> <span class='ocrx_word' id='word_1_281' title='bbox 2985 2318 3040 2363; x_wconf 88' lang='lat' dir='ltr'><strong>et</strong></span> <span class='ocrx_word' id='word_1_282' title='bbox 3065 2308 3132 2362; x_wconf 89' lang='lat' dir='ltr'><strong>ad</strong></span> <span class='ocrx_word' id='word_1_283' title='bbox 3159 2307 3541 2384; x_wconf 72' lang='lat' dir='ltr'><strong>correctiorem</strong></span> <span class='ocrx_word' id='word_1_284' title='bbox 3557 2306 3747 2366; x_wconf 77' lang='lat' dir='ltr'><strong>vitam,</strong></span> 
     </span>
    </p>
   </div>
   <div class='ocr_carea' id='block_1_28' title="bbox 2175 2395 3745 2473">
    <p class='ocr_par' dir='ltr' id='par_1_28' title="bbox 2175 2395 3745 2473">
     <span class='ocr_line' id='line_1_28' title="bbox 2175 2395 3745 2473; baseline -0.007 -15"><span class='ocrx_word' id='word_1_285' title='bbox 2175 2404 2265 2458; x_wconf 89' lang='lat' dir='ltr'><strong>sed</strong></span> <span class='ocrx_word' id='word_1_286' title='bbox 2290 2403 2388 2473; x_wconf 88' lang='lat' dir='ltr'><strong>ipsi</strong></span> <span class='ocrx_word' id='word_1_287' title='bbox 2416 2400 2765 2467; x_wconf 87' lang='lat' dir='ltr'><strong>solummodo,</strong></span> <span class='ocrx_word' id='word_1_288' title='bbox 2791 2401 2880 2471; x_wconf 87' lang='lat' dir='ltr'><strong>qui</strong></span> <span class='ocrx_word' id='word_1_289' title='bbox 2902 2407 3223 2470; x_wconf 76' lang='lat' dir='ltr'><strong>permanent</strong></span> <span class='ocrx_word' id='word_1_290' title='bbox 3259 2399 3313 2452; x_wconf 90' lang='lat' dir='ltr'><strong>in</strong></span> <span class='ocrx_word' id='word_1_291' title='bbox 3354 2395 3595 2466; x_wconf 78' lang='lat' dir='ltr'><strong>peccatis</strong></span> <span class='ocrx_word' id='word_1_292' title='bbox 3635 2395 3745 2450; x_wconf 83' lang='lat' dir='ltr'><strong>suis</strong></span> 
     </span>
    </p>
   </div>
   <div class='ocr_carea' id='block_1_29' title="bbox 2179 2487 3742 2568">
    <p class='ocr_par' dir='ltr' id='par_1_29' title="bbox 2179 2487 3742 2568">
     <span class='ocr_line' id='line_1_29' title="bbox 2179 2487 3742 2568; baseline -0.008 -16"><span class='ocrx_word' id='word_1_293' title='bbox 2179 2512 2347 2568; x_wconf 89' lang='lat' dir='ltr'><strong>usque</strong></span> <span class='ocrx_word' id='word_1_294' title='bbox 2372 2498 2436 2551; x_wconf 91' lang='lat' dir='ltr'><strong>ad</strong></span> <span class='ocrx_word' id='word_1_295' title='bbox 2468 2497 2627 2551; x_wconf 89' lang='lat' dir='ltr'><strong>ﬁnem</strong></span> <span class='ocrx_word' id='word_1_296' title='bbox 2658 2496 2778 2550; x_wconf 77' lang='lat' dir='ltr'><strong>vita:</strong></span> <span class='ocrx_word' id='word_1_297' title='bbox 2803 2509 2932 2559; x_wconf 71' lang='lat' dir='ltr'><strong>suae,</strong></span> <span class='ocrx_word' id='word_1_298' title='bbox 2963 2501 3019 2547; x_wconf 89' lang='lat' dir='ltr'><strong>et</strong></span> <span class='ocrx_word' id='word_1_299' title='bbox 3055 2507 3159 2546; x_wconf 87' lang='lat' dir='ltr'><strong>non</strong></span> <span class='ocrx_word' id='word_1_300' title='bbox 3200 2497 3428 2561; x_wconf 82' lang='lat' dir='ltr'><strong>egerunt</strong></span> <span class='ocrx_word' id='word_1_301' title='bbox 3479 2487 3742 2558; x_wconf 69' lang='lat' dir='ltr'><strong>pmoiten—</strong></span> 
     </span>
    </p>
   </div>
   <div class='ocr_carea' id='block_1_30' title="bbox 2177 2569 3458 2653">
    <p class='ocr_par' dir='ltr' id='par_1_30' title="bbox 2177 2569 3458 2653">
     <span class='ocr_line' id='line_1_30' title="bbox 2177 2569 3458 2653; baseline -0.008 -12"><span class='ocrx_word' id='word_1_302' title='bbox 2177 2569 2328 2653; x_wconf 84' lang='lat' dir='ltr'><strong>tiam,</strong></span> <span class='ocrx_word' id='word_1_303' title='bbox 2357 2587 2570 2641; x_wconf 67' lang='lat' dir='ltr'><strong>tuleritis</strong></span> <span class='ocrx_word' id='word_1_304' title='bbox 2600 2585 2928 2640; x_wconf 83' lang='lat' dir='ltr'><strong>cruciatibus</strong></span> <span class='ocrx_word' id='word_1_305' title='bbox 2949 2581 3287 2651; x_wconf 88' lang='lat' dir='ltr'><strong>mancipandi</strong></span> <span class='ocrx_word' id='word_1_306' title='bbox 3313 2587 3458 2635; x_wconf 85' lang='lat' dir='ltr'><strong>sunt.</strong></span> 
     </span>
    </p>
   </div>
   <div class='ocr_carea' id='block_1_31' title="bbox 2249 2664 3737 2748">
    <p class='ocr_par' dir='ltr' id='par_1_31' title="bbox 2249 2664 3737 2748">
     <span class='ocr_line' id='line_1_31' title="bbox 2249 2664 3737 2748; baseline -0.005 -16"><span class='ocrx_word' id='word_1_307' title='bbox 2249 2664 2391 2732; x_wconf 80' lang='lat' dir='ltr'><strong>Tunc</strong></span> <span class='ocrx_word' id='word_1_308' title='bbox 2405 2670 2541 2748; x_wconf 22' lang='lat' dir='ltr'><strong>justi.</strong></span> <span class='ocrx_word' id='word_1_309' title='bbox 2561 2676 2824 2747; x_wconf 74' lang='lat' dir='ltr'><strong>fulgebunt</strong></span> <span class='ocrx_word' id='word_1_310' title='bbox 2843 2677 2976 2730; x_wconf 81' lang='lat' dir='ltr'><strong>sicut</strong></span> <span class='ocrx_word' id='word_1_311' title='bbox 2991 2673 3068 2727; x_wconf 94' lang='lat' dir='ltr'><strong>sol</strong></span> <span class='ocrx_word' id='word_1_312' title='bbox 3093 2673 3146 2726; x_wconf 89' lang='lat' dir='ltr'><strong>in</strong></span> <span class='ocrx_word' id='word_1_313' title='bbox 3169 2689 3321 2742; x_wconf 89' lang='lat' dir='ltr'><strong>regno</strong></span> <span class='ocrx_word' id='word_1_314' title='bbox 3340 2669 3519 2726; x_wconf 80' lang='lat' dir='ltr'><strong>Patris</strong></span> <span class='ocrx_word' id='word_1_315' title='bbox 3540 2688 3737 2726; x_wconf 73' lang='lat' dir='ltr'><strong>eorum.</strong></span> 
     </span>
    </p>
   </div>
   <div class='ocr_carea' id='block_1_32' title="bbox 2179 2755 3738 2842">
    <p class='ocr_par' dir='ltr' id='par_1_32' title="bbox 2179 2755 3738 2842">
     <span class='ocr_line' id='line_1_32' title="bbox 2179 2755 3738 2842; baseline -0.006 -19"><span class='ocrx_word' id='word_1_316' title='bbox 2179 2761 2528 2842; x_wconf 60' lang='lat' dir='ltr'><strong>(Uieronl)ln</strong></span> <span class='ocrx_word' id='word_1_317' title='bbox 2571 2767 2823 2837; x_wconf 66' lang='lat' dir='ltr'><strong>praasenti</strong></span> <span class='ocrx_word' id='word_1_318' title='bbox 2865 2763 3061 2821; x_wconf 69' lang='lat' dir='ltr'><strong>saeculo</strong></span> <span class='ocrx_word' id='word_1_319' title='bbox 3099 2755 3392 2832; x_wconf 30' lang='lat' dir='ltr'><strong>fulget&#39;lux</strong></span> <span class='ocrx_word' id='word_1_320' title='bbox 3436 2769 3738 2816; x_wconf 77' lang='lat' dir='ltr'><strong>sanctorum</strong></span> 
     </span>
    </p>
   </div>
   <div class='ocr_carea' id='block_1_33' title="bbox 2177 2863 3748 2934">
    <p class='ocr_par' dir='ltr' id='par_1_33' title="bbox 2177 2863 3748 2934">
     <span class='ocr_line' id='line_1_33' title="bbox 2177 2863 3748 2934; baseline -0.007 -14"><span class='ocrx_word' id='word_1_321' title='bbox 2177 2881 2358 2921; x_wconf 88' lang='lat' dir='ltr'><strong>coram</strong></span> <span class='ocrx_word' id='word_1_322' title='bbox 2407 2865 2725 2927; x_wconf 89' lang='lat' dir='ltr'><strong>hominibus,</strong></span> <span class='ocrx_word' id='word_1_323' title='bbox 2764 2874 2816 2919; x_wconf 93' lang='lat' dir='ltr'><strong>et</strong></span> <span class='ocrx_word' id='word_1_324' title='bbox 2863 2872 2985 2934; x_wconf 90' lang='lat' dir='ltr'><strong>post</strong></span> <span class='ocrx_word' id='word_1_325' title='bbox 3027 2863 3550 2927; x_wconf 78' lang='lat' dir='ltr'><strong>consummationem</strong></span> <span class='ocrx_word' id='word_1_326' title='bbox 3598 2873 3748 2911; x_wconf 84' lang='lat' dir='ltr'><strong>mun-</strong></span> 
     </span>
    </p>
   </div>
   <div class='ocr_carea' id='block_1_34' title="bbox 559 1115 2065 1180">
    <p class='ocr_par' dir='ltr' id='par_1_34' title="bbox 559 1115 2065 1180">
     <span class='ocr_line' id='line_1_34' title="bbox 559 1115 2065 1180; baseline 0.001 -11"><span class='ocrx_word' id='word_1_327' title='bbox 559 1115 704 1169; x_wconf 86' lang='lat' dir='ltr'><strong>Tunc</strong></span> <span class='ocrx_word' id='word_1_328' title='bbox 733 1115 961 1169; x_wconf 79' lang='lat' dir='ltr'><strong>dimissis</strong></span> <span class='ocrx_word' id='word_1_329' title='bbox 983 1115 1145 1170; x_wconf 86' lang='lat' dir='ltr'><strong>turbis</strong></span> <span class='ocrx_word' id='word_1_330' title='bbox 1167 1116 1300 1180; x_wconf 75' lang='lat' dir='ltr'><strong>venit</strong></span> <span class='ocrx_word' id='word_1_331' title='bbox 1321 1117 1376 1170; x_wconf 90' lang='lat' dir='ltr'><strong>in</strong></span> <span class='ocrx_word' id='word_1_332' title='bbox 1406 1117 1640 1180; x_wconf 86' lang='lat' dir='ltr'><strong>domum,</strong></span> <span class='ocrx_word' id='word_1_333' title='bbox 1662 1126 1708 1170; x_wconf 91' lang='lat' dir='ltr'><strong>et</strong></span> <span class='ocrx_word' id='word_1_334' title='bbox 1738 1127 2065 1171; x_wconf 86' lang='lat' dir='ltr'><strong>accesserunt</strong></span> 
     </span>
    </p>
   </div>
   <div class='ocr_carea' id='block_1_35' title="bbox 488 1205 2068 1277">
    <p class='ocr_par' dir='ltr' id='par_1_35' title="bbox 488 1205 2068 1277">
     <span class='ocr_line' id='line_1_35' title="bbox 488 1205 2068 1277; baseline -0.003 -13"><span class='ocrx_word' id='word_1_335' title='bbox 488 1205 554 1264; x_wconf 82' lang='lat' dir='ltr'><strong>ad</strong></span> <span class='ocrx_word' id='word_1_336' title='bbox 581 1224 699 1263; x_wconf 89' lang='lat' dir='ltr'><strong>eum</strong></span> <span class='ocrx_word' id='word_1_337' title='bbox 724 1206 970 1277; x_wconf 82' lang='lat' dir='ltr'><strong>discipuli</strong></span> <span class='ocrx_word' id='word_1_338' title='bbox 994 1209 1107 1276; x_wconf 89' lang='lat' dir='ltr'><strong>ejus</strong></span> <span class='ocrx_word' id='word_1_339' title='bbox 1135 1207 1378 1260; x_wconf 84' lang='lat' dir='ltr'><strong>dicentes.</strong></span> <span class='ocrx_word' id='word_1_340' title='bbox 1403 1205 1648 1261; x_wconf 87' lang='lat' dir='ltr'><strong>Edissere</strong></span> <span class='ocrx_word' id='word_1_341' title='bbox 1673 1208 1818 1262; x_wconf 82' lang='lat' dir='ltr'><strong>nobis</strong></span> <span class='ocrx_word' id='word_1_342' title='bbox 1844 1207 2068 1277; x_wconf 86' lang='lat' dir='ltr'><strong>parabo-</strong></span> 
     </span>
    </p>
   </div>
   <div class='ocr_carea' id='block_1_36' title="bbox 561 2065 2074 2137">
    <p class='ocr_par' dir='ltr' id='par_1_36' title="bbox 561 2065 2074 2137">
     <span class='ocr_line' id='line_1_36' title="bbox 561 2065 2074 2137; baseline 0.001 -18"><span class='ocrx_word' id='word_1_343' title='bbox 561 2065 667 2132; x_wconf 82' lang='lat' dir='ltr'><strong>Qui</strong></span> <span class='ocrx_word' id='word_1_344' title='bbox 696 2067 1009 2137; x_wconf 87' lang='lat' dir='ltr'><strong>respondens</strong></span> <span class='ocrx_word' id='word_1_345' title='bbox 1037 2068 1150 2120; x_wconf 88' lang='lat' dir='ltr'><strong>ait:</strong></span> <span class='ocrx_word' id='word_1_346' title='bbox 1174 2065 1277 2132; x_wconf 85' lang='lat' dir='ltr'><strong>Qui</strong></span> <span class='ocrx_word' id='word_1_347' title='bbox 1307 2067 1525 2120; x_wconf 84' lang='lat' dir='ltr'><strong>seminat</strong></span> <span class='ocrx_word' id='word_1_348' title='bbox 1548 2067 1738 2122; x_wconf 90' lang='lat' dir='ltr'><strong>bonum</strong></span> <span class='ocrx_word' id='word_1_349' title='bbox 1774 2084 1964 2131; x_wconf 82' lang='lat' dir='ltr'><strong>semen,</strong></span> <span class='ocrx_word' id='word_1_350' title='bbox 2013 2067 2074 2136; x_wconf 81' lang='lat' dir='ltr'><strong>ﬁ-</strong></span> 
     </span>
    </p>
   </div>
   <div class='ocr_carea' id='block_1_37' title="bbox 487 2157 2072 2228">
    <p class='ocr_par' dir='ltr' id='par_1_37' title="bbox 487 2157 2072 2228">
     <span class='ocr_line' id='line_1_37' title="bbox 487 2157 2072 2228; baseline 0.001 -17"><span class='ocrx_word' id='word_1_351' title='bbox 487 2159 590 2211; x_wconf 89' lang='lat' dir='ltr'><strong>lius</strong></span> <span class='ocrx_word' id='word_1_352' title='bbox 619 2165 694 2210; x_wconf 88' lang='lat' dir='ltr'><strong>est</strong></span> <span class='ocrx_word' id='word_1_353' title='bbox 713 2157 955 2210; x_wconf 82' lang='lat' dir='ltr'><strong>hominis.</strong></span> <span class='ocrx_word' id='word_1_354' title='bbox 990 2159 1127 2228; x_wconf 85' lang='lat' dir='ltr'><strong>Ager</strong></span> <span class='ocrx_word' id='word_1_355' title='bbox 1155 2165 1328 2211; x_wconf 86' lang='lat' dir='ltr'><strong>autem</strong></span> <span class='ocrx_word' id='word_1_356' title='bbox 1352 2167 1424 2212; x_wconf 87' lang='lat' dir='ltr'><strong>est</strong></span> <span class='ocrx_word' id='word_1_357' title='bbox 1445 2159 1703 2220; x_wconf 73' lang='lat' dir='ltr'><strong>mundus.</strong></span> <span class='ocrx_word' id='word_1_358' title='bbox 1721 2158 1926 2213; x_wconf 86' lang='lat' dir='ltr'><strong>Bonum</strong></span> <span class='ocrx_word' id='word_1_359' title='bbox 1952 2176 2072 2212; x_wconf 85' lang='lat' dir='ltr'><strong>vero</strong></span> 
     </span>
    </p>
   </div>
   <div class='ocr_carea' id='block_1_38' title="bbox 490 2246 2074 2318">
    <p class='ocr_par' dir='ltr' id='par_1_38' title="bbox 490 2246 2074 2318">
     <span class='ocr_line' id='line_1_38' title="bbox 490 2246 2074 2318; baseline 0.001 -16"><span class='ocrx_word' id='word_1_360' title='bbox 490 2263 662 2302; x_wconf 86' lang='lat' dir='ltr'><strong>semen</strong></span> <span class='ocrx_word' id='word_1_361' title='bbox 683 2248 738 2300; x_wconf 87' lang='lat' dir='ltr'><strong>hi</strong></span> <span class='ocrx_word' id='word_1_362' title='bbox 759 2257 878 2300; x_wconf 87' lang='lat' dir='ltr'><strong>sunt</strong></span> <span class='ocrx_word' id='word_1_363' title='bbox 903 2247 1003 2316; x_wconf 76' lang='lat' dir='ltr'><strong>ﬁlii</strong></span> <span class='ocrx_word' id='word_1_364' title='bbox 1033 2249 1196 2318; x_wconf 86' lang='lat' dir='ltr'><strong>regni.</strong></span> <span class='ocrx_word' id='word_1_365' title='bbox 1231 2246 1452 2301; x_wconf 74' lang='lat' dir='ltr'><strong>Ziaania</strong></span> <span class='ocrx_word' id='word_1_366' title='bbox 1475 2257 1647 2302; x_wconf 84' lang='lat' dir='ltr'><strong>autem</strong></span> <span class='ocrx_word' id='word_1_367' title='bbox 1680 2249 1786 2317; x_wconf 65' lang='grc' dir='ltr'><strong>ῤΐῆ</strong></span> <span class='ocrx_word' id='word_1_368' title='bbox 1824 2258 1944 2302; x_wconf 82' lang='lat' dir='ltr'><strong>sunt</strong></span> <span class='ocrx_word' id='word_1_369' title='bbox 1986 2265 2074 2303; x_wconf 84' lang='lat' dir='ltr'><strong>ne-</strong></span> 
     </span>
    </p>
   </div>
   <div class='ocr_carea' id='block_1_39' title="bbox 491 2335 2070 2408">
    <p class='ocr_par' dir='ltr' id='par_1_39' title="bbox 491 2335 2070 2408">
     <span class='ocr_line' id='line_1_39' title="bbox 491 2335 2070 2408; baseline 0.003 -20"><span class='ocrx_word' id='word_1_370' title='bbox 491 2352 671 2407; x_wconf 72' lang='lat' dir='ltr'><strong>quam.</strong></span> <span class='ocrx_word' id='word_1_371' title='bbox 709 2335 966 2391; x_wconf 85' lang='lat' dir='ltr'><strong>Inimicus</strong></span> <span class='ocrx_word' id='word_1_372' title='bbox 990 2347 1163 2392; x_wconf 90' lang='lat' dir='ltr'><strong>autem</strong></span> <span class='ocrx_word' id='word_1_373' title='bbox 1188 2338 1277 2408; x_wconf 90' lang='lat' dir='ltr'><strong>qui</strong></span> <span class='ocrx_word' id='word_1_374' title='bbox 1306 2339 1574 2392; x_wconf 84' lang='lat' dir='ltr'><strong>seminavit</strong></span> <span class='ocrx_word' id='word_1_375' title='bbox 1599 2355 1686 2403; x_wconf 89' lang='lat' dir='ltr'><strong>ea,</strong></span> <span class='ocrx_word' id='word_1_376' title='bbox 1705 2347 1782 2399; x_wconf 75' lang='lat' dir='ltr'><strong>est</strong></span> <span class='ocrx_word' id='word_1_377' title='bbox 1807 2338 2070 2393; x_wconf 79' lang='lat' dir='ltr'><strong>diabolus.</strong></span> 
     </span>
    </p>
   </div>
   <div class='ocr_carea' id='block_1_40' title="bbox 491 2430 2072 2490">
    <p class='ocr_par' dir='ltr' id='par_1_40' title="bbox 491 2430 2072 2490">
     <span class='ocr_line' id='line_1_40' title="bbox 491 2430 2072 2490; baseline 0 -6"><span class='ocrx_word' id='word_1_378' title='bbox 491 2430 679 2485; x_wconf 79' lang='lat' dir='ltr'><strong>Messis</strong></span> <span class='ocrx_word' id='word_1_379' title='bbox 706 2445 832 2485; x_wconf 83' lang='lat' dir='ltr'><strong>vero</strong></span> <span class='ocrx_word' id='word_1_380' title='bbox 848 2433 1226 2484; x_wconf 87' lang='lat' dir='ltr'><strong>consummatio</strong></span> <span class='ocrx_word' id='word_1_381' title='bbox 1250 2431 1429 2485; x_wconf 70' lang='grc' dir='ltr'><strong>διεσαιὶ</strong></span> <span class='ocrx_word' id='word_1_382' title='bbox 1455 2441 1549 2485; x_wconf 91' lang='lat' dir='ltr'><strong>est.</strong></span> <span class='ocrx_word' id='word_1_383' title='bbox 1603 2430 1852 2490; x_wconf 77' lang='lat' dir='ltr'><strong>Messores</strong></span> <span class='ocrx_word' id='word_1_384' title='bbox 1900 2441 2072 2484; x_wconf 80' lang='lat' dir='ltr'><strong>autem</strong></span> 
     </span>
    </p>
   </div>
   <div class='ocr_carea' id='block_1_41' title="bbox 490 2517 2076 2593">
    <p class='ocr_par' dir='ltr' id='par_1_41' title="bbox 490 2517 2076 2593">
     <span class='ocr_line' id='line_1_41' title="bbox 490 2517 2076 2593; baseline 0.003 -19"><span class='ocrx_word' id='word_1_385' title='bbox 490 2517 662 2591; x_wconf 65' lang='lat' dir='ltr'><strong>a&#39;ngeli</strong></span> <span class='ocrx_word' id='word_1_386' title='bbox 690 2530 831 2575; x_wconf 86' lang='lat' dir='ltr'><strong>sunt.</strong></span> <span class='ocrx_word' id='word_1_387' title='bbox 865 2521 1152 2590; x_wconf 84' lang='lat' dir='ltr'><strong>Perspicue</strong></span> <span class='ocrx_word' id='word_1_388' title='bbox 1181 2523 1432 2591; x_wconf 78' lang='lat' dir='ltr'><strong>exposuit</strong></span> <span class='ocrx_word' id='word_1_389' title='bbox 1473 2523 1614 2591; x_wconf 90' lang='lat' dir='ltr'><strong>quod</strong></span> <span class='ocrx_word' id='word_1_390' title='bbox 1667 2538 1797 2593; x_wconf 87' lang='lat' dir='ltr'><strong>ager</strong></span> <span class='ocrx_word' id='word_1_391' title='bbox 1842 2524 2076 2578; x_wconf 87' lang='lat' dir='ltr'><strong>mundus</strong></span> 
     </span>
    </p>
   </div>
   <div class='ocr_carea' id='block_1_42' title="bbox 491 2610 2071 2684">
    <p class='ocr_par' dir='ltr' id='par_1_42' title="bbox 491 2610 2071 2684">
     <span class='ocr_line' id='line_1_42' title="bbox 491 2610 2071 2684; baseline 0.003 -21"><span class='ocrx_word' id='word_1_392' title='bbox 491 2610 581 2674; x_wconf 88' lang='lat' dir='ltr'><strong>sit,</strong></span> <span class='ocrx_word' id='word_1_393' title='bbox 613 2620 764 2665; x_wconf 71' lang='lat' dir='ltr'><strong>saior</strong></span> <span class='ocrx_word' id='word_1_394' title='bbox 804 2610 944 2665; x_wconf 89' lang='lat' dir='ltr'><strong>ﬁlius</strong></span> <span class='ocrx_word' id='word_1_395' title='bbox 982 2611 1236 2677; x_wconf 87' lang='lat' dir='ltr'><strong>hominis,</strong></span> <span class='ocrx_word' id='word_1_396' title='bbox 1284 2613 1483 2666; x_wconf 88' lang='lat' dir='ltr'><strong>bonum</strong></span> <span class='ocrx_word' id='word_1_397' title='bbox 1520 2627 1705 2668; x_wconf 87' lang='lat' dir='ltr'><strong>semen</strong></span> <span class='ocrx_word' id='word_1_398' title='bbox 1753 2613 1848 2667; x_wconf 89' lang='lat' dir='ltr'><strong>ﬁlii</strong></span> <span class='ocrx_word' id='word_1_399' title='bbox 1899 2615 2071 2684; x_wconf 90' lang='lat' dir='ltr'><strong>regni,</strong></span> 
     </span>
    </p>
   </div>
   <div class='ocr_carea' id='block_1_43' title="bbox 490 2702 2062 2773">
    <p class='ocr_par' dir='ltr' id='par_1_43' title="bbox 490 2702 2062 2773">
     <span class='ocr_line' id='line_1_43' title="bbox 490 2702 2062 2773; baseline 0.003 -17"><span class='ocrx_word' id='word_1_400' title='bbox 490 2703 702 2758; x_wconf 75' lang='lat' dir='ltr'><strong>zizania</strong></span> <span class='ocrx_word' id='word_1_401' title='bbox 725 2702 820 2757; x_wconf 84' lang='lat' dir='ltr'><strong>ﬁlii</strong></span> <span class='ocrx_word' id='word_1_402' title='bbox 851 2704 1090 2773; x_wconf 89' lang='lat' dir='ltr'><strong>pessimi,</strong></span> <span class='ocrx_word' id='word_1_403' title='bbox 1117 2705 1447 2759; x_wconf 87' lang='lat' dir='ltr'><strong>zizaniorum</strong></span> <span class='ocrx_word' id='word_1_404' title='bbox 1467 2713 1616 2760; x_wconf 88' lang='lat' dir='ltr'><strong>sator</strong></span> <span class='ocrx_word' id='word_1_405' title='bbox 1635 2706 1898 2771; x_wconf 87' lang='lat' dir='ltr'><strong>diabolus,</strong></span> <span class='ocrx_word' id='word_1_406' title='bbox 1927 2721 2062 2761; x_wconf 87' lang='lat' dir='ltr'><strong>mes-</strong></span> 
     </span>
    </p>
   </div>
   <div class='ocr_carea' id='block_1_44' title="bbox 491 2793 2075 2866">
    <p class='ocr_par' dir='ltr' id='par_1_44' title="bbox 491 2793 2075 2866">
     <span class='ocr_line' id='line_1_44' title="bbox 491 2793 2075 2866; baseline 0.003 -19"><span class='ocrx_word' id='word_1_407' title='bbox 491 2793 565 2848; x_wconf 87' lang='lat' dir='ltr'><strong>sis</strong></span> <span class='ocrx_word' id='word_1_408' title='bbox 617 2793 1012 2849; x_wconf 89' lang='lat' dir='ltr'><strong>eonsummatio</strong></span> <span class='ocrx_word' id='word_1_409' title='bbox 1075 2795 1277 2856; x_wconf 87' lang='lat' dir='ltr'><strong>mundi,</strong></span> <span class='ocrx_word' id='word_1_410' title='bbox 1323 2809 1596 2850; x_wconf 89' lang='lat' dir='ltr'><strong>messores</strong></span> <span class='ocrx_word' id='word_1_411' title='bbox 1641 2796 1836 2866; x_wconf 89' lang='lat' dir='ltr'><strong>angeli.</strong></span> <span class='ocrx_word' id='word_1_412' title='bbox 1883 2794 2075 2855; x_wconf 86' lang='lat' dir='ltr'><strong>Omnia</strong></span> 
     </span>
    </p>
   </div>
   <div class='ocr_carea' id='block_1_45' title="bbox 491 2881 3714 2958">
    <p class='ocr_par' dir='ltr' id='par_1_45' title="bbox 491 2881 3714 2958">
     <span class='ocr_line' id='line_1_45' title="bbox 491 2881 3714 2958; baseline 0 -23"><span class='ocrx_word' id='word_1_413' title='bbox 491 2881 750 2937; x_wconf 87' lang='lat' dir='ltr'><strong>scandala</strong></span> <span class='ocrx_word' id='word_1_414' title='bbox 781 2881 1086 2936; x_wconf 84' lang='lat' dir='ltr'><strong>referuntur</strong></span> <span class='ocrx_word' id='word_1_415' title='bbox 1109 2881 1175 2936; x_wconf 89' lang='lat' dir='ltr'><strong>ad</strong></span> <span class='ocrx_word' id='word_1_416' title='bbox 1203 2883 1448 2949; x_wconf 79' lang='lat' dir='ltr'><strong>zizania;</strong></span> <span class='ocrx_word' id='word_1_417' title='bbox 1484 2881 1619 2950; x_wconf 81' lang='lat' dir='ltr'><strong>justi</strong></span> <span class='ocrx_word' id='word_1_418' title='bbox 1671 2893 1991 2955; x_wconf 89' lang='lat' dir='ltr'><strong>reputantur</strong></span> <span class='ocrx_word' id='word_1_419' title='bbox 2021 2886 2074 2939; x_wconf 91' lang='lat' dir='ltr'><strong>in</strong></span> <span class='ocrx_word' id='word_1_420' title='bbox 2177 2881 2358 2950; x_wconf 58' lang='lat'><strong>09’3&quot;“</strong></span> <span class='ocrx_word' id='word_1_421' title='bbox 2401 2881 2725 2958; x_wconf 56' lang='grc' dir='ltr'><strong>Ρ⁰ω¹ξ¹¹9¹¹⁸ν</strong></span> <span class='ocrx_word' id='word_1_422' title='bbox 2764 2881 2816 2919; x_wconf 70' lang='grc' dir='ltr'><strong>ει</strong></span> <span class='ocrx_word' id='word_1_423' title='bbox 2863 2881 2985 2958; x_wconf 58' lang='lat'><strong>995‘</strong></span> <span class='ocrx_word' id='word_1_424' title='bbox 3027 2881 3550 2958; x_wconf 50' lang='lat' dir='ltr'><strong>0°95_“mm3“9&quot;f&quot;~“</strong></span> <span class='ocrx_word' id='word_1_425' title='bbox 3575 2881 3714 2958; x_wconf 41' lang='lat' dir='ltr'><strong>.mu&#39;f</strong></span> 
     </span>
    </p>
   </div>
   <div class='ocr_carea' id='block_1_46' title="bbox 413 2949 2070 3046">
    <p class='ocr_par' dir='ltr' id='par_1_46' title="bbox 413 2949 2070 3046">
     <span class='ocr_line' id='line_1_46' title="bbox 413 2949 2070 3046; baseline 0.005 -24"><span class='ocrx_word' id='word_1_426' title='bbox 413 3011 421 3022; x_wconf 86' lang='lat'><strong>.</strong></span> <span class='ocrx_word' id='word_1_427' title='bbox 493 2973 634 3029; x_wconf 86' lang='lat' dir='ltr'><strong>ﬁlios</strong></span> <span class='ocrx_word' id='word_1_428' title='bbox 661 2973 833 3042; x_wconf 88' lang='lat' dir='ltr'><strong>regni.</strong></span> <span class='ocrx_word' id='word_1_429' title='bbox 868 2973 1027 3042; x_wconf 87' lang='lat' dir='ltr'><strong>Ergo,</strong></span> <span class='ocrx_word' id='word_1_430' title='bbox 1063 2982 1121 3027; x_wconf 91' lang='lat' dir='ltr'><strong>ut</strong></span> <span class='ocrx_word' id='word_1_431' title='bbox 1147 2989 1311 3043; x_wconf 88' lang='lat' dir='ltr'><strong>supra</strong></span> <span class='ocrx_word' id='word_1_432' title='bbox 1337 2975 1631 3045; x_wconf 79' lang='lat' dir='ltr'><strong>dixi,quae</strong></span> <span class='ocrx_word' id='word_1_433' title='bbox 1674 2949 1918 3046; x_wconf 79' lang='lat' dir='ltr'><strong>exposita</strong></span> <span class='ocrx_word' id='word_1_434' title='bbox 1952 2986 2070 3032; x_wconf 89' lang='lat' dir='ltr'><strong>sunt</strong></span> 
     </span>
    </p>
   </div>
   <div class='ocr_carea' id='block_1_47' title="bbox 2180 2949 3736 3046">
    <p class='ocr_par' dir='ltr' id='par_1_47' title="bbox 2180 2949 3736 3046">
     <span class='ocr_line' id='line_1_47' title="bbox 2180 2949 3736 3046; baseline -0.009 -35"><span class='ocrx_word' id='word_1_435' title='bbox 2180 2949 2233 3035; x_wconf 82' lang='lat' dir='ltr'><strong>di</strong></span> <span class='ocrx_word' id='word_1_436' title='bbox 2256 2957 2355 3026; x_wconf 87' lang='lat' dir='ltr'><strong>ipsi</strong></span> <span class='ocrx_word' id='word_1_437' title='bbox 2394 2955 2523 3024; x_wconf 82' lang='lat' dir='ltr'><strong>justi</strong></span> <span class='ocrx_word' id='word_1_438' title='bbox 2555 2955 2848 3024; x_wconf 78' lang='lat' dir='ltr'><strong>fulgebunt,</strong></span> <span class='ocrx_word' id='word_1_439' title='bbox 2885 2955 3022 3041; x_wconf 71' lang='lat' dir='ltr'><strong>sicut</strong></span> <span class='ocrx_word' id='word_1_440' title='bbox 3047 2953 3126 3017; x_wconf 81' lang='lat' dir='ltr'><strong>sol</strong></span> <span class='ocrx_word' id='word_1_441' title='bbox 3155 2953 3208 3042; x_wconf 84' lang='lat' dir='ltr'><strong>in</strong></span> <span class='ocrx_word' id='word_1_442' title='bbox 3247 2966 3410 3020; x_wconf 81' lang='lat' dir='ltr'><strong>regno</strong></span> <span class='ocrx_word' id='word_1_443' title='bbox 3437 2949 3621 3040; x_wconf 84' lang='lat' dir='ltr'><strong>Patris</strong></span> <span class='ocrx_word' id='word_1_444' title='bbox 3642 2949 3736 3046; x_wconf 77' lang='lat' dir='ltr'><strong>sui.</strong></span> 
     </span>
    </p>
   </div>
   <div class='ocr_carea' id='block_1_48' title="bbox 489 3037 3736 3138">
    <p class='ocr_par' dir='ltr' id='par_1_48' title="bbox 489 3037 3736 3138">
     <span class='ocr_line' id='line_1_48' title="bbox 489 3037 3736 3138; baseline -0.009 -20"><span class='ocrx_word' id='word_1_445' title='bbox 489 3077 522 3118; x_wconf 83' lang='lat' dir='ltr'><strong>a</strong></span> <span class='ocrx_word' id='word_1_446' title='bbox 555 3037 798 3127; x_wconf 57' lang='lat' dir='ltr'><strong>Domitio,</strong></span> <span class='ocrx_word' id='word_1_447' title='bbox 839 3063 923 3118; x_wconf 90' lang='lat' dir='ltr'><strong>his</strong></span> <span class='ocrx_word' id='word_1_448' title='bbox 945 3037 1229 3119; x_wconf 42' lang='lat' dir='ltr'><strong>&quot;debemus-</strong></span> <span class='ocrx_word' id='word_1_449' title='bbox 1256 3037 1672 3121; x_wconf 77' lang='lat' dir='ltr'><strong>accommodare</strong></span> <span class='ocrx_word' id='word_1_450' title='bbox 1704 3037 1898 3123; x_wconf 71' lang='lat' dir='ltr'><strong>ﬁdem.</strong></span> <span class='ocrx_word' id='word_1_451' title='bbox 1946 3066 2076 3138; x_wconf 79' lang='lat' dir='ltr'><strong>Quae</strong></span> <span class='ocrx_word' id='word_1_452' title='bbox 2106 3120 2145 3138; x_wconf 58' lang='grc' dir='ltr'>η</span> <span class='ocrx_word' id='word_1_453' title='bbox 2181 3047 2284 3114; x_wconf 64' lang='lat' dir='ltr'><strong>Qui</strong></span> <span class='ocrx_word' id='word_1_454' title='bbox 2325 3047 2477 3138; x_wconf 69' lang='lat' dir='ltr'><strong>habet</strong></span> <span class='ocrx_word' id='word_1_455' title='bbox 2529 3064 2680 3101; x_wconf 74' lang='lat' dir='ltr'><strong>aures</strong></span> <span class='ocrx_word' id='word_1_456' title='bbox 2715 3037 2938 3132; x_wconf 38' lang='lat' dir='ltr'><strong>audiat.‘</strong></span> <span class='ocrx_word' id='word_1_457' title='bbox 2963 3037 3018 3138; x_wconf 71' lang='lat' dir='ltr'><strong>id</strong></span> <span class='ocrx_word' id='word_1_458' title='bbox 3058 3037 3175 3138; x_wconf 76' lang='lat' dir='ltr'><strong>est,</strong></span> <span class='ocrx_word' id='word_1_459' title='bbox 3201 3043 3295 3138; x_wconf 74' lang='lat' dir='ltr'><strong>qui</strong></span> <span class='ocrx_word' id='word_1_460' title='bbox 3328 3042 3496 3129; x_wconf 78' lang='lat' dir='ltr'><strong>habet</strong></span> <span class='ocrx_word' id='word_1_461' title='bbox 3542 3037 3736 3138; x_wconf 64' lang='lat' dir='ltr'><strong>intelle-</strong></span> 
     </span>
    </p>
   </div>
   <div class='ocr_carea' id='block_1_49' title="bbox 492 3120 2070 3229">
    <p class='ocr_par' dir='ltr' id='par_1_49' title="bbox 492 3120 2070 3226">
     <span class='ocr_line' id='line_1_49' title="bbox 492 3120 2070 3226; baseline 0.002 -19"><span class='ocrx_word' id='word_1_462' title='bbox 492 3160 672 3207; x_wconf 89' lang='lat' dir='ltr'><strong>autem</strong></span> <span class='ocrx_word' id='word_1_463' title='bbox 699 3154 887 3218; x_wconf 88' lang='lat' dir='ltr'><strong>tacita,</strong></span> <span class='ocrx_word' id='word_1_464' title='bbox 913 3164 969 3208; x_wconf 89' lang='lat' dir='ltr'><strong>et</strong></span> <span class='ocrx_word' id='word_1_465' title='bbox 992 3163 1190 3208; x_wconf 72' lang='lat' dir='ltr'><strong>nostra:</strong></span> <span class='ocrx_word' id='word_1_466' title='bbox 1231 3154 1594 3225; x_wconf 75' lang='lat' dir='ltr'><strong>intelligentia:</strong></span> <span class='ocrx_word' id='word_1_467' title='bbox 1621 3155 1899 3221; x_wconf 87' lang='lat' dir='ltr'><strong>derelicta,</strong></span> <span class='ocrx_word' id='word_1_468' title='bbox 1943 3120 2070 3226; x_wconf 51' lang='lat' dir='ltr'><strong>Se}-</strong></span> 
     </span>
    </p>
   </div>
   <div class='ocr_carea' id='block_1_50' title="bbox 2180 3120 3739 3229">
    <p class='ocr_par' dir='ltr' id='par_1_50' title="bbox 2180 3120 3739 3211">
     <span class='ocr_line' id='line_1_50' title="bbox 2180 3120 3739 3211; baseline -0.007 -19"><span class='ocrx_word' id='word_1_469' title='bbox 2180 3147 2323 3192; x_wconf 86' lang='lat' dir='ltr'><strong>ctum</strong></span> <span class='ocrx_word' id='word_1_470' title='bbox 2356 3137 2634 3206; x_wconf 80' lang='lat' dir='ltr'><strong>intelligat,</strong></span> <span class='ocrx_word' id='word_1_471' title='bbox 2659 3128 2920 3211; x_wconf 77' lang='lat' dir='ltr'><strong>quianon</strong></span> <span class='ocrx_word' id='word_1_472' title='bbox 2963 3120 3459 3205; x_wconf 17' lang='lat' dir='ltr'><strong>sinapis,7olerum,</strong></span> <span class='ocrx_word' id='word_1_473' title='bbox 3507 3146 3607 3194; x_wconf 84' lang='lat' dir='ltr'><strong>nec</strong></span> <span class='ocrx_word' id='word_1_474' title='bbox 3637 3122 3739 3182; x_wconf 83' lang='lat' dir='ltr'><strong>fer-</strong></span> 
     </span>
    </p>
   </div>
   <div class='ocr_carea' id='block_1_51' title="bbox 491 3221 3741 3316">
    <p class='ocr_par' dir='ltr' id='par_1_51' title="bbox 491 3221 3741 3316">
     <span class='ocr_line' id='line_1_51' title="bbox 491 3221 3741 3316; baseline -0.002 -15"><span class='ocrx_word' id='word_1_475' title='bbox 491 3246 806 3316; x_wconf 81' lang='lat' dir='ltr'><strong>stringeuda</strong></span> <span class='ocrx_word' id='word_1_476' title='bbox 849 3254 978 3301; x_wconf 85' lang='lat' dir='ltr'><strong>sunt</strong></span> <span class='ocrx_word' id='word_1_477' title='bbox 1028 3246 1280 3300; x_wconf 85' lang='lat' dir='ltr'><strong>breviter.</strong></span> <span class='ocrx_word' id='word_1_478' title='bbox 1347 3221 1602 3301; x_wconf 77' lang='lat' dir='ltr'><strong>Homines</strong></span> <span class='ocrx_word' id='word_1_479' title='bbox 1645 3247 1736 3315; x_wconf 91' lang='lat' dir='ltr'><strong>qui</strong></span> <span class='ocrx_word' id='word_1_480' title='bbox 1782 3221 2071 3310; x_wconf 73' lang='lat' dir='ltr'><strong>dormiunt,</strong></span> <span class='ocrx_word' id='word_1_481' title='bbox 2179 3238 2420 3282; x_wconf 73' lang='grc' dir='ltr'><strong>ωθηιυιιι</strong></span> <span class='ocrx_word' id='word_1_482' title='bbox 2468 3228 2762 3307; x_wconf 63' lang='lat' dir='ltr'><strong>ebrietatis,</strong></span> <span class='ocrx_word' id='word_1_483' title='bbox 2803 3241 2901 3280; x_wconf 87' lang='lat' dir='ltr'><strong>nec</strong></span> <span class='ocrx_word' id='word_1_484' title='bbox 2926 3226 3096 3308; x_wconf 78' lang='lat' dir='ltr'><strong>farina</strong></span> <span class='ocrx_word' id='word_1_485' title='bbox 3148 3223 3453 3316; x_wconf 57' lang='lat' dir='ltr'><strong>graminum</strong></span> <span class='ocrx_word' id='word_1_486' title='bbox 3483 3221 3741 3294; x_wconf 61' lang='grc' dir='ltr'><strong>Ρπυάίαν</strong></span> 
     </span>
    </p>
   </div>
   <div class='ocr_carea' id='block_1_52' title="bbox 491 3313 3686 3408">
    <p class='ocr_par' dir='ltr' id='par_1_52' title="bbox 491 3313 3686 3408">
     <span class='ocr_line' id='line_1_52' title="bbox 491 3313 3686 3408; baseline -0.001 -18"><span class='ocrx_word' id='word_1_487' title='bbox 491 3313 781 3408; x_wconf 77' lang='lat' dir='ltr'><strong>magistros</strong></span> <span class='ocrx_word' id='word_1_488' title='bbox 809 3335 1165 3391; x_wconf 83' lang='lat' dir='ltr'><strong>ecclesiarum</strong></span> <span class='ocrx_word' id='word_1_489' title='bbox 1195 3335 1452 3406; x_wconf 89' lang='lat' dir='ltr'><strong>intellige.</strong></span> <span class='ocrx_word' id='word_1_490' title='bbox 1486 3313 1688 3395; x_wconf 74' lang='lat' dir='ltr'><strong>Servos</strong></span> <span class='ocrx_word' id='word_1_491' title='bbox 1741 3336 2072 3406; x_wconf 75' lang='lat' dir='ltr'><strong>patrisfami-</strong></span> <span class='ocrx_word' id='word_1_492' title='bbox 2179 3317 2655 3408; x_wconf 46' lang='grc' dir='ltr'><strong>ιυιςυηεςιξπηγειίοθ</strong></span> <span class='ocrx_word' id='word_1_493' title='bbox 2683 3317 2798 3372; x_wconf 65' lang='grc' dir='ltr'><strong>ι)ωο</strong></span> <span class='ocrx_word' id='word_1_494' title='bbox 2819 3317 3000 3408; x_wconf 50' lang='lat' dir='ltr'><strong>omni?</strong></span> <span class='ocrx_word' id='word_1_495' title='bbox 3033 3313 3378 3408; x_wconf 47' lang='lat' dir='ltr'><strong>intelligenda</strong></span> <span class='ocrx_word' id='word_1_496' title='bbox 3408 3320 3556 3408; x_wconf 65' lang='grc' dir='ltr'><strong>ευξηο</strong></span> <span class='ocrx_word' id='word_1_497' title='bbox 3656 3398 3686 3408; x_wconf 86' lang='lat'>__</span> 
     </span>
    </p>
   </div>
   <div class='ocr_carea' id='block_1_53' title="bbox 491 3392 2070 3502">
    <p class='ocr_par' dir='ltr' id='par_1_53' title="bbox 491 3392 2070 3496">
     <span class='ocr_line' id='line_1_53' title="bbox 491 3392 2070 3496; baseline 0.001 -16"><span class='ocrx_word' id='word_1_498' title='bbox 491 3392 615 3482; x_wconf 25' lang='lat' dir='ltr'><strong>li‘asv</strong></span> <span class='ocrx_word' id='word_1_499' title='bbox 629 3442 698 3481; x_wconf 92' lang='lat' dir='ltr'><strong>ne</strong></span> <span class='ocrx_word' id='word_1_500' title='bbox 720 3427 858 3484; x_wconf 85' lang='lat' dir='ltr'><strong>alios</strong></span> <span class='ocrx_word' id='word_1_501' title='bbox 871 3419 1118 3495; x_wconf 75' lang='lat' dir='ltr'><strong>accipias</strong></span> <span class='ocrx_word' id='word_1_502' title='bbox 1148 3442 1310 3496; x_wconf 86' lang='lat' dir='ltr'><strong>quam</strong></span> <span class='ocrx_word' id='word_1_503' title='bbox 1339 3392 1573 3495; x_wconf 65' lang='lat' dir='ltr'><strong>angelos,</strong></span> <span class='ocrx_word' id='word_1_504' title='bbox 1603 3427 1692 3496; x_wconf 81' lang='lat' dir='ltr'><strong>qui</strong></span> <span class='ocrx_word' id='word_1_505' title='bbox 1723 3392 1964 3496; x_wconf 75' lang='lat' dir='ltr'><strong>quotidie</strong></span> <span class='ocrx_word' id='word_1_506' title='bbox 1991 3427 2070 3481; x_wconf 86' lang='lat' dir='ltr'><strong>vi-</strong></span> 
     </span>
    </p>
   </div>
   <div class='ocr_carea' id='block_1_54' title="bbox 2180 3392 3743 3502">
    <p class='ocr_par' dir='ltr' id='par_1_54' title="bbox 2252 3392 3743 3485">
     <span class='ocr_line' id='line_1_54' title="bbox 2252 3392 3743 3485; baseline -0.007 -26"><span class='ocrx_word' id='word_1_507' title='bbox 2252 3403 2550 3478; x_wconf 83' lang='lat' dir='ltr'><strong>[V.]Simile</strong></span> <span class='ocrx_word' id='word_1_508' title='bbox 2570 3415 2642 3459; x_wconf 87' lang='lat' dir='ltr'><strong>est</strong></span> <span class='ocrx_word' id='word_1_509' title='bbox 2666 3413 2876 3476; x_wconf 70' lang='lat' dir='ltr'><strong>regnum</strong></span> <span class='ocrx_word' id='word_1_510' title='bbox 2904 3392 3150 3458; x_wconf 72' lang='lat' dir='ltr'><strong>caelorum</strong></span> <span class='ocrx_word' id='word_1_511' title='bbox 3173 3393 3416 3485; x_wconf 75' lang='lat' dir='ltr'><strong>thesauro</strong></span> <span class='ocrx_word' id='word_1_512' title='bbox 3441 3398 3743 3452; x_wconf 80' lang='lat' dir='ltr'><strong>abscondito</strong></span> 
     </span>
    </p>
   </div>
   <div class='ocr_carea' id='block_1_55' title="bbox 493 3491 2070 3586">
    <p class='ocr_par' dir='ltr' id='par_1_55' title="bbox 493 3491 2070 3586">
     <span class='ocr_line' id='line_1_55' title="bbox 493 3491 2070 3586; baseline -0.001 -14"><span class='ocrx_word' id='word_1_513' title='bbox 493 3519 622 3577; x_wconf 85' lang='lat' dir='ltr'><strong>dent</strong></span> <span class='ocrx_word' id='word_1_514' title='bbox 645 3515 839 3573; x_wconf 77' lang='lat' dir='ltr'><strong>{aciem</strong></span> <span class='ocrx_word' id='word_1_515' title='bbox 869 3491 1064 3579; x_wconf 83' lang='lat' dir='ltr'><strong>Patris.</strong></span> <span class='ocrx_word' id='word_1_516' title='bbox 1091 3491 1345 3572; x_wconf 75' lang='lat' dir='ltr'><strong>Diabolus</strong></span> <span class='ocrx_word' id='word_1_517' title='bbox 1375 3491 1554 3570; x_wconf 77' lang='lat' dir='ltr'><strong>autem</strong></span> <span class='ocrx_word' id='word_1_518' title='bbox 1583 3491 1868 3586; x_wconf 69' lang='lat' dir='ltr'><strong>propterea</strong></span> <span class='ocrx_word' id='word_1_519' title='bbox 1899 3516 2070 3570; x_wconf 89' lang='lat' dir='ltr'><strong>inimi-</strong></span> 
     </span>
    </p>
   </div>
   <div class='ocr_carea' id='block_1_56' title="bbox 2180 3491 3744 3586">
    <p class='ocr_par' dir='ltr' id='par_1_56' title="bbox 2180 3491 3744 3570">
     <span class='ocr_line' id='line_1_56' title="bbox 2180 3491 3744 3570; baseline -0.007 -17"><span class='ocrx_word' id='word_1_520' title='bbox 2180 3500 2233 3554; x_wconf 87' lang='lat' dir='ltr'><strong>in</strong></span> <span class='ocrx_word' id='word_1_521' title='bbox 2274 3514 2420 3570; x_wconf 83' lang='lat' dir='ltr'><strong>agro,</strong></span> <span class='ocrx_word' id='word_1_522' title='bbox 2463 3513 2615 3568; x_wconf 88' lang='lat' dir='ltr'><strong>quem</strong></span> <span class='ocrx_word' id='word_1_523' title='bbox 2654 3498 2744 3568; x_wconf 86' lang='lat' dir='ltr'><strong>qui</strong></span> <span class='ocrx_word' id='word_1_524' title='bbox 2770 3496 2960 3549; x_wconf 83' lang='lat' dir='ltr'><strong>invenit</strong></span> <span class='ocrx_word' id='word_1_525' title='bbox 3011 3495 3163 3550; x_wconf 92' lang='lat' dir='ltr'><strong>homo</strong></span> <span class='ocrx_word' id='word_1_526' title='bbox 3206 3491 3506 3563; x_wconf 71' lang='lat' dir='ltr'><strong>abscondit,</strong></span> <span class='ocrx_word' id='word_1_527' title='bbox 3545 3501 3593 3544; x_wconf 87' lang='lat' dir='ltr'><strong>et</strong></span> <span class='ocrx_word' id='word_1_528' title='bbox 3639 3501 3744 3559; x_wconf 69' lang='lat' dir='ltr'><strong>pre</strong></span> 
     </span>
    </p>
   </div>
   <div class='ocr_carea' id='block_1_57' title="bbox 491 3581 3744 3679">
    <p class='ocr_par' dir='ltr' id='par_1_57' title="bbox 491 3581 3744 3679">
     <span class='ocr_line' id='line_1_57' title="bbox 491 3581 3744 3679; baseline -0.004 -15"><span class='ocrx_word' id='word_1_529' title='bbox 491 3625 590 3664; x_wconf 90' lang='lat' dir='ltr'><strong>cus</strong></span> <span class='ocrx_word' id='word_1_530' title='bbox 626 3609 789 3664; x_wconf 92' lang='lat' dir='ltr'><strong>homo</strong></span> <span class='ocrx_word' id='word_1_531' title='bbox 816 3608 1130 3679; x_wconf 85' lang='lat' dir='ltr'><strong>appellatur,</strong></span> <span class='ocrx_word' id='word_1_532' title='bbox 1157 3608 1284 3679; x_wconf 84' lang='lat' dir='ltr'><strong>quia</strong></span> <span class='ocrx_word' id='word_1_533' title='bbox 1311 3607 1453 3663; x_wconf 86' lang='lat' dir='ltr'><strong>Deus</strong></span> <span class='ocrx_word' id='word_1_534' title='bbox 1477 3581 1604 3664; x_wconf 61' lang='lat' dir='ltr'><strong>esse</strong></span> <span class='ocrx_word' id='word_1_535' title='bbox 1645 3581 1858 3663; x_wconf 76' lang='lat' dir='ltr'><strong>desivit.</strong></span> <span class='ocrx_word' id='word_1_536' title='bbox 1905 3608 1972 3662; x_wconf 85' lang='lat' dir='ltr'><strong>Et</strong></span> <span class='ocrx_word' id='word_1_537' title='bbox 2021 3608 2074 3662; x_wconf 90' lang='lat' dir='ltr'><strong>in</strong></span> <span class='ocrx_word' id='word_1_538' title='bbox 2179 3589 2370 3658; x_wconf 67' lang='grc' dir='ltr'><strong>θαυάίο</strong></span> <span class='ocrx_word' id='word_1_539' title='bbox 2397 3587 2537 3643; x_wconf 56' lang='lat' dir='ltr'><strong>alii“</strong></span> <span class='ocrx_word' id='word_1_540' title='bbox 2573 3586 2734 3679; x_wconf 58' lang='grc' dir='ltr'><strong>Ψάίῆ</strong></span> <span class='ocrx_word' id='word_1_541' title='bbox 2775 3595 2821 3679; x_wconf 53' lang='lat' dir='ltr'><strong>cf</strong></span> <span class='ocrx_word' id='word_1_542' title='bbox 2846 3584 3027 3679; x_wconf 55' lang='lat'><strong>1&quot;&quot;45‘_</strong></span> <span class='ocrx_word' id='word_1_543' title='bbox 3051 3585 3292 3679; x_wconf 59' lang='grc' dir='ltr'><strong>αξιίυεηα</strong></span> <span class='ocrx_word' id='word_1_544' title='bbox 3333 3599 3452 3652; x_wconf 69' lang='grc' dir='ltr'><strong>ααίε</strong></span> <span class='ocrx_word' id='word_1_545' title='bbox 3497 3581 3671 3679; x_wconf 39' lang='lat' dir='ltr'><strong>hall“)</strong></span> <span class='ocrx_word' id='word_1_546' title='bbox 3700 3590 3744 3634; x_wconf 68' lang='grc' dir='ltr'><strong>εί</strong></span> 
     </span>
    </p>
   </div>
   <div class='ocr_carea' id='block_1_58' title="bbox 491 3675 2070 3774">
    <p class='ocr_par' dir='ltr' id='par_1_58' title="bbox 491 3675 2070 3770">
     <span class='ocr_line' id='line_1_58' title="bbox 491 3675 2070 3770; baseline -0.002 -16"><span class='ocrx_word' id='word_1_547' title='bbox 491 3714 638 3755; x_wconf 84' lang='lat' dir='ltr'><strong>nono</strong></span> <span class='ocrx_word' id='word_1_548' title='bbox 657 3675 864 3770; x_wconf 83' lang='lat' dir='ltr'><strong>psalmo</strong></span> <span class='ocrx_word' id='word_1_549' title='bbox 884 3675 1146 3769; x_wconf 76' lang='lat' dir='ltr'><strong>scriptum</strong></span> <span class='ocrx_word' id='word_1_550' title='bbox 1173 3675 1257 3753; x_wconf 80' lang='lat' dir='ltr'><strong>est</strong></span> <span class='ocrx_word' id='word_1_551' title='bbox 1304 3698 1370 3757; x_wconf 88' lang='lat' dir='ltr'><strong>de</strong></span> <span class='ocrx_word' id='word_1_552' title='bbox 1397 3714 1462 3754; x_wconf 89' lang='lat' dir='ltr'><strong>eo</strong></span> <span class='ocrx_word' id='word_1_553' title='bbox 1492 3715 1506 3752; x_wconf 86' lang='lat'><strong>:</strong></span> <span class='ocrx_word' id='word_1_554' title='bbox 1549 3697 1809 3768; x_wconf 76' lang='lat' dir='ltr'><strong>Exsurge,</strong></span> <span class='ocrx_word' id='word_1_555' title='bbox 1836 3698 2070 3763; x_wconf 78' lang='lat' dir='ltr'><strong>Domine,</strong></span> 
     </span>
    </p>
   </div>
   <div class='ocr_carea' id='block_1_59' title="bbox 2180 3675 3747 3774">
    <p class='ocr_par' dir='ltr' id='par_1_59' title="bbox 2180 3675 3747 3759">
     <span class='ocr_line' id='line_1_59' title="bbox 2180 3675 3747 3759; baseline -0.004 -24"><span class='ocrx_word' id='word_1_556' title='bbox 2180 3682 2298 3735; x_wconf 87' lang='lat' dir='ltr'><strong>emit</strong></span> <span class='ocrx_word' id='word_1_557' title='bbox 2333 3695 2516 3751; x_wconf 83' lang='lat' dir='ltr'><strong>agrum</strong></span> <span class='ocrx_word' id='word_1_558' title='bbox 2560 3678 2726 3732; x_wconf 82' lang='lat' dir='ltr'><strong>illum.</strong></span> <span class='ocrx_word' id='word_1_559' title='bbox 2753 3676 2954 3749; x_wconf 84' lang='lat' dir='ltr'><strong>(Greg.)</strong></span> <span class='ocrx_word' id='word_1_560' title='bbox 2991 3677 3263 3732; x_wconf 71' lang='lat' dir='ltr'><strong>leorum</strong></span> <span class='ocrx_word' id='word_1_561' title='bbox 3297 3690 3520 3745; x_wconf 83' lang='lat' dir='ltr'><strong>regnum</strong></span> <span class='ocrx_word' id='word_1_562' title='bbox 3551 3675 3747 3759; x_wconf 84' lang='lat' dir='ltr'><strong>idcirco</strong></span> 
     </span>
    </p>
   </div>
   <div class='ocr_carea' id='block_1_60' title="bbox 495 3766 2070 3864">
    <p class='ocr_par' dir='ltr' id='par_1_60' title="bbox 495 3788 2070 3861">
     <span class='ocr_line' id='line_1_60' title="bbox 495 3788 2070 3861; baseline 0.001 -19"><span class='ocrx_word' id='word_1_563' title='bbox 495 3806 603 3843; x_wconf 81' lang='lat' dir='ltr'><strong>non</strong></span> <span class='ocrx_word' id='word_1_564' title='bbox 628 3789 958 3858; x_wconf 78' lang='lat' dir='ltr'><strong>confortetur</strong></span> <span class='ocrx_word' id='word_1_565' title='bbox 975 3790 1148 3843; x_wconf 82' lang='lat' dir='ltr'><strong>homo.</strong></span> <span class='ocrx_word' id='word_1_566' title='bbox 1179 3788 1544 3861; x_wconf 85' lang='lat' dir='ltr'><strong>Quamobrem</strong></span> <span class='ocrx_word' id='word_1_567' title='bbox 1572 3805 1679 3844; x_wconf 87' lang='lat' dir='ltr'><strong>non</strong></span> <span class='ocrx_word' id='word_1_568' title='bbox 1707 3790 1940 3844; x_wconf 89' lang='lat' dir='ltr'><strong>dormiat</strong></span> <span class='ocrx_word' id='word_1_569' title='bbox 1985 3790 2070 3859; x_wconf 89' lang='lat' dir='ltr'><strong>qui</strong></span> 
     </span>
    </p>
   </div>
   <div class='ocr_carea' id='block_1_61' title="bbox 2180 3766 3748 3864">
    <p class='ocr_par' dir='ltr' id='par_1_61' title="bbox 2183 3766 3748 3839">
     <span class='ocr_line' id='line_1_61' title="bbox 2183 3766 3748 3839; baseline -0.006 -12"><span class='ocrx_word' id='word_1_570' title='bbox 2183 3773 2409 3839; x_wconf 81' lang='lat' dir='ltr'><strong>terrenis</strong></span> <span class='ocrx_word' id='word_1_571' title='bbox 2436 3772 2595 3826; x_wconf 88' lang='lat' dir='ltr'><strong>rebus</strong></span> <span class='ocrx_word' id='word_1_572' title='bbox 2622 3769 2794 3824; x_wconf 85' lang='lat' dir='ltr'><strong>simile</strong></span> <span class='ocrx_word' id='word_1_573' title='bbox 2831 3769 3048 3832; x_wconf 87' lang='lat' dir='ltr'><strong>dicitur,</strong></span> <span class='ocrx_word' id='word_1_574' title='bbox 3077 3775 3134 3822; x_wconf 90' lang='lat' dir='ltr'><strong>ut</strong></span> <span class='ocrx_word' id='word_1_575' title='bbox 3168 3781 3232 3821; x_wconf 82' lang='lat' dir='ltr'><strong>ex</strong></span> <span class='ocrx_word' id='word_1_576' title='bbox 3271 3766 3358 3820; x_wconf 88' lang='lat' dir='ltr'><strong>his</strong></span> <span class='ocrx_word' id='word_1_577' title='bbox 3383 3781 3504 3838; x_wconf 64' lang='lat' dir='ltr'><strong>quae</strong></span> <span class='ocrx_word' id='word_1_578' title='bbox 3540 3766 3748 3817; x_wconf 83' lang='lat' dir='ltr'><strong>animus</strong></span> 
     </span>
    </p>
   </div>
   <div class='ocr_carea' id='block_1_62' title="bbox 495 3854 2070 3950">
    <p class='ocr_par' dir='ltr' id='par_1_62' title="bbox 495 3854 2070 3950">
     <span class='ocr_line' id='line_1_62' title="bbox 495 3854 2070 3950; baseline -0.003 -14"><span class='ocrx_word' id='word_1_579' title='bbox 495 3854 755 3936; x_wconf 67' lang='lat' dir='ltr'><strong>Ecclesiae</strong></span> <span class='ocrx_word' id='word_1_580' title='bbox 776 3881 1097 3950; x_wconf 79' lang='lat' dir='ltr'><strong>praepositus</strong></span> <span class='ocrx_word' id='word_1_581' title='bbox 1121 3854 1230 3945; x_wconf 57' lang='lat' dir='ltr'><strong>est,</strong></span> <span class='ocrx_word' id='word_1_582' title='bbox 1256 3893 1325 3934; x_wconf 89' lang='lat' dir='ltr'><strong>ne</strong></span> <span class='ocrx_word' id='word_1_583' title='bbox 1375 3895 1472 3948; x_wconf 88' lang='lat' dir='ltr'><strong>per</strong></span> <span class='ocrx_word' id='word_1_584' title='bbox 1511 3857 1659 3934; x_wconf 84' lang='lat' dir='ltr'><strong>illius</strong></span> <span class='ocrx_word' id='word_1_585' title='bbox 1698 3854 2070 3950; x_wconf 75' lang='lat' dir='ltr'><strong>negligentiam</strong></span> 
     </span>
    </p>
   </div>
   <div class='ocr_carea' id='block_1_63' title="bbox 2180 3854 3748 3950">
    <p class='ocr_par' dir='ltr' id='par_1_63' title="bbox 2183 3854 3748 3932">
     <span class='ocr_line' id='line_1_63' title="bbox 2183 3854 3748 3932; baseline -0.007 -16"><span class='ocrx_word' id='word_1_586' title='bbox 2183 3863 2330 3916; x_wconf 90' lang='lat' dir='ltr'><strong>novit</strong></span> <span class='ocrx_word' id='word_1_587' title='bbox 2385 3869 2568 3932; x_wconf 86' lang='lat' dir='ltr'><strong>surgat</strong></span> <span class='ocrx_word' id='word_1_588' title='bbox 2612 3858 2678 3917; x_wconf 87' lang='lat' dir='ltr'><strong>ad</strong></span> <span class='ocrx_word' id='word_1_589' title='bbox 2726 3859 3017 3926; x_wconf 81' lang='lat' dir='ltr'><strong>incognita,</strong></span> <span class='ocrx_word' id='word_1_590' title='bbox 3052 3865 3320 3925; x_wconf 83' lang='lat' dir='ltr'><strong>quatenus</strong></span> <span class='ocrx_word' id='word_1_591' title='bbox 3348 3854 3597 3923; x_wconf 78' lang='lat' dir='ltr'><strong>exemplo</strong></span> <span class='ocrx_word' id='word_1_592' title='bbox 3627 3854 3748 3907; x_wconf 89' lang='lat' dir='ltr'><strong>visi-</strong></span> 
     </span>
    </p>
   </div>
   <div class='ocr_carea' id='block_1_64' title="bbox 492 3948 3746 4040">
    <p class='ocr_par' dir='ltr' id='par_1_64' title="bbox 492 3948 3746 4040">
     <span class='ocr_line' id='line_1_64' title="bbox 492 3948 3746 4040; baseline -0.005 -10"><span class='ocrx_word' id='word_1_593' title='bbox 492 3973 751 4030; x_wconf 83' lang='lat' dir='ltr'><strong>inimicus</strong></span> <span class='ocrx_word' id='word_1_594' title='bbox 771 3948 932 4026; x_wconf 75' lang='lat' dir='ltr'><strong>homo</strong></span> <span class='ocrx_word' id='word_1_595' title='bbox 962 3971 1352 4040; x_wconf 84' lang='lat' dir='ltr'><strong>superseminet</strong></span> <span class='ocrx_word' id='word_1_596' title='bbox 1375 3970 1604 4035; x_wconf 86' lang='lat' dir='ltr'><strong>zizania,</strong></span> <span class='ocrx_word' id='word_1_597' title='bbox 1632 3971 1684 4024; x_wconf 92' lang='lat' dir='ltr'><strong>id</strong></span> <span class='ocrx_word' id='word_1_598' title='bbox 1714 3948 1820 4035; x_wconf 85' lang='lat' dir='ltr'><strong>est,</strong></span> <span class='ocrx_word' id='word_1_599' title='bbox 1853 3948 2082 4025; x_wconf 25' lang='lat' dir='ltr'><strong>vhaareti-</strong></span> <span class='ocrx_word' id='word_1_600' title='bbox 2181 3951 2387 4015; x_wconf 72' lang='grc' dir='ltr'><strong>Μιίυῐην</strong></span> <span class='ocrx_word' id='word_1_601' title='bbox 2419 3965 2476 4004; x_wconf 72' lang='lat' dir='ltr'><strong>se</strong></span> <span class='ocrx_word' id='word_1_602' title='bbox 2505 3950 2571 4004; x_wconf 69' lang='lat' dir='ltr'><strong>ad</strong></span> <span class='ocrx_word' id='word_1_603' title='bbox 2618 3948 2923 4040; x_wconf 13' lang='grc' dir='ltr'><strong>ίηγίδίῦίίίδῗ</strong></span> <span class='ocrx_word' id='word_1_604' title='bbox 2954 3948 3144 4040; x_wconf 62' lang='lat' dir='ltr'><strong>mpm»</strong></span> <span class='ocrx_word' id='word_1_605' title='bbox 3196 3955 3250 4002; x_wconf 78' lang='grc' dir='ltr'><strong>ει</strong></span> <span class='ocrx_word' id='word_1_606' title='bbox 3289 3963 3385 4017; x_wconf 62' lang='lat' dir='ltr'><strong>Pe&quot;</strong></span> <span class='ocrx_word' id='word_1_607' title='bbox 3413 3961 3625 4040; x_wconf 42' lang='lat' dir='ltr'><strong>callum</strong></span> <span class='ocrx_word' id='word_1_608' title='bbox 3654 3962 3746 4040; x_wconf 66' lang='grc' dir='ltr'><strong>υδιξ</strong></span> 
     </span>
    </p>
   </div>
   <div class='ocr_carea' id='block_1_65' title="bbox 497 4036 2070 4138">
    <p class='ocr_par' dir='ltr' id='par_1_65' title="bbox 497 4036 2070 4132">
     <span class='ocr_line' id='line_1_65' title="bbox 497 4036 2070 4132; baseline -0.001 -14"><span class='ocrx_word' id='word_1_609' title='bbox 497 4079 686 4119; x_wconf 87' lang='lat' dir='ltr'><strong>eorum</strong></span> <span class='ocrx_word' id='word_1_610' title='bbox 713 4063 981 4132; x_wconf 77' lang='lat' dir='ltr'><strong>dogmata.</strong></span> <span class='ocrx_word' id='word_1_611' title='bbox 1013 4036 1167 4128; x_wconf 62' lang='lat' dir='ltr'><strong>Quod</strong></span> <span class='ocrx_word' id='word_1_612' title='bbox 1194 4068 1374 4117; x_wconf 85' lang='lat' dir='ltr'><strong>autem</strong></span> <span class='ocrx_word' id='word_1_613' title='bbox 1414 4061 1634 4126; x_wconf 87' lang='lat' dir='ltr'><strong>dicitur,</strong></span> <span class='ocrx_word' id='word_1_614' title='bbox 1667 4061 1749 4116; x_wconf 87' lang='lat' dir='ltr'><strong>Ne</strong></span> <span class='ocrx_word' id='word_1_615' title='bbox 1774 4063 1908 4132; x_wconf 79' lang='lat' dir='ltr'><strong>forte</strong></span> <span class='ocrx_word' id='word_1_616' title='bbox 1935 4062 2070 4116; x_wconf 88' lang='lat' dir='ltr'><strong>colli-</strong></span> 
     </span>
    </p>
   </div>
   <div class='ocr_carea' id='block_1_66' title="bbox 2180 4036 3746 4138">
    <p class='ocr_par' dir='ltr' id='par_1_66' title="bbox 2181 4036 3746 4113">
     <span class='ocr_line' id='line_1_66' title="bbox 2181 4036 3746 4113; baseline -0.003 -19"><span class='ocrx_word' id='word_1_617' title='bbox 2181 4041 2364 4112; x_wconf 85' lang='lat' dir='ltr'><strong>didicit</strong></span> <span class='ocrx_word' id='word_1_618' title='bbox 2385 4041 2536 4110; x_wconf 87' lang='lat' dir='ltr'><strong>q&#39;uasi</strong></span> <span class='ocrx_word' id='word_1_619' title='bbox 2561 4039 2890 4104; x_wconf 77' lang='lat' dir='ltr'><strong>confricatus</strong></span> <span class='ocrx_word' id='word_1_620' title='bbox 2912 4038 3220 4104; x_wconf 85' lang='lat' dir='ltr'><strong>incalescat,</strong></span> <span class='ocrx_word' id='word_1_621' title='bbox 3265 4045 3323 4113; x_wconf 85' lang='lat' dir='ltr'><strong>ut</strong></span> <span class='ocrx_word' id='word_1_622' title='bbox 3357 4052 3454 4107; x_wconf 87' lang='lat' dir='ltr'><strong>per</strong></span> <span class='ocrx_word' id='word_1_623' title='bbox 3482 4037 3586 4090; x_wconf 91' lang='lat' dir='ltr'><strong>hoc</strong></span> <span class='ocrx_word' id='word_1_624' title='bbox 3610 4036 3746 4105; x_wconf 87' lang='lat' dir='ltr'><strong>quod</strong></span> 
     </span>
    </p>
   </div>
   <div class='ocr_carea' id='block_1_67' title="bbox 495 4126 2070 4226">
    <p class='ocr_par' dir='ltr' id='par_1_67' title="bbox 495 4151 2070 4225">
     <span class='ocr_line' id='line_1_67' title="bbox 495 4151 2070 4225; baseline -0.003 -17"><span class='ocrx_word' id='word_1_625' title='bbox 495 4164 672 4225; x_wconf 77' lang='lat' dir='ltr'><strong>gentes</strong></span> <span class='ocrx_word' id='word_1_626' title='bbox 717 4154 925 4206; x_wconf 77' lang='lat' dir='ltr'><strong>zizania</strong></span> <span class='ocrx_word' id='word_1_627' title='bbox 959 4152 1236 4207; x_wconf 76' lang='lat' dir='ltr'><strong>eradicetis.</strong></span> <span class='ocrx_word' id='word_1_628' title='bbox 1255 4151 1410 4204; x_wconf 86' lang='lat' dir='ltr'><strong>simul</strong></span> <span class='ocrx_word' id='word_1_629' title='bbox 1452 4159 1502 4205; x_wconf 89' lang='lat' dir='ltr'><strong>et</strong></span> <span class='ocrx_word' id='word_1_630' title='bbox 1529 4151 1872 4220; x_wconf 77' lang='lat' dir='ltr'><strong>frumentum,</strong></span> <span class='ocrx_word' id='word_1_631' title='bbox 1927 4152 2070 4208; x_wconf 79' lang='lat' dir='ltr'><strong>datur</strong></span> 
     </span>
    </p>
   </div>
   <div class='ocr_carea' id='block_1_68' title="bbox 2180 4126 3744 4226">
    <p class='ocr_par' dir='ltr' id='par_1_68' title="bbox 2182 4126 3744 4200">
     <span class='ocr_line' id='line_1_68' title="bbox 2182 4126 3744 4200; baseline -0.005 -13"><span class='ocrx_word' id='word_1_632' title='bbox 2182 4133 2286 4187; x_wconf 86' lang='lat' dir='ltr'><strong>scit</strong></span> <span class='ocrx_word' id='word_1_633' title='bbox 2306 4140 2510 4195; x_wconf 87' lang='lat' dir='ltr'><strong>notum,</strong></span> <span class='ocrx_word' id='word_1_634' title='bbox 2544 4131 2765 4200; x_wconf 84' lang='lat' dir='ltr'><strong>diligere</strong></span> <span class='ocrx_word' id='word_1_635' title='bbox 2793 4129 2965 4184; x_wconf 88' lang='lat' dir='ltr'><strong>discat</strong></span> <span class='ocrx_word' id='word_1_636' title='bbox 2989 4138 3043 4184; x_wconf 91' lang='lat' dir='ltr'><strong>et</strong></span> <span class='ocrx_word' id='word_1_637' title='bbox 3068 4127 3340 4195; x_wconf 80' lang='lat' dir='ltr'><strong>incognita</strong></span> <span class='ocrx_word' id='word_1_638' title='bbox 3377 4142 3583 4181; x_wconf 86' lang='lat' dir='ltr'><strong>amare.</strong></span> <span class='ocrx_word' id='word_1_639' title='bbox 3613 4126 3744 4180; x_wconf 83' lang='lat' dir='ltr'><strong>Ecce</strong></span> 
     </span>
    </p>
   </div>
   <div class='ocr_carea' id='block_1_69' title="bbox 497 4217 2070 4311">
    <p class='ocr_par' dir='ltr' id='par_1_69' title="bbox 497 4217 2070 4311">
     <span class='ocr_line' id='line_1_69' title="bbox 497 4217 2070 4311; baseline -0.001 -15"><span class='ocrx_word' id='word_1_640' title='bbox 497 4217 648 4298; x_wconf 74' lang='lat' dir='ltr'><strong>locus</strong></span> <span class='ocrx_word' id='word_1_641' title='bbox 691 4242 1043 4311; x_wconf 60' lang='lat' dir='ltr'><strong>paenitentiae,</strong></span> <span class='ocrx_word' id='word_1_642' title='bbox 1068 4249 1125 4295; x_wconf 92' lang='lat' dir='ltr'><strong>et</strong></span> <span class='ocrx_word' id='word_1_643' title='bbox 1144 4255 1428 4294; x_wconf 88' lang='lat' dir='ltr'><strong>monemur</strong></span> <span class='ocrx_word' id='word_1_644' title='bbox 1471 4255 1539 4295; x_wconf 89' lang='lat' dir='ltr'><strong>ne</strong></span> <span class='ocrx_word' id='word_1_645' title='bbox 1591 4241 1700 4295; x_wconf 93' lang='lat' dir='ltr'><strong>cito</strong></span> <span class='ocrx_word' id='word_1_646' title='bbox 1743 4248 2070 4310; x_wconf 73' lang='lat' dir='ltr'><strong>amputemus</strong></span> 
     </span>
    </p>
   </div>
   <div class='ocr_carea' id='block_1_70' title="bbox 2180 4217 3744 4311">
    <p class='ocr_par' dir='ltr' id='par_1_70' title="bbox 2181 4217 3744 4290">
     <span class='ocr_line' id='line_1_70' title="bbox 2181 4217 3744 4290; baseline -0.007 -13"><span class='ocrx_word' id='word_1_647' title='bbox 2181 4224 2323 4289; x_wconf 84' lang='lat' dir='ltr'><strong>enim</strong></span> <span class='ocrx_word' id='word_1_648' title='bbox 2352 4221 2597 4275; x_wconf 75' lang='lat' dir='ltr'><strong>caelorum</strong></span> <span class='ocrx_word' id='word_1_649' title='bbox 2639 4237 2850 4290; x_wconf 86' lang='lat' dir='ltr'><strong>regnum</strong></span> <span class='ocrx_word' id='word_1_650' title='bbox 2905 4222 3147 4274; x_wconf 77' lang='lat' dir='ltr'><strong>thesauro</strong></span> <span class='ocrx_word' id='word_1_651' title='bbox 3166 4219 3220 4272; x_wconf 88' lang='lat' dir='ltr'><strong>in</strong></span> <span class='ocrx_word' id='word_1_652' title='bbox 3263 4234 3389 4289; x_wconf 87' lang='lat' dir='ltr'><strong>agro</strong></span> <span class='ocrx_word' id='word_1_653' title='bbox 3449 4217 3744 4270; x_wconf 87' lang='lat' dir='ltr'><strong>abscondito</strong></span> 
     </span>
    </p>
   </div>
   <div class='ocr_carea' id='block_1_71' title="bbox 498 4308 2070 4402">
    <p class='ocr_par' dir='ltr' id='par_1_71' title="bbox 498 4308 2070 4402">
     <span class='ocr_line' id='line_1_71' title="bbox 498 4308 2070 4402; baseline -0.001 -17"><span class='ocrx_word' id='word_1_654' title='bbox 498 4308 744 4398; x_wconf 81' lang='lat' dir='ltr'><strong>fratrem,</strong></span> <span class='ocrx_word' id='word_1_655' title='bbox 773 4332 898 4402; x_wconf 86' lang='lat' dir='ltr'><strong>quia</strong></span> <span class='ocrx_word' id='word_1_656' title='bbox 930 4331 1042 4385; x_wconf 85' lang='lat' dir='ltr'><strong>ﬁeri</strong></span> <span class='ocrx_word' id='word_1_657' title='bbox 1075 4339 1278 4401; x_wconf 73' lang='lat' dir='ltr'><strong>potest,</strong></span> <span class='ocrx_word' id='word_1_658' title='bbox 1300 4339 1360 4385; x_wconf 89' lang='lat' dir='ltr'><strong>ut</strong></span> <span class='ocrx_word' id='word_1_659' title='bbox 1393 4330 1483 4398; x_wconf 86' lang='lat' dir='ltr'><strong>ille</strong></span> <span class='ocrx_word' id='word_1_660' title='bbox 1502 4331 1592 4400; x_wconf 88' lang='lat' dir='ltr'><strong>qui</strong></span> <span class='ocrx_word' id='word_1_661' title='bbox 1622 4331 1779 4386; x_wconf 87' lang='lat' dir='ltr'><strong>hodie</strong></span> <span class='ocrx_word' id='word_1_662' title='bbox 1804 4308 1965 4385; x_wconf 80' lang='lat' dir='ltr'><strong>noxio</strong></span> <span class='ocrx_word' id='word_1_663' title='bbox 1991 4331 2070 4385; x_wconf 88' lang='lat' dir='ltr'><strong>de-</strong></span> 
     </span>
    </p>
   </div>
   <div class='ocr_carea' id='block_1_72' title="bbox 2180 4308 3746 4402">
    <p class='ocr_par' dir='ltr' id='par_1_72' title="bbox 2182 4308 3746 4382">
     <span class='ocr_line' id='line_1_72' title="bbox 2182 4308 3746 4382; baseline -0.006 -15"><span class='ocrx_word' id='word_1_664' title='bbox 2182 4315 2549 4382; x_wconf 80' lang='lat' dir='ltr'><strong>cetuparatur,</strong></span> <span class='ocrx_word' id='word_1_665' title='bbox 2593 4327 2744 4380; x_wconf 88' lang='lat' dir='ltr'><strong>quem</strong></span> <span class='ocrx_word' id='word_1_666' title='bbox 2791 4312 2879 4382; x_wconf 88' lang='lat' dir='ltr'><strong>qui</strong></span> <span class='ocrx_word' id='word_1_667' title='bbox 2928 4312 3118 4363; x_wconf 85' lang='lat' dir='ltr'><strong>invenit</strong></span> <span class='ocrx_word' id='word_1_668' title='bbox 3146 4310 3298 4362; x_wconf 84' lang='lat' dir='ltr'><strong>homo</strong></span> <span class='ocrx_word' id='word_1_669' title='bbox 3351 4308 3641 4370; x_wconf 87' lang='lat' dir='ltr'><strong>abscondit,</strong></span> <span class='ocrx_word' id='word_1_670' title='bbox 3701 4314 3746 4357; x_wconf 84' lang='lat' dir='ltr'><strong>et</strong></span> 
     </span>
    </p>
   </div>
   <div class='ocr_carea' id='block_1_73' title="bbox 497 4397 2070 4490">
    <p class='ocr_par' dir='ltr' id='par_1_73' title="bbox 497 4397 2070 4490">
     <span class='ocr_line' id='line_1_73' title="bbox 497 4397 2070 4490; baseline -0.001 -17"><span class='ocrx_word' id='word_1_671' title='bbox 497 4397 758 4490; x_wconf 84' lang='lat' dir='ltr'><strong>pravatus</strong></span> <span class='ocrx_word' id='word_1_672' title='bbox 789 4397 874 4475; x_wconf 78' lang='lat' dir='ltr'><strong>est</strong></span> <span class='ocrx_word' id='word_1_673' title='bbox 911 4397 1184 4490; x_wconf 74' lang='lat' dir='ltr'><strong>dogmate,</strong></span> <span class='ocrx_word' id='word_1_674' title='bbox 1225 4435 1347 4476; x_wconf 88' lang='lat' dir='ltr'><strong>cras</strong></span> <span class='ocrx_word' id='word_1_675' title='bbox 1369 4397 1682 4489; x_wconf 80' lang='lat' dir='ltr'><strong>resipiscat,</strong></span> <span class='ocrx_word' id='word_1_676' title='bbox 1714 4430 1768 4473; x_wconf 87' lang='lat' dir='ltr'><strong>et</strong></span> <span class='ocrx_word' id='word_1_677' title='bbox 1793 4419 2070 4474; x_wconf 79' lang='lat' dir='ltr'><strong>defendere</strong></span> 
     </span>
    </p>
   </div>
   <div class='ocr_carea' id='block_1_74' title="bbox 2180 4397 3743 4490">
    <p class='ocr_par' dir='ltr' id='par_1_74' title="bbox 2181 4397 3743 4476">
     <span class='ocr_line' id='line_1_74' title="bbox 2181 4397 3743 4476; baseline -0.007 -19"><span class='ocrx_word' id='word_1_678' title='bbox 2181 4422 2289 4476; x_wconf 81' lang='lat' dir='ltr'><strong>pra:</strong></span> <span class='ocrx_word' id='word_1_679' title='bbox 2308 4405 2497 4475; x_wconf 90' lang='lat' dir='ltr'><strong>gaudio</strong></span> <span class='ocrx_word' id='word_1_680' title='bbox 2518 4405 2659 4456; x_wconf 89' lang='lat' dir='ltr'><strong>illius</strong></span> <span class='ocrx_word' id='word_1_681' title='bbox 2683 4403 2841 4465; x_wconf 86' lang='lat' dir='ltr'><strong>vadit,</strong></span> <span class='ocrx_word' id='word_1_682' title='bbox 2868 4413 2916 4455; x_wconf 87' lang='lat' dir='ltr'><strong>et</strong></span> <span class='ocrx_word' id='word_1_683' title='bbox 2950 4401 3122 4454; x_wconf 82' lang='lat' dir='ltr'><strong>vendit</strong></span> <span class='ocrx_word' id='word_1_684' title='bbox 3154 4401 3395 4453; x_wconf 76' lang='lat' dir='ltr'><strong>universa</strong></span> <span class='ocrx_word' id='word_1_685' title='bbox 3427 4415 3546 4468; x_wconf 80' lang='lat' dir='ltr'><strong>qute</strong></span> <span class='ocrx_word' id='word_1_686' title='bbox 3575 4397 3743 4456; x_wconf 84' lang='lat' dir='ltr'><strong>habet,</strong></span> 
     </span>
    </p>
   </div>
   <div class='ocr_carea' id='block_1_75' title="bbox 501 4491 3741 4576">
    <p class='ocr_par' dir='ltr' id='par_1_75' title="bbox 501 4491 3741 4576">
     <span class='ocr_line' id='line_1_75' title="bbox 501 4491 3741 4576; baseline -0.006 -17"><span class='ocrx_word' id='word_1_687' title='bbox 501 4506 724 4575; x_wconf 85' lang='lat' dir='ltr'><strong>incipiat</strong></span> <span class='ocrx_word' id='word_1_688' title='bbox 759 4505 1064 4559; x_wconf 77' lang='lat' dir='ltr'><strong>veritatem.</strong></span> <span class='ocrx_word' id='word_1_689' title='bbox 1106 4503 1238 4558; x_wconf 83' lang='lat' dir='ltr'><strong>Illud</strong></span> <span class='ocrx_word' id='word_1_690' title='bbox 1268 4519 1483 4574; x_wconf 78' lang='lat' dir='ltr'><strong>quoque</strong></span> <span class='ocrx_word' id='word_1_691' title='bbox 1513 4506 1654 4573; x_wconf 91' lang='lat' dir='ltr'><strong>quod</strong></span> <span class='ocrx_word' id='word_1_692' title='bbox 1699 4505 1958 4574; x_wconf 86' lang='lat' dir='ltr'><strong>sequitur,</strong></span> <span class='ocrx_word' id='word_1_693' title='bbox 1992 4505 2079 4560; x_wconf 81' lang='lat' dir='ltr'><strong>Si-</strong></span> <span class='ocrx_word' id='word_1_694' title='bbox 2109 4491 2156 4520; x_wconf 78' lang='lat'>”</span> <span class='ocrx_word' id='word_1_695' title='bbox 2183 4506 2228 4549; x_wconf 80' lang='lat' dir='ltr'><strong>et</strong></span> <span class='ocrx_word' id='word_1_696' title='bbox 2251 4497 2370 4549; x_wconf 85' lang='lat' dir='ltr'><strong>emit</strong></span> <span class='ocrx_word' id='word_1_697' title='bbox 2408 4512 2592 4565; x_wconf 79' lang='lat' dir='ltr'><strong>agrum</strong></span> <span class='ocrx_word' id='word_1_698' title='bbox 2620 4493 2786 4548; x_wconf 87' lang='lat' dir='ltr'><strong>illum.</strong></span> <span class='ocrx_word' id='word_1_699' title='bbox 2825 4493 2940 4560; x_wconf 86' lang='lat' dir='ltr'><strong>Qua</strong></span> <span class='ocrx_word' id='word_1_700' title='bbox 2971 4493 3022 4576; x_wconf 80' lang='lat' dir='ltr'><strong>in</strong></span> <span class='ocrx_word' id='word_1_701' title='bbox 3055 4506 3113 4545; x_wconf 90' lang='lat' dir='ltr'><strong>re</strong></span> <span class='ocrx_word' id='word_1_702' title='bbox 3163 4491 3266 4548; x_wconf 86' lang='lat' dir='ltr'><strong>hoc</strong></span> <span class='ocrx_word' id='word_1_703' title='bbox 3310 4505 3524 4559; x_wconf 83' lang='lat' dir='ltr'><strong>quoque</strong></span> <span class='ocrx_word' id='word_1_704' title='bbox 3554 4495 3741 4541; x_wconf 88' lang='lat' dir='ltr'><strong>notan-</strong></span> 
     </span>
    </p>
   </div>
   <div class='ocr_carea' id='block_1_76' title="bbox 462 4577 3743 4664">
    <p class='ocr_par' dir='ltr' id='par_1_76' title="bbox 462 4577 3743 4664">
     <span class='ocr_line' id='line_1_76' title="bbox 462 4577 3743 4664; baseline -0.002 -17"><span class='ocrx_word' id='word_1_705' title='bbox 462 4607 466 4611; x_wconf 79' lang='lat'><em>‘</em></span> <span class='ocrx_word' id='word_1_706' title='bbox 501 4597 847 4664; x_wconf 68' lang='lat' dir='ltr'><strong>uiteutraque</strong></span> <span class='ocrx_word' id='word_1_707' title='bbox 890 4611 1115 4648; x_wconf 84' lang='lat' dir='ltr'><strong>crescere</strong></span> <span class='ocrx_word' id='word_1_708' title='bbox 1159 4611 1320 4664; x_wconf 87' lang='lat' dir='ltr'><strong>usque</strong></span> <span class='ocrx_word' id='word_1_709' title='bbox 1367 4594 1436 4648; x_wconf 92' lang='lat' dir='ltr'><strong>ad</strong></span> <span class='ocrx_word' id='word_1_710' title='bbox 1482 4612 1718 4659; x_wconf 77' lang='lat' dir='ltr'><strong>messem,</strong></span> <span class='ocrx_word' id='word_1_711' title='bbox 1761 4596 1974 4650; x_wconf 86' lang='lat' dir='ltr'><strong>videtur</strong></span> <span class='ocrx_word' id='word_1_712' title='bbox 2006 4595 2080 4649; x_wconf 83' lang='lat' dir='ltr'><strong>illi</strong></span> <span class='ocrx_word' id='word_1_713' title='bbox 2185 4590 2312 4644; x_wconf 88' lang='lat' dir='ltr'><strong>dum</strong></span> <span class='ocrx_word' id='word_1_714' title='bbox 2358 4598 2460 4653; x_wconf 86' lang='lat' dir='ltr'><strong>est,</strong></span> <span class='ocrx_word' id='word_1_715' title='bbox 2490 4588 2632 4658; x_wconf 91' lang='lat' dir='ltr'><strong>quod</strong></span> <span class='ocrx_word' id='word_1_716' title='bbox 2662 4587 2913 4641; x_wconf 83' lang='lat' dir='ltr'><strong>inventus</strong></span> <span class='ocrx_word' id='word_1_717' title='bbox 2961 4577 3243 4642; x_wconf 79' lang='lat' dir='ltr'><strong>thesaurus</strong></span> <span class='ocrx_word' id='word_1_718' title='bbox 3289 4581 3658 4658; x_wconf 69' lang='lat' dir='ltr'><strong>absconditur.</strong></span> <span class='ocrx_word' id='word_1_719' title='bbox 3687 4585 3743 4628; x_wconf 78' lang='grc' dir='ltr'><strong>ιιι</strong></span> 
     </span>
    </p>
   </div>
   <div class='ocr_carea' id='block_1_77' title="bbox 500 4669 3743 4757">
    <p class='ocr_par' dir='ltr' id='par_1_77' title="bbox 500 4669 3743 4757">
     <span class='ocr_line' id='line_1_77' title="bbox 500 4669 3743 4757; baseline -0.006 -19"><span class='ocrx_word' id='word_1_720' title='bbox 500 4693 769 4757; x_wconf 64' lang='lat' dir='ltr'><strong>praecepto</strong></span> <span class='ocrx_word' id='word_1_721' title='bbox 792 4684 1118 4738; x_wconf 77' lang='lat' dir='ltr'><strong>contrariam</strong></span> <span class='ocrx_word' id='word_1_722' title='bbox 1158 4703 1171 4737; x_wconf 92' lang='lat'>:</span> <span class='ocrx_word' id='word_1_723' title='bbox 1202 4684 1413 4754; x_wconf 78' lang='lat' dir='ltr'><strong>Auferte</strong></span> <span class='ocrx_word' id='word_1_724' title='bbox 1457 4670 1652 4748; x_wconf 84' lang='lat' dir='ltr'><strong>malum</strong></span> <span class='ocrx_word' id='word_1_725' title='bbox 1682 4685 1746 4738; x_wconf 89' lang='lat' dir='ltr'><strong>de</strong></span> <span class='ocrx_word' id='word_1_726' title='bbox 1779 4685 1948 4739; x_wconf 87' lang='lat' dir='ltr'><strong>medio</strong></span> <span class='ocrx_word' id='word_1_727' title='bbox 2003 4701 2084 4739; x_wconf 83' lang='lat' dir='ltr'><strong>ve-</strong></span> <span class='ocrx_word' id='word_1_728' title='bbox 2185 4689 2506 4744; x_wconf 88' lang='lat' dir='ltr'><strong>reservetur,</strong></span> <span class='ocrx_word' id='word_1_729' title='bbox 2534 4680 2656 4748; x_wconf 88' lang='lat' dir='ltr'><strong>quia</strong></span> <span class='ocrx_word' id='word_1_730' title='bbox 2684 4679 2918 4733; x_wconf 90' lang='lat' dir='ltr'><strong>studium</strong></span> <span class='ocrx_word' id='word_1_731' title='bbox 2944 4677 3196 4732; x_wconf 63' lang='lat' dir='ltr'><strong>caelestis</strong></span> <span class='ocrx_word' id='word_1_732' title='bbox 3232 4675 3483 4734; x_wconf 81' lang='lat' dir='ltr'><strong>desiderii</strong></span> <span class='ocrx_word' id='word_1_733' title='bbox 3530 4687 3562 4725; x_wconf 88' lang='lat' dir='ltr'><strong>a</strong></span> <span class='ocrx_word' id='word_1_734' title='bbox 3596 4669 3743 4724; x_wconf 84' lang='lat' dir='ltr'><strong>mali—</strong></span> 
     </span>
    </p>
   </div>
   <div class='ocr_carea' id='block_1_78' title="bbox 502 4761 3746 4847">
    <p class='ocr_par' dir='ltr' id='par_1_78' title="bbox 502 4761 3746 4847">
     <span class='ocr_line' id='line_1_78' title="bbox 502 4761 3746 4847; baseline -0.006 -14"><span class='ocrx_word' id='word_1_735' title='bbox 502 4790 669 4834; x_wconf 87' lang='lat' dir='ltr'><strong>strum</strong></span> <span class='ocrx_word' id='word_1_736' title='bbox 698 4774 756 4847; x_wconf 73' lang='lat'><strong>(1</strong></span> <span class='ocrx_word' id='word_1_737' title='bbox 781 4773 903 4829; x_wconf 88' lang='lat' dir='ltr'><strong>Cor.</strong></span> <span class='ocrx_word' id='word_1_738' title='bbox 927 4773 1023 4844; x_wconf 85' lang='lat' dir='ltr'><strong>v);</strong></span> <span class='ocrx_word' id='word_1_739' title='bbox 1075 4782 1129 4829; x_wconf 90' lang='lat' dir='ltr'><strong>et</strong></span> <span class='ocrx_word' id='word_1_740' title='bbox 1158 4789 1496 4844; x_wconf 88' lang='lat' dir='ltr'><strong>nequaquam</strong></span> <span class='ocrx_word' id='word_1_741' title='bbox 1538 4776 1853 4830; x_wconf 88' lang='lat' dir='ltr'><strong>societatem</strong></span> <span class='ocrx_word' id='word_1_742' title='bbox 1869 4772 2084 4830; x_wconf 45' lang='lat' dir='ltr'><strong>‘haben-</strong></span> <span class='ocrx_word' id='word_1_743' title='bbox 2185 4772 2304 4842; x_wconf 82' lang='lat' dir='ltr'><strong>guis</strong></span> <span class='ocrx_word' id='word_1_744' title='bbox 2324 4770 2598 4842; x_wconf 86' lang='lat' dir='ltr'><strong>spiritibus</strong></span> <span class='ocrx_word' id='word_1_745' title='bbox 2637 4768 2908 4823; x_wconf 89' lang='lat' dir='ltr'><strong>custodire</strong></span> <span class='ocrx_word' id='word_1_746' title='bbox 2930 4783 3034 4820; x_wconf 90' lang='lat' dir='ltr'><strong>nou</strong></span> <span class='ocrx_word' id='word_1_747' title='bbox 3064 4765 3278 4826; x_wconf 86' lang='lat' dir='ltr'><strong>sulIicit,</strong></span> <span class='ocrx_word' id='word_1_748' title='bbox 3308 4765 3401 4834; x_wconf 90' lang='lat' dir='ltr'><strong>qui</strong></span> <span class='ocrx_word' id='word_1_749' title='bbox 3429 4765 3532 4818; x_wconf 87' lang='lat' dir='ltr'><strong>hoc</strong></span> <span class='ocrx_word' id='word_1_750' title='bbox 3557 4762 3623 4815; x_wconf 90' lang='lat' dir='ltr'><strong>ab</strong></span> <span class='ocrx_word' id='word_1_751' title='bbox 3659 4761 3746 4814; x_wconf 85' lang='lat' dir='ltr'><strong>hu-</strong></span> 
     </span>
    </p>
   </div>
   <div class='ocr_carea' id='block_1_79' title="bbox 504 4854 3745 4944">
    <p class='ocr_par' dir='ltr' id='par_1_79' title="bbox 504 4854 3745 4944">
     <span class='ocr_line' id='line_1_79' title="bbox 504 4854 3745 4944; baseline -0.007 -21"><span class='ocrx_word' id='word_1_752' title='bbox 504 4862 2086 4935; x_wconf 78' lang='lat' dir='ltr'><strong>damcumhisquifratresnominentur,etsintadulteriet</strong></span> <span class='ocrx_word' id='word_1_753' title='bbox 2188 4863 2361 4917; x_wconf 88' lang='lat' dir='ltr'><strong>manis</strong></span> <span class='ocrx_word' id='word_1_754' title='bbox 2397 4859 2638 4944; x_wconf 48' lang='lat' dir='ltr'><strong>lgldibus</strong></span> <span class='ocrx_word' id='word_1_755' title='bbox 2694 4875 2799 4913; x_wconf 82' lang='lat' dir='ltr'><strong>non</strong></span> <span class='ocrx_word' id='word_1_756' title='bbox 2862 4857 3160 4912; x_wconf 83' lang='lat' dir='ltr'><strong>abscondit.</strong></span> <span class='ocrx_word' id='word_1_757' title='bbox 3215 4854 3525 4944; x_wconf 88' lang='lat' dir='ltr'><strong>Thesaurus</strong></span> <span class='ocrx_word' id='word_1_758' title='bbox 3575 4861 3745 4944; x_wconf 79' lang='lat' dir='ltr'><strong>autem</strong></span> 
     </span>
    </p>
   </div>
   <div class='ocr_carea' id='block_1_80' title="bbox 502 4939 3747 5026">
    <p class='ocr_par' dir='ltr' id='par_1_80' title="bbox 502 4939 3747 5026">
     <span class='ocr_line' id='line_1_80' title="bbox 502 4939 3747 5026; baseline -0.005 -14"><span class='ocrx_word' id='word_1_759' title='bbox 502 4958 877 5014; x_wconf 83' lang='lat' dir='ltr'><strong>tornicatores.</strong></span> <span class='ocrx_word' id='word_1_760' title='bbox 925 4955 1140 5010; x_wconf 88' lang='lat' dir='ltr'><strong>Sienim</strong></span> <span class='ocrx_word' id='word_1_761' title='bbox 1164 4953 1801 5024; x_wconf 86' lang='lat' dir='ltr'><strong>prohibetureradicatio,</strong></span> <span class='ocrx_word' id='word_1_762' title='bbox 1826 4970 1992 5023; x_wconf 88' lang='lat' dir='ltr'><strong>usque</strong></span> <span class='ocrx_word' id='word_1_763' title='bbox 2017 4956 2082 5017; x_wconf 86' lang='lat' dir='ltr'><strong>ad</strong></span> <span class='ocrx_word' id='word_1_764' title='bbox 2187 4939 2549 5006; x_wconf 56' lang='lat' dir='ltr'><strong>coaleste&#39;est</strong></span> <span class='ocrx_word' id='word_1_765' title='bbox 2589 4947 2933 5026; x_wconf 83' lang='lat' dir='ltr'><strong>desiderium.</strong></span> <span class='ocrx_word' id='word_1_766' title='bbox 3002 4945 3147 5016; x_wconf 86' lang='lat' dir='ltr'><strong>Ager</strong></span> <span class='ocrx_word' id='word_1_767' title='bbox 3201 4958 3330 4997; x_wconf 88' lang='lat' dir='ltr'><strong>vero</strong></span> <span class='ocrx_word' id='word_1_768' title='bbox 3372 4943 3427 4996; x_wconf 89' lang='lat' dir='ltr'><strong>in</strong></span> <span class='ocrx_word' id='word_1_769' title='bbox 3481 4955 3588 5010; x_wconf 89' lang='lat' dir='ltr'><strong>quo</strong></span> <span class='ocrx_word' id='word_1_770' title='bbox 3631 4939 3747 4991; x_wconf 80' lang='lat' dir='ltr'><strong>the-</strong></span> 
     </span>
    </p>
   </div>
   <div class='ocr_carea' id='block_1_81' title="bbox 505 5027 3744 5115">
    <p class='ocr_par' dir='ltr' id='par_1_81' title="bbox 505 5027 3744 5115">
     <span class='ocr_line' id='line_1_81' title="bbox 505 5027 3744 5115; baseline -0.008 -13"><span class='ocrx_word' id='word_1_771' title='bbox 505 5061 741 5103; x_wconf 87' lang='lat' dir='ltr'><strong>messem</strong></span> <span class='ocrx_word' id='word_1_772' title='bbox 779 5047 1001 5100; x_wconf 76' lang='lat' dir='ltr'><strong>torrenda</strong></span> <span class='ocrx_word' id='word_1_773' title='bbox 1031 5055 1118 5101; x_wconf 82' lang='lat' dir='ltr'><strong>est</strong></span> <span class='ocrx_word' id='word_1_774' title='bbox 1140 5045 1508 5114; x_wconf 79' lang='lat' dir='ltr'><strong>patientiazet</strong></span> <span class='ocrx_word' id='word_1_775' title='bbox 1539 5045 1808 5113; x_wconf 90' lang='lat' dir='ltr'><strong>quomodo</strong></span> <span class='ocrx_word' id='word_1_776' title='bbox 1835 5044 2083 5115; x_wconf 84' lang='lat' dir='ltr'><strong>ejiciendi</strong></span> <span class='ocrx_word' id='word_1_777' title='bbox 2189 5053 2382 5091; x_wconf 90' lang='lat' dir='ltr'><strong>saurus</strong></span> <span class='ocrx_word' id='word_1_778' title='bbox 2449 5036 2795 5113; x_wconf 77' lang='lat' dir='ltr'><strong>absconditur</strong></span> <span class='ocrx_word' id='word_1_779' title='bbox 2828 5074 2844 5098; x_wconf 90' lang='lat'><strong>,</strong></span> <span class='ocrx_word' id='word_1_780' title='bbox 2903 5033 3184 5101; x_wconf 88' lang='lat' dir='ltr'><strong>disciplina</strong></span> <span class='ocrx_word' id='word_1_781' title='bbox 3253 5030 3414 5085; x_wconf 82' lang='lat' dir='ltr'><strong>studii</strong></span> <span class='ocrx_word' id='word_1_782' title='bbox 3491 5027 3744 5082; x_wconf 67' lang='lat' dir='ltr'><strong>catlestis.</strong></span> 
     </span>
    </p>
   </div>
   <div class='ocr_carea' id='block_1_82' title="bbox 504 5118 3746 5207">
    <p class='ocr_par' dir='ltr' id='par_1_82' title="bbox 504 5118 3746 5207">
     <span class='ocr_line' id='line_1_82' title="bbox 504 5118 3746 5207; baseline -0.006 -16"><span class='ocrx_word' id='word_1_783' title='bbox 504 5146 632 5192; x_wconf 76' lang='lat' dir='ltr'><strong>sunt</strong></span> <span class='ocrx_word' id='word_1_784' title='bbox 651 5137 870 5207; x_wconf 90' lang='lat' dir='ltr'><strong>quidam</strong></span> <span class='ocrx_word' id='word_1_785' title='bbox 884 5135 950 5189; x_wconf 88' lang='lat' dir='ltr'><strong>de</strong></span> <span class='ocrx_word' id='word_1_786' title='bbox 966 5135 1140 5189; x_wconf 75' lang='lat' dir='ltr'><strong>medio</strong></span> <span class='ocrx_word' id='word_1_787' title='bbox 1154 5137 1430 5190; x_wconf 88' lang='lat' dir='ltr'><strong>nostrum?</strong></span> <span class='ocrx_word' id='word_1_788' title='bbox 1450 5137 1595 5190; x_wconf 89' lang='lat' dir='ltr'><strong>Inter</strong></span> <span class='ocrx_word' id='word_1_789' title='bbox 1612 5135 1849 5191; x_wconf 89' lang='lat' dir='ltr'><strong>triticum</strong></span> <span class='ocrx_word' id='word_1_790' title='bbox 1874 5143 1928 5189; x_wconf 93' lang='lat' dir='ltr'><strong>et</strong></span> <span class='ocrx_word' id='word_1_791' title='bbox 1949 5134 2086 5187; x_wconf 79' lang='lat' dir='ltr'><strong>ziza-</strong></span> <span class='ocrx_word' id='word_1_792' title='bbox 2191 5118 2357 5200; x_wconf 86' lang='lat' dir='ltr'><strong>Quem</strong></span> <span class='ocrx_word' id='word_1_793' title='bbox 2416 5124 2656 5205; x_wconf 78' lang='lat' dir='ltr'><strong>profecto</strong></span> <span class='ocrx_word' id='word_1_794' title='bbox 2711 5138 2897 5192; x_wconf 85' lang='lat' dir='ltr'><strong>agrum</strong></span> <span class='ocrx_word' id='word_1_795' title='bbox 2939 5122 3167 5200; x_wconf 84' lang='lat' dir='ltr'><strong>venditis</strong></span> <span class='ocrx_word' id='word_1_796' title='bbox 3234 5120 3483 5174; x_wconf 89' lang='lat' dir='ltr'><strong>omnibus</strong></span> <span class='ocrx_word' id='word_1_797' title='bbox 3535 5131 3746 5186; x_wconf 72' lang='lat' dir='ltr'><strong>etnupa-</strong></span> 
     </span>
    </p>
   </div>
   <div class='ocr_carea' id='block_1_83' title="bbox 508 5211 3750 5298">
    <p class='ocr_par' dir='ltr' id='par_1_83' title="bbox 508 5211 3750 5298">
     <span class='ocr_line' id='line_1_83' title="bbox 508 5211 3750 5298; baseline -0.007 -15"><span class='ocrx_word' id='word_1_798' title='bbox 508 5226 1768 5298; x_wconf 88' lang='lat' dir='ltr'><strong>nium,quodnosappellamuslolium,quandiu</strong></span> <span class='ocrx_word' id='word_1_799' title='bbox 1793 5226 2081 5288; x_wconf 90' lang='lat' dir='ltr'><strong>herbaest,</strong></span> <span class='ocrx_word' id='word_1_800' title='bbox 2191 5227 2304 5284; x_wconf 86' lang='lat' dir='ltr'><strong>rat,</strong></span> <span class='ocrx_word' id='word_1_801' title='bbox 2354 5217 2450 5286; x_wconf 82' lang='lat' dir='ltr'><strong>qui</strong></span> <span class='ocrx_word' id='word_1_802' title='bbox 2515 5215 2878 5284; x_wconf 85' lang='lat' dir='ltr'><strong>voluptatibus</strong></span> <span class='ocrx_word' id='word_1_803' title='bbox 2938 5213 3118 5268; x_wconf 83' lang='lat' dir='ltr'><strong>carnis</strong></span> <span class='ocrx_word' id='word_1_804' title='bbox 3173 5211 3509 5277; x_wconf 84' lang='lat' dir='ltr'><strong>renuntians,</strong></span> <span class='ocrx_word' id='word_1_805' title='bbox 3562 5217 3750 5264; x_wconf 81' lang='lat' dir='ltr'><strong>cuncta</strong></span> 
     </span>
    </p>
   </div>
   <div class='ocr_carea' id='block_1_84' title="bbox 509 5302 2070 5391">
    <p class='ocr_par' dir='ltr' id='par_1_84' title="bbox 509 5320 2070 5391">
     <span class='ocr_line' id='line_1_84' title="bbox 509 5320 2070 5391; baseline 0.001 -19"><span class='ocrx_word' id='word_1_806' title='bbox 509 5329 565 5375; x_wconf 64' lang='lat' dir='ltr'><strong>et</strong></span> <span class='ocrx_word' id='word_1_807' title='bbox 579 5323 805 5377; x_wconf 89' lang='lat' dir='ltr'><strong>necdum</strong></span> <span class='ocrx_word' id='word_1_808' title='bbox 819 5321 1028 5375; x_wconf 91' lang='lat' dir='ltr'><strong>culmus</strong></span> <span class='ocrx_word' id='word_1_809' title='bbox 1043 5320 1188 5373; x_wconf 81' lang='lat' dir='ltr'><strong>venit</strong></span> <span class='ocrx_word' id='word_1_810' title='bbox 1202 5320 1268 5373; x_wconf 91' lang='lat' dir='ltr'><strong>ad</strong></span> <span class='ocrx_word' id='word_1_811' title='bbox 1293 5323 1518 5389; x_wconf 89' lang='lat' dir='ltr'><strong>spicam,</strong></span> <span class='ocrx_word' id='word_1_812' title='bbox 1546 5321 1764 5391; x_wconf 87' lang='lat' dir='ltr'><strong>grandis</strong></span> <span class='ocrx_word' id='word_1_813' title='bbox 1789 5320 2070 5376; x_wconf 78' lang='lat' dir='ltr'><strong>similitudc</strong></span> 
     </span>
    </p>
   </div>
   <div class='ocr_carea' id='block_1_85' title="bbox 2180 5302 3750 5391">
    <p class='ocr_par' dir='ltr' id='par_1_85' title="bbox 2190 5302 3750 5378">
     <span class='ocr_line' id='line_1_85' title="bbox 2190 5302 3750 5378; baseline -0.008 -13"><span class='ocrx_word' id='word_1_814' title='bbox 2190 5326 2286 5365; x_wconf 89' lang='lat' dir='ltr'><strong>sua</strong></span> <span class='ocrx_word' id='word_1_815' title='bbox 2348 5316 2559 5378; x_wconf 88' lang='lat' dir='ltr'><strong>terrena</strong></span> <span class='ocrx_word' id='word_1_816' title='bbox 2615 5308 2879 5362; x_wconf 89' lang='lat' dir='ltr'><strong>desideria</strong></span> <span class='ocrx_word' id='word_1_817' title='bbox 2948 5322 3045 5376; x_wconf 91' lang='lat' dir='ltr'><strong>per</strong></span> <span class='ocrx_word' id='word_1_818' title='bbox 3105 5305 3397 5374; x_wconf 71' lang='lat' dir='ltr'><strong>disciplinae</strong></span> <span class='ocrx_word' id='word_1_819' title='bbox 3455 5302 3750 5356; x_wconf 85' lang='lat' dir='ltr'><strong>custodiam</strong></span> 
     </span>
    </p>
   </div>
   <div class='ocr_carea' id='block_1_86' title="bbox 509 5390 3751 5480">
    <p class='ocr_par' dir='ltr' id='par_1_86' title="bbox 509 5390 3751 5480">
     <span class='ocr_line' id='line_1_86' title="bbox 509 5390 3751 5480; baseline -0.004 -14"><span class='ocrx_word' id='word_1_820' title='bbox 509 5421 613 5477; x_wconf 89' lang='lat' dir='ltr'><strong>cst,</strong></span> <span class='ocrx_word' id='word_1_821' title='bbox 641 5390 2085 5480; x_wconf 77' lang='lat' dir='ltr'><strong>etindiscernendoautnulla,autperdilﬁcilisdistan-</strong></span> <span class='ocrx_word' id='word_1_822' title='bbox 2189 5400 2424 5456; x_wconf 71' lang='lat' dir='ltr'><strong>C(Bleslis</strong></span> <span class='ocrx_word' id='word_1_823' title='bbox 2472 5398 2676 5461; x_wconf 66' lang='lat' dir='ltr'><strong>Calcat.</strong></span> <span class='ocrx_word' id='word_1_824' title='bbox 2746 5405 2806 5450; x_wconf 81' lang='grc' dir='ltr'><strong>ιιι</strong></span> <span class='ocrx_word' id='word_1_825' title='bbox 2871 5396 3003 5449; x_wconf 72' lang='lat' dir='ltr'><strong>Nihil</strong></span> <span class='ocrx_word' id='word_1_826' title='bbox 3051 5394 3194 5463; x_wconf 83' lang='lat' dir='ltr'><strong>quod</strong></span> <span class='ocrx_word' id='word_1_827' title='bbox 3256 5407 3384 5446; x_wconf 75' lang='lat' dir='ltr'><strong>caro</strong></span> <span class='ocrx_word' id='word_1_828' title='bbox 3449 5390 3751 5480; x_wconf 60' lang='lat' dir='ltr'><strong>blandilut.</strong></span> 
     </span>
    </p>
   </div>
   <div class='ocr_carea' id='block_1_87' title="bbox 511 5479 3754 5570">
    <p class='ocr_par' dir='ltr' id='par_1_87' title="bbox 511 5479 3754 5570">
     <span class='ocr_line' id='line_1_87' title="bbox 511 5479 3754 5570; baseline -0.008 -14"><span class='ocrx_word' id='word_1_829' title='bbox 511 5504 1061 5570; x_wconf 74' lang='lat' dir='ltr'><strong>tia.Pra:monetergo</strong></span> <span class='ocrx_word' id='word_1_830' title='bbox 1079 5501 1520 5555; x_wconf 87' lang='lat' dir='ltr'><strong>Dominusneubi</strong></span> <span class='ocrx_word' id='word_1_831' title='bbox 1537 5479 1664 5570; x_wconf 88' lang='lat' dir='ltr'><strong>quid</strong></span> <span class='ocrx_word' id='word_1_832' title='bbox 1683 5500 1989 5570; x_wconf 87' lang='lat' dir='ltr'><strong>ambiguum</strong></span> <span class='ocrx_word' id='word_1_833' title='bbox 2007 5507 2090 5554; x_wconf 87' lang='lat' dir='ltr'><strong>est</strong></span> <span class='ocrx_word' id='word_1_834' title='bbox 2190 5492 2379 5555; x_wconf 69' lang='lat' dir='ltr'><strong>liccat.</strong></span> <span class='ocrx_word' id='word_1_835' title='bbox 2427 5489 2560 5543; x_wconf 80' lang='lat' dir='ltr'><strong>nihil</strong></span> <span class='ocrx_word' id='word_1_836' title='bbox 2604 5488 2747 5559; x_wconf 83' lang='lat' dir='ltr'><strong>quod</strong></span> <span class='ocrx_word' id='word_1_837' title='bbox 2781 5487 3050 5542; x_wconf 76' lang='lat' dir='ltr'><strong>carnalem</strong></span> <span class='ocrx_word' id='word_1_838' title='bbox 3097 5484 3263 5538; x_wconf 71' lang='lat' dir='ltr'><strong>vitam</strong></span> <span class='ocrx_word' id='word_1_839' title='bbox 3306 5481 3556 5545; x_wconf 86' lang='lat' dir='ltr'><strong>trucidat,</strong></span> <span class='ocrx_word' id='word_1_840' title='bbox 3601 5479 3754 5549; x_wconf 86' lang='lat' dir='ltr'><strong>spiri-</strong></span> 
     </span>
    </p>
   </div>
   <div class='ocr_carea' id='block_1_88' title="bbox 511 5573 3754 5659">
    <p class='ocr_par' dir='ltr' id='par_1_88' title="bbox 511 5573 3754 5659">
     <span class='ocr_line' id='line_1_88' title="bbox 511 5573 3754 5659; baseline -0.008 -11"><span class='ocrx_word' id='word_1_841' title='bbox 511 5592 953 5648; x_wconf 82' lang='lat' dir='ltr'><strong>citosententiam</strong></span> <span class='ocrx_word' id='word_1_842' title='bbox 983 5589 1340 5659; x_wconf 79' lang='lat' dir='ltr'><strong>proferamus,</strong></span> <span class='ocrx_word' id='word_1_843' title='bbox 1358 5588 1763 5658; x_wconf 84' lang='lat' dir='ltr'><strong>sedDeojudiei</strong></span> <span class='ocrx_word' id='word_1_844' title='bbox 1798 5587 2086 5643; x_wconf 88' lang='lat' dir='ltr'><strong>terminum</strong></span> <span class='ocrx_word' id='word_1_845' title='bbox 2195 5593 2278 5636; x_wconf 81' lang='lat' dir='ltr'><strong>tus</strong></span> <span class='ocrx_word' id='word_1_846' title='bbox 2335 5583 2628 5636; x_wconf 87' lang='lat' dir='ltr'><strong>horrescat.</strong></span> <span class='ocrx_word' id='word_1_847' title='bbox 2675 5578 2968 5652; x_wconf 78' lang='grc' dir='ltr'><strong>(Ηὶενοη.)</strong></span> <span class='ocrx_word' id='word_1_848' title='bbox 3015 5576 3185 5630; x_wconf 84' lang='lat' dir='ltr'><strong>Aliter</strong></span> <span class='ocrx_word' id='word_1_849' title='bbox 3231 5582 3407 5627; x_wconf 89' lang='lat' dir='ltr'><strong>autem</strong></span> <span class='ocrx_word' id='word_1_850' title='bbox 3473 5573 3754 5626; x_wconf 86' lang='lat' dir='ltr'><strong>thesaurus</strong></span> 
     </span>
    </p>
   </div>
   <div class='ocr_carea' id='block_1_89' title="bbox 515 5664 3756 5748">
    <p class='ocr_par' dir='ltr' id='par_1_89' title="bbox 515 5664 3756 5748">
     <span class='ocr_line' id='line_1_89' title="bbox 515 5664 3756 5748; baseline -0.009 -11"><span class='ocrx_word' id='word_1_851' title='bbox 515 5678 1754 5748; x_wconf 58' lang='lat' dir='ltr'><strong>reservemusmtcumdiesjudiciivcnerit,ille</strong></span> <span class='ocrx_word' id='word_1_852' title='bbox 1790 5677 2091 5746; x_wconf 77' lang='lat' dir='ltr'><strong>nonsuspi-</strong></span> <span class='ocrx_word' id='word_1_853' title='bbox 2195 5673 2332 5737; x_wconf 83' lang='lat' dir='ltr'><strong>iste,</strong></span> <span class='ocrx_word' id='word_1_854' title='bbox 2396 5673 2449 5726; x_wconf 89' lang='lat' dir='ltr'><strong>in</strong></span> <span class='ocrx_word' id='word_1_855' title='bbox 2526 5689 2629 5740; x_wconf 84' lang='lat' dir='ltr'><strong>quo</strong></span> <span class='ocrx_word' id='word_1_856' title='bbox 2682 5680 2798 5724; x_wconf 88' lang='lat' dir='ltr'><strong>sunt</strong></span> <span class='ocrx_word' id='word_1_857' title='bbox 2861 5685 3034 5722; x_wconf 84' lang='lat' dir='ltr'><strong>omnes</strong></span> <span class='ocrx_word' id='word_1_858' title='bbox 3091 5665 3319 5718; x_wconf 81' lang='lat' dir='ltr'><strong>thesauri</strong></span> <span class='ocrx_word' id='word_1_859' title='bbox 3378 5664 3649 5731; x_wconf 76' lang='lat' dir='ltr'><strong>sapientiw</strong></span> <span class='ocrx_word' id='word_1_860' title='bbox 3711 5666 3756 5707; x_wconf 78' lang='lat' dir='ltr'><strong>ct</strong></span> 
     </span>
    </p>
   </div>
  </div>
