3938 6318
248 329 362 388 955

1210 324 1557 394 COMMENT.
1601 325 1664 385 IN
1705 324 2130 394 MATTIIEUM.
2171 357 2241 366 -
2278 325 2402 405 LIB.
2444 322 2532 380 tv.

3377 323 3475 377 954

249 444 484 497 scientire
529 441 813 502 absconditi
847 439 979 510 (Col.
1015 440 1096 508 ιι),
1146 452 1240 495 aut
1286 442 1377 494 Dei
1430 439 1662 494 Verbum
1711 447 1813 503 est,
1843 442 1892 499 Α
1920 447 1978 492 ut
2004 454 2188 508 purus,
2214 447 2268 492 et
2287 438 2508 501 salidus,
2529 442 2583 490 et
2608 448 2869 514 nusquam
2894 449 2922 488 a
2952 448 3009 517 se
3031 434 3310 490 dissonans
3332 446 3476 491 certa

249 520 399 606 quod
452 533 502 606 iu
549 546 711 596 carne
768 529 962 588 Christi
1016 532 1224 610 videtur
1259 520 1675 610 absconditum,
1723 538 1815 582 aut

250 630 458 676 sanctas
513 621 831 689 Scriptum,
893 622 945 676 in
1005 608 1491 695 quibus-reposita
1539 627 1621 673 est
1676 620 1815 673 noti-

251 711 329 765 tia
383 696 714 771 Salvaltorisi
767 724 923 780 quem
967 724 1086 763 cum
1161 709 1281 780 quis
1345 710 1398 761 in
1451 708 1535 762 eis
1601 707 1817 762 invene-

249 801 356 861 rit,
405 801 560 855 debet
603 782 980 864 emniaiistius
1031 798 1210 854 saiculi
1273 795 1632 852 emolumenta
1691 813 1818 852 con-

251 875 517 954 temnere,
564 899 622 945 ut
666 891 811 945 illum
854 886 1020 958 possit
1068 889 1293 957 habere,
1343 902 1501 956 quem
1535 887 1812 956 repererit.

250 978 409 1046 Quod
460 990 640 1035 autem
695 982 965 1050 sequitur:
1021 978 1183 1045 Quem
1210 996 1327 1033 eum
1375 979 1620 1048 invenerit
1667 977 1817 1030 Immo

250 1069 545 1135 abscondit,
571 1069 770 1124 idcirco
791 1070 1003 1134 dicitur,
1022 1085 1125 1124 non
1147 1069 1288 1138 quod
1317 1069 1383 1123 de
1405 1067 1602 1122 invidia
1630 1065 1815 1129 faciat,

252 1161 353 1214 sed
379 1162 517 1229 quod
549 1162 741 1215 timore
775 1162 1038 1215 servantis
1080 1169 1133 1216 et
1159 1160 1387 1215 nolentis
1426 1159 1652 1231 perdere
1692 1159 1816 1211 abs-

253 1248 452 1303 condat
490 1248 543 1301 in
573 1247 734 1302 corde
778 1263 898 1313 suo,
926 1263 1082 1317 quem
1107 1248 1352 1318 pristinis
1391 1246 1624 1319 praetulit
1653 1243 1820 1299 iacul-

252 1340 478 1394 tatibus.
531 1339 710 1411 (Aug)
742 1339 872 1394 item
917 1340 1227 1394 thesaurum
1276 1339 1331 1393 in
1361 1354 1490 1410 agro
1537 1336 1821 1391 abscondi-

253 1437 372 1484 tum
421 1429 576 1492 dixit,
619 1431 723 1486 duo
760 1428 1101 1485 Testamenta
1131 1431 1260 1506 legis
1298 1432 1350 1484 in
1379 1426 1636 1506 Ecclesia.
1687 1427 1820 1504 Cum

251 1519 378 1587 quis
422 1534 484 1574 ea
523 1535 589 1574 ex
619 1529 772 1588 parte
811 1521 1113 1575 intellectus
1164 1505 1436 1591 attigerit,
1496 1505 1660 1574 sentit
1711 1519 1822 1572 illic

249 1621 448 1682 magna
500 1607 696 1673 latere,
745 1618 791 1662 et
817 1608 990 1673 vadit,
1037 1619 1084 1662 et
1129 1609 1298 1663 vendit
1369 1609 1543 1662 omnia
1597 1625 1730 1672 sua,
1769 1614 1824 1662 et

250 1700 384 1754 emit
411 1701 577 1761 illum,
609 1699 660 1754 id
691 1709 790 1764 est,
823 1709 1130 1771 contemptu
1177 1702 1552 1770 temporalium
1604 1717 1795 1774 compa

250 1798 340 1847 rat
367 1787 466 1845 sibi
494 1791 680 1868 ovium,
709 1797 768 1844 ut
797 1791 866 1843 sit
889 1790 1035 1845 dives
1059 1791 1110 1845 in
1139 1791 1441 1868 cognitione
1474 1792 1590 1847 Dei.

315 1878 536 1944 Iterum,
559 1865 726 1960 simile
761 1890 836 1934 est
872 1898 1084 1951 regnum
1107 1865 1353 1936 sculorum
1377 1882 1574 1936 homini
1595 1871 1826 1955 negotia-

250 1974 361 2049 tori
377 1973 627 2039 quaerenti
647 1979 806 2028 bonas
820 1976 1131 2049 margaritas
1146 1978 1381 2040 {inventa
1398 1988 1571 2032 autem
1593 1995 1696 2032 una
1713 1997 1826 2049 pre-

251 2062 391 2114 tiosa
419 2061 724 2131 margarita,
758 2062 883 2116 abiit
927 2073 974 2116 et
1005 2063 1231 2118 vendidit
1263 2068 1438 2120 omnia
1473 2083 1588 2138 quae
1619 2069 1821 2134 habuit,

249 2161 300 2205 et
323 2151 443 2205 emit
475 2145 607 2205 eam.
641 2149 841 2223 (ϐπ-εει.)
867 2153 1099 2229 Rursum
1124 2157 1316 2225 quippe
1341 2157 1562 2222 cmleste
1601 2173 1822 2229 regnum

249 2238 457 2296 homini
509 2240 826 2313 negotiatori
865 2228 1040 2298 simile
1086 2234 1302 2308 dicitur.
1341 2246 1433 2316 qui
1479 2246 1650 2312 bonas
1675 2228 1824 2301 imar—

250 2328 457 2404 garitas
482 2321 692 2399 qumrit',
725 2331 819 2385 sed
866 2321 1024 2385 unam
1057 2332 1357 2402 pretiosam
1391 2334 1627 2399 invenit,
1659 2350 1820 2400 quam

207 2431 215 2437 '
247 2417 500 2473 videlicet
539 2409 807 2474 inventam
852 2408 1028 2476 omnia
1071 2407 1310 2479 vendens
1355 2425 1504 2479 emit.
1533 2415 1702 2494 Quod
1729 2426 1820 2494 qui

250 2507 490 2586 cmlestis
526 2509 647 2563 vita:
697 2510 1052 2578 dulcedinem,
1102 2514 1154 2568 in
1195 2505 1451 2598 quantum
1498 2507 1821 2598 possibilitas

249 2599 509 2664 admittit,
535 2600 771 2670 perfecte
793 2606 1122 2673 cognoverit,
1147 2620 1208 2659 ea
1231 2593 1350 2674 quae
1380 2607 1432 2660 in
1474 2608 1631 2675 terris
1670 2593 1818 2662 ama—4

211 2763 216 2768 ν
247 2697 426 2753 verat,
452 2690 681 2746 libenter
701 2701 891 2747 cuncta
906 2694 1243 2763 derelinquit.
1273 2695 1327 2749 ln
1350 2697 1750 2765 comparatione
1770 2696 1823 2769 ei

247 2773 729 2854 vilescuntomnia,
758 2783 1177 2850 deserithabita,
1204 2774 1524 2856 congregata
1541 2784 1815 2858 dispergit,

187 2908 190 2909 ν
250 2865 546 2923 inardescit
564 2869 614 2922 in
638 2869 946 2946 coelestibus
965 2872 1300 2928 animus..Nil
1331 2875 1384 2927 in
1411 2866 1641 2929 terrenis
1658 2867 1818 2938 libet,

247 2954 493 3036 deforme
512 2957 840 3026 conspicitur
855 2960 1111 3030 quidquid
1130 2962 1195 3016 de
1217 2948 1426 3035 terrena
1442 2964 1685 3043 placebat
1700 2978 1820 3043 spe-

248 3042 358 3107 cie,
396 3043 535 3111 quod
556 3043 666 3097 sola
692 3045 939 3114 pretiosae
964 3048 1266 3118 margaritae
1302 3041 1538 3105 cbarita‘s
1559 3041 1726 3122 fulget
1745 3045 1819 3126 'in

1922 534 2127 583 ratione
2157 518 2426 582 cernatur.
2475 517 2630 592 Quos.
2650 534 2826 579 tamen
2871 541 3056 580 omnes
3085 541 3265 593 veros,
3300 518 3353 581 et
3388 529 3478 583 lir-

1918 604 2055 681 mos,
2087 626 2142 671 et
2167 616 2430 685 perfectOs
2463 615 2760 671 intellectus
2793 632 2930 670 unus
2959 613 3046 670 ille
3085 619 3341 682 continet,
3382 633 3480 687 per

1917 722 2075 776 quem
2099 706 2238 762 facta
2267 716 2390 762 sunt
2412 707 2610 771 omnia,
2636 707 2775 776 quod
2796 716 2877 763 est
2907 706 3134 762 Verbum
3160 708 3271 762 Dei.
3299 709 3478 776 Quod—

1918 789 2044 852 libet
2077 807 2251 852 autem
2281 800 2471 853 horum
2500 798 2658 852 trium
2689 799 2778 864 sit,
2819 799 2898 854 vel
2930 799 2975 853 si
3017 798 3159 852 aliud
3186 815 3478 855 occurrere

1917 889 2168 956 potuerit,
2197 890 2337 958 quod
2369 881 2672 958 margarita:
2702 907 2858 944 unius
2888 901 2942 945 et
2975 887 3223 962 pretiosa:
3260 893 3479 955 nurnine

1919 979 2056 1033 bene
2095 973 2442 1049 signiﬁcatur,
2469 975 2700 1050 pretium
2727 980 2842 1049 ejus
2882 976 2963 1035 eSt
2991 997 3088 1036 nos
3119 980 3244 1051 ipsi,
3281 982 3371 1051 qui
3401 973 3476 1036 ~ad

1919 1082 2035 1122 eam
2074 1068 2447 1138 possidendam
2495 1061 2838 1133 non'sumus
2879 1071 3050 1135 liberi,
3098 1072 3196 1127 nisi
3226 1071 3483 1128 omnibus

1920 1172 2016 1226 pro
2037 1166 2217 1212 nostra
2253 1158 2567 1214 liberatione
2595 1162 2938 1230 contemptis,
2968 1177 3085 1230 quae
3108 1155 3481 1230 temporaliter

1921 1247 2278 1317 possidentur.
2328 1246 2570 1301 Yenditis
2606 1252 2746 1301 enim
2795 1249 2953 1306 rebus
3001 1253 3221 1316 nostris,
3275 1254 3474 1310 nullum

1921 1336 2093 1404 majus
2133 1349 2318 1389 earum
2361 1336 2653 1403 accipimus
2696 1338 2944 1407 pretium,
2971 1354 3130 1407 quam
3182 1356 3282 1396 nos
3313 1343 3478 1412 ipsos,

1921 1425 2046 1495 quia
2074 1425 2266 1480 talibus
2295 1424 2570 1495 implicati,
2611 1425 2782 1480 nostri
2811 1442 2912 1480 non
2951 1442 3181 1488 eramus,
3215 1438 3272 1484 ut
3299 1446 3484 1489 riu-sus

1922 1514 2192 1583 nos’ipsos
2219 1530 2315 1584 pro
2354 1515 2442 1571 illa
2493 1515 2786 1584 margarita
2823 1516 3048 1581 demus;
3101 1534 3203 1571 non
3241 1521 3364 1587 quia
3399 1523 3489 1576 vel-

1924 1602 2058 1655 tanti
2086 1601 2250 1675 valet,
2270 1602 2363 1658 sed
2389 1603 2515 1671 quia
2545 1603 2664 1671 plus
2693 1603 2822 1657 dare
2849 1620 2954 1659 non
2998 1619 3300 1674 possumus.
3335 1607 3486 1676 (llic—

1899 1691 2064 1763 ~ron.)
2109 1691 2280 1756 Aliter
2325 1700 2503 1747 autem
2541 1693 2660 1748 inec
2707 1694 2956 1761 parabola
3009 1695 3128 1748 aliis
3190 1696 3367 1750 verbis
3409 1696 3486 1750 id-

1851 1804 1899 1863 Β
1925 1786 2098 1855 ipsum
2126 1787 2423 1855 exprimere
2449 1793 2626 1856 potest
2645 1786 2888 1856 intelligi,
2910 1787 3052 1856 quod
3080 1803 3240 1857 supra
3269 1788 3481 1842 dicitur.

1926 1875 2085 1929 Bonze
2123 1876 2428 1945 margaritm
2463 1891 2598 1944 quas
2636 1876 2827 1943 quaerit
2877 1876 3110 1940 institor,
3159 1877 3240 1930 lex
3275 1886 3328 1931 et
3360 1893 3484 1946 pro-

1923 1966 2097 2036 phetae
2119 1974 2265 2020 sunt.
2294 1965 2456 2030 Audi,
2505 1965 2777 2031 Marcion;
2811 1966 2955 2030 audi,
2985 1966 3309 2020 Manichaee:
3334 1968 3487 2022 bona:

1924 2054 2227 2125 margaritae
2256 2063 2382 2109 sunt
2423 2054 2505 2109 lex
2546 2062 2600 2108 et
2632 2055 2924 2123 prophetat,
2964 2062 3019 2108 et
3055 2055 3245 2108 notitia
3283 2055 3495 2119 Veteris-

1921 2143 2287 2199 Instrumenti.
2349 2145 2469 2200 .Una
2529 2146 2733 2199 autem'
2761 2153 2844 2198 est
2900 2145 3131 2212 pretiosa
3195 2145 3486 2214 margarita

1921 2239 2143 2295 scientia
2178 2237 2495 2302 Salvatoris,
2530 2246 2586 2293 et
2612 2245 3007 2296 sacramentum
3030 2236 3295 2306 passionis
3319 2235 3482 2301 illius,

1920 2338 1975 2384 et
2025 2329 2435 2392 resurrectionis
2488 2343 2783 2393 arcanum;
2835 2343 2994 2397 quem
3047 2342 3167 2381 cum
3221 2326 3488 2390 invenerit

1921 2418 2082 2472 homo
2108 2418 2406 2488 negotiator
2441 2418 2632 2475 similis
2670 2418 2819 2479 Pauli
2859 2419 3106 2488 apostoli,
3133 2418 3312 2471 omnia
3354 2414 3488 2485 legis

1919 2508 2407 2576 prophetarumqne
2443 2508 2714 2578 mysteria,
2762 2515 2818 2561 et
2863 2507 3263 2562 observationes
3299 2503 3485 2573 pristi-

1921 2613 2039 2663 nas,
2083 2599 2135 2651 in
2163 2599 2354 2667 quibus
2381 2599 2650 2667 inculpate
2679 2599 2922 2661 vixerat,
2945 2598 3097 2667 quasi
3134 2602 3484 2666 purgamenta

1920 2689 2238 2753 contemnit,
2263 2697 2318 2743 et
2338 2689 2490 2757 quasi
2518 2688 2854 2758 quisquilias,
2879 2697 2939 2740 ut
2963 2686 3234 2740 Christum
3262 2682 3485 2738 lucrifa-

1920 2781 2026 2835 ciat
2051 2777 2216 2849 (Phil.
2247 2779 2348 2850 HL).
2394 2778 2508 2832 Non
2541 2792 2646 2847 quo
2672 2777 2913 2831 inventio
2949 2776 3109 2830 unius
3144 2790 3291 2829 novae
3331 2790 3480 2829 mar-

1919 2869 2105 2938 gat-itte
2131 2868 2505 2923 condemnatio
2541 2868 2608 2921 sit
2639 2869 2879 2921 veterum
2903 2881 2917 2930 ;
2961 2864 3054 2932 sed
3082 2880 3188 2933 quo
3209 2879 3486 2934 compara-

1920 2957 2065 3012 tione
2083 2958 2203 3028 ejus
2230 2958 2404 3012 omnis
2427 2957 2528 3015 alia
2553 2971 2760 3028 gemma
2788 2957 2859 3010 sit
2883 2956 3055 3010 vilior.

1990 3045 2189 3100 lterum
2210 3047 2379 3102 simile
2397 3058 2470 3101 est
2494 3063 2704 3116 regnum
2735 3045 2978 3099 caelorum
3008 3061 3212 3115 sagena.’
3237 3043 3409 3099 missa:
3430 3046 3486 3098 in

249 3131 699 3198 mente.Qua:stio
714 3133 991 3204 estitaque
1012 3151 1389 3194 curanumero
1403 3132 1695 3209 plurali,ad
1715 3141 1821 3195 sin—
1847 3138 1890 3200 C
1922 3151 2086 3200 mare.
2125 3146 2174 3190 ετ
2205 3152 2269 3190 επ
2290 3137 2430 3190 omni
2472 3152 2652 3206 θϐηετε
2681 3136 2900 3204 Ρὶοείαιπ
2933 3135 3286 3204 εοηθΐεθαιιεῖ»
3327 3149 3484 3201 quam

248 3218 497 3288 gularem
530 3223 824 3288 transierit,
853 3229 913 3277 ut
938 3222 1068 3279 eum
1088 3220 1289 3296 quazrat
1310 3228 1474 3284 homo
1504 3223 1822 3301 margaritas

246 3308 444 3372 bonas,
469 3326 629 3364 unam
662 3311 900 3368 inveniat
923 3315 1234 3383 pretiosam,
1255 3303 1436 3385 quam,
1457 3320 1684 3376 venditis
1709 3336 1823 3376 om-

248 3398 411 3451 nibus
448 3413 568 3480 quae
609 3400 794 3467 habet,
820 3413 982 3458 emat.
1014 3393 1122 3459 A'ut
1145 3401 1274 3476 ergo
1305 3407 1408 3462 iste
1436 3407 1605 3464 bonos
1649 3410 1822 3465 homi-

242 3479 349 3542 nes
377 3479 641 3557 qtrzerens,
682 3506 806 3546 cum
840 3493 1042 3563 quibus
1075 3496 1280 3550 utiliter
1315 3501 1478 3563 vivat,
1508 3498 1676 3553 unum
1711 3515 1822 3569 pra:

246 3578 501 3633 omnibus
534 3580 738 3635 invenit
760 3583 876 3636 sine
905 3591 1124 3652 peccato
1149 3584 1484 3640 mediatorem
1508 3587 1608 3641 Dei
1644 3573 1690 3642 et
1722 3571 1820 3642 ιιόᾲ

245 3670 450 3723 minum
491 3670 749 3726 hominem
802 3672 1065 3729 Christum
1114 3659 1293 3730 Iesum
1335 3676 1386 3749 (I
1426 3663 1558 3732 Tim.
1584 3682 1686 3751 tt);
1728 3687 1822 3733 aut

246 3770 514 3831 praecepta
556 3755 823 3832 quaerens,
855 3766 1049 3835 quibus
1073 3767 1322 3832 servatis,
1354 3782 1477 3823 cum
1514 3757 1819 3847 horninibus

250 3864 400 3911 recte
427 3865 798 3924 conversetur,
829 3859 1032 3914 invenit
1079 3860 1414 3916 dilectionem
1468 3862 1718 3932 proximi.
1757 3860 1817 3937 In

247 3960 360 4015 quo
390 3961 496 4000 uno
517 3946 648 4001 dicit
671 3946 956 4017 Apostolus
984 3949 1162 4003 omnia
1195 3949 1479 4014 contineri,
1522 3960 1578 4003 ut
1608 3966 1708 4003 non
1735 3967 1818 4003 oc-

246 4039 411 4104 cides,
439 4057 542 4094 non
568 4039 844 4109 furaberis,
876 4059 976 4095 non
1001 4042 1193 4111 falsum
1215 4045 1568 4098 testimonium
1589 4046 1747 4109 dices,
1770 4054 1818 4098 et

245 4130 297 4183 si
340 4130 479 4200 quod
518 4141 591 4184 est
645 4131 789 4185 aliud
835 4132 1139 4186 mandatum
1181 4131 1356 4205 (Rom.
1405 4134 1544 4206 xm),
1599 4135 1819 4206 singula:

247 4221 554 4290 margaritae
579 4220 854 4299 sint,’quaa
878 4219 1296 4293 rerapitulantur
1325 4224 1378 4278 in
1402 4224 1503 4279 hoc
1524 4221 1815 4282 sermone':

246 4309 450 4380 Diliges
471 4313 763 4380 proximum
793 4321 938 4368 tuum
974 4324 1222 4384 tanquam
1247 4316 1484 4385 teipsum.
1514 4316 1622 4371 Aut
1650 4318 1818 4374 bonos

245 4399 554 4455 intellectus
596 4401 757 4456 bomo
787 4403 999 4471 quaerit,
1027 4411 1082 4457 et
1116 4405 1320 4458 invenit
1353 4405 1482 4459 illud
1508 4421 1613 4475 quo
1639 4399 1816 4463 cuncti

1924 3242 2040 3279 cum
2079 3225 2288 3296 impleta
2315 3236 2445 3280 esset
2482 3227 2776 3289 educentes,
2796 3235 2846 3278 et
2870 3241 3015 3282 secus
3057 3223 3203 3278 littus
3229 3225 3482 3290 sedentes,

1921 3314 2180 3385 elegerunt
2205 3317 2361 3369 bonos
2386 3317 2438 3368 in
2467 3331 2609 3377 vasa,
2643 3313 2808 3368 malos
2838 3325 3005 3367 autem
3040 3313 3182 3382 foras
3209 3315 3481 3372 miserunt.

1923 3398 2123 3475 (ϐυ-ες.)
2154 3403 2386 3459 Rursum
2415 3419 2544 3474 ergo
2571 3402 2739 3458 simile
2771 3420 2982 3473 regnum
3010 3403 3252 3457 enatorum
3280 3419 3484 3473 sagenat

1921 3494 2091 3554 missa:
2120 3500 2174 3554 in
2194 3498 2348 3560 mari,
2376 3497 2596 3560 dicitur,
2627 3512 2692 3550 ea:
2730 3498 2870 3550 omni
2905 3504 3086 3568 genere
3109 3496 3329 3567 piscium
3364 3511 3486 3549 con-

1920 3589 2189 3660 greganti;
2229 3603 2347 3656 quae
2372 3586 2588 3655 impleta
2619 3587 2686 3641 ad
2731 3585 2882 3642 littus
2908 3588 3139 3653 ducitur,
3181 3593 3234 3639 et
3259 3586 3311 3639 in
3341 3585 3485 3640 vasis

1920 3681 2045 3737 boni
2087 3681 2259 3752 pisces
2281 3680 2588 3750 eliguntur,
2621 3678 2744 3733 mali
2784 3676 3135 3748 proiiciantur
3159 3677 3325 3731 foras.
3373 3677 3485 3732 Sub

1921 3763 2023 3829 hac
2043 3788 2170 3844 ergo
2191 3771 2445 3842 parabola
2473 3779 2657 3826 sancta
2689 3766 2931 3825 Ecclesia
2968 3785 3176 3842 sagente
3205 3785 3485 3838 compara-

1919 3851 2030 3928 tur,
2057 3879 2173 3933 quae
2209 3872 2263 3917 et
2304 3863 2659 3932 piscatoribus
2686 3870 2768 3916 est
2794 3861 3102 3924 commissa,
3150 3868 3204 3914 et
3230 3853 3328 3929 per
3364 3874 3483 3913 eam

1920 3953 2148 4023 quisque
2173 3954 2239 4007 ad
2277 3946 2535 4007 internum
2569 3961 2792 4022 regnum
2817 3966 2846 4004 a
2871 3945 3148 4021 presentis
3177 3949 3354 4005 saeculi
3387 3947 3483 4002 llu-

1919 4032 2094 4100 ctibus
2123 4043 2372 4108 trahitur,
2404 4057 2472 4096 ne
2505 4043 2558 4096 in
2590 4052 2800 4100 atteram
2828 4042 3018 4096 mortis
3044 4040 3308 4111 profundo
3344 4055 3487 4094 mer-

1920 4144 2104 4206 gatur.
2127 4134 2256 4202 Qum
2277 4150 2343 4192 ex
2371 4133 2512 4194 omni
2539 4149 2732 4204 genere
2759 4134 2982 4203 piscium
3010 4140 3315 4204 congregat.
3342 4133 3488 4202 quod

1919 4227 1987 4292 ad
2021 4235 2365 4296 peccatorum
2402 4227 2612 4280 veniam
2643 4225 2932 4294 sapientes,
2959 4233 3014 4278 et
3057 4223 3253 4288 fatuos,
3287 4223 3483 4277 liberos

1918 4299 1973 4370 et
2002 4330 2205 4382 servos,
2238 4316 2430 4370 divites
2455 4322 2508 4368 et
2537 4328 2818 4384 pauperes,
2850 4312 3016 4367 fortes
3044 4321 3098 4367 et
3124 4312 3365 4367 inﬁrmos
3391 4327 3482 4364 vo-

1918 4413 2024 4460 cat.
2054 4401 2206 4461 Unde
2237 4421 2333 4475 per
2357 4403 2696 4459 Psalmistam
2744 4404 2851 4458 Deo
2877 4403 3093 4468 dicitur,
3134 4405 3203 4454 ad
3233 4412 3279 4454 te
3314 4403 3482 4454 omnis

244 4488 612 4554 continentur,
648 4489 715 4543 I-n
756 4492 1008 4560 principio
1050 4490 1295 4559 Verbum,
1325 4504 1371 4548 et
1413 4492 1634 4572 Verbum
1674 4499 1817 4566 apud
1841 4484 1892 4550 Ι)
1918 4512 2040 4549 caro
2085 4496 2245 4549 veniet
2284 4492 2452 4566 (Beat.
2489 4493 2652 4562 utv).
2696 4493 2824 4559 Qum
2868 4508 3064 4563 sagcna
3106 4492 3310 4546 scilicet
3356 4501 3500 4546 tune°

246 4577 439 4642 Deum,
469 4587 521 4633 et
551 4579 784 4635 Verbum
820 4581 986 4636 Deum
1024 4582 1256 4637 lucidum
1285 4585 1530 4639 candore.
1547 4574 1810 4653 veritatis,

244 4677 305 4722 et
329 4668 555 4723 solidum
588 4669 841 4725 ﬁrmitate
867 4673 1204 4739 mternitatis,
1235 4675 1324 4744 qui
1359 4675 1500 4730 Deus
1535 4678 1811 4746 penetrata

241 4758 429 4814 carnis
454 4761 720 4816 testudine
747 4761 1116 4832 intelligendus
1141 4765 1243 4820 est.
1272 4765 1366 4820 ille
1393 4767 1534 4820 enim
1572 4768 1639 4821 ad
1673 4785 1814 4822 mar-

241 4847 474 4917 garitam
503 4851 670 4920 ipsam
687 4849 800 4919 jam
828 4863 1161 4921 pervenerat,
1193 4856 1283 4925 qui
1314 4859 1634 4926 tegumentis
1661 4865 1809 4912 mor-

243 4940 470 4994 talitatis
497 4946 649 5010 quasi
669 4943 994 4998 concitarum
1024 4945 1323 5010 obstaculo,
1349 4947 1401 5001 in
1425 4950 1689 5018 profundo
1712 4951 1812 5005 hu-

233 5027 332 5100 jus
383 5032 583 5095 sa:culi,
616 5040 776 5101 atque
824 5033 964 5086 inter
1014 5034 1239 5089 duritias
1268 5050 1460 5091 saxeas
1504 5035 1810 5092 Judmorum

241 5119 531 5189 aliquando
567 5123 817 5188 latuerat.
849 5125 942 5180 Ille
986 5141 1113 5196 ergo
1141 5127 1208 5180 ad
1253 5128 1422 5196 ipsam
1463 5131 1811 5199 margaritam

235 5213 354 5287 jam
394 5228 732 5285 pervenerat,
778 5220 866 5287 qui
899 5220 1008 5274 ait:
1039 5219 1106 5274 Et
1135 5223 1180 5275 si
1209 5237 1514 5275 noveramus
1545 5222 1808 5283 Christum

240 5308 528 5362 secundum
554 5325 780 5371 carnem,
810 5309 899 5362 sed
944 5325 1079 5362 nunc
1115 5311 1230 5379 jam
1277 5327 1378 5364 non
1415 5313 1668 5366 novimus.
1700 5312 1809 5368 Nec

240 5399 383 5454 ullus
412 5401 631 5453 omnino
684 5401 984 5457 intellectus
1022 5404 1328 5473 margaritae
1371 5406 1585 5460 nomine
1616 5407 1808 5475 dignus

238 5501 359 5550 est,
423 5489 525 5542 nisi
581 5491 646 5543 ad
691 5505 850 5558 quem
899 5492 1152 5546 discussis
1209 5495 1458 5548 omnibus
1504 5496 1809 5550 carnalibus

240 5575 565 5644 tegminibus
606 5580 932 5646 pervenitur.
983 5579 1186 5646 Quibus
1229 5582 1340 5636 sive
1375 5597 1471 5652 per
1503 5587 1664 5638 verba
1708 5586 1808 5638 liu-

238 5682 424 5734 maua,
449 5667 559 5722 sive
584 5682 678 5740 per
703 5667 1077 5725 similitudines
1115 5671 1520 5741 circumpositas
1542 5674 1800 5744 operitur,

1915 4581 2286 4640 universaliter
2321 4582 2553 4651 repletur
2577 4597 2700 4640 eum
2727 4582 2778 4641 in
2811 4582 2912 4642 line
2939 4597 3034 4643 suo
3065 4581 3280 4642 humani
3317 4595 3482 4650 gene-

1914 4671 1990 4726 ris
2023 4685 2230 4729 summa
2254 4670 2608 4729 concluditur.
2639 4668 2806 4735 Quam
2833 4669 3085 4733 educunt.
3118 4676 3173 4726 et
3205 4657 3361 4726 secus
3387 4667 3484 4730 lit~

1915 4770 2000 4816 tus
2024 4761 2230 4825 sedent,
2255 4761 2379 4831 quia
2415 4761 2552 4821 sicut
2581 4774 2730 4814 mare
2773 4760 3044 4822 saxulum,
3085 4760 3156 4822 ita
3195 4759 3373 4825 saeculi
3419 4760 3480 4815 li.

1915 4869 2035 4908 nem
2071 4854 2337 4924 signiﬁcat
2369 4853 2511 4906 littus
2544 4854 2739 4918 maris;
2771 4853 2821 4906 in
2855 4869 2961 4922 quo
2989 4852 3194 4917 scilicet
3222 4854 3328 4912 ﬁne
3349 4852 3474 4919 boni

1913 4945 2088 5014 pisces
2127 4945 2182 4998 iu
2224 4944 2364 4998 vasis
2405 4944 2696 5011 eliguntur,
2751 4943 2875 4997 mali
2911 4944 3268 5014 projiciuntur
3307 4944 3480 5018 foras,

1913 5037 2036 5106 quia
2066 5047 2120 5090 et
2145 5035 2346 5090 electus
2379 5035 2607 5105 quisque
2639 5036 2693 5090 in
2736 5036 3078 5097 tabernacula
3108 5037 3384 5105 recipitur,
3423 5047 3480 5102 et

1913 5127 2097 5184 a-terni
2125 5126 2238 5180 luce
2267 5126 2412 5194 regni
2451 5127 2679 5194 perdita,
2706 5128 2771 5202 ad
2801 5127 3096 5188 exteriores
3123 5129 3371 5185 tenebras
3393 5143 3483 5191 re-

1913 5217 2064 5286 probi
2109 5217 2412 5276 trahuntur.
2450 5217 2602 5276 Nunc
2631 5218 2772 5285 enim
2814 5219 2984 5280 bonos
3024 5220 3299 5287 malosque
3330 5235 3480 5283 com-

1914 5309 2164 5370 muniter,
2218 5307 2370 5373 quasi
2426 5307 2712 5375 permistos
2755 5309 2928 5376 pisces
2980 5309 3100 5364 ﬁdei
3145 5325 3335 5383 sagenn
3375 5327 3481 5375 no.

1913 5401 2169 5461 continet,
2199 5400 2291 5453 sed
2315 5401 2464 5455 littus
2492 5402 2693 5456 indicat
2723 5418 2942 5471 sagena,
2964 5404 3017 5459 id
3043 5415 3125 5460 est
3149 5414 3336 5463 sancta
3368 5405 3480 5465 Ec-
3557 5392 3561 5396 ί

1909 5491 2092 5554 clesia,
2136 5491 2261 5559 quid
2309 5493 2573 5550 trahebat.
2617 5493 2682 5550 Et
2723 5494 2937 5562 quidem
2986 5495 3159 5562 pisces
3199 5496 3291 5564 qui
3329 5493 3480 5568 capti

1909 5581 2126 5636 fuerunt
2150 5581 2342 5644 mutari
2374 5597 2478 5636 non
2501 5593 2720 5653 possunt
2747 5600 2761 5648 ;
2789 5599 2885 5638 nos
2907 5599 3031 5639 vero
3061 5585 3185 5641 mali
3210 5591 3479 5655 capimur.-

1911 5675 2002 5729 sed
2038 5675 2088 5729 in
2129 5674 2420 5730 bonitatem
2463 5682 2852 5744 permutamur.
2884 5673 3193 5746 Cogitemus
3225 5678 3383 5747 igitur
3414 5677 3469 5732 in
