3938 6330
527 282 634 342 955

1169 273 1235 335 Β.
1272 274 1527 338 RABANI
1561 271 2130 340 MKURIAARCHIEP.
2170 284 2478 346 MOGUNT.
2518 289 2801 351 OPERUM
2857 294 3038 354 PARS
3074 299 3115 355 Ι.

3681 301 3776 363 956

526 400 795 470 captione,
817 413 886 454 ne
909 397 1212 454 dividamur
1237 399 1291 456 in
1313 400 1515 458 littore.
1543 400 1809 477 (Ηὶενοη.)
1840 404 1972 459 Item
1996 401 2091 459 ali—
2119 403 2169 464 Α
2197 402 2444 460 thesauro
2471 423 2567 461 suo
2596 424 2729 463 nova
2757 418 2805 463 et
2826 420 3013 466 vetera.
3047 413 3227 489 (Aug.)
3257 414 3375 473 Non
3404 415 3558 473 dixit
3599 430 3771 478 vetera

524 499 630 559 ter,
682 488 866 545 Simile
911 498 989 545 est
1036 506 1251 561 regnum
1292 484 1538 548 calorum
1575 510 1780 564 sugente
1826 499 1999 551 missm
2032 503 2087 554 in

521 600 685 650 mare,
714 592 819 639 etc.
850 582 1074 656 lmpleto
1100 583 1344 641 Ieremia;
1378 587 1636 642 vaticinio
1670 588 1918 655 dicentis,
1953 589 2089 646 Ecce

519 691 612 745 ego
634 676 782 729 mitto
811 675 883 729 ad
922 693 1013 732 vos
1056 679 1336 748 piscatores
1380 678 1567 733 multos
1595 678 1727 751 (Jer.
1764 679 1896 753 xvr),
1942 692 2089 751 post-

520 785 691 841 quam
721 771 1010 827 audierunt
1048 775 1278 839 Petrus,
1322 781 1377 829 et
1424 774 1701 839 Andreas,
1751 774 1983 831 Jacobus
2033 785 2089 834 et

518 860 751 919 Joannes
781 863 874 919 filii
913 866 1179 933 Zebedtei,
1210 867 1500 939 Sequimini
1539 886 1638 935 me,
1680 879 1727 926 et
1766 872 1960 941 faciam
1998 890 2085 929 vos

515 955 799 1025 piscatores
844 955 963 1025 ﬁeri
1006 957 1272 1013 hominum
1308 958 1521 1031 (Matth.
1575 963 1674 1032 tv),
1728 972 2085 1021 contexerunt

516 1045 619 1100 sibi
647 1062 714 1103 ex
741 1048 926 1107 Veteri
947 1059 1002 1106 et
1028 1052 1175 1109 Novo
1200 1054 1545 1111 Testamento
1574 1073 1827 1129 sagenam
1855 1076 2083 1132 evange-

515 1134 742 1193 licorum
772 1139 1102 1211 dogmatum,
1127 1152 1181 1198 et
1210 1144 1473 1201 miserunt
1494 1161 1615 1201 eam
1659 1148 1713 1202 in
1747 1164 1897 1204 mare
1923 1151 2082 1221 hujus

514 1227 718 1292 seculi,
749 1244 868 1298 qua:
899 1246 1068 1300 usque
1108 1233 1269 1288 hodie
1315 1235 1370 1289 in
1401 1236 1590 1291 mediis
1619 1236 1873 1295 ﬂuctibus
1907 1242 2080 1296 tendi-

515 1324 624 1382 tur,
654 1319 869 1386 capiens
900 1321 965 1374 de
1002 1319 1151 1377 falsis
1189 1331 1243 1377 et
1272 1325 1473 1381 amaris
1497 1328 1793 1399 gurgitibus
1819 1332 2078 1401 quidquid

479 1432 482 1433 ν
511 1405 778 1474 inciderit,
812 1410 862 1463 id
891 1420 991 1474 est,
1018 1420 1070 1465 et
1096 1413 1265 1469 bonos
1298 1415 1543 1473 homines
1568 1427 1623 1474 et
1644 1420 1831 1487 malos,
1861 1431 1916 1478 et
1938 1425 2078 1493 opti-

505 1510 623 1551 mos
664 1498 841 1567 pisces
875 1509 931 1554 et
966 1502 1247 1570 pessimos.
1280 1505 1505 1575 (Mrtua)
1533 1508 1678 1575 Quos
1705 1512 1771 1566 ad
1815 1511 1967 1568 littus
1996 1522 2076 1569 ate

507 1586 691 1653 trahit,
726 1588 779 1644 id
809 1597 913 1653 est,
944 1592 1010 1645 ad
1045 1591 1205 1647 linem
1249 1597 1452 1662 mundi,
1483 1607 1543 1652 ut
1569 1608 1696 1656 tunc
1720 1601 1831 1670 jam
1876 1619 2070 1674 seque-

406 1681 414 1687 '
502 1677 695 1733 stratio
737 1679 997 1735 bonorum
1038 1690 1094 1737 et
1120 1682 1382 1739 malorum
1412 1687 1639 1757 piscium
1679 1690 1770 1746 sit.
1820 1690 1974 1750 Unde
2017 1703 2072 1750 et

492 1767 836 1826 subdhurt'

570 1857 656 1913 Sic
681 1863 816 1915 enim
837 1865 937 1917 erit
959 1864 1013 1918 in
1036 1869 1473 1925 consummatione
1499 1872 1697 1927 surculi.
1725 1872 1953 1930 Exibunt
1974 1895 2071 1933 an-

496 1945 616 2017 geli,
651 1958 698 2001 et
728 1954 1037 2021 separabunt
1071 1956 1236 2012 malos
1276 1959 1341 2013 de
1369 1961 1539 2015 medio
1556 1962 1848 2032 justorum,
1871 1975 1919 2021 et
1948 1970 2070 2023 mit-

494 2043 602 2089 tent
643 2054 729 2093 eos
769 2041 825 2094 in
851 2044 1110 2098 caminum
1147 2047 1418 2117 ignis:ibi
1457 2051 1554 2104 erit
1591 2053 1744 2121 ﬂetus
1791 2062 1840 2108 et
1868 2056 2068 2112 stridor

495 2123 747 2185 dentium.
804 2128 1005 2203 (Greg.)
1066 2134 1178 2192 Iloc
1228 2153 1357 2210 ergo
1399 2140 1697 2198 timendum
1748 2153 1833 2201 est
1886 2150 2067 2227 potius

491 2232 653 2287 quam
679 2228 1070 2293 exponendum.
1092 2228 1293 2301 Aperta
1318 2234 1463 2290 enim
1491 2251 1623 2291 voce
1650 2244 1918 2294 tormenta
1940 2256 2063 2311 pec-

489 2313 728 2367 cantium
753 2316 893 2371 dicta
918 2328 1067 2385 sunt,
1096 2337 1163 2377 ne
1182 2324 1302 2392 quis
1333 2326 1400 2380 ad
1423 2325 1737 2396 ignorantia:
1763 2318 1873 2385 sum
1892 2346 2060 2387 excu-

487 2399 749 2456 sationem
777 2408 1094 2472 recurrerit,
1124 2411 1168 2464 si
1192 2412 1322 2480 quid
1352 2414 1417 2468 de
1442 2422 1644 2472 aeterno
1674 2419 1937 2489 supplicio
1963 2423 2060 2478 ob-

487 2502 646 2543 scure
674 2491 959 2549 diceretur.
992 2496 1257 2571 (Ηὶετοη.)
1285 2499 1419 2556 Cum
1439 2518 1567 2559 vero
1587 2507 2059 2567 veneritconsum-

484 2580 671 2646 matio,
701 2592 755 2637 et
782 2585 905 2642 linis
926 2589 1131 2656 mundi,
1169 2598 1230 2646 ut
1263 2592 1379 2662 ipse
1409 2593 1548 2649 infra
1584 2596 1920 2656 manifestius
1942 2601 2043 2659 dis.

481 2672 635 2736 serit,
666 2681 791 2730 tunc
836 2692 1033 2749 sagena
1066 2683 1380 2738 extrahetur
1404 2687 1469 2740 ad
1496 2686 1674 2753 littus;
1710 2697 1839 2745 tunc
1868 2708 2050 2748 verum

480 2765 933 2822 secernendorum
986 2771 1214 2839 piscium
1252 2772 1513 2842 judicium
1572 2778 2052 2848 demonstrabitur,

478 2859 533 2906 et
559 2855 710 2922 quasi
741 2856 794 2911 in
840 2860 1070 2928 quodam
1093 2864 1431 2932 quietissimo
1458 2864 1622 2937 portu
1671 2869 1797 2924 boni
1827 2870 2054 2928 mitten-

478 2948 569 2994 tur
599 2944 651 2997 in
680 2960 805 3001 vasa
852 2950 1147 3007 cmlestium
1198 2955 1561 3023 mansionum,
1591 2959 1763 3016 malos
1792 2976 1919 3018 vero
1949 2970 2052 3019 tor-

476 3035 675 3090 rendos
720 3044 774 3091 et
823 3042 1174 3098 exsiccandos
1213 3045 1475 3115 gehennm
1515 3046 1729 3105 ﬂamma
1767 3052 2044 3122 suscipiet.

475 3120 630 3187 Quod
655 3140 784 3182 vero
822 3126 1072 3186 Salvator
1104 3134 1378 3203 proposita
1406 3137 1659 3207 parabola
1703 3140 1885 3194 statim
1914 3120 2047 3196 sub»
2073 3164 2118 3227 ρ

467 3211 720 3284 jungens,
747 3216 823 3273 ait
850 3231 867 3272 :

544 3301 879 3371 Intellexistis
927 3311 1036 3366 lucc
1080 3316 1298 3370 omnia?
1346 3315 1553 3383 Dicunt
1584 3318 1633 3372 ei
1667 3318 1905 3375 :Etiam.
1968 3321 2051 3378 Ad

470 3392 756 3461 Apostolos
783 3402 999 3471 proprie
1042 3418 1219 3459 sermo
1265 3412 1367 3471 est,
1411 3414 1466 3460 et
1491 3407 1593 3462 illis
1622 3408 1852 3464 dicitur;
1881 3408 2049 3465 Intel-

469 3478 669 3537 lexistis
690 3484 802 3539 [nec
833 3491 1046 3544 omnia?
1070 3491 1213 3559 Quos
1242 3509 1345 3549 non
1368 3495 1482 3550 vult
1511 3498 1699 3553 audire
1724 3506 1956 3567 tantum,
1986 3508 2049 3555 ut

470 3574 747 3641 populum,
798 3580 891 3635 sed
941 3581 1236 3654 intelligere
1279 3594 1340 3642 ut
1388 3589 1674 3660 magistros
1724 3589 1954 3655 futuros,
1988 3598 2045 3647 et

468 3657 891 3734 intelligentibus
925 3671 1213 3739 parabolas
1250 3657 1887 3745 dignumvtestimonium
1921 3679 2045 3736 red-

469 3746 565 3802 dit.
598 3749 750 3808 Unde
775 3762 830 3810 et
858 3758 1141 3815 subditur:

538 3840 607 3895 Et
620 3845 694 3923 ait
717 3844 822 3902 illis
845 3862 863 3900 :
891 3848 1018 3905 Ideo
1041 3854 1207 3908 omnis
1230 3856 1400 3909 scriba
1429 3856 1611 3911 doctus
1632 3858 1688 3911 in
1714 3873 1869 3927 regno
1893 3858 2047 3914 coelo-

464 3947 581 3986 rum
628 3934 816 3993 similis
846 3943 1148 3998 est'ltomini
1188 3946 1584 4015 patrifamilias,
1623 3948 1721 4018 qui
1756 3948 1951 4018 profert
1978 3950 2042 4004 de

2188 501 2244 546 et
2272 509 2432 562 nova,
2457 499 2600 565 quod
2630 498 2817 568 utique
2841 500 3065 556 dixisset
3094 504 3198 559 nisi
3221 506 3513 563 maluisset
3552 506 3769 563 merito-

2190 599 2308 638 rum
2333 587 2574 644 ordinem
2595 605 2812 645 servare
2840 607 3002 661 quam
3031 602 3346 665 temporum.
3380 600 3606 657 Novum
3631 600 3767 657 enim

2189 672 2589 732 Testamentum
2630 682 2896 750 posterius
2942 692 3026 738 est
3072 692 3332 755 tempore,
3376 692 3475 747 sed
3509 689 3672 762 prius
3696 692 3769 746 di—

2187 768 2410 835 gnitate.
2446 770 2713 846 (llieron.)
2751 774 3002 831 lnstructi
3047 779 3263 848 quidem
3315 795 3477 840 erant
3512 786 3762 856 apostoli,

2186 860 2377 916 scribae
2417 871 2471 917 et
2503 867 2700 921 notarii
2726 866 3045 935 Salvatoris,
3077 871 3167 942 qui
3191 875 3351 929 verba
3382 877 3537 935 illius
3564 888 3624 936 et
3642 895 3766 951 pra—

2184 960 2335 1021 cepta
2366 953 2650 1024 signabant
2684 958 2736 1012 in
2766 960 2960 1016 tabulis
2986 964 3162 1018 cordis
3203 967 3542 1035 carnalibus,
3578 986 3763 1040 regno-

2184 1056 2306 1097 rum
2326 1046 2627 1102 caeleStium
2654 1054 3024 1118 sacramentis,
3056 1062 3109 1110 et
3141 1057 3475 1125 pullulabant
3516 1046 3580 1117 et
3609 1063 3763 1132 polle-

2181 1128 2311 1186 bant
2356 1135 2545 1204 opibus
2585 1140 3004 1207 patrisfamilias,
3054 1144 3327 1215 ejicientes
3383 1149 3449 1204 de
3498 1128 3759 1207 thesauro

2180 1236 2399 1279 suarum
2429 1227 2797 1286 doctrinarum
2824 1250 2959 1289 nova
2994 1248 3049 1290 et
3076 1243 3293 1304 vetera;
3326 1247 3385 1293 ut
3410 1242 3683 1312 quidquid
3708 1242 3758 1297 in

2177 1311 2466 1387 Evangelio
2502 1323 2889 1391 prtedicabant,
2921 1326 3053 1399 legis
3092 1338 3146 1384 et
3188 1311 3585 1402 prophetarum
3614 1336 3758 1390 voci-

2176 1405 2278 1463 bus
2307 1413 2738 1483 comprobarent.
2774 1417 2924 1474 Unde
2964 1430 3020 1476 et
3046 1437 3241 1492 sponsa
3290 1425 3420 1481 dicit
3450 1425 3507 1481 in
3532 1423 3755 1481 Cantico

2175 1500 2507 1557 canticorum
2532 1523 2548 1557 2
2578 1504 2729 1562 Nova
2764 1526 2883 1563 cum
2911 1513 3185 1580 veteribus,
3224 1515 3494 1583 fratruelis
3524 1518 3626 1584 nsi,
3649 1535 3755 1572 ser-

2144 1589 2289 1645 .vavi
2329 1591 2426 1644 tibi
2446 1592 2621 1663 (Cant.
2657 1597 2774 1667 vn).
2820 1598 2971 1666 Quod
3020 1611 3200 1659 tamen
3239 1606 3460 1679 intelligi
3497 1618 3555 1663 et
3597 1608 3751 1663 aliter

2172 1688 2369 1770 potest.
2415 1683 2615 1758 (Greg.)
2646 1687 2929 1747 Vetustum
2972 1693 3137 1765 igitur
3164 1697 3386 1753 humani
3434 1701 3657 1770 generis
3684 1703 3749 1757 ad

2099 1796 2144 1855 Β
2173 1768 2367 1829 inferni
2399 1775 2630 1833 claustra
2673 1780 3016 1850 descendere,
3050 1802 3147 1857 pro
3175 1792 3412 1858 peccatis
3454 1793 3575 1848 suis
3622 1807 3746 1863 sup-

2170 1861 2327 1930 plicia
2366 1873 2566 1922 mterna
2594 1870 2858 1941 tolerare;
2887 1876 2971 1931 cui
2997 1891 3094 1946 per
3114 1881 3419 1937 mediatoris
3448 1861 3739 1939 adventum

2168 1970 2366 2011 novum
2393 1958 2594 2029 aliquid
2620 1967 2869 2032 accessit,
2908 1976 2968 2023 ut
3004 1968 3050 2023 si
3086 1970 3173 2025 hic
3208 1980 3353 2027 recte
3387 1975 3643 2030 studeant
3661 1976 3740 2029 vi-

2168 2057 2315 2110 vere,
2350 2046 2605 2103 caelorum
2636 2067 2799 2122 regna
2819 2054 3038 2111 valeant
3064 2067 3374 2128 penetrare;
3402 2071 3456 2118 et
3486 2063 3653 2119 homo
3682 2062 3734 2119 in

2168 2138 2313 2188 terra
2337 2134 2535 2200 editus,
2568 2138 2611 2192 si
2639 2154 2669 2193 a
2694 2143 3028 2214 corruptibili
3058 2146 3167 2202 vita
3196 2150 3474 2215 moriatur,
3520 2151 3574 2205 in
3598 2152 3735 2207 caelo

2164 2233 2310 2281 esset
2346 2226 2689 2287 collocandus
2714 2248 2729 2299 ;
2760 2241 2989 2291 etvetus
3025 2238 3207 2308 itaque
3228 2250 3330 2306 est,
3364 2251 3422 2295 ut
3450 2258 3552 2314 pro
3578 2245 3735 2314 culpa

2163 2328 2332 2384 genus
2350 2315 2646 2373 humanum
2673 2320 2926 2390 intereat,
2960 2334 3017 2381 et
3042 2343 3238 2383 novum
3262 2338 3323 2383 ut
3351 2346 3652 2387 conversus
3678 2331 3731 2388 in

2161 2417 2326 2474 regno
2348 2405 2509 2461 vivat.
2533 2406 2683 2474 Quod
2704 2426 2833 2484 ergo
2864 2414 2917 2468 in
2942 2417 3285 2474 conclusione
3311 2420 3593 2478 locutionis
3620 2436 3731 2478 sua

2159 2492 2426 2581 Dominus.
2455 2498 2708 2565 subdidit,
2755 2502 2858 2558 hoc
2893 2513 2979 2559 est
3022 2507 3205 2576 utique
3260 2509 3402 2579 quod
3449 2512 3724 2581 praemisit.

2156 2580 2316 2639 Prius
2346 2570 2490 2641 enim
2516 2588 2581 2643 de
2625 2592 2776 2662 regni
2816 2570 3165 2652 similitudine
3200 2570 3512 2654 thesaurum
3540 2603 3726 2657 inven—

2159 2680 2272 2727 tum
2326 2690 2391 2730 ac
2442 2678 2640 2733 bonam
2684 2684 3031 2752 margaritam
3076 2688 3333 2756 protulit;
3385 2693 3721 2760 postmodum

2155 2779 2287 2821 vero
2311 2766 2506 2824 inferni
2533 2784 2722 2841 ptenas
2748 2774 2814 2829 de
2857 2776 3120 2832 malorum
3150 2780 3520 2837 combustione
3545 2798 3724 2836 narra-

2153 2854 2252 2921 vit,
2300 2865 2461 2928 atque
2513 2861 2567 2915 in
2634 2864 2978 2924 conclusione
3025 2858 3340 2942 subiungit:
3371 2872 3501 2926 Ideo
3558 2875 3723 2927 omnis

2152 2946 2543 3029 scribaldoctus
2570 2952 2627 3007 in
2660 2971 2816 3024 regno
2844 2957 3088 3012 calorum
3110 2960 3293 3015 similis
3321 2972 3396 3015 est
3428 2963 3720 3032 patrifami-

2150 3035 2251 3092 lias
2280 3026 2565 3110 proferenti
2606 3043 2671 3098 de
2698 3046 2942 3101 thesauro
2972 3065 3066 3102 suo
3098 3067 3226 3104 nova
3254 3063 3301 3105 et
3333 3063 3525 3108 vetera.
3569 3056 3643 3111 Ac
3670 3056 3715 3110 si

2151 3136 2338 3197 aperte
2365 3129 2634 3187 diceretur
2657 3150 2671 3187 :
2694 3134 2784 3190 llle
2814 3136 3082 3195 in‘sancta
3113 3142 3352 3197 Ecclesia
3372 3145 3563 3200 doctus
3586 3161 3718 3216 prte-

2150 3217 2360 3274 dicator
2386 3229 2488 3289 est,
2532 3224 2624 3293 qui
2662 3236 2717 3280 et
2745 3235 2879 3299 rrova
2909 3230 3013 3287 scit
3055 3231 3294 3300 proferre
3346 3234 3410 3289 de
3458 3236 3715 3291 suavitate

2149 3310 2321 3381 regni,
2359 3320 2420 3366 et
2456 3322 2628 3369 cetera
2676 3317 2859 3374 dicere
2897 3320 2964 3376 de
2993 3318 3198 3378 terrore
3236 3323 3508 3393 supplicii,
3540 3336 3598 3379 ut
3629 3325 3711 3380 vel

2145 3412 2321 3468 patum
2348 3410 2589 3458 terreant
2629 3421 2767 3475 quos
2795 3410 3019 3478 praamia
3063 3428 3171 3467 non
3216 3412 3468 3467 invitant.
3492 3414 3709 3486 (Μιυιι.)

2144 3489 2284 3547 Ecce
2311 3493 2456 3550 hunc
2481 3498 2833 3567 expositionis
2862 3503 3182 3571 evangelicte
3205 3503 3343 3557 liber
3373 3513 3595 3574 quartus
3616 3506 3715 3560 ba-

2142 3578 2270 3635 beat
2299 3583 2606 3651 terminum,
2640 3586 2730 3641 ubi
2754 3588 3130 3668 parabolarum
3157 3593 3369 3648 Domini
3397 3594 3623 3665 prolatio
3648 3595 3703 3650 in

2140 3672 2389 3730 districto
2416 3675 2511 3732 Dei
2540 3677 2701 3735 ﬁnem
2727 3685 2961 3739 ostendit
2998 3686 3194 3742 habere
3220 3690 3495 3755 saeculum,
3530 3700 3587 3746 ut
3617 3692 3709 3745 de-

2139 3761 2269 3819 hinc
2288 3779 2351 3819 ea
2372 3782 2490 3836 qua:
2516 3780 2812 3840 sequuntur
2831 3789 3053 3845 operum
3076 3786 3130 3832 et
3159 3794 3471 3836 sermonum
3498 3781 3707 3837 Domini

2141 3853 2249 3910 alio
2276 3857 2558 3915 initientur
2590 3864 2831 3919 exordio.

1657 4183 1955 4261 LIBER
2015 4182 2508 4275 QUINTUS.

854 4412 1198 4479 SEQUITUR
1237 4414 1462 4472 CAPUT
1500 4417 1634 4473 Xlll.

532 4500 669 4575 [VL]
711 4502 776 4556 Et
805 4506 1001 4573 factum
1028 4515 1102 4559 est
1130 4522 1244 4558 cum
1275 4521 1676 4564 consummasset
1695 4509 1851 4564 Iesus
1873 4528 2030 4575 para-

454 4591 601 4646 bolas
624 4593 773 4657 istas,
805 4594 1014 4646 transiit
1059 4594 1200 4658 inde,
1242 4605 1288 4649 et
1321 4599 1525 4652 veniens
1549 4600 1604 4652 in
1625 4601 1848 4670 patriam
1876 4616 2026 4654 suam

454 4680 668 4735 docebat
699 4698 784 4734 eos
814 4682 869 4733 in
897 4683 1172 4753 synagogis
1195 4701 1393 4750 eorum,
1419 4688 1492 4740 ita
1522 4697 1577 4740 ut
1612 4689 1930 4743 mirarentur
1978 4698 2028 4744 et

454 4776 681 4829 dicerent
712 4788 729 4825 :
764 4772 913 4827 Unde
936 4775 1056 4829 huic
1092 4778 1347 4845 sapientia
1376 4778 1486 4832 lucc
1513 4789 1561 4833 et
1590 4780 1845 4835 virtutes?
1871 4780 2026 4851 (Hie-

455 4866 593 4936 ron.)
622 4866 751 4920 Post
789 4864 1071 4934 parabolas
1102 4882 1235 4936 quas
1273 4866 1482 4923 locutus
1507 4878 1589 4923 est
1633 4870 1698 4922 ad
1747 4870 2023 4938 populum,

449 4965 502 5011 et
523 4972 661 5025 quas
686 4956 785 5011 soli
810 4957 1033 5027 apostoli
1067 4959 1457 5031 intelligebant,
1492 4963 1683 5016 transit
1708 4963 1761 5017 in
1795 4965 2023 5032 patriam

452 5065 601 5103 suam
645 5046 925 5111 Dominus,
950 5058 1023 5105 aut
1075 5052 1145 5105 ibi
1188 5056 1429 5122 apertius
1470 5054 1679 5109 doceat.
1710 5053 1893 5126 (ΗΑΒ.)
1920 5055 2025 5109 Pa-

451 5142 611 5195 triam
658 5141 869 5195 Domini
918 5141 1211 5207 Galilzeam,
1256 5146 1367 5199 sive
1409 5146 1714 5214 specialiter
1757 5144 2023 5201 Nazareth

447 5231 596 5298 dicit,
634 5232 687 5287 in
723 5248 829 5301 qua
859 5242 977 5287 erat
1026 5234 1281 5299 nutritus,
1305 5237 1394 5290 ubi
1440 5244 1494 5290 ct
1521 5237 1575 5290 in
1616 5238 1903 5309 synagogis
1931 5238 2026 5293 Ju-

448 5321 688 5376 dteorum
732 5324 1046 5393 praedicavit
1074 5338 1088 5376 :
1116 5332 1378 5397 Συναγωγή
1408 5326 1550 5380 enim
1577 5325 1787 5393 Graece,
1831 5328 2023 5386 Latine

447 5412 647 5468 dicitur
665 5418 998 5486 congregatio
1016 5434 1034 5480 ;
1077 5432 1185 5487 quo
1210 5418 1421 5473 nomine
1446 5435 1549 5474 non
1594 5420 1767 5475 solum
1798 5421 2021 5477 allluen—

452 5505 586 5561 tium
619 5507 900 5561 turbarum
937 5517 1283 5571 conventum,
1320 5510 1413 5563 sed
1455 5518 1511 5564 et
1537 5511 1777 5576 domum,
1818 5528 1922 5582 qua
1954 5514 2020 5566 ad

2054 4422 2108 4482 D
2131 4421 2441 4490 pontificem
2466 4439 2479 4474 :
2506 4420 2620 4492 Ego
2661 4438 2878 4495 semper,
2910 4423 3104 4494 inquit,
3135 4424 3291 4481 docui
3336 4428 3392 4481 in
3419 4444 3700 4499 synagoga,

2134 4520 2184 4566 et
2226 4512 2282 4565 in
2326 4510 2514 4580 templo
2567 4530 2667 4583 quo
2714 4530 2891 4569 omnes
2939 4513 3119 4571 Judaei
3161 4517 3471 4571 conveniunt
3504 4516 3698 4587 (Joan.

2133 4600 2330 4672 xvm).
2373 4600 2522 4657 Sicut
2575 4612 2631 4659 et
2669 4604 2771 4660 nos
2813 4606 3071 4662 ecclesias
3121 4606 3358 4663 fidelium
3404 4617 3459 4664 et
3500 4608 3612 4664 loca
3644 4618 3702 4665 et

2133 4694 2330 4748 choros
2373 4693 2689 4751 vocitamus.
2724 4697 2924 4752 Verum
2973 4698 3153 4754 differt
3192 4700 3333 4754 inter
3374 4707 3696 4775 συναγωγήν,

2133 4798 2253 4853 qua:
2287 4787 2636 4855 congregatio,
2669 4794 2725 4842 et
2751 4789 3008 4848 ἐκκλησίαν
3051 4807 3170 4861 quae
3194 4795 3493 4847 convocatio
3536 4796 3698 4847 inter-

2132 4884 2395 4946 pretatur,
2425 4878 2567 4947 quod
2590 4879 2793 4934 veteris
2820 4880 3160 4936 instrumenti
3191 4883 3441 4952 populus,
3472 4896 3696 4954 utroque

2129 4968 2409 5032 vocabulo,
2439 4970 2561 5023 novi
2604 4977 2786 5025 autem
2829 4978 3035 5026 tantum
3062 4972 3301 5028 Ecclesia
3339 4986 3691 5043 nuncupatur.

2128 5056 2262 5122 Quia
2305 5057 2551 5119 videlicet
2593 5069 2647 5114 et
2700 5076 2899 5131 pecora
2950 5069 3005 5117 et
3058 5062 3306 5118 inanimae
3346 5081 3574 5135 qumque
3610 5081 3697 5120 res

2128 5151 2438 5220 congregari
2493 5151 2546 5207 in
2589 5168 2757 5207 unum
2799 5161 3044 5222 possunt,
3091 5156 3376 5210 convocari
3413 5171 3541 5211 vero
3588 5170 3695 5210 non

2127 5241 2229 5294 nisi
2279 5242 2483 5296 ratione
2510 5242 2733 5305 utentia
2778 5252 3017 5313 possunt.
3068 5245 3297 5315 Ideoque
3327 5262 3477 5301 novae
3511 5248 3693 5317 gratire

2127 5331 2378 5401 populum
2407 5333 2563 5403 quasi
2612 5335 2817 5404 majore
2857 5335 3117 5405 dignitate
3170 5339 3452 5407 praeditum
3498 5338 3694 5394 rectius

2126 5432 2478 5478 convocatum
2512 5424 2565 5477 in
2617 5425 2873 5480 unitatem
2922 5427 3065 5493 ﬁdei,
3104 5444 3263 5499 quam
3307 5428 3691 5501 congregatum

2126 5515 2329 5579 dicere,
2354 5515 2406 5569 id
2428 5524 2511 5570 est
2534 5516 2849 5583 Ecclesiam,
2875 5536 3037 5589 quam
3064 5537 3390 5594 synagogam
3413 5534 3693 5576 nominare

450 5594 770 5649 audiendum
820 5595 1173 5652 dicendamve
1227 5596 1322 5650 Dei
1366 5600 1583 5652 verbum
1627 5602 2019 5655 conveniebant
2121 5604 2430 5672 apostolicis
2474 5605 2829 5675 scriptoribus
2876 5617 2931 5663 et
3002 5610 3313 5669 doctoribus
3361 5613 3539 5667 visum
3589 5615 3689 5664 est.

448 5678 633 5746 Judaei,
662 5685 927 5752 appellare
954 5686 1216 5741 solebant.
1254 5686 1401 5742 Unde
1432 5689 1689 5744 Dominus
1714 5692 1777 5744 ad
1807 5691 2014 5745 Annam
2118 5692 2467 5749 Confluebant
2497 5711 2623 5751 vero
2654 5696 2737 5752 die
2786 5697 2991 5754 sabbati
3040 5714 3251 5769 semper
3292 5703 3345 5756 in
3380 5700 3688 5770 synagogis.

3406 5812 3898 6330 ,Α
