3938 6338
172 274 284 336 95:7

1073 320 1078 327 .
1123 278 1471 334 COMMENT.
1510 277 1575 331 ΙΝ
1615 277 2043 333 ΜΑτΤιιΕυιι.
2082 308 2147 319 -
2188 277 2313 331 LIB.
2359 275 2415 334 V.

3297 248 3399 334 ass

172 390 410 460 utjuxta
454 386 595 457 quod
632 386 887 441 Dominus
940 389 1207 457 przeccpit,
1268 386 1456 441 Vacute
1495 398 1541 440 et
1577 388 1740 441 videte
1769 393 1815 450 Α
1845 392 1973 444 tutis
1993 406 2155 461 Opera
2197 390 2461 460 prosapiae
2494 389 2726 446 carnalis
2760 390 3204 462 contemplatione
3228 390 3401 458 despi-

171 483 429 553 quoniant
465 497 559 551 ego
594 493 708 534 sum
749 477 885 532 Deus
915 476 1083 548 (Psal.
1114 478 1257 549 ην),
1300 477 1509 532 feriatis
1556 477 1739 532 mundi

178 572 418 643 negotiis
443 571 511 625 ad
540 569 840 624 meditanda
868 569 999 639 legis
1035 570 1232 624 monita
1260 570 1442 637 quieto
1467 569 1629 623 corde
1655 583 1739 623 rc-

175 663 444 726 siderent.
471 659 635 730 Cujus
671 673 736 713 eo
762 659 846 713 die
887 659 1187 715 devotionis
1226 648 1441 726 agendae
1484 644 1742 712 hactenus

173 751 242 815 in
272 750 512 807 Ecclesia
556 751 810 820 perducat
853 748 1128 812 indicium,
1162 761 1279 816 quae
1323 747 1389 800 ad
1430 748 1742 801 memoriam

175 840 379 909 priscae
425 837 709 910 religionis‘
750 837 1017 892 canticum
1069 834 1484 898 Deuteronomii,
1536 834 1589 897 in
1639 849 1744 904 quo

179 929 470 983 universus
495 928 692 981 veteris
742 925 917 997 pepuli
960 935 1154 989 status,
1207 924 1333 993 quid
1384 923 1629 978 videlicet
1666 924 1744 978 of-

180 1017 357 1083 fenso,
389 1018 516 1089 quid
537 1018 769 1089 prapitio
794 1019 902 1072 Deo
926 1016 1140 1079 meruit,
1166 1016 1496 1078 continetur,
1525 1014 1746 1068 nonnul-

178 1110 255 1165 lis
288 1109 341 1163 in
373 1107 504 1167 locis
528 1106 753 1162 sabbato
780 1106 958 1160 dicere
993 1103 1289 1158 consuevit.
1327 1101 1574 1170 Alioquin
1603 1110 1748 1155 esset

172 1208 595 1271 'prteposterum,
625 1207 683 1253 ut
721 1197 997 1268 prioribus
1037 1195 1347 1262 septimanae
1394 1193 1583 1247 diebus
1623 1206 1748 1262 pro-

177 1292 467 1362 phetarum
512 1290 671 1345 dictis
715 1285 1039 1343 carminibus
1089 1284 1255 1356 Moysi
1307 1284 1552 1339 ultimum
1603 1283 1748 1337 dice-

179 1390 355 1435 retur.

254 1491 447 1563 Docuit
474 1505 604 1563 ergo
633 1489 687 1543 in
722 1470 1003 1560 synagogis
1046 1485 1348 1543 Iudaeorum
1374 1486 1658 1552 Dominus,
1690 1494 1751 1540 ut

175 1583 516 1652 evangelista
564 1584 769 1645 narrat;
801 1580 873 1633 ita
909 1586 968 1634 ut
1006 1579 1329 1653 mirarentur
1358 1586 1414 1633 et
1456 1578 1746 1632 adicerent:

180 1671 337 1729 Unde
363 1673 484 1729 huic
513 1670 767 1740 sapientia
793 1669 903 1723 haec
928 1678 973 1722 et
1000 1668 1251 1722 virtutes?
1279 1666 1387 1722 Sed
1412 1673 1612 1736 quanta
1639 1664 1748 1718 Na—

1840 485 2004 539 ciunt.

1906 573 2060 628 Iesus
2099 583 2272 629 autem
2297 575 2431 629 dixit
2460 570 2575 629 eis:
2602 574 2723 629 Non
2762 570 2837 629 est
2878 576 3122 644 propheta
3161 582 3271 631 sine
3302 578 3402 634 ho-

1842 681 1984 727 nore,
2016 665 2115 718 nisi
2154 666 2210 719 in
2244 666 2414 735 patria
2435 676 2482 719 et
2508 667 2563 720 in
2605 667 2758 720 domo
2788 664 2905 720 sua.
2946 666 3267 736 Prophetam
3290 668 3396 726 dici

1842 754 1895 807 in
1928 751 2224 822 Scripturis
2266 754 2548 807 Dominum
2590 753 2882 820 Christum,
2930 764 2985 809 et
3016 754 3222 827 Moyses
3251 758 3405 813 testis

1842 850 1945 906 est,
1984 842 2072 911 qui
2103 841 2337 896 futuram
2365 841 2481 910 ejus
2513 843 2934 922 incarnationem
2958 846 3253 915 praedicens
3285 846 3409 902 ﬁliis

1843 936 2006 991 Israel
2036 936 2147 990 ait:
2176 934 2492 1007 Prophetam
2530 936 2667 990 vobis
2697 936 2964 989 suscitabit
2995 936 3247 989 Dominus
3273 936 3408 989 Deus

1844 1036 2004 1080 uester
2028 1026 2092 1078 de
2122 1025 2370 1096 fratribus
2384 1028 2581 1091 vestris,
2597 1040 2744 1097 quem
2768 1036 3018 1096 tanquam
3042 1027 3290 1095 meipsum
3313 1043 3409 1079 auo

1844 1116 1994 1171 distis
2020 1114 2197 1187 (Deut.
2225 1116 2397 1186 xvnt).
2444 1115 2560 1169 Non
2596 1116 2767 1171 solum
2800 1130 2929 1170 vero
2968 1115 3085 1185 ipse
3117 1115 3206 1184 qui
3254 1123 3411 1185 caput

1822 1215 1927 1260 est
1951 1214 2005 1260 et
2033 1204 2294 1260 Dominus
2316 1205 2723 1275 prophetarum,
2752 1206 2843 1260 sed
2870 1214 2923 1259 et
2954 1206 3117 1270 Elias,
3148 1204 3410 1260 Jeremias

1846 1293 2129 1363 caaterique
2147 1294 2442 1364 prophetae,
2474 1294 2709 1368 minores
2737 1312 2792 1349 in
2818 1295 2990 1365 patria
3022 1311 3139 1360 sua,
3168 1308 3328 1365 quam
3353 1294 3409 1348 in

1846 1386 2048 1441 exteris
2072 1385 2377 1441 civitatibus
2398 1384 2565 1439 habiti
2593 1393 2738 1439 sunt.
2772 1384 3037 1456 (Hieron.)
3062 1384 3194 1452 Quia
3218 1399 3412 1455 prope—

1850 1473 2065 1530 modum
2097 1474 2341 1529 naturale
2379 1483 2463 1529 est
2490 1475 2636 1531 cives
2678 1490 2889 1545 semper
2918 1475 3121 1530 civibus
3148 1474 3409 1529 invidere.

1849 1564 1964 1621 Non
1987 1565 2128 1619 enim
2154 1566 2495 1629 considerant
2515 1566 2803 1635 praesentia
2828 1566 2925 1619 viri
2955 1578 3137 1634 opera,
3170 1565 3263 1620 sed
3294 1563 3409 1621 fra-

1852 1655 2010 1727 gilem
2040 1656 2389 1710 recordantur
2434 1654 2739 1721 infantiam,
2766 1656 2921 1725 quasi
2972 1670 3076 1709 non
3105 1665 3159 1710 et
3188 1655 3287 1724 ipsi
3316 1671 3413 1725 per

177 1777 507 1818 zarenorum
534 1736 768 1824 caecitas,
802 1758 892 1827 qui
924 1771 1047 1812 eum
1070 1772 1236 1827 quem
1274 1757 1327 1811 in
1358 1757 1542 1811 verbis
1569 1753 1752 1810 factis-
1778 1736 1823 1796 Β
1849 1746 2066 1801 eosdem
2096 1744 2270 1803 altatis
2293 1746 2491 1814 gradus
2517 1745 2585 1801 ad
2616 1755 2883 1801 maturam
2915 1754 3124 1801 aetatem
3156 1760 3413 1816 pervene-

176 1866 293 1927 que
316 1851 502 1922 ipsius.

809 1953 861 2005 Si
881 1965 1021 2004 meas
1037 1965 1131 2004 non
1151 1952 1269 2003 leva
1292 1952 1461 2004 fuisset
1484 1990 1498 2013 ,

176 2094 461 2152 Christum
484 2101 806 2160 cognoscere
834 2093 1100 2158 poterant,
1122 2085 1191 2140 ob
1218 2084 1384 2139 solam
1412 2084 1625 2154 generis
1654 2098 1749 2154 no-

178 2188 365 2243 titiam
396 2188 763 2240 contemnunt.
816 2178 1143 2248 Sapientiam
1173 2191 1299 2232 vero
1330 2176 1397 2231 ad
1425 2162 1745 2237 doctrinam,

178 2278 420 2343 virtutes
453 2270 696 2329 referunt
744 2268 810 2322 ad
854 2268 1113 2322 sanitates
1146 2276 1201 2321 et
1243 2265 1499 2321 miracula
1526 2280 1646 2336 quae
1671 2264 1751 2320 fa-

177 2368 402 2429 ciebat;
435 2380 555 2434 qua:
582 2362 761 2417 solerti
796 2376 859 2415 ac
886 2360 1105 2429 pulchra
1138 2358 1389 2414 distantia
1429 2372 1752 2413 commemo-

182 2469 266 2515 rat
299 2451 583 2528 Apostolus
613 2454 833 2509 dicens:
864 2451 1041 2505 .Iu'dtei
1080 2451 1227 2521 signa
1265 2446 1462 2519 petunt,
1491 2457 1541 2503 et
1580 2445 1751 2503 (ἔνωεὶ

180 2550 498 2621 sapientiam
522 2555 785 2617 quierunt,
828 2560 919 2596 nos
957 2557 1074 2596 vero
1114 2540 1459 2609 prwdicamus
1486 2538 1749 2592 Christum

182 2641 521 2710 cruciﬁxum,
549 2637 751 2691 Juda‘is
779 2636 983 2706 quidem
1013 2632 1336 2695 scandalum,
1380 2632 1611 2701 gentibus
1632 2649 1749 2687 vero

182 2730 503 2795 stultitiam;
530 2722 669 2798 ipsis“
685 2742 800 2781 vero
843 2726 1035 2777 vocatis
1065 2734 1108 2776 et
1134 2720 1327 2776 Gra'cis
1356 2722 1618 2776 Christum
1656 2721 1753 2775 Dei

184 2817 430 2878 virtutem
468 2830 516 2874 et
556 2818 653 2872 Dei
682 2815 988 2887 sapientiam
1019 2813 1071 2884 (Ι
1094 2811 1215 2867 Cor.
1250 2812 1311 2883 ι).
1357 2812 1414 2866 in
1442 2827 1546 2881 qua
1595 2811 1755 2867 nimi-

185 2928 313 2971 rum
340 2911 607 2967 sententia
637 2909 885 2963 virtutcm
913 2906 977 2960 ad
1006 2906 1152 2975 signa
1195 2904 1379 2959 retulit
1408 2912 1629 2975 propter
1655 2902 1751 2957 Ju-

186 3006 357 3068 daeos,
388 3001 703 3072 sapientiam
729 2989 855 3052 vero
899 2998 967 3049 ad
1016 2990 1315 3049 doctrinam
1354 3000 1576 3064 propter
1607 2991 1757 3048 Grae-

187 3091 306 3160 cos,
334 3091 387 3146 id
415 3098 518 3155 est,
558 3099 762 3169 gentes.

264 3201 453 3257 Nonne
472 3200 556 3253 hic
578 3206 651 3252 est
671 3196 806 3266 fabri
828 3195 1008 3263 ﬁlius?
1035 3193 1218 3248 Nonne
1242 3203 1405 3249 mater
1428 3194 1542 3264 ejus
1564 3195 1757 3250 dicitur

190 3294 392 3358 Maria,
430 3302 478 3346 et
504 3291 691 3361 fratres
720 3289 833 3359 ejus
872 3286 1121 3350 Jacobus,
1164 3296 1210 3341 et
1233 3286 1447 3357 Ioseph,
1474 3297 1522 3341 et
1552 3285 1753 3353 Simon,

189 3394 239 3438 et
284 3380 497 3436 Iudas?
540 3368 835 3434 et'sorores
868 3378 1002 3447 .ejus
1050 3393 1218 3430 nonne
1257 3393 1431 3431 omnes
1472 3377 1611 3447 apud
1664 3394 1757 3432 nos

189 3474 363 3530 sunt?
393 3471 543 3527 Unde
558 3472 679 3541 ergo
705 3470 825 3524 huic
854 3469 1028 3523 omnia
1059 3468 1197 3522 ista?
1220 3467 1285 3521 Et
1323 3468 1757 3522 scandalizaban-

190 3577 279 3621 tur
311 3554 367 3620 in
386 3580 466 3618 eo.
496 3563 660 3617 Error
694 3559 992 3615 Iudaeorum
1023 3559 1168 3614 salus
1214 3568 1395 3614 nostra
1434 3568 1536 3624 est,
1570 3568 1623 3614 et
1650 3560 1759 3614 ha:-

191 3657 482 3713 reticorum
513 3652 903 3709 condemnatio.
951 3651 1008 3704 ln
1050 3658 1253 3705 tantum
1286 3652 1427 3705 enim
1467 3651 1759 3706 cernebant

190 3736 469 3799 hominem
496 3732 790 3805 Christum,
835 3750 893 3794 ut
924 3740 1057 3794 fabri
1084 3726 1336 3809 putarent
1375 3740 1563 3805 ﬁlium,
1590 3749 1644 3795 et
1680 3741 1761 3794 di-

191 3842 417 3899 cerent;
452 3832 640 3887 Nonne
667 3832 750 3884 hic
788 3840 860 3885 est
888 3830 1026 3899 fabri
1044 3831 1225 3899 ﬁlius?
1255 3830 1467 3885 Miraris
1496 3832 1541 3886 si
1580 3838 1761 3885 errent

186 3922 249 3980 in
295 3922 577 3987 fratribus,
608 3938 732 3977 cum
760 3930 943 3975 errent
988 3921 1041 3974 in
1079 3922 1271 3990 patre?
1305 3921 1523 3977 Fratres
1547 3937 1759 3991 quoque

192 4021 249 4067 et
277 4025 492 4067 sorores
524 4010 638 4081 ejus
664 4004 844 4064 secum
873 4024 991 4063 esse
1018 4017 1297 4073 testentur,
1324 4012 1411 4079 qui
1451 4018 1625 4064 tamen
1654 4027 1759 4065 non

191 4102 351 4159 liberi
401 4100 596 4171 Joseph
644 4107 738 4154 aut
784 4098 964 4153 Mariae
1004 4097 1156 4167 juxta
1188 4099 1469 4154 b‘rreticos
1507 4099 1758 4176 putandi,

192 4194 292 4251 sed
341 4193 518 4265 potius
551 4190 703 4259 juxta
754 4180 957 4245 morem
1005 4206 1171 4244 sacrae
1215 4190 1504 4260 Scripturaa
1548 4190 1757 4260 cognati

196 4288 437 4356 ipsorum
483 4292 608 4338 sunt
659 4281 1015 4351 intelligendi;
1064 4283 1328 4349 quomodo
1377 4281 1642 4336 Abraham
1705 4266 1760 4335 et

178 4366 337 4432 'Lotb
376 4374 573 4429 fratres
606 4372 957 4441 appellantur,
985 4386 1105 4424 cum
1131 4379 1274 4425 esset
1300 4371 1436 4426 Loth
1486 4371 1627 4427 ﬁlius
1658 4370 1760 4425 fra-

196 4467 299 4521 tris
326 4463 572 4526 Abrahaa,
604 4469 659 4516 et
683 4460 847 4515 multa
882 4460 1047 4514 habes
1082 4460 1401 4530 hujusmodi.
1435 4459 1615 4532 (ΗΑΒ.)
1644 4461 1760 4517 Non

196 4571 328 4612 vero
370 4557 486 4610 sine
515 4553 648 4608 certi
691 4534 995 4622 provisione
1031 4552 1373 4617 sacramenti,
1411 4553 1668 4621 Dominus
1710 4554 1763 4607 in

196 4666 363 4707 carne
408 4662 672 4718 apparens
718 4644 887 4710 faber,
933 4653 990 4699 et
1035 4644 1168 4704 fabri
1215 4645 1353 4699 ﬁlius
1388 4646 1666 4711 aestimari,
1702 4662 1766 4701 ac

198 4744 306 4799 dici
333 4739 682 4806 voluit.'Quin
707 4738 889 4811 potius
925 4737 1086 4791 etiam
1116 4752 1212 4807 per
1254 4737 1354 4792 hoc
1400 4752 1457 4793 se
1494 4736 1610 4803 ejus
1641 4747 1766 4793 ante
1806 4774 1811 4778 »

198 4832 394 4890 saecula
415 4830 607 4886 Filium
635 4844 753 4884 esse
781 4828 977 4891 docuit,
1002 4828 1091 4897 qui
1125 4827 1414 4882 fabricator
1440 4829 1675 4899 omnium
1712 4830 1765 4882 in

196 4924 454 4993 principio
499 4921 684 4976 creavit
715 4919 853 4973 Deus
889 4919 1069 4972 caelum
1113 4929 1159 4972 et
1205 4928 1415 4973 terram.
1463 4918 1593 4972 Nam
1636 4927 1689 4973 ct
1718 4918 1763 4973 si

198 5014 437 5068 humana
478 5027 581 5065 non
611 5018 734 5065 sunt
761 5010 1117 5078 comparanda
1143 5010 1356 5073 divinis,
1388 5020 1544 5079 typus
1588 5014 1761 5064 tamen

200 5100 411 5171 in'leger
436 5108 537 5163 est,
576 5100 700 5166 quia
734 5098 890 5151 Pater
916 5098 1114 5153 Christi
1146 5099 1264 5169 igne
1290 5108 1540 5167 operatur
1563 5107 1616 5151 et
1645 5098 1764 5167 Spi~

199 5193 310 5247 ritu
336 5206 350 5253 ;
384 5189 599 5243 undeet
624 5189 689 5243 de
715 5189 828 5256 ipso
847 5198 1097 5257 tanquam
1126 5191 1190 5243 de
1219 5189 1352 5242 fabri
1379 5190 1483 5242 ﬁlio
1516 5189 1760 5243 Praecur-

201 5298 297 5338 sor
320 5295 447 5335 suus
474 5279 549 5332 ait
579 5296 591 5330 :
625 5276 744 5348 Ipse
774 5296 859 5331 vos
886 5280 1161 5347 baptizabit
1207 5281 1259 5332 in
1288 5279 1484 5349 Spiritu
1512 5296 1690 5332 saneto
1715 5289 1765 5332 et

199 5375 321 5445 igne
342 5370 555 5441 (Matth.
590 5369 691 5440 ιιι).
727 5370 823 5435 Qui
854 5370 904 5422 in
951 5372 1107 5425 domo
1140 5386 1328 5439 magna
1382 5367 1539 5435 hujus
1580 5370 1762 5423 mundi

201 5461 402 5518 diversi
424 5448 635 5530 generis
670 5474 790 5512 vasa
822 5458 1065 5521 fabricat,
1100 5458 1205 5511 imo
1231 5472 1354 5510 vasa
1401 5458 1515 5521 ire,
1551 5459 1631 5511 sui
1663 5459 1766 5527 spi-

202 5554 342 5607 ritus
372 5550 820 5622 ignemollicndo,
859 5550 909 5603 in
952 5548 1331 5602 misericordia:
1368 5550 1495 5601 vasa
1522 5564 1761 5602 commu-

202 5652 299 5697 tat.
335 5642 439 5698 Sed
484 5639 639 5712 hujus
682 5641 1001 5696 sacramenti
1032 5638 1193 5693 Judaei
1240 5640 1407 5709 ignari
1440 5640 1632 5695 divina:
1659 5641 1763 5694 vir-

1780 3084 1827 3148 C

1853 1838 1982 1892 rint.

1920 1928 1990 1983 Et
2020 1946 2124 1985 non
2154 1921 2274 2000 fecit
2293 1929 2363 1984 ibi
2388 1930 2597 1984 virtutes
2622 1928 2813 1984 multas
2846 1940 3051 2001 propter
3075 1930 3414 1985 incredulita-

1850 2031 1951 2077 tem
1978 2020 2209 2076 illorum.
2246 2020 2362 2077 Non
2394 2021 2535 2091 quod
2563 2022 2724 2076 etiam
2760 2021 2864 2075 illis
2907 2022 3192 2077 incredulis
3237 2021 3416 2077 facere

1851 2131 1956 2171 non
1986 2093 2221 2186 ptituerit
2240 2114 2467 2169 virtutes
2492 2112 2708 2178 multas,
2747 2114 2840 2168 sed
2876 2129 2943 2167 ne
2969 2113 3166 2168 multas
3190 2112 3411 2177 faciens,

1852 2207 1999 2263 cives
2031 2205 2334 2262 incredulos
2370 2206 2770 2271 condemnaret.
2805 2204 2985 2260 Potest
3012 2220 3140 2260 vero
3167 2213 3220 2259 et
3257 2204 3419 2262 aliter

1852 2298 2099 2369 intelligi,
2125 2299 2248 2369 quia
2270 2297 2425 2353 Jesus
2461 2298 2785 2368 despiciatur
2819 2298 2872 2352 in
2901 2299 3059 2354 domo
3082 2307 3135 2353 et
3157 2300 3208 2352 in
3234 2290 3423 2369 patria}

1851 2405 1967 2456 sua,
2008 2390 2062 2447 id
2088 2398 2192 2455 est,
2237 2389 2291 2445 in
2322 2388 2514 2460 populo
2538 2387 2865 2455 Judazorum,
2897 2397 2952 2444 et
2989 2390 3107 2446 ideo
3142 2389 3213 2444 ibi
3241 2403 3415 2459 pauca

1851 2481 1999 2552 signa
2029 2480 2237 2546 fecerit,
2264 2495 2335 2535 ne
2361 2481 2572 2550 penitus
2607 2481 2942 2536 excusabiles
2971 2480 3179 2535 ﬁerent.
3214 2479 3416 2551 Maiora

1848 2587 1979 2628 vero
2005 2573 2155 2643 signa
2190 2572 2427 2641 quotidie
2469 2571 2521 2625 in
2548 2570 2795 2642 gentibus
2821 2586 2915 2640 per
2957 2569 3239 2639 Apostolos
3264 2569 3415 2637 iacit,

1830 2678 1959 2719 non
1984 2672 2095 2716 tam
2122 2662 2175 2715 in
2204 2662 2483 2716 sanatione
2508 2674 2811 2728 corporum,
2848 2673 3008 2727 quam
3034 2659 3089 2712 in
3118 2658 3419 2713 animarum
3470 2665 3479 2671 '

1855 2752 2048 2807 salute.

2426 2836 2652 2893 CAPUT
2700 2835 2838 2893 XIV.

1858 2931 2127 2986 Narratur
2152 2927 2426 2993 decoliatio
2451 2928 2675 2984 Joannis
2704 2926 2975 2997 Baptistae,
3004 2943 3121 2980 cum
3159 2924 3412 2980 miraculo

1915 3001 2141 3072 quinque
2163 3015 2380 3070 panum,
2407 3007 2463 3053 et
2480 2997 2832 3051 ambulatione
2852 3013 3007 3068 super
3034 3012 3216 3066 aquas,
3250 3004 3356 3051 etc.

1927 3109 2016 3183 [1.]
2040 3109 2106 3163 In
2122 3109 2217 3178 illo
2234 3118 2460 3179 tempore
2478 3103 2674 3161 audivit
2690 3105 2923 3160 Herodes
2942 3106 3203 3160 tetrarclta
3221 3105 3420 3176 famam

1853 3202 2003 3269 Iesu,
2050 3210 2097 3255 et
2140 3200 2214 3254 ait
2255 3198 2431 3271 pueris
2474 3195 2746 3251 suis:Hic
2780 3206 2853 3250 est
2881 3194 3113 3250 Joannes
3154 3195 3418 3266 Baptista,

1854 3294 1961 3365 ipse
1987 3292 2213 3347 surrexit
2252 3308 2285 3344 a
2316 3290 2557 3355 mortuis,
2584 3297 2632 3343 et
2666 3288 2780 3342 ideo
2807 3288 3022 3341 uirtutes
3052 3296 3335 3357 operantur
3364 3286 3425 3342 in

1855 3402 1932 3441 eo.
1966 3383 2147 3457 (ΕΑΒ.)
2176 3383 2348 3439 Lucas
2374 3383 2441 3439 de
2466 3382 2551 3437 his
2576 3382 2649 3435 ita
2677 3380 2865 3447 scribit
2898 3398 2911 3434 :
2940 3371 3149 3433 Audiuit
3170 3394 3288 3432 vero
3312 3376 3425 3432 He-

1857 3477 2005 3531 rodes
2029 3470 2292 3531 te'trarclta
2319 3476 2493 3529 omnia
2518 3492 2633 3546 qua
2662 3474 2858 3543 fiebant
2885 3474 2948 3527 ab
2974 3490 3055 3540 eo,
3079 3483 3125 3527 et
3151 3473 3425 3537 licesitubat

1856 3587 1915 3624 eo
1939 3570 2077 3641 quod
2098 3569 2358 3622 diceretur
2386 3585 2418 3621 a
2448 3566 2776 3638 quibusdam,
2802 3567 2925 3637 quia
2945 3565 3428 3619 Joannes'resurre-

1857 3661 1990 3715 xerit
2013 3668 2051 3713 α
2074 3658 2315 3724 mortuis,
2353 3656 2385 3712 a
2416 3648 2729 3729 quibusdam
2758 3674 2884 3725 ,vero
2920 3660 3045 3728 quia
3086 3657 3234 3710 Elius
3267 3673 3429 3726 appa-

1861 3751 1986 3815 ruit,
2011 3758 2116 3804 etc.
2152 3747 2307 3818 (Lue.
2330 3747 2429 3819 ix).
2476 3730 2878 3815 Intelligendum
2922 3754 3005 3801 est
3035 3761 3162 3816 ergo
3186 3753 3285 3798 aut
3309 3751 3429 3813 post

1860 3840 2000 3893 hanc
2033 3836 2422 3893 haesitationem
2462 3834 2811 3890 conﬁrmasse
2849 3848 2973 3889 eum
3010 3834 3063 3887 in
3108 3834 3286 3886 animo
3330 3840 3432 3908 suo

1859 3932 2001 3999 quod
2048 3930 2115 3985 ab
2155 3929 2275 3983 aliis
2304 3926 2601 3992 dicebatur,
2640 3941 2764 3981 cum
2804 3926 2900 3990 ait,
2948 3924 3050 3977 Hic
3095 3934 3167 3978 est
3197 3924 3429 3978 Joannes

1859 4022 2119 4090 Baptista,
2146 4021 2253 4090 ipse
2300 4019 2526 4074 surrexit
2559 4036 2592 4074 a
2632 4018 2891 4081 mortuis;
2937 4026 3029 4071 aut
3073 4016 3142 4069 ita
3192 4030 3431 4083 pronuno

1826 4136 1833 4143 ι
1859 4110 2041 4165 tianda
2069 4117 2196 4163 sunt
2221 4110 2337 4164 htec
2377 4107 2563 4171 verba,
2594 4114 2655 4161 ut
2700 4107 3037 4161 haesitantem
3069 4106 3243 4160 adhuc
3284 4102 3428 4157 indl-

1860 4207 2012 4264 cent;
2056 4198 2102 4253 si
2148 4198 2292 4253 enim
2337 4194 2982 4265 diceretzNunquidnam
3026 4195 3113 4249 hic
3159 4193 3278 4248 est?
3314 4199 3427 4257 aut,

1860 4289 2110 4359 Nunquid
2153 4286 2292 4342 forte
2328 4286 2418 4341 hic
2454 4295 2537 4341 est
2559 4284 2793 4340 Joannes
2828 4283 3114 4354 Baptista?
3152 4296 3257 4335 non
3296 4293 3432 4349 Opus

1862 4389 2008 4436 esset
2035 4380 2324 4435 admonere
2346 4376 2546 4446 aliquid
2574 4377 2639 4433 de
2662 4374 3116 4446 pronuntiatione,
3146 4385 3249 4440 qua
3279 4369 3431 4423 dubi-

1866 4478 1984 4523 tans
2005 4476 2164 4538 atque
2186 4466 2439 4521 haesitans
2467 4464 2813 4535 intelligatur.
2839 4463 2990 4516 Nunc
3010 4461 3132 4530 quia
3155 4459 3243 4513 illa
3269 4455 3430 4515 verba

1864 4560 2075 4623 desunt,
2128 4554 2354 4627 utroque
2395 4556 2551 4627 modo
2593 4554 2926 4624 pronuntiari
2983 4557 3179 4623 patest,
3233 4561 3294 4605 ut
3339 4558 3433 4603 aut

1864 4648 2239 4719 conﬁrmatum
2293 4661 2416 4700 eum
2450 4626 2542 4701 ἐχ
2594 4640 2825 4699 aliorum
2880 4644 3058 4698 verbis
3120 4642 3431 4697 credentem

1862 4739 2061 4793 dixisse
2096 4728 2595 4806 aecipiamus,'aut
2618 4736 2791 4790 adhuc
2823 4735 2961 4789 sicut
2986 4730 3159 4811 Lucas
3195 4746 3435 4787 comme-

1865 4840 2061 4891 morat.
2093 4832 2455 4886 haesitantem.
3074 4816 3080 4823 ’
3146 4820 3149 4823 ’

1941 4924 2120 4993 (ΜΑυιι
2148 4916 2480 4992 )Notandum
2504 4930 2677 4975 tamen
2692 4919 2830 4988 quod
2853 4918 3087 4975 Herodes
3112 4916 3291 4989 pueris
3320 4910 3436 4976 suis

1872 5015 1922 5069 in
1950 5014 2051 5067 hac
2095 5012 2357 5066 sententia
2413 5011 2479 5063 de
2507 5008 2918 5062 resurrectionis
2945 5007 3112 5078 gloria
3176 5005 3430 5077 praedica-

1868 5104 1978 5157 bat.
2009 5101 2123 5154 Non
2180 5100 2321 5153 enim
2364 5106 2457 5160 ait,
2494 5096 2593 5151 ilio
2630 5106 2713 5150 est
2764 5095 3001 5151 Joannes
3053 5097 3310 5167 Baptista,
3338 5097 3432 5168 qui

1870 5197 2122 5257 operatur
2144 5188 2391 5248 virtutes,
2418 5184 2511 5237 sed
2542 5182 2643 5235 llic
2668 5194 2765 5249 est,
2794 5185 2986 5253 inquit,
3010 5184 3242 5239 Joannes
3285 5184 3432 5256 Bap-

1867 5277 2139 5345 tistn,ipse
2160 5274 2436 5327 resurrexit
2466 5290 2497 5325 a
2542 5274 2779 5336 mortuis,
2805 5285 2850 5327 et
2898 5275 3267 5341 ideo,virtutes
3320 5290 3434 5345 ope-

1870 5378 2054 5421 rantur
2098 5368 2150 5420 in
2180 5383 2258 5419 eo.
2292 5366 2432 5424 Bene
2455 5366 2759 5419 omnimode
2791 5366 2854 5420 de
2904 5366 3101 5420 virtute
3154 5378 3434 5421 resurrec-

1869 5460 2029 5513 tionis
2069 5460 2335 5522 senserat,
2362 5457 2505 5525 quod
2543 5455 2765 5523 majoris
2818 5456 3065 5525 potentiae
3114 5454 3276 5509 futuri
3324 5454 3438 5512 sint

1869 5550 2060 5614 sancti,
2101 5564 2220 5602 cum
2260 5563 2288 5601 a
2328 5548 2551 5601 mortuis
2594 5547 3001 5610 resurrexerint,
3028 5542 3437 5615 quam‘fuerint

1869 5656 1990 5695 cum
2044 5638 2459 5695 carnis‘adhuc
2526 5638 2833 5692 inﬁrmitate
2902 5646 3273 5704 giavarentur.
3328 5632 3439 5701 Sed
