3938 6320
575 223 684 281 959

1214 223 1277 280 B.
1318 223 1572 280 RAB‘ANl
1610 182 1826 281 metu
1865 219 2181 277 ARClIlEP.
2226 218 2531 277 uocum.
2573 187 2855 278 ereum:
2893 221 3075 280 PARS
3112 224 3154 281 ι.

3726 233 3807 286 91“

574 345 780 411 quanta
825 334 1128 399 Judaorum
1192 337 1433 402 invidia,
1477 336 1568 405 qui
1619 344 1805 389 contra
1855 334 2138 388 Dominum
2157 331 2218 400 'A
2242 332 2549 387 eunuchum
2570 332 2675 388 vita
2728 333 3157 404 privarijubens,
3188 352 3296 408 quo
3334 337 3549 413 longius
3601 356 3638 397 ιι
3688 358 3809 404 vera

572 426 793 482 malitia
823 424 975 481 furor
1001 426 1288 490 exstiterit,
1317 433 1370 479 et
1405 425 1459 478 in
1502 425 1603 478 isto
1623 423 1762 489 loco,
1794 431 1849 478 et
1878 438 1944 479 ex
1971 424 2145 478 omni-

572 625 721 675 nem,
754 608 819 664 de
856 622 964 679 quo
999 607 1194 663 dictum
1241 612 1343 669 est,
1367 603 1491 673 quia
1531 604 1737 674 signum
1777 602 1895 673 fecit
1941 603 2142 657 nullum

572 697 756 770 (Joan.
805 700 886 766 ι),
937 714 967 751 a
996 695 1219 751 mortuis
1267 694 1509 764 potuisse
1562 710 1844 766 resurgere
1896 696 2040 752 nullo
2063 706 2143 753 at-

570 797 806 844 testante
849 787 1103 851 Herodes,
1131 785 1221 855 qui
1267 792 1387 841 erat
1421 785 1739 857 alienigena,
1766 789 2142 858 pronuntiave-

569 888 691 944 rat;
730 880 829 950 ipsi
887 893 1013 933 vero
1065 875 1269 942 Jesum,
1297 892 1454 947 quem
1513 878 1784 947 prophetae
1817 895 2001 935 eorum
2062 881 2142 941 eis

567 969 929 1039 przcdixeraut
974 969 1144 1022 virum
1193 968 1531 1039 approbatum
1560 986 1593 1021 a
1640 969 1746 1023 Deo
1775 971 2045 1059 uirtutibus
2090 981 2138 1026 et

564 1059 726 1129 signis
780 1057 919 1129 (Act.
950 1057 1037 1132 ιι),
1097 1057 1249 1128 cujus
1302 1054 1551 1114 videlicet
1594 1068 1821 1115 mortem
1854 1054 2139 1137 elementa

564 1148 1386 1212 tremuerunt.resurrectionem
1408 1163 1539 1209 vero
1575 1159 1737 1221 atque
1770 1152 2138 1209 ascensionem

564 1240 761 1310 angeli,
793 1239 1039 1310 apostoli,
1066 1239 1166 1292 viri
1199 1253 1262 1294 ac
1308 1237 1539 1306 feminae,
1589 1242 1837 1311 certatim
1881 1243 2137 1314 praedica-

561 1328 709 1394 bant,
771 1344 878 1383 non
925 1327 1309 1394 resurrexisse,
1344 1329 1438 1384 sed
1484 1327 1668 1384 furtim
1719 1346 1838 1386 esse
1897 1332 2134 1389 ablatum

562 1420 781 1476 credere
793 1418 1116 1476 maluerunt.
1142 1420 1208 1475 Et
1228 1421 1283 1475 in
1302 1422 1407 1476 hoc
1426 1436 1639 1492 quoque
1665 1421 1968 1480 insinuatur
1992 1426 2136 1496 quod

561 1511 857 1581 promptior
877 1520 958 1567 est
979 1512 1192 1568 animus
1222 1512 1459 1585 gentium
1489 1515 1556 1569 ad
1576 1514 1946 1583 credulitatem
1972 1532 2133 1587 quam

557 1602 884 1663 Judazorum.
919 1603 1053 1672 Quia
1082 1606 1223 1669 sicut
1251 1606 1512 1677 propheta
1556 1606 1623 1662 de
1651 1606 1755 1664 illis
1782 1607 1895 1663 ait:
1934 1609 2132 1675 Quibus

2242 423 2388 478 cultu
2414 424 2690 496 religionis
2716 420 2925 492 aberat,
2951 441 3017 482 eo
3044 427 3216 486 levius
3246 432 3301 486 in
3352 433 3658 491 violatione
3714 452 3809 494 sua

3820 64 3901 461 l

572 517 673 575 bus
701 531 836 589 pene
858 516 991 572 locis
1019 514 1288 585 Evangelii
1311 514 1582 568 docemur.
1613 512 1752 578 Ecce
1801 514 1943 567 enim
1976 511 2142 567 Joan-
2241 511 2549 569 festivitatis
2576 514 2819 586 deliquit.
2854 515 3105 589 Attamen
3131 533 3199 574 ex
3241 521 3525 594 utriusque
3570 528 3811 596 exmpla
3846 512 3847 515 η

2239 607 2500 676 probatur
2522 607 2705 663 utilius
2738 622 2857 663 esse
2888 608 3043 670 nobis
3086 610 3227 665 diem
3274 615 3464 670 mortis
3508 615 3712 673 futura:
3765 621 3811 673 ti-
3882 607 3887 676 ζ

2240 696 2434 752 mendo
2465 704 2520 758 et
2569 706 2715 752 caste
2737 698 2943 778 agendo
2972 698 3244 770 sapius'in
3292 706 3614 781 memoriam
3662 723 3808 764 revo-

2238 801 2386 852 care,
2414 802 2576 857 quam
2600 788 2741 855 diem
2797 789 3091 846 nativitatis
3144 791 3463 854 luxuriando
3510 797 3804 853 celebrare

2208 920 2209 923 η
2238 872 2571 933 Homo.enim
2601 876 2666 930 ad
2691 875 2926 932 laborem
2954 879 3195 938 nascitur
3216 879 3275 934 in
3302 880 3522 947 mundo,
3550 892 3612 937 et
3651 885 3806 940 ειεοή

2237 965 2305 1021 ad
2336 966 2573 1036 requiem
2607 980 2705 1036 per
2732 977 3263 1025 mortemAranseunt
3286 978 3318 1026 ε
3340 966 3555 1028 mundo.
3580 973 3804 1051 (Illum)

2238 1057 2343 1113 Sed
2371 1059 2462 1129 qui
2486 1058 2668 1115 mundi
2691 1076 2875 1116 amore
2902 1070 3173 1130 tenentur,
3209 1068 3462 1133 excaecati
3482 1070 3560 1131 de
3614 1069 3803 1133 futuris

2235 1163 2341 1213 non
2370 1149 2625 1220 cogitant.
2652 1150 2717 1205 Et
2741 1149 2811 1207 ob
2829 1151 2930 1208 hoc
2949 1168 3045 1209 nec
3066 1157 3348 1226 praesentia
3369 1156 3505 1214 bene
3529 1162 3799 1227 ordinant;

2234 1237 2379 1308 quod
2401 1234 2538 1295 bene
2568 1239 2621 1295 in
2648 1240 2852 1298 luxuria
2881 1244 3245 1314 conviviorum
3296 1262 3520 1308 suorum
3562 1249 3802 1309 Herodes

2235 1329 2645 1389 demonstravit;
2662 1335 2736 1392 De
2761 1352 2867 1406 quo
2888 1338 3266 1411 subiungitur:

2306 1421 2453 1479 Unde
2473 1442 2591 1480 cum
2607 1426 2904 1499 juramento
2925 1430 3188 1501 pollicitus
3215 1444 3290 1488 est
3310 1436 3359 1501 ei
3387 1436 3515 1492 dare
3532 1438 3797 1509 quodcu-

2232 1502 2332 1583 qu'e
2355 1514 2663 1584 postulasset
2689 1517 2753 1571 ab
2798 1535 2879 1574 eo.
2900 1518 3175 1596 (Hierom)
3201 1520 3317 1579 Non
3360 1502 3657 1582 excusatur
3702 1530 3796 1585 He~

2233 1604 2415 1691 rodes,
2442 1607 2587 1685 quod
2614 1607 2814 1664 invitus
2838 1616 2892 1664 et
2920 1611 3111 1668 nolens
3160 1624 3383 1686 propter
3418 1615 3791 1691 juramenturn

558 1701 757 1748 nonest
800 1696 1166 1758 annuntiatum
1214 1694 1278 1754 de
1317 1694 1695 1760 eo,videbunt;
1722 1695 1813 1760 isti
1872 1692 2001 1753 vero
2051 1698 2132 1753 vi-
2157 1683 2206 1746 Β
2232 1683 2582 1785 homicidium
2630 1697 2839 1767 fecerit,
2867 1702 2993 1785 quia
3043 1705 3110 1759 ad
3162 1683 3275 1761 hoc“
3313 1683 3456 1763 forte
3491 1708 3793 1779 juravit,ut

557 1784 744 1839 dentes
767 1799 871 1839 nou
894 1784 1095 1851 vident,
1126 1785 1252 1854 quia
1278 1793 1337 1840 ut
1371 1785 1645 1856 legislator
1666 1787 1732 1842 de
1752 1787 1836 1842 eis
1877 1796 2124 1862 testatur,

554 1874 816 1949 generatio
857 1884 931 1928 est
984 1891 1169 1945 prava,
1199 1884 1248 1929 et
1292 1892 1531 1945 perversa
1559 1875 1738 1949 (Deut.
1768 1879 1964 1953 xxxn),
2002 1879 2149 1948 ﬁlii,’

554 1962 607 2016 in
637 1963 832 2033 quibus
858 1980 961 2018 non
991 1973 1074 2020 est
1108 1964 1241 2024 ﬁdes
1281 1965 1335 2019 in
1371 1965 1467 2021 eis.

627 2055 864 2111 Herodes
903 2067 1075 2111 autem
1106 2058 1268 2111 tenuit
1286 2056 1548 2125 Joannem
1580 2067 1637 2113 et-
1658 2058 1890 2132 alligauit
1911 2072 2123 2127 eum,'et

549 2148 723 2220 posuit
757 2150 812 2220 in
839 2163 1097 2202 carcerem
1118 2158 1325 2218 propter
1355 2146 1706 2211 Herodiadem
1747 2168 1962 2211 uxorem
2006 2150 2122 2222 fra-

550 2236 648 2291 tris
668 2238 783 2303 sui;
832 2237 1031 2291 dicebat
1071 2249 1244 2293 autem
1286 2237 1364 2295 illi
1394 2237 1658 2317 Joannes,
1685 2238 1809 2301 Non
1853 2241 1971 2300 licet
2029 2243 2140 2311 tibi,

549 2326 739 2382 Imbere
786 2345 920 2381 eam.
948 2327 1214 2399 (Hieron.)
1245 2328 1408 2387 Vetus
1432 2339 1618 2392 narrat
1655 2331 1875 2393 historia
1924 2332 2123 2406 Philip-

548 2430 673 2484 pum
698 2416 919 2487 majoris
947 2415 1174 2475 Herodis
1214 2417 1401 2485 lilium,
1422 2408 1521 2481 sub
1543 2434 1650 2490 quo
1672 2421 1929 2483 Dominus
1976 2422 2123 2498 afugit

549 2498 604 2575 in
631 2503 943 2579 Egyptum,
974 2506 1191 2563 fratrem
1218 2509 1376 2581 hujus
1401 2507 1645 2577 Herodis,
1675 2508 1774 2566 sali
1796 2526 1902 2581 quo
1927 2524 2119 2595 passus

548 2602 632 2651 est
650 2593 919 2669 Christus,
946 2596 1162 2665 duxisse
1186 2613 1409 2655 uxorem
1432 2598 1806 2668 Herodiadem,
1833 2600 1997 2658 filiam
2039 2593 2122 2661 rc-

487 2733 491 2736 .
547 2688 632 2761 gis
655 2687 863 2756 Aretaa;
896 2699 1080 2762 postea
1106 2707 1235 2770 vero
1259 2708 1470 2749 socrum
1494 2694 1629 2765 ejus,
1659 2697 1862 2753 exortis
1898 2699 2139 2769 quibus-ﬂ

545 2780 669 2836 dam
718 2788 906 2836 contra
967 2796 1224 2851 generum
1290 2782 1672 2851 simultatibus,
1716 2785 1901 2843 tulisse
1950 2787 2116 2845 tiliam

544 2882 722 2936 suam,
764 2876 820 2925 et
869 2870 924 2940 in
971 2870 1208 2936 dolorem
1262 2872 1441 2941 mariti
1485 2873 1702 2943 prioris,
1758 2874 1960 2941 inimici
1999 2876 2116 2949 ejus

543 2956 747 3030 nuptiis
791 2956 1090 3027 capulasse‘.
1121 2957 1226 3025 Qui
1255 2958 1327 3014 sit
1353 2974 1484 3016 vero
1509 2959 1598 3015 hic
1626 2958 1919 3031 Philippus,
1943 2976 2113 3018 evan-

543 3028 734 3114 gelista
771 3046 948 3117 Lucas
1003 3046 1213 3117 plenius
1270 3047 1454 3107 docet:
1486 3049 1636 3123 Anno
1685 3028 1865 3123 quinto
1912 3051 2112 3113 decimo
2139 3028 2183 3094 ί)

542 3136 745 3206 imperii
799 3134 989 3190 Tiberii
1048 3136 1297 3206 σφισι-ξε,
1334 3120 1647 3212 praeurante
1690 3118 1881 3209 Pontio
1934 3139 2110 3207 Pilato

541 3224 807 3290 Iudicum,
878 3228 1139 3281 tetrarcha
1205 3245 1324 3297 vero
1402 3227 1638 3289 Galilazte
1699 3229 1928 3297 Herode,
1982 3231 2113 3286 Phi-

542 3308 680 3381 lippo
727 3329 843 3366 vero
901 3313 1065 3382 fratre
1106 3314 1224 3383 ejus
1274 3315 1537 3380 lett-archo
1591 3313 1806 3384 lturwte
1859 3326 1907 3371 et
1951 3316 2113 3372 Thra-

542 3403 788 3458 conitidis
839 3407 1064 3476 regionis
1115 3406 1267 3480 (Luc.
1326 3406 1431 3481 ut).
1463 3407 1603 3478 Ergo
1643 3407 1878 3490 Joannes
1925 3411 2110 3482 Bapti-

542 3499 645 3556 sta,
696 3495 789 3563 qui
848 3497 995 3550 venit
1041 3498 1093 3551 in
1139 3496 1328 3567 spiritu
1371 3503 1426 3552 et
1459 3497 1656 3553 virtute
1695 3488 1823 3553 Elite
1850 3540 1866 3564 ,
1920 3502 2109 3557 eadem

508 3585 863 3655 auctoritate
893 3602 997 3656 qua
1058 3587 1145 3643 ille
1184 3587 1369 3644 Achab
1418 3588 1754 3659 corripuerat
1802 3599 1855 3647 et
1896 3591 2110 3650 Jezahel

545 3674 667 3746 (III
711 3675 836 3747 Reg.
880 3678 1017 3749 xxx),
1078 3681 1252 3751 arguit
1303 3680 1568 3736 Herodem
1621 3692 1676 3737 et
1730 3682 2106 3755 llerodiadem,

540 3766 686 3835 quod
744 3768 959 3829 illicitas
994 3773 1234 3843 nuptias
1292 3772 1555 3839 fecerint,
1625 3784 1682 3831 et
1733 3792 1839 3832 non
1918 3780 2105 3849 lice.:t,

538 3852 705 3911 fratre
756 3857 967 3913 vivente
1009 3874 1281 3929 germano,
1304 3860 1446 3916 illius
1475 3878 1698 3920 uxorem
1750 3867 1967 3935 ducere,
2000 3882 2110 3925 ma-

537 3943 655 4000 lens
700 3946 994 4017 periclitari
1017 3951 1155 4018 apud
1177 3965 1379 4022 regem,
1407 3967 1566 4022 quam
1594 3966 1812 4028 propter
1849 3961 2110 4026 adulatio-

538 4050 665 4091 nem
694 4051 814 4093 esse
836 4039 1116 4115 immemor
1146 4051 1540 4114 praeceptorum
1562 4046 1678 4123 Dei.
1871 4101 1882 4107 -

610 4125 681 4181 Et
706 4127 879 4183 volens
904 4129 1051 4184 illum
1071 4133 1305 4189 occidere
1334 4136 1506 4190 timuit
1527 4139 1793 4208 populum,
1826 4145 1950 4213 quia
1973 4145 2107 4199 sicut

535 4218 838 4287 prophetam
863 4236 980 4273 eum
1007 4223 1280 4280 habebant.
1312 4223 1640 4284 Seditionem
1689 4232 1905 4301 quidem
1929 4237 2107 4307 populi

535 4309 825 4364 verebatur
852 4318 1071 4380 propter
1097 4311 1356 4371 Joannem
1376 4314 1693 4387 Baptistam,
1717 4336 1745 4375 a
1769 4338 1875 4393 quo
1900 4326 2106 4383 sciebat

537 4401 724 4467 turbas
776 4400 832 4456 iu
878 4400 1113 4483 Jordane
1157 4404 1415 4474 plurimas
1463 4423 1583 4464 esse
1639 4386 1969 4483 baptizatas;
2009 4418 2104 4474 sed
2133 4386 2183 4445 Β

475 4486 481 4491 ⁷
536 4504 723 4545 amore
744 4479 1058 4547 vincebatur
1096 4493 1297 4559 uxoris,
1320 4495 1394 4555 ,ob
1438 4497 1591 4569 cujus
1643 4500 1891 4557 ardorem
1939 4504 2105 4560 etiam

537 4575 632 4650 Dei
661 4589 926 4652 praecepta
953 4582 1281 4654 neglexerat.

607 4668 705 4722 Die
741 4681 911 4725 autem
934 4672 1121 4726 natalis
1147 4672 1373 4729 Herodis
1392 4677 1596 4733 saltavit
1621 4680 1735 4749 [ilia
1780 4681 2099 4742 Herodiadis

536 4757 591 4811 in
620 4758 811 4825 medio,
838 4770 884 4814 et
927 4760 1123 4832 placuit
1159 4763 1381 4818 Herodi.
1410 4765 1589 4840 (nam)
1622 4768 1731 4824 Soli
1787 4776 2094 4833 mortalium

537 4846 774 4902 Herodes
801 4856 855 4902 et
883 4849 1090 4908 Pharao
1127 4853 1373 4924 leguntur
1408 4856 1550 4912 diem
1597 4861 1791 4917 natalis
1829 4866 1910 4919 sui
1965 4883 2095 4938 gau-

539 4936 642 4991 diis
668 4934 877 4991 festivis
921 4940 1219 4999 celebrasse
1245 4944 1396 5016 (Gen.
1433 4948 1542 5019 XL).
1575 4948 1681 5006 Sed
1719 4962 1945 5024 uterque
1968 4934 2086 5015 Vrex

535 5023 771 5084 infausto
794 5030 1034 5098 auspicio
1059 5031 1399 5102 festivitatem
1426 5054 1579 5094 suam
1620 5023 1883 5113 sanguine
1928 5046 2097 5103 foeda-

531 5117 631 5172 vit.
663 5116 860 5175 Verum
888 5120 1125 5177 Herodes
1160 5133 1305 5181 tanto
1334 5131 1533 5200 majore
1568 5133 1861 5203 impietate,
1889 5150 2093 5209 quanto

531 5222 781 5299 sanctpm
802 5224 859 5271 et
879 5204 1216 5272 innocentem
1237 5220 1507 5277 doctorem
1533 5229 1779 5284 veritatis
1808 5239 1862 5285 et
1890 5248 2091 5302 praeco-

532 5320 655 5361 nem
677 5308 801 5363 vitaa
821 5324 885 5365 ac
918 5310 1066 5381 regni
1105 5310 1336 5365 cmlestis
1356 5316 1574 5388 occidit,
1610 5328 1665 5372 et
1714 5321 1817 5377 hoc
1843 5338 1939 5392 pro
1970 5336 2091 5381 voto

531 5409 595 5449 ac
629 5399 880 5465 petitione
903 5398 1209 5465 Saltatricis,
1238 5413 1410 5468 neque
1437 5416 1554 5455 eam
1580 5407 1738 5461 occisi
1767 5422 1926 5480 caput
1968 5426 2093 5471 ante

532 5487 784 5541 convivas
813 5488 1012 5543 inferre
1035 5490 1240 5557 puduit.
1266 5486 1400 5544 Nam
1434 5489 1642 5544 Pharao
1670 5497 1797 5550 nihil
1822 5501 1941 5557 talis
1997 5520 2088 5558 ve-

533 5578 695 5632 saniae
720 5580 1051 5636 connuisissc
1074 5580 1289 5652 legitur,
1318 5581 1411 5637 sed
1436 5590 1613 5639 tamen
1650 5598 1961 5654 peccantem
1987 5596 2087 5651 sibi

2228 1782 2714 1848 futuramccasioni
2764 1782 3043 1849 machinas
3077 1807 3429 1899 prmpararet.
3460 1799 3708 1871 Alioquin
3747 1805 3787 1858 si

2230 1876 2675 1899 _,,,_A,___-_,,H-
2709 1880 2805 1899 .-_.
2878 1898 2887 1899 ,
3057 1884 3071 1899 .
3129 1886 3161 1899 .-
3247 1888 3259 1899 .
3362 1898 3370 1899 κ
3411 1889 3423 1899 .
3545 1891 3559 1899 .
3751 1897 3759 1899 -

2224 1876 2295 1932 oh
2311 1877 2683 1949 jusjurandum
2708 1880 2898 1938 fecisse
2926 1899 2986 1940 se
3039 1876 3188 1951 dicit,
3216 1888 3261 1942 si
3288 1889 3475 1959 patris,
3514 1891 3559 1945 si
3604 1897 3788 1949 matris

2225 1967 2521 2036 postularet
2539 1968 2835 2039 interitum,
2862 1972 3104 2030 facturus
3130 1976 3323 2044 fuerat,
3367 1995 3435 2033 an
3467 1983 3609 2035 non?
3637 1968 3784 2049 Quod

2222 2054 2285 2135 in
2309 2070 2375 2112 se
2415 2058 2794 2133 repudiaturus
2837 2061 2959 2136 luit,
2984 2073 3330 2125 contemnere
3379 2070 3564 2127 debuit
3613 2083 3671 2130 et
3732 2077 3780 2131 in

2221 2144 2506 2229 ampliata
2536 2138 2541 2143 ‘

2234 2270 2237 2273 ν
2290 2239 2357 2294 At
2379 2239 2492 2306 illa
2524 2245 2834 2318 permunita
2860 2262 2894 2309 α
2916 2255 3100 2323 "matre
3138 2262 3265 2307 sua:
3294 2249 3378 2312 Da
3410 2269 3561 2317 manu,
3599 2267 3777 2326 inquit,

2219 2328 2303 2393 llic
2331 2329 2387 2387 in
2409 2331 2553 2399 disco
2578 2343 2732 2406 caput
2753 2333 2977 2395 Joannis
3009 2334 3277 2410 Baptistae.
3306 2340 3572 2411 Herodias
3594 2347 3779 2404 timens

2218 2435 2288 2490 ne
2314 2420 2553 2491 Herodes
2577 2424 2865 2496 aliquando
2900 2429 3259 2509 resipisceret,
3280 2433 3362 2488 vel
3388 2434 3634 2509 Philippo
3676 2438 3775 2493 fra-

2220 2512 2287 2577 tri
2315 2514 2525 2596 amicus
2540 2516 2715 2583 lict-et,
2742 2527 2905 2590 atque
2931 2514 3130 2577 illicitae
3156 2525 3356 2594 nuptiae
3410 2530 3633 2596 repudio
3678 2533 3777 2586 sol.

2217 2586 2492 2671 verentur,
2516 2614 2700 2665 monet
2741 2586 2907 2665 tiliam
2948 2618 3008 2666 ut
3058 2612 3113 2666 in
3159 2586 3274 2685 ipso
3304 2586 3485 2673 statim
3540 2624 3777 2679 convivio

2216 2682 2378 2764 caput
2404 2693 2626 2761 Joannis
2671 2700 2925 2773 postulet,
2955 2688 3119 2775 digno
3154 2682 3316 2779 opere
3359 2698 3660 2769 saltationis
3703 2716 3776 2770 di-

2214 2799 2378 2857 gnum
2410 2789 2684 2862 sanguinis
2703 2792 3004 2865 praemium.
3095 2803 3103 2811 '
3159 2849 3165 2856 .

2286 2877 2357 2946 Et
2383 2882 2717 2947 contristatae
2735 2893 2810 2938 est
2848 2902 2939 2941 rea:
2960 2903 2980 2941 :
2999 2898 3208 2959 propter
3220 2892 3585 2961 intentantur.
3604 2905 3775 2955 aut!

2212 2977 2264 3027 et
2307 2984 2394 3033 eos
2446 2971 2538 3041 qui
2560 2974 2944 3044 recumbebput,
2966 2978 3127 3047 jussit
3180 2981 3320 3039 dan‘.
3370 2983 3779 3051 Consuetudinis

2216 3057 2614 3131 Scripturarum
2642 3074 2746 3132 est,
2776 3076 2837 3121 ut
2854 3068 3155 3147 opinionem
3182 3073 3471 3139 multorum
3501 3078 3580 3134 sic
3606 3090 3777 3149 narret

2210 3152 2801 3226 historicus,quomodo
2825 3174 2890 3218 eo
2919 3158 3155 3233 tempore
3173 3164 3240 3224 ab
3251 3167 3503 3229 omnibus
3528 3172 3777 3228 credeba-

2214 3248 2317 3309 tur,
2336 3241 2487 3331 Sicut
2508 3236 2702 3323 Joseph
2717 3247 2784 3305 ab
2808 3248 2920 3318 ipsa
2939 3265 3153 3322 quoque
3177 3252 3343 3310 Maria
3368 3259 3667 3328 appellatur
3691 3278 3777 3331 pa-

2211 3335 2297 3384 ter
2328 3329 2475 3402 Iesu,
2501 3332 2576 3396 ita
2610 3341 2665 3401 et
2700 3350 2843 3391 nunc
2882 3336 3119 3403 Herodes
3164 3342 3363 3414 dicitur
3409 3329 3772 3411 contristatns,

2209 3419 2337 3488 quia
2362 3420 2471 3481 hec
2495 3424 2893 3495 discumbentes
2919 3432 3197 3503 putabant.
3229 3434 3605 3495 Dissimulator
3639 3444 3772 3497 enim

2211 3516 2407 3571 mentis
2440 3532 2551 3573 sua:
2583 3526 2640 3573 et
2659 3521 2862 3586 artifex
2890 3522 3158 3587 homicida
3206 3529 3489 3585 tristitiam
3526 3534 3769 3601 pnefere-

2209 3605 2301 3661 bat
2350 3608 2406 3662 in
2458 3608 2617 3676 facie,
2641 3628 2760 3667 cum
2792 3614 3028 3689 L'ctitiam
3079 3619 3301 3677 haberet
3330 3623 3384 3677 in
3432 3635 3633 3682 mente.
3658 3628 3774 3684 Sce-

2210 3696 2401 3767 lusque
2428 3710 2650 3755 excusat
2669 3700 2997 3772 juramento,
3028 3716 3087 3762 ut
3116 3709 3215 3764 sub
3239 3715 3526 3769 occasione
3564 3717 3771 3787 pietatis

2209 3787 2405 3857 impius
2435 3788 2605 3846 ﬁeret.
2634 3790 2785 3859 Quod
2831 3810 2959 3850 vero
2989 3796 3223 3866 subjicit,
3251 3810 3299 3854 et
3330 3814 3542 3871 propter
3575 3823 3661 3859 eos
3686 3809 3769 3876 qui

2207 3879 2405 3947 pariter
2447 3880 2826 3948 recumbebaut,
2871 3883 2986 3939 vult
3024 3900 3212 3942 omnes
3260 3888 3480 3946 sceleris
3518 3894 3625 3947 sui"
3658 3909 3771 3949 esse

2209 3978 2523 4038 consortes,
2576 3981 2636 4028 ut
2687 3974 2740 4029 in
2800 3974 3075 4039 luxurioso
3135 3979 3455 4056 impuroque
3528 3987 3769 4049 convivio

2209 4068 2445 4115 cruenta:
2461 4061 2628 4131 epulas
2649 4062 3005 4129 deferrentur.
3246 4074 3250 4076 ⁷

2278 4146 2523 4220 Misitque
2542 4161 2590 4205 et
2612 4152 2886 4215 decollavit
2934 4154 3190 4211 Joannem
3210 4163 3272 4217 in
3295 4176 3526 4227 carcere,
3548 4174 3597 4215 et
3638 4163 3769 4223 alla-

2209 4246 2317 4292 tum
2357 4252 2432 4295 est
2463 4252 2618 4314 caput
2647 4246 2760 4315 ejus
2796 4248 2851 4302 in
2894 4248 3056 4313 disco,
3084 4260 3133 4305 et
3168 4251 3349 4312 datum
3388 4266 3463 4310 est
3497 4258 3700 4327 puellas,
3722 4273 3767 4315 et

2210 4333 2328 4388 tulit
2348 4337 2503 4389 matri
2523 4354 2652 4392 sum.
2680 4338 2948 4411 (Hieron.)
2969 4340 3222 4414 Legimus
3246 4346 3299 4400 in
3327 4346 3573 4403 Romana
3602 4350 3767 4429 histo-

2208 4425 2288 4479 ria
2306 4424 2852 4486 ‘Flaminiumrducem
2884 4431 3248 4491 Romanorum
3295 4441 3438 4509 quod
3488 4424 3768 4499 accubanti

2196 4513 2351 4584 juxta
2381 4531 2440 4571 se
2464 4520 2837 4587 meretriculae,
2866 4539 2986 4593 qua:
3006 4537 3278 4597 nunquam
3301 4529 3505 4584 vidisse
3526 4544 3588 4586 se
3625 4533 3769 4587 dice-

2203 4614 2287 4660 ret
2313 4606 2579 4665 hominem
2607 4609 2946 4676 decollatum,
2974 4617 3203 4672 assensit
3230 4625 3289 4671 ut
3315 4619 3365 4673 ei
3393 4635 3519 4676 reus
3551 4624 3765 4692 quidam

2201 4696 2443 4765 capitalis
2468 4698 2709 4763 criminis
2734 4700 2785 4755 in
2809 4704 3053 4760 convivio
3085 4713 3444 4775 truncaretur,
3462 4726 3500 4765 _a
3528 4713 3763 4768 censori-

2198 4783 2533 4869 bus’pulsum
2562 4789 2730 4855 curia,
2756 4792 2895 4860 quod
2920 4793 3106 4862 epulas
3131 4797 3377 4867 sanguini
3402 4802 3755 4856 commiscue-

2199 4874 2292 4939 rit,
2320 4884 2376 4929 et
2418 4884 2666 4943 mortem,
2689 4881 2928 4948 quamvis
2975 4885 3121 4938 noxii
3170 4886 3403 4942 hominis
3433 4890 3487 4942 in
3533 4890 3754 4949 alterius

2199 4964 2419 5020 delicias
2443 4968 2767 5035 praestiterit,
2802 4980 2860 5023 ut
2893 4971 3058 5027 libido
3087 4982 3134 5028 et
3163 4974 3514 5050 homicidium
3562 4982 3766 5050 pariter

2200 5053 2570 5109 miscerentur.
2602 5054 2815 5122 Quanto
2861 5058 3169 5117 sceleratior
3204 5048 3453 5124 Herodes
3500 5048 3578 5124 et“
3604 5070 3767 5124 lien»

2198 5144 2333 5208 dias,
2361 5159 2424 5199 ac
2472 5145 2647 5222 puella
2675 5146 2793 5218 rjua:
2828 5149 3062 5217 saltavit,
3085 5152 3138 5207 in
3199 5158 3430 5224 pretium
3487 5162 3763 5229 sanguinis

2199 5243 2358 5302 caput
2389 5234 2936 5308 postulat-praphetm,
2962 5250 3021 5296 ut
3048 5244 3242 5313 habeat
3272 5247 3325 5299 in
3361 5257 3627 5316 potestate
3668 5252 3763 5306 lin-

2199 5336 2372 5391 guam.
2407 5340 2524 5392 quae
2550 5324 2758 5381 illicitas
2776 5332 2989 5399 nuptias
3011 5334 3301 5403 arguebat?
3328 5336 3441 5393 Hoc
3476 5338 3631 5408 juxta
3674 5341 3764 5395 lit-

2200 5423 2364 5468 teram
2395 5415 2592 5472 factum
2622 5420 2727 5485 sit;
2754 5438 2851 5476 nos
2876 5438 3003 5478 vero
3023 5442 3189 5494 usque
3228 5430 3278 5482 in
3309 5429 3452 5487 hunc
3478 5434 3622 5488 diem
3652 5450 3759 5488 cer-

2200 5505 2372 5559 nimus
2404 5508 2456 5560 in
2486 5511 2657 5578 capite
2681 5509 2899 5565 Joannis
2920 5517 3208 5583 prophetat,
3233 5517 3445 5576 Iudaeos
3466 5522 3753 5587 Christum,

2198 5596 2285 5665 qui
2311 5609 2464 5667 caput
2481 5601 2858 5668 prophetarum
2879 5612 2980 5671 cst,
3005 5607 3316 5675 perdidisse.
3346 5611 3530 5684 (ΗΑΒ.)
3568 5612 3756 5673 Aliter.

3662 6188 3757 6219 si

3904 1130 3911 1231 !

3878 5910 3920 6220 l

3849 6311 3920 6320 ἡ.
