3938 6326
191 289 287 344 96!

1080 257 1082 260 ’
1145 277 1488 346 conatum.
1536 285 1604 340 IN
1643 286 2071 343 MATTllASL‘M.
2112 317 2179 329 -ς-
2215 286 2340 340 un.
2381 272 2444 342 v'.

3321 293 3423 350 9ϋῖ

185 403 469 461 decollatio
520 401 740 456 Joannis
785 402 1192 457 minorationem
1240 402 1394 455 fama:
1453 400 1620 460 illius,
1651 414 1754 466 qua
1785 404 1830 460 Α
1860 400 1944 452 nis
1967 386 2307 453 abolitionem
2353 398 2485 468 legis
2505 399 2787 469 significat.
2833 401 2899 457 Ut
2935 404 3093 470 igitur
3130 405 3269 458 istud
3305 421 3421 458 nia-

182 492 434 547 C'hristus
457 507 486 544 a
515 489 708 560 populo
724 491 1040 546 credebatur
1056 492 1310 554 insinuat,
1337 488 1475 543 sicut
1499 488 1756 542 exultatio

184 586 238 639 in
288 599 448 638 cruce
480 579 709 640 Domini
736 579 1028 637 Salvatoris
1072 581 1371 651 proiectum
1434 579 1756 649 designabat

180 674 333 738 fidei,
364 688 466 742 qua
499 673 611 741 ipse
642 672 728 742 qui
759 673 905 742 prius
939 689 968 726 a
1011 672 1179 726 turbis
1202 670 1459 742 propheta
1485 683 1606 723 esse
1659 685 1755 738 pu-

170 759 422 827 labatur,
491 763 744 818 Dominus
798 766 1176 834 prophetarum
1231 769 1286 815 et
1360 759 1612 814 Christus
1660 761 1752 814 Dei

179 854 354 911 Filius
383 867 412 906 a
453 854 660 908 cunctis
689 853 932 909 fidelibus
957 862 1038 906 est
1080 851 1309 921 agnitus.
1344 850 1580 904 Minutas
1626 864 1752 920 ergo

179 940 360 1015 cap'te
392 953 474 999 est
499 944 748 1008 Joannes,
782 946 1046 998 exaltatus
1092 951 1171 997 est
1211 942 1262 999 in
1309 956 1521 995 crucem
1572 941 1753 993 Domi-

179 1051 306 1098 nus,
336 1035 461 1104 quia
503 1035 639 1090 sicut
693 1035 828 1088 idem
874 1034 1105 1088 Joannes
1157 1033 1252 1095 ait,
1291 1031 1439 1083 illum
1485 1030 1750 1100 oportebat

177 1139 426 1186 crescere,
463 1121 722 1178 Joannem
747 1138 874 1176 vero
915 1122 1113 1184 minui;
1146 1120 1294 1173 illum
1339 1119 1430 1189 qui
1483 1120 1750 1188 propheta

174 1199 569 1277 aestimabatur,
597 1210 867 1268 Christum
895 1210 1164 1280 cognosci,
1193 1216 1248 1264 et
1291 1223 1412 1262 eum
1447 1209 1536 1277 qui
1587 1207 1750 1262 Chri-

175 1309 297 1358 stus
323 1319 432 1373 prm
454 1303 708 1358 virtutum
723 1301 1050 1356 sublimitate
1068 1300 1377 1370 putabatur,
1405 1297 1608 1354 Christi
1627 1313 1750 1356 esse

172 1395 493 1466 prophetam
541 1402 595 1449 et
637 1396 1022 1464 prtecursorem
1064 1376 1285 1450 decebat
1330 1377 1748 1462 intelligi..Quod

176 1484 353 1556 ipsum
403 1499 615 1557 quoque
668 1481 1025 1538 distinetione
1057 1484 1328 1553 temporis,
1358 1498 1466 1553 quo
1519 1491 1748 1553 uterque

173 1576 363 1630 eorum
387 1556 542 1632 natus
595 1581 698 1652 est,
725 1570 858 1630 satis
913 1583 1098 1645 aperte
1147 1556 1416 1645 signatum
1462 1581 1575 1639 est;
1618 1573 1745 1643 quia

170 1664 410 1722 Joannes
431 1665 643 1738 quidem
666 1682 826 1736 quem
849 1661 1129 1736 Oportebat
1149 1663 1334 1734 minui,
1350 1679 1470 1718 cum
1493 1654 1744 1720 diurnum

1857 488 2105 543 nifcstius
2162 487 2254 546 ﬁat
2283 503 2460 544 sermo
2482 489 2548 544 ad
2572 491 2833 561 originem
2862 495 3235 562 propositionis
3279 495 3417 548 refe-

1857 579 2054 632 rendus
2078 586 2178 632 est.
2197 576 2451 645 Joannes,
2478 583 2540 653 ut
2568 578 2878 650 frequenter
2905 568 3295 646 admonuimus,
3315 585 3423 640 for:

1856 684 1995 722 mam
2018 668 2250 737 prmtulit
2282 666 2434 740 legis,
2460 668 2584 739 quia
2627 669 2709 724 lex
2751 669 3024 724 Christum
3093 673 3419 740 praedicavit,

1856 767 1907 811 et
1929 756 2159 812 Joannés
2187 756 2458 827 profectus
2482 774 2550 813 ex
2599 759 2714 829 lege
2738 770 2839 823 est,
2869 759 3141 812 Christum
3195 775 3260 812 ex
3308 759 3421 830 lege

1854 847 2247 916 prmnnntians;
2277 848 2516 922 llerodes
2565 865 2693 903 vero
2735 850 2982 918 princeps
3018 859 3099 904 est
3139 851 3336 918 populi,
3367 856 3421 904 et

1822 939 2101 1008 princeps
2145 939 2324 1010 p0puli
2383 940 2608 1010 subjecti
2661 940 2782 1005 sibi,
2819 942 3179 996 universitatis
3228 957 3420 996 nomen

1854 1023 2180 1097 causamque
2243 1029 2636 1100 complectitur.
2678 1028 2912 1084 Joannes
2979 1046 3105 1102 ergo
3154 1031 3420 1086 Herodem

1854 1117 2123 1182 monebat,
2153 1132 2222 1172 ne
2247 1112 2433 1177 fratris
2478 1119 2559 1173 sui
2588 1135 2808 1174 uxorem
2846 1120 2946 1174 sibi
2978 1119 3246 1191 jungerct.
3283 1122 3420 1178 Sunt

1852 1198 1994 1260 enim
2024 1219 2184 1278 atque
2211 1206 2366 1276 erant
2389 1209 2495 1266 duo
2539 1211 2739 1280 populi,
2771 1212 3197 1267 circumcisionis
3223 1223 3277 1265 ct
3297 1229 3422 1284 gen-

1854 1297 2002 1352 tium.
2178 1294 2429 1376 ls'rttelem
2461 1299 2546 1355 lex
2607 1301 2927 1356 admonebat
2974 1317 3041 1357 ne
3088 1318 3248 1372 opera
3292 1319 3415 1373 gen-

1852 1382 1981 1440 tium
2023 1375 2494 1461 inﬁdelitatemq'ue
2532 1391 2634 1446 sibi
2677 1392 2941 1462 jungerct.
2976 1393 3223 1446 Gentium
3274 1394 3419 1448 enim

1848 1477 1994 1534 socia
2025 1463 2311 1542 infidelitas
2335 1487 2436 1546 est,
2470 1496 2588 1551 quae
2617 1482 2747 1552 ipsis
2777 1491 3027 1552 tanquam
3055 1483 3262 1537 vinculo
3293 1499 3423 1538 con-

1843 1566 2043 1638 jugalis
2064 1569 2264 1624 amoris
2293 1585 2503 1625 annexa
2526 1582 2626 1625 est.
2672 1567 2740 1625 lli
2770 1571 2931 1641 igitur
2960 1571 3154 1626 fratres
3209 1586 3273 1625 ex
3327 1585 3426 1625 eo-

1849 1658 1971 1712 dem
1997 1657 2216 1713 humani
2242 1653 2464 1738 generis,
2483 1658 2610 1713 sunt
2657 1668 2903 1728 parente,
2933 1663 3002 1713 ob
3052 1659 3191 1712 hanc
3240 1659 3421 1727 itaque

171 1757 357 1814 lumen
410 1750 764 1833 decresceret,
811 1749 969 1813 natus
1008 1767 1129 1813 est:
1163 1757 1420 1811 Dominus
1468 1770 1597 1810 vero
1655 1754 1747 1823 qui
1777 1751 1822 1809 B
1851 1764 2056 1819 aspera:
2100 1752 2481 1808 admonitionis
2537 1754 2840 1817 veritatem,
2887 1751 3118 1807 Joannes
3167 1762 3410 1821 tanquam

171 1862 302 1900 vera
348 1844 436 1900 lux
503 1849 687 1901 mundi
739 1855 932 1911 δεμες)
988 1847 1115 1900 anni
1163 1854 1402 1917 tempore
1463 1859 1569 1914 quo
1629 1845 1744 1898 dies

169 1938 422 1991 crescere
453 1923 658 2008 incipit,
681 1933 891 1992 lucillua
955 1936 1248 2000 nobissute
1271 1939 1410 1994 dona
1449 1937 1745 1992 nativitatis

169 2023 438 2101 exhibuit.
688 2039 689 2044 ‘

248 2115 316 2168 lat
368 2112 666 2170 accedentes
713 2115 972 2187 discipuli
1013 2119 1127 2188 ejus
1148 2117 1415 2180 Julerunt
1443 2135 1651 2188 corpus,
1697 2127 1744 2172 et

167 2204 486 2273 Sepelierunt
508 2206 659 2260 illud.
689 2206 938 2282 Bieergo
967 2202 1254 2279 discipulos
1281 2218 1336 2264 et
1387 2210 1556 2280 ipsius
1580 2210 1745 2265 Joan-

173 2310 264 2349 ms
296 2301 351 2349 et
389 2293 684 2353 salvatoris
711 2313 995 2368 possumus
1044 2299 1358 2370 intelligere.
1389 2298 1498 2355 Nec
1519 2309 1743 2369 praeter-

167 2387 410 2441 eundum
446 2387 588 2462 quod
625 2379 811 2443 na'rrat
852 2386 1140 2460 Josephus,
1195 2391 1432 2447 vinctum
1483 2390 1744 2446 Joannem

167 2476 227 2530 in
255 2476 535 2533 castellum
563 2467 907 2534 Mach’erunta
936 2478 1244 2545 abductum,
1281 2479 1462 2549 ibique
1521 2488 1742 2534 trunca-

167 2575 310 2620 tum.
338 2563 865 2624 Narrat'etllistoria
888 2567 1250 2626 ecclesiastica
1302 2569 1570 2640 sepultum
1618 2583 1743 2623 eum

165 2660 226 2710 in
297 2652 521 2714 sebaste
568 2655 700 2714 urbe
767 2648 1065 2724 Palestina,
1130 2674 1249 2728 qua:
1297 2654 1562 2729 quondam
1641 2658 1744 2713 Sa-

166 2751 346 2804 maria
376 2749 522 2804 dicta
545 2746 662 2814 est;
697 2758 754 2804 at
795 2758 1036 2818 tempore
1080 2747 1274 2804 Juliani
1300 2751 1558 2819 principis
1611 2749 1746 2802 invio

165 2839 366 2895 dentes
387 2823 732 2905 Christianis,
768 2839 860 2908 qui
883 2838 1184 2909 sepulcrum
1213 2838 1348 2909 ejus,
1375 2839 1464 2907 pia
1490 2838 1746 2891 sollicitu-

168 2931 301 2986 dine
328 2928 760 3000 frequentabant,
781 2931 1018 3002 paganos
1036 2928 1297 2988 invasisse
1321 2937 1744 2990 monumentum,

165 3031 296 3076 Ossa
330 3021 647 3090 dispersisse
667 3035 765 3090 per
783 3035 1028 3089 campos,
1053 3028 1110 3074 et
1135 3035 1356 3074 rursum
1373 3018 1595 3073 collecta
1626 3019 1748 3085 igne

1847 1839 2008 1895 lexin
2057 1859 2277 1898 carcere
2330 1844 2842 1900 continebatur;Die
2890 1854 3069 1898 autem
3126 1843 3336 1907 natalis,
3365 1843 3420 1897 id

1845 1943 1946 1999 est,
1975 1949 2154 1990 rerum
2179 1939 2534 2006 corporalium
2564 1937 2773 2007 gaudiis
2803 1936 3110 1989 llcrodiadis
3135 1936 3238 1987 tilia
3260 1934 3426 1988 salta-

1845 2024 1942 2078 vit.
1993 2023 2250 2082 Voluntas
2294 2027 2439 2079 enim
2496 2036 2749 2096 tanquam
2805 2039 2871 2081 ex
2932 2024 3243 2078 infidelitate
3273 2033 3414 2089 orta,

1849 2116 1974 2169 totis
1998 2115 2370 2171 illecebrarum
2393 2119 2640 2172 cursibus
2655 2115 2996 2180 ellerebatur,
3021 2118 3105 2170 cui
3129 2132 3186 2170 se
3207 2131 3424 2172 omnem

1846 2210 2006 2262 etiam
2030 2217 2367 2263 sacramento
2394 2209 2638 2263 venalem
2671 2208 2880 2278 populis
2903 2209 3106 2262 addixit
3131 2224 3144 2272 ;
3177 2209 3276 2262 sub
3299 2222 3428 2277 pee-

1846 2299 1982 2353 catis
2009 2298 2153 2353 enim
2181 2307 2235 2352 et
2255 2299 2434 2353 saeculi
2459 2299 2821 2369 voluptatibus
2850 2300 3099 2353 Israelita:
3122 2300 3242 2353 vitae
3267 2310 3428 2356 aster-

1846 2405 1928 2443 na:
1955 2403 2177 2441 munera
2205 2383 2576 2442 vendideiunt.
2608 2389 2732 2443 Haec
2757 2390 2943 2442 matris
2969 2403 3096 2451 sum,
3128 2389 3179 2441 id
3203 2397 3304 2450 est,
3337 2390 3422 2444 in-

1845 2465 2117 2532 fidelitatis
2149 2477 2426 2541 instinctu,
2444 2468 2640 2532 deferri
2663 2478 2762 2531 sibi
2793 2475 3013 2531 Joannis
3035 2485 3215 2547 caput,
3244 2478 3295 2531 id
3317 2488 3422 2543 cst,

1847 2569 2070 2640 gloriam
2102 2569 2235 2641 legis
2281 2572 2476 2636 oravit,
2502 2571 2626 2640 quia
2653 2553 2766 2641 ilex
2820 2571 3180 2624 incestuorum
3234 2570 3422 2637 lsrael,

1845 2639 2174 2713 auctoritate
2217 2639 2533 2714 d.vinorumi
2569 2639 2957 2728 praeceptorum
3003 2659 3280 2729 arguebat.
3319 2659 3427 2716 Sed

1846 2746 2090 2813 superius
2112 2731 2349 2804 Herodes
2379 2747 2713 2818 signiﬁcatus
2740 2757 2822 2802 est
2851 2745 3110 2801 Joannem
3131 2749 3266 2802 velle
3286 2751 3424 2803 occi-

1848 2826 1996 2899 dere,
2021 2843 2074 2887 et
2104 2845 2247 2889 metu
2296 2835 2475 2905 populi
2500 2836 2790 2901 demorari,
2823 2836 2949 2905 quia
2979 2837 3117 2889 sicut
3165 2837 3428 2905 prepheta

1850 2925 2168 2979 habebatur.
2202 2925 2354 2980 Nunc
2377 2941 2506 2981 vero
2529 2928 2766 3006 expetita
2808 2929 2925 2993 ejus
2965 2941 3093 2980 nece
3132 2942 3252 2980 cum
3291 2942 3426 2996 pra:-

1849 3021 2033 3074 sertim
2071 3021 2326 3090 religione
2352 3022 2674 3102 sacramenti
2707 3021 2993 3084 detinetur,
3023 3020 3288 3090 quomodo
3331 3021 3425 3073 tri-

165 3125 467 3174 cremasse,
496 3125 560 3164 ac
585 3111 761 3168 denuo
801 3105 1120 3179 dispersisse
1147 3121 1261 3190 per
1304 3123 1480 3178 agros.
1515 3105 1745 3161 Aﬁ‘uisse
1773 3091 1816 3151 C
1851 3113 1950 3165 stis
1996 3110 2261 3188 efﬁcitur?
2304 3091 2652 3174 Contrarium~
2697 3112 2944 3167 videlicet
2988 3121 3072 3164 est
3122 3121 3248 3165 tunc
3303 3126 3426 3165 eum

169 3219 307 3257 vero
335 3211 467 3271 tunc,
489 3201 746 3271 temporis
768 3199 1060 3270 ibidem/de
1117 3198 1503 3271 Hierosolymis
1560 3214 1746 3253 mona-

167 3295 326 3357 chos,
350 3293 439 3362 qui
482 3292 624 3346 misti
679 3291 905 3361 paganis
941 3305 1066 3348 ossa
1109 3289 1404 3361 legentibus
1453 3290 1743 3343 maximam

168 3402 361 3441 eorum
401 3384 606 3456 partem
629 3381 1094 3456 congregaVerint,
1124 3394 1180 3440 et
1223 3386 1288 3440 ad
1333 3393 1542 3455 patrem
1588 3401 1743 3439 suum

166 3475 478 3544 Philippum
505 3473 927 3546 Hierosolymam
952 3466 1263 3530 detulerint.
1301 3476 1370 3529 At
1400 3465 1488 3530 ille
1540 3477 1748 3531 miserit

168 3582 236 3620 ea
263 3565 421 3620 beato
447 3561 740 3648 Athanasio
767 3566 1106 3631 Aletandrite
1142 3568 1411 3637 episcopo,
1438 3568 1615 3637 ibique
1637 3584 1751 3623 ser-

168 3666 298 3711 vata
326 3668 496 3726 usque
525 3659 591 3712 ad
615 3666 852 3727 tempora
887 3648 1170 3729 TheOphili
1195 3656 1433 3726 ejusdem
1455 3659 1605 3714 urbis
1631 3661 1749 3730 cpi-

172 3747 346 3814 scopi,
401 3747 614 3815 quando
656 3743 880 3815 jubente
935 3746 1233 3804 Theodosio
1286 3749 1529 3818 principe
1571 3750 1751 3804 omnia

170 3837 416 3908 gentium
439 3835 561 3890 fana
584 3823 852 3908 destructa
876 3845 1019 3891 sunt.
1041 3835 1194 3892 Tunc
1213 3849 1507 3908 expurgato
1527 3855 1556 3892 a
1587 3840 1754 3894 sordi-

174 3927 284 3982 bus
311 3917 507 3994 templo
529 3921 767 3994 Serapis,
798 3923 996 3979 ibidem
1041 3923 1211 3991 illata,
1233 3936 1288 3980 et
1329 3916 1606 3982 basilicam
1655 3943 1752 3998 pro

172 4015 401 4072 rdicula
429 4013 722 4086 Serapis'in
746 4015 1004 4071 honorem
1032 4017 1203 4070 sancti
1233 4014 1458 4072 Joannis
1480 4016 1598 4072 ess’c
1625 4033 1776 4070 con-7

176 4112 470 4180 secratatn,
501 4121 620 4176 quae
649 4102 964 4179 martyrium
999 4107 1313 4178 appellatur.
1346 4108 1488 4177 Lege
1535 4110 1756 4164 undeci-

178 4211 330 4251 mum
355 4188 602 4251 Ilistdi'i‘ai
629 4193 1006 4256 ecclesiasticae
1024 4195 1241 4251 librum.
1269 4196 1553 4268 sequitur:

257 4283 324 4340 Et
371 4288 626 4341 radiantes
662 4287 1028 4341 nuntiaverunt
1065 4285 1214 4361 Iesu.
1245 4286 1360 4343 Non
1415 4289 1586 4344 solum
1637 4307 1758 4361 quae

182 4377 296 4447 ipsi
320 4381 596 4448 gesserant
620 4382 675 4433 et
699 4376 993 4432 docuerant
1020 4375 1253 4448 apostoli
1291 4373 1514 4434 Domino
1562 4397 1759 4436 renun-

1846 3202 2098 3268 voluissc,
2124 3212 2178 3257 ct
2212 3218 2354 3275 nunc
2379 3203 2538 3267 nolle,
2563 3212 2618 3256 et
2643 3217 2882 3270 prmsens
2905 3202 3148 3256 molestia
3169 3202 3425 3256 anteriori

1844 3309 1952 3347 non
1974 3293 2226 3348 convenit
2250 3293 2529 3374 voluntati.
2557 3293 2755 3347 Verum
2780 3292 2832 3345 in
2857 3292 3222 3360 superioribus
3263 3299 3427 3360 gestae

1846 3383 1926 3437 rei
1953 3384 2085 3437 ordo
2107 3391 2210 3446 est,
2240 3382 2294 3435 in
2322 3383 2407 3437 his
2439 3391 2620 3436 autem
2649 3397 2790 3435 nunc
2837 3382 3044 3450 species
3073 3396 3249 3434 causa:
3297 3397 3424 3438 con-

1848 3474 2123 3542 sequentis
2145 3475 2446 3543 exponitur.
2471 3473 2710 3529 Gloriam
2753 3473 2886 3542 legis
2925 3472 3168 3526 voluntas
3193 3486 3260 3525 ex
3301 3471 3428 3525 infi-

1849 3565 2066 3619 delitate
2094 3573 2214 3618 orta
2242 3564 2541 3632 occupavit.
2584 3562 2688 3617 Sed
2720 3563 2944 3632 populus
2973 3561 3097 3615 boni
3133 3559 3249 3628 ejus
3280 3558 3427 3629 quod

1850 3657 1903 3710 in
1928 3656 2043 3727 lege
2067 3662 2186 3710 erat
2241 3655 2504 3719 conscius,
2535 3655 2822 3709 voluntatis
2871 3653 3265 3707 conditionibus
3311 3667 3419 3706 non

1851 3747 1968 3801 sine
1993 3747 2172 3815 aliquo
2197 3746 2330 3802 certi
2351 3746 2573 3814 periculi
2595 3746 2676 3799 sui
2705 3742 2887 3798 dolore
2905 3744 3429 3812 cohibetur,scitque

1852 3839 2012 3894 talem
2035 3849 2421 3910 prmeeptorum
2450 3835 2672 3909 gloriam
2702 3854 2806 3891 non
2830 3839 3131 3907 oportuisse
3156 3853 3214 3891 se
3236 3853 3428 3892 concc-

1851 3931 1997 3992 dere,
2031 3930 2124 3983 sed
2168 3929 2400 3998 peccatis
2440 3937 2697 3998 tanquam
2724 3926 3078 3981 sacramentis
3105 3936 3344 3988 coactus,
3376 3935 3432 3980 et

1851 4020 2151 4088 principum
2182 4018 2537 4086 adjacentium
2569 4025 2714 4071 metu
2740 4026 2900 4084 atque
2946 4017 3194 4084 esernplo
3234 4017 3431 4083 depra-

1851 4107 2027 4172 vatus,
2058 4108 2311 4168 etvictus
2338 4107 2602 4161 illecebris
2651 4106 2940 4174 voluptatis
2981 4107 3168 4159 etiam.
3202 4113 3430 4158 mtcstus

1852 4199 2206 4266 obtemperat.
2269 4196 2434 4266 Igitur
2483 4197 2620 4249 inter
2676 4195 2879 4263 reliqua
2929 4194 3190 4248 dissoluta
3245 4195 3427 4262 populi
3514 4180 3516 4182 V

1854 4291 2045 4360 gaudia
2078 4290 2129 4342 in
2153 4289 2298 4343 disco
2319 4286 2538 4342 Joannis
2563 4282 2720 4356 caput
2741 4285 3202 4339 affertur.Damno
3224 4284 3432 4337 scilicet

1861 4382 1993 4453 legis
2018 4386 2265 4451 voluptas
2292 4395 2573 4450 corporum
2601 4378 2664 4432 ad
2693 4377 2978 4432 sarcularcs
3001 4379 3158 4432 luxus
3180 4386 3431 4448 augetur,

182 4442 347 4533 tiant:
381 4470 478 4523 sed
501 4466 663 4522 etiam
683 4477 802 4538 qua:
826 4442 1160 4524 Jdannes—eis
1186 4470 1237 4523 in
1263 4471 1502 4526 docendo
1522 4482 1759 4543 Voccupa-
1787 4442 1836 4499 ι)
1862 4442 2013 4527 εινὶω
2043 4442 2478 4542 ρει-’βυθιιίιηίθά
2505 4476 2730 4522 matrem
2752 4467 3011 4532 defertur,
3041 4482 3104 4522 ac
3127 4467 3172 4521 si
3211 4442 3437 4536 probro—

185 4559 262 4614 tis'
280 4559 348 4612 sit
375 4560 584 4627 paSsus,
613 4558 707 4611 vel'
727 4557 808 4612 sui
836 4558 933 4612 ‘vel
960 4555 1200 4629 ejusdem
1240 4561 1486 4631 discipuli
1523 4563 1761 4619 Joannes

184 4651 236 4705 ei
270 4651 596 4704 renuntiant.
621 4645 1047 4724 Mystice‘autem
1091 4648 1324 4707 Joannes
1376 4655 1599 4708 Domino
1627 4671 1762 4724 pra:-

185 4745 380 4798 cursOr
403 4742 574 4811 legem
597 4741 806 4798 Veteris
835 4739 1162 4797 Testamenti
1185 4740 1486 4816 signiticare
1521 4749 1760 4803 videtur:

189 4829 282 4888 ille
306 4833 586 4888 tenebatur
609 4831 662 4885 in
687 4831 913 4886 vinculis
951 4842 1004 4887 et
1040 4848 1279 4900 carcere,
1302 4845 1355 4890 et
1382 4835 1466 4889 lex
1495 4836 1546 4889 in
1577 4838 1768 4892 obscu-

189 4924 536 4994 raangustia,
573 4929 627 4977 et
672 4919 957 4979 tenchrOSO
1004 4926 1163 4981 corde
1207 4925 1386 4997 populi
1431 4927 1757 4984 Judzeorum.

189 5012 284 5067 Ille
324 5014 498 5080 capite
543 5013 818 5067 tr'uncatus
862 5022 961 5078 est,
994 5016 1136 5082 quod
1185 5018 1501 5088 prmSagium
1550 5018 1651 5072 fuit
1699 5035 1763 5074 eo

191 5103 336 5174 quod
360 5104 608 5157 amissuri
633 5111 810 5158 essent
833 5103 999 5158 Judici
1030 5105 1320 5172 Christum,
1338 5109 1428 5177 qui
1451 5112 1611 5178 caput
1633 5109 1764 5179 legis

191 5201 249 5248 et
295 5193 702 5262 prdphetaru‘m,’
723 5194 858 5247 sicut
901 5209 1060 5264 supra
1109 5197 1479 5263 ostendimus;
1517 5197 1762 5269 discipuli

191 5283 338 5339 illius
363 5283 454 5351 qui
485 5284 682 5352 carpu‘s
714 5283 829 5353 ejus
851 5285 1194 5352 sepelierunt,
1222 5295 1278 5341 et
1320 5298 1439 5357 post
1488 5289 1764 5344 venientes

192 5376 580 5433 nuntiaverunt
634 5376 1020 5445 D0‘n‘tino,qu:e
1066 5389 1214 5448 gesta
1277 5390 1418 5446 sunt,
1462 5377 1764 5450 significare

194 5469 448 5547 videntur
475 5466 594 5520 illos
626 5468 715 5535 qui
745 5467 911 5536 legem
942 5469 992 5520 in
1023 5470 1329 5526 carnalibus
1370 5472 1480 5541 jam
1506 5472 1761 5526 observa-

195 5561 433 5615 tionibus
460 5558 776 5613 exstinctam
834 5560 1045 5614 sihimet
1092 5562 1384 5618 indicantes
1423 5565 1488 5618 ad
1537 5566 1764 5636 gratiam

194 5652 568 5707 transiverunt
597 5649 801 5704 Domini
835 5648 1148 5717 Salvatoris,
1171 5656 1295 5723 quia
1321 5657 1588 5727 sepultura
1611 5655 1765 5711 Joan-

1863 4579 1954 4619 sus
1984 4562 2148 4617 Israel
2169 4571 2224 4618 et
2252 4562 2509 4616 voluntati
2562 4571 2618 4614 et
2667 4559 2966 4614 inﬁdelitati
3030 4575 3140 4613 sua:
3195 4559 3433 4625 familiae,

1862 4655 2071 4720 scilicet
2107 4662 2229 4708 ante
2256 4653 2490 4724 gentium
2534 4652 2783 4721 gloriam,
2815 4651 2947 4724 legis
2985 4651 3208 4704 addixit.
3245 4651 3438 4708 Finitis

1817 4753 1823 4757 ‘
1865 4744 2028 4814 igitur
2057 4741 2190 4812 legis
2217 4741 2558 4812 temporibus,
2590 4751 2788 4794 etcum
2839 4740 3042 4797 Joanne
3085 4740 3437 4808 consepultis,

1865 4834 2112 4904 discipuli
2143 4833 2257 4902 ejus
2286 4834 2460 4887 rcsita
2493 4839 2672 4902 gestas
2706 4831 2931 4885 Domino
2979 4832 3280 4893 enuntiant,
3312 4845 3440 4885 cum

1867 4927 1932 4980 ad
1955 4924 2237 4995 Evangelia
2263 4923 2462 4978 scilicet
2495 4938 2560 4976 ex
2587 4922 2703 4991 lege
2717 4922 2990 4975 venientes
3020 4937 3150 4992 erga
3185 4922 3278 4975 Dci
3305 4921 3440 4977 Ver-

1869 5018 1994 5071 bum
2021 5016 2220 5070 'curiosi
2249 5007 2517 5068 auditores
2573 5014 2723 5066 fiunt.
2776 5012 2942 5083 Igitur
2985 5014 3102 5084 lege
3161 5014 3310 5067 finita
3372 5017 3439 5066 al

1869 5125 2028 5179 quem
2055 5109 2215 5163 alium
2249 5109 2329 5162 eis
2372 5107 2856 5176 transmigrandum
2883 5115 3020 5167 erat,
3046 5105 3148 5159 nisi
3207 5105 3274 5157 ad
3318 5119 3440 5156 eum

1872 5204 1962 5273 qui
2002 5209 2400 5257 consummator
2455 5197 2570 5265 ejus
2619 5200 2737 5254 est?
2762 5197 2913 5252 Finis
2957 5199 3093 5252 enim
3149 5196 3316 5266 legis,
3369 5198 3444 5248 ait

1871 5292 2176 5364 Apostolus,
2205 5291 2442 5346 Christus
2486 5300 2559 5343 est
2602 5290 2669 5343 ad
2717 5290 2980 5360 justitiam
3025 5288 3164 5342 omni
3199 5280 3442 5339 credenti

1872 5385 2048 5457 (Rom.
2079 5383 2156 5454 χ),
2186 5383 2275 5452 qui
2303 5382 2667 5438 instrumento
2694 5381 2872 5437 Veteri
2899 5381 3103 5435 Novum
3147 5378 3275 5433 fecit
3317 5394 3440 5432 suc-

1871 5478 2063 5531 cedere
2090 5473 2515 5528 Testamentum.

1944 5563 2238 5630 Quodxum
2277 5562 2507 5639 audisset
2527 5561 2702 5627 Iesus,
2724 5562 2925 5616 secessit
2957 5576 3075 5614 mae
3119 5577 3172 5613 in
3206 5557 3443 5612 navicula

1873 5658 1929 5712 in
1960 5657 2128 5712 locum
2151 5656 2410 5715 desertum
2425 5671 2679 5712 seorsum.
2703 5653 2840 5721 Non,
2857 5663 2916 5708 ut
2937 5653 3154 5723 quidam
3178 5668 3226 5706 at
3246 5651 3444 5705 hirun-
