3938 6382
401 418 404 422 λ
433 387 543 453 958

1124 381 1182 437 Β.
1225 377 1476 448 uanam
1513 377 1729 434 usum
1767 345 2085 431 AltCﬂlEP.
2130 373 2436 448 uocum:
2477 337 2756 428 orsum!
2785 329 2960 426 rans
2996 370 3036 424 ι.

3590 367 3699 423 εισι

434 516 542 564 tur.
568 499 760 557 timore
785 496 993 561 mortis,
1014 494 1105 549 sed
1128 507 1355 564 parcens
1384 489 1616 546 inimicis
1643 487 1773 551 suis,
1807 500 1874 540 ne
1909 487 2000 540 bo-
2025 486 2074 546 Α
2103 487 2328 558 mystice
2370 484 2636 556 signiﬁcat
2679 480 2951 536 fastidium
2993 481 3299 537 Jutlrcorum
3331 489 3529 535 contra
3575 489 3702 535 ωτι

434 591 653 647 micidio
677 585 1355 656 bomicidiumjungerent;
1381 579 1487 635 vel.
1511 580 1564 633 in
1592 579 1732 633 diem
1783 575 2000 630 Pascha:

432 666 590 738 suum
613 681 890 736 interitum
920 677 1192 740 differens,
1221 675 1273 728 in
1302 688 1406 743 quo
1434 678 1655 742 propter
1691 682 1998 724 sacrament-

435 781 547 827 tum
582 770 938 828 immolandus
982 775 1063 822 est
1117 779 1306 834 agnus,
1334 770 1390 817 et
1442 769 1624 832 postes
1668 753 2001 814 credentium

435 861 696 933 sanguine
733 855 1093 928 respergendi.
1141 853 1265 906 Sive
1310 851 1428 905 ideo
1477 848 1723 914 recessit,
1755 855 1814 900 ut
1849 845 2004 900 nobis

435 951 698 1021 praeberet
745 945 1042 1015 exemplum
1094 939 1323 996 vitandae
1376 939 1517 994 ultro
1573 936 1898 992 tradentium
1947 949 2004 991 se

438 1038 789 1094 temeritatis:
825 1035 947 1105 quia
979 1049 1082 1087 non
1116 1047 1302 1087 omnes
1329 1030 1518 1085 eadem
1544 1029 1847 1084 constantia
1885 1041 2006 1096 per-

358 1160 361 1161 ν
439 1126 786 1186 severam/in
816 1126 1114 1186 tormentis,
1142 1123 1232 1192 qui
1264 1134 1343 1176 se
1391 1121 1718 1190 torquendos
1749 1118 2002 1174 offerunt.

437 1220 519 1276 Ob
555 1219 694 1272 hanc
746 1230 982 1278 causam,
1044 1213 1219 1266 sciens
1288 1211 1492 1264 scilicet
1526 1224 1645 1279 qua:
1690 1209 1828 1264 mala
1893 1209 2005 1262 suis

439 1307 795 1364 sectatoribus
815 1303 1030 1358 vesania
1057 1302 1362 1368 Judazorum
1394 1309 1447 1355 et
1472 1300 1749 1370 gentilium
1772 1308 1915 1355 esset
1936 1299 2004 1354 il-

439 1401 632 1464 latura,
655 1409 708 1452 et
724 1397 775 1450 in
802 1395 906 1449 alio
927 1393 1040 1447 loco
1065 1393 1316 1462 prmcepit
1335 1412 1346 1445 :
1365 1391 1497 1446 Cum
1519 1408 1606 1446 vos
1622 1393 1875 1462 persecuti
1895 1391 2008 1460 fue-

438 1489 542 1546 rint
556 1492 610 1543 in
627 1491 725 1542 ista
748 1479 971 1548 ciuitate,
1003 1483 1165 1554 fugite
1179 1479 1232 1535 in
1246 1482 1405 1535 aliam
1421 1482 1637 1553 (Matth.
1657 1481 1768 1553 xx).
1783 1480 2009 1552 Elegan-

437 1593 520 1638 ter
537 1592 750 1652 quoque
781 1576 1106 1647 evangelista
1133 1591 1236 1630 non
1269 1576 1364 1642 ait,
1388 1575 1522 1645 fugit
1550 1574 1604 1627 in
1626 1573 1800 1628 locum
1829 1573 2010 1628 deser-

436 1680 569 1737 tum,
588 1670 680 1725 sed
691 1669 919 1732 secessit,
937 1675 996 1720 ut
1016 1673 1389 1736 persecutores
1402 1657 1653 1718 vitaverit
1667 1663 1835 1735 magis
1848 1677 2010 1734 quam

438 1762 696 1818 timuerit.
739 1759 908 1813 Aliter
934 1776 946 1811 :
978 1756 1266 1826 Postquam
1287 1771 1313 1809 a
1342 1754 1539 1810 Judaais
1564 1765 1619 1809 et
1651 1769 1778 1823 rege
1801 1751 2012 1809 Judaeu-

2101 579 2198 634 bas
2221 579 2477 651 gentium,
2516 577 2605 647 qui
2642 576 2707 629 de
2731 589 2915 628 earum
2956 577 3256 643 receptione
3288 588 3508 643 semper
3541 587 3702 627 mur-

2103 669 2410 730 murabant,
2443 676 2496 722 et
2543 662 3042 738 magisjudicabant
3090 681 3182 719 eos
3221 675 3374 737 aptos
3425 680 3580 730 esse,
3637 673 3704 718 ut

2102 765 2405 826 quaererent
2432 757 2533 812 sibi
2572 745 2750 811 cibum
2782 756 2831 808 in
2863 757 3247 812 conventiculis
3278 758 3696 821 haereticorum,

2103 847 2216 901 sive
2245 846 2854 917 pseudopmphetarum,
2896 860 2994 902 seu
3018 846 3474 916 philosophorum,
3517 864 3698 919 quam

2104 939 2406 994 divinorum
2465 938 2720 993 librorum
2782 919 3064 990 uterentur
3113 940 3376 1006 pastione.
3435 932 3700 1008 Quorum

2105 1042 2233 1082 voce
2256 1036 2309 1081 et
2346 1026 2512 1082 Isaias
2557 1025 2681 1080 olim
2709 1025 2916 1080 locutus
2946 1026 3019 1079 ait
3061 1043 3073 1077 :
3116 1025 3247 1081 Ecce
3299 1041 3470 1098 gentes
3530 1030 3702 1101 quasi

2104 1117 2245 1171 stilla
2293 1117 2464 1171 situla:
2491 1126 2574 1182 ,et
2618 1117 2766 1187 quasi
2814 1126 3127 1170 momentum
3175 1126 3379 1172 statera
3428 1130 3700 1190 reputate

2106 1217 2247 1262 sunt.
2275 1207 2338 1261 Et
2369 1208 2495 1262 item
2529 1225 2542 1260 :
2577 1207 2786 1270 Omnes,
2824 1206 3012 1274 inquit,
3044 1216 3216 1276 gentes
3254 1212 3404 1278 quasi
3433 1229 3540 1264 non
3585 1213 3700 1264 sint

2107 1300 2181 1352 sic
2210 1309 2331 1352 sunt
2362 1315 2536 1352 coram
2564 1315 2641 1362 eo,
2668 1307 2715 1351 et
2737 1299 2884 1368 quasi
2924 1297 3140 1350 nihilum
3166 1308 3214 1351 et
3239 1299 3392 1352 inane
3428 1311 3699 1370 reputatae

2107 1399 2227 1443 sunt
2257 1387 2389 1459 (lsa.
2423 1387 2534 1459 ιι).
2567 1387 2674 1443 Sed
2700 1375 2979 1452 Dominus,
3017 1389 3108 1458 qui
3152 1387 3326 1442 futura
3372 1400 3432 1443 ut
3462 1401 3702 1461 praeter-

2109 1481 2183 1534 ita
2238 1480 2404 1554 novit,
2439 1487 2494 1534 et
2535 1479 2622 1534 cui
2646 1479 2824 1534 omnia
2868 1480 3152 1549 praesentia
3184 1489 3328 1546 sunt,
3358 1496 3463 1535 non
3492 1483 3700 1538 inanes

2111 1570 2482 1635 dimittendas,
2530 1571 2621 1624 sed
2661 1571 2834 1642 magis
2863 1585 2958 1640 per
2997 1571 3139 1642 ipsos
3167 1570 3435 1639 apostolos
3477 1572 3700 1629 celesti

2112 1663 2233 1718 cibo
2257 1677 2351 1717 eas
2380 1662 2654 1716 satiandas
2684 1661 2942 1716 decrevit.
2975 1661 3124 1717 Unde
3160 1671 3214 1716 et
3254 1663 3498 1717 subditur
3525 1681 3541 1717 :

2182 1751 2338 1806 Iesus
2365 1761 2535 1806 autem
2560 1751 2688 1806 dixit
2721 1753 2794 1805 eis
2819 1768 2836 1805 :
2867 1752 2988 1805 Non
3011 1752 3194 1807 habent
3221 1752 3420 1830 necesse
3448 1754 3544 1817 ire,
3572 1743 3703 1808 da}:

440 1869 556 1909 rmn
585 1850 860 1922 propheta:
887 1854 1193 1901 truncatum
1220 1853 1302 1899 est
1330 1851 1526 1919 eaput,,
1543 1859 1604 1898 ac
1661 1843 1894 1913 linguam
1945 1857 2009 1896 ac
2040 1835 2083 1893 Β
2111 1843 2216 1897 illis
2242 1860 2329 1897 vos
2361 1843 2698 1896 manducare.
2729 1841 2996 1913 (Hieron.)
3027 1843 3291 1898 Provocat
3321 1843 3596 1913 apostolos
3629 1844 3701 1898 ad

440 1958 623 2000 vocem
653 1941 791 2012 apud
819 1955 912 1995 eos
937 1928 1170 2009 perdidit
1194 1935 1497 2007 prophetia,
1522 1934 1679 1991 Jesus
1711 1934 1927 1989 transiit
1946 1932 2014 1987 a'd

437 2035 709 2088 desertum
741 2029 996 2084 Ecclesiae
1030 2027 1227 2092 locum,
1261 2040 1380 2096 qua:
1404 2026 1578 2080 virum
1616 2035 1741 2080 ante
1787 2039 1892 2078 non
1918 2023 2012 2078 ha-

440 2123 649 2179 buerat.
1452 2103 1460 2113 ί

512 2212 580 2265 Et
613 2227 728 2266 cum
750 2211 1012 2264 audissent
1037 2206 1223 2272 turbat,
1243 2213 1574 2260 secutaesunt
1611 2220 1728 2260 eum
1755 2203 2014 2274 pedestres

440 2319 505 2356 ae
532 2301 840 2355 civitatibus.
875 2299 1057 2354 Potest
1094 2305 1149 2353 et
1200 2297 1273 2350 ita
1323 2296 1514 2366 accipi,
1546 2295 1691 2364 quod
1735 2295 1896 2348 aliam
1947 2296 2016 2349 ob

441 2407 680 2456 causam,
710 2390 891 2444 audito
951 2387 1174 2443 Joannis
1216 2386 1456 2450 interitu,
1486 2375 1708 2441 Secessit
1753 2384 1909 2441 Jesus
1963 2387 2017 2440 in

443 2484 715 2537 desertum
739 2467 936 2545 locum,
965 2486 1025 2532 ut
1052 2469 1381 2534 credentium
1413 2477 1666 2547 probaret
1699 2474 1879 2529 ﬁdem.
1913 2473 2016 2529 De-

449 2574 613 2643 nique
636 2572 800 2627 turba:
824 2580 1013 2625 secuta:
1040 2579 1160 2623 sunt
1186 2585 1302 2623 eum
1333 2568 1592 2635 pedestres
1610 2567 1674 2620 de
1696 2566 2014 2632 civitatibus,

443 2677 550 2718 non
613 2661 667 2716 in
712 2660 988 2729 iumentis,
1017 2670 1158 2714 --non‘
1204 2659 1259 2712 in
1305 2655 1534 2712 diversis
1571 2646 1870 2722 vehiculis,
1925 2655 2044 2736 sed‘

442 2751 660 2822 proprio
717 2750 903 2807 labore
959 2751 1154 2821 pedum
1203 2753 1264 2804 ut
1299 2750 1547 2804 ardorem
1587 2747 1786 2803 mentis
1837 2755 2019 2802 osten-
2062 2760 2065 2761 '

444 2844 652 2897 derent.
673 2842 911 2918 Illu‘dque
937 2844 1230 2897 notandum
1262 2843 1425 2912 quod,
1449 2849 1732 2913 postquam
1760 2841 2019 2896 Dominus

444 2935 498 2988 in
530 2934 801 2990 desertum
827 2935 1055 2999 venerit,
1082 2938 1282 2988 secuta:
1312 2941 1440 2988 sunt
1467 2949 1593 2987 eum
1623 2934 1793 2987 turba
1815 2919 2016 3002 multae;

445 3017 572 3082 nam
605 3033 894 3094 antequam
920 3024 1132 3080 veniret
1185 3024 1241 3078 in
1289 3022 1607 3078 solitudines
1657 3023 1916 3093 gentium,
1954 3023 2022 3076 ab

445 3133 554 3172 uno
576 3125 785 3171 tantum
811 3116 1004 3187 pupqu
1031 3116 1326 3171 colebatur.
1465 3109 1471 3116 ’

518 3207 584 3262 Et
607 3209 779 3262 exiens
801 3179 928 3261 uidit
964 3207 1168 3260 turbam
1203 3207 1439 3272 multam,
1467 3215 1516 3261 et
1532 3207 1772 3260 misertus
1793 3207 1865 3259 est
1892 3179 2092 3268 ξαίςο

444 3309 493 3353 et
519 3299 719 3353 curavit
745 3296 1017 3367 languidos
1054 3312 1251 3350 eorum.
1283 3296 1341 3349 ln
1388 3293 1722 3367 Evangelicis
1751 3293 2020 3370 sermoni-

442 3389 546 3443 bus
591 3401 804 3456 semper
839 3385 1029 3438 littera:
1066 3383 1285 3454 junctus
1312 3393 1396 3439 est
1440 3399 1632 3438 sensus
1681 3371 1928 3453 spiritus,
1963 3388 2019 3435 et

446 3476 706 3553 quidquid
753 3475 928 3545 primo
952 3489 955 3493 '
977 3473 1172 3544 frigere
1208 3474 1422 3529 videtur
1456 3483 1709 3543 aspectu,
1755 3473 1799 3528 si
1833 3473 2020 3542 tetige-

443 3569 540 3634 ris,
567 3566 810 3623 ca'letsln
836 3566 951 3621 loco
979 3566 1192 3620 deserto
1218 3574 1334 3620 erat
1359 3565 1646 3630 Dominus;
1674 3573 1871 3619 secuta:
1896 3569 2022 3616 sunt

444 3665 569 3715 eum
592 3657 766 3712 turbae
794 3656 1157 3724 relinquentes
1182 3654 1429 3709 civitates
1451 3669 1602 3717 suas,
1630 3653 1684 3706 id
1704 3661 1808 3716 est,
1832 3651 2019 3720 pristi-

443 3762 542 3802 nas
569 3745 1008 3802 conversation'es
1044 3754 1098 3798 et
1135 3744 1430 3800 varietates
1466 3743 1796 3814 dogmatum.
1831 3742 2022 3820 Egres-

445 3856 536 3912 sus
559 3836 687 3897 vero
714 3839 870 3895 Jesus
907 3838 1175 3909 signiﬁcat
1202 3839 1343 3908 quod
1388 3837 1873 3900 turbaehabuerint
1904 3836 2022 3905 qui-

447 3933 568 3987 dem
604 3931 762 3985 eundi
805 3929 1302 4002 voluntatemhsed
1345 3929 1487 3981 vires
1517 3926 1862 3996 perveniendi
1915 3943 2022 3982 non

445 4022 766 4085 habuerint;
794 4018 915 4072 ideo
965 4017 1214 4071 Salvator
1261 4017 1532 4088 egreditur
1560 4017 1626 4070 de
1669 4016 1784 4070 loco
1812 4031 1929 4080 suo,
1970 4025 2024 4071 et

445 4112 622 4181 pergit
657 4110 865 4163 obviam
885 4149 899 4173 ,
931 4108 1070 4162 sicut
1105 4115 1159 4160 et
1189 4106 1241 4159 in
1286 4105 1388 4160 alia
1419 4106 1675 4175 parabola
1707 4105 1817 4159 ﬁlio
1844 4107 2020 4176 paeni-

447 4202 576 4255 tenti
619 4186 789 4271 (Luc.
817 4199 949 4270 xv);
988 4199 1208 4267 visaque
1242 4197 1395 4250 turba
1425 4196 1732 4261 miseretur,
1772 4205 1828 4251 et
1868 4207 2022 4253 curat

447 4295 727 4364 languores
764 4305 972 4357 eorum,
1019 4300 1077 4344 ut
1124 4290 1258 4345 ﬁdes
1303 4289 1456 4360 plena
1507 4291 1691 4344 statim
1740 4291 2020 4360 praemium

445 4393 821 4453 consequatur.

449 4541 452 4544 ἢ
525 4473 738 4545 Vespere
771 4483 944 4526 autem
968 4471 1106 4540 facta
1137 4478 1461 4523 accesserunt
1492 4471 1559 4523 ad
1614 4486 1731 4523 eum
1777 4470 2018 4541 discipuli

2115 1935 2433 1991 fractionem
2461 1935 2633 2005 panis,
2673 1943 2732 1989 ut
2757 1934 2860 1990 illis
2886 1947 2947 1990 se
2972 1951 3076 1990 non
3108 1935 3305 2000 habere
3345 1937 3698 2001 testantibus,

2114 2027 2421 2097 magnitudo
2465 2026 2602 2096 signi
2649 2026 2836 2080 notior
2857 2025 2981 2091 ﬁat;
3014 2026 3171 2081 simul
3201 2027 3506 2089 insinuans,
3544 2027 3700 2098 quod

2111 2116 2349 2186 quotidie
2372 2131 2468 2187 per
2493 2131 2586 2171 eos
2616 2114 2800 2184 jejuna
2831 2125 3013 2172 nostra
3039 2126 3164 2172 sunt
3202 2119 3364 2173 corda
3399 2120 3696 2187 pascenda,

2113 2200 2362 2273 videlicet
2386 2222 2508 2262 cum
2553 2221 2740 2275 eorum
2795 2206 2877 2261 vel
2917 2207 3202 2277 exemplis,
3243 2208 3326 2262 vel
3381 2207 3578 2263 litteris
3626 2208 3698 2262 ad

2117 2299 2345 2354 amanda
2374 2300 2612 2354 cmlestia
2658 2300 2999 2354 suscitamnr.
3050 2299 3107 2355 Si
3139 2315 3296 2370 quem
3338 2316 3467 2355 vero
3515 2309 3700 2356 movet

2117 2390 2383 2460 quomodo
2429 2391 2720 2460 secundum
2747 2375 3111 2446 narrationem
3135 2390 3358 2446 Joannis
3390 2391 3700 2464 prospectis

2118 2467 2288 2534 turbis
2325 2480 2597 2549 quaesierit
2640 2480 2896 2534 Dominus
2924 2494 2953 2533 a
2997 2478 3239 2550 Philippo
3292 2487 3510 2536 tentans
3543 2495 3694 2546 eum,

2117 2559 2260 2624 unde
2291 2569 2394 2624 illis
2436 2585 2574 2624 esca:
2613 2569 2724 2623 dari
2755 2569 2960 2645 possint
2981 2569 3163 2642 (Joan.
3193 2570 3298 2642 vs);
3329 2563 3386 2625 et
3425 2571 3697 2640 quomodo

2117 2660 2296 2714 caeteri
2350 2660 2694 2731 evangelista:
2742 2661 3081 2715 narraverint
3130 2662 3281 2731 prius
3323 2661 3526 2716 dixisse
3584 2663 3695 2716 Do-

2119 2750 2629 2820 mino'discipulos,
2690 2761 2748 2804 ut
2801 2751 3094 2806 dimitteret
3152 2751 3376 2816 turbas,
3422 2768 3530 2822 quo
3575 2767 3698 2822 ρος»

2123 2849 2245 2895 sent
2265 2841 2364 2895 sibi
2389 2841 2638 2895 alimenta
2666 2855 2846 2895 emere
2873 2841 2939 2895 de
2963 2841 3220 2910 proximis
3239 2842 3374 2897 locis
3396 2839 3587 2911 (Marc.
3613 2859 3692 2907 vi;

2123 2931 2250 2995 Luc.
2283 2930 2379 3002 ix),
2398 2933 2591 3001 quibus
2614 2931 2701 2985 ille
2723 2932 3000 3001 respondit
3025 2935 3318 2988 secundum
3343 2933 3650 2989 Matthreum
3677 2952 3690 2987 :

2129 3023 2251 3076 Non
2273 3023 2459 3077 habent
2489 3039 2687 3077 necesse
2709 3023 2802 3086 ire,
2845 3023 2966 3076 date
2999 3025 3071 3078 eis
3101 3041 3187 3079 vos
3227 3026 3578 3090 manducare,
3608 3024 3696 3082 cui

2123 3114 2283 3168 etiam
2331 3113 2544 3167 Marcus
2591 3114 2868 3182 Lucasque
2913 3114 3275 3186 consentiunt,
3332 3122 3547 3168 tantum
3592 3116 3697 3172 hoc

2122 3203 2611 3272 praetermittentes,
2640 3203 2781 3272 quod
2813 3204 2922 3268 ait,
2970 3221 3073 3258 non
3125 3204 3311 3259 habent
3360 3208 3693 3270 necesseirc,

2110 3295 2588 3366 jntelligitur‘ergo
2618 3304 2739 3364 post
2761 3295 2877 3350 haec
2905 3296 3063 3349 verba
3086 3293 3371 3349 Dominum
3404 3296 3698 3365 inspexisse

2120 3386 2552 3451 multitudinem,
2599 3395 2652 3440 et
2699 3387 2898 3441 dixisse
2942 3386 3220 3456 Philippo,
3279 3388 3420 3457 quod
3466 3387 3700 3444 Joannes

2121 3487 2539 3545 commemorat,
2579 3479 2666 3533 isti
2727 3486 2905 3532 autem
2961 3480 3444 3549 prmtermiscrunt.
3500 3480 3699 3534 Deinde

2121 3571 2264 3641 quod
2305 3565 2582 3638 Philippus
2607 3569 2744 3639 apud
2771 3555 3042 3642 Joannem
3067 3570 3372 3639 respondet,
3415 3570 3518 3624 hoc
3561 3570 3698 3623 Mar-

2123 3666 2229 3716 cus
2254 3659 2589 3729 adiscipulis
2620 3675 2933 3728 responsum
2973 3675 3089 3713 esse
3137 3669 3561 3725 commemorat,
3607 3676 3699 3714 vo-

2124 3751 2240 3805 lens
2283 3750 2509 3828 tptelligi
2553 3751 2732 3805 hocet
2762 3765 2854 3805 ore
2902 3759 3216 3805 caeterorum
3266 3749 3567 3821 Philippum
3615 3740 3700 3807 re-

2123 3833 2419 3912 spondisse.

2193 3931 2584 4003 Responderunt
2609 3934 2697 3987 ei:
2725 3932 2847 3988 Non
2868 3933 3114 3987 habemus
3144 3934 3247 3987 nisi
3285 3935 3511 4005 quinque
3539 3953 3697 4004 panes

2124 4033 2172 4077 et
2197 4024 2351 4077 -duos
2379 4025 2561 4093 pisces.
2610 4022 2713 4077 Per
2751 4015 2988 4092 quinque
3027 4037 3195 4091 panes
3235 4023 3598 4093 apostolorum
3644 4033 3698 4079 et

2123 4108 2257 4169 duos
2306 4114 2484 4183 pisces
2525 4121 2633 4168 tota
2675 4111 3003 4167 Testamenti
3049 4112 3257 4168 Veteris
3305 4115 3573 4183 scriptura
3624 4107 3697 4169 si-

2122 4213 2345 4276 gnatnr;
2383 4221 2478 4274 per
2522 4205 2758 4274 quinque
2788 4205 3034 4260 videlicet
3081 4221 3246 4275 panes
3295 4207 3534 4276 quinque
3594 4209 3698 4260 illo-

2123 4297 2281 4350 saicre
2308 4296 2438 4366 legis
2474 4296 2617 4361 libri,
2649 4296 2843 4365 quibus
2869 4296 3058 4350 divinze
3088 4297 3406 4351 rcternitatis
3437 4298 3693 4368 cognitio,

2122 4388 2306 4459 mundi
2350 4389 2571 4452 creatio,
2621 4402 2912 4457 procursus
2955 4387 3132 4440 sxeculi
3191 4388 3441 4451 labentis,
3478 4398 3532 4442 et
3569 4403 3694 4443 vera

2125 4480 2234 4533 Deo
2277 4479 2540 4533 serviendi
2570 4477 2775 4547 religio,
2815 4478 2999 4547 generi
3046 4479 3280 4532 humano
3307 4478 3557 4533 innotuit.
3591 4476 3692 4534 Per

444 4541 577 4637 ejus,
619 4540 844 4619 dicentes
870 4579 888 4618 :
917 4563 1159 4617 Desertus
1186 4561 1327 4615 locus
1371 4571 1468 4626 est,
1509 4571 1556 4615 et
1597 4562 1728 4614 hora
1749 4565 1866 4631 jam
1893 4579 2021 4632 prte-
2049 4540 2096 4597 D
2122 4568 2256 4623 duos
2297 4583 2426 4622 vero
2458 4569 2632 4637 pisces
2652 4540 2848 4638 psalmi
2897 4576 3021 4621 sunt
3050 4577 3102 4622 et
3141 4569 3416 4638 propheta:
3458 4569 3690 4640 ﬁgurati,

445 4657 615 4719 teriit;
640 4654 840 4706 dimitte
866 4652 1059 4714 turbas,
1092 4661 1146 4704 ut
1172 4661 1346 4704 euntes
1374 4653 1429 4705 in
1450 4650 1687 4710 castella,
1712 4663 1883 4706 emant
1922 4652 2022 4706 sibi

444 4764 606 4802 escas.
633 4745 823 4800 Omnia
851 4745 1005 4814 plena
1030 4744 1299 4815 mysteriis
1319 4752 1460 4797 sunt.
1477 4743 1700 4798 liecedit
1725 4744 1790 4798 de
1812 4743 2018 4809 Judaea,

445 4839 593 4892 venit
621 4837 673 4890 in
705 4835 976 4890 desertum
1004 4835 1213 4899 locum;
1244 4842 1541 4903 sequuntur
1560 4819 1696 4890 eum.
1716 4835 1908 4901 turbaz,
1933 4851 2020 4891 re-

446 4931 588 4985 lictis
617 4914 922 4984 civitatibus
952 4928 1090 4993 suis;
1136 4928 1409 4998 egreditur
1441 4929 1507 4982 ad
1527 4943 1622 4982 eos
1646 4926 1821 4992 Jesus,
1859 4930 2020 4993 mise-

451 5030 599 5084 retur
623 5021 810 5083 turbae,
829 5028 985 5074 curat
1008 5019 1286 5088 languidos
1309 5006 1524 5073 eorum‘:
1548 5027 1602 5074 et
1629 5022 1731 5074 hoc
1760 5020 1888 5075 facit
1911 5036 2014 5075 non

384 5105 386 5107 ’
451 5126 626 5174 mane,
657 5126 763 5165 non
786 5121 1058 5166 crescente
1087 5112 1192 5175 die,
1236 5127 1341 5166 non
1371 5113 1613 5177 meridie,
1648 5113 1742 5167 sed
1771 5128 2015 5183 vespere,

449 5200 665 5270 quando
693 5198 1004 5266 soljustitia:
1025 5201 1294 5266 occubuit,
1309 5211 1362 5255 et
1381 5201 1502 5256 linis
1525 5202 1705 5257 mundi
1734 5205 2018 5274 apprOpin-

449 5293 653 5360 quavit.

520 5380 744 5452 (MAUR.)
772 5379 924 5446 Quod
953 5387 1130 5434 autem
1175 5383 1421 5438 carnales
1446 5384 1622 5440 adhuc
1649 5384 1919 5454 discipuli,
1960 5396 2016 5441 et
2043 5409 2050 5413 ’

448 5472 620 5541 ignari
648 5472 712 5526 de
747 5469 925 5524 futuro
977 5469 1283 5527 refectionis
1313 5474 1591 5539 miraculo,
1624 5485 1812 5545 rogant
1846 5477 2014 5531 Deum

446 5569 505 5616 ut
533 5561 768 5615 dimittat
797 5562 985 5614 turbas
1013 5568 1073 5614 ut
1101 5569 1284 5614 emant
1331 5564 1430 5617 sibi
1470 5565 1618 5618 cibos
1647 5580 1743 5634 per
1772 5564 2012 5630 castella,

447 5652 679 5707 maxime
705 5652 898 5722 quibus
925 5667 989 5705 eo
1033 5652 1208 5705 adhuc
1238 5660 1477 5722 tempore
1522 5664 1846 5726 praeceptum
1894 5666 2011 5712 est:

445 5739 519 5797 In
554 5740 691 5797 tiam
732 5742 956 5813 gentium
989 5758 1051 5795 ne
1094 5742 1296 5800 abirent
1326 5741 1537 5812 (Matth.
1570 5745 1654 5816 x),
1685 5756 1737 5799 et
1787 5747 2014 5818 reliqua,

2122 4661 2213 4730 qui
2259 4661 2522 4716 eruditum
2553 4661 2605 4713 in
2633 4645 2872 4730 legeJDei
2918 4659 3190 4728 p0pulum,
3240 4650 3309 4714 de
3341 4662 3693 4730 promissione

2126 4753 2414 4807 Dominica:
2434 4751 2818 4805 incarnationis
2838 4765 2974 4804 nova
3002 4751 3186 4820 gratiae
3209 4751 3488 4805 dulcedine
3507 4766 3688 4821 pasce-

2123 4844 2270 4897 bant.
2305 4842 2416 4909 Qua
2449 4843 2588 4895 trina
2623 4842 2913 4911 Scriptura:
2942 4857 3108 4896 sacra:
3133 4841 3495 4907 distinctione,
3527 4852 3690 4897 totum

2123 4936 2336 4991 Veteris
2373 4934 2720 4989 lnstrumenti
2766 4936 2959 4989 seriem
3003 4935 3386 5009 comprehendi
3418 4935 3691 4989 Dominica

2119 5026 2438 5080 auctoritate
2487 5026 2760 5079 docemur.
2817 5024 3093 5094 Apparens
3145 5026 3288 5078 enim
3336 5035 3457 5094 post
3509 5041 3691 5080 resur-

2121 5116 2415 5170 rectionem
2438 5113 2732 5181 discipulis,
2760 5113 2834 5166 ait
2862 5114 3119 5175 Dominus
3148 5115 3260 5184 ipse
3295 5133 3307 5166 :
3351 5114 3489 5180 Quia
3539 5131 3693 5184 opor-

2121 5207 2255 5261 tebat
2278 5204 2480 5275 impleri
2515 5205 2687 5258 omnia
2714 5220 2829 5274 qua:
2877 5205 3071 5275 scripta
3101 5215 3219 5259 sunt
3247 5206 3300 5259 in
3330 5205 3440 5276 lege
3467 5205 3689 5278 Hoysis,

2119 5307 2164 5351 et
2193 5295 2474 5366 prophetis,
2504 5303 2550 5347 et
2593 5293 2804 5362 psalmis
2853 5294 2917 5348 de
2946 5312 3024 5348 me
3052 5294 3200 5366 (Luc.
3253 5296 3423 5367 xxxv).
3455 5295 3522 5351 Et
3564 5311 3689 5351 cum

2119 5387 2328 5456 aperuit
2372 5385 2474 5439 illis
2520 5398 2734 5438 sensum
2786 5391 2865 5460 ut-
2887 5385 3246 5458 intelligerent
3281 5387 3591 5457 Scripturas
3638 5395 3691 5441 et

2120 5477 2393 5533 intellecta
2441 5476 2790 5545 spiritualiter
2838 5475 3083 5532 ﬁdelibus
3145 5479 3425 5532 traderent
3481 5478 3688 5532 audito-

2118 5569 2286 5632 ribus,
2319 5566 2470 5637 quasi
2507 5565 2827 5646 benedicens
2855 5566 3083 5636 panibus
3109 5567 3418 5639 apostolicis
3444 5583 3507 5621 ac
3529 5566 3689 5637 pisci-

2117 5660 2237 5722 bus,
2266 5659 2469 5728 hosqu'e
2524 5657 2744 5712 internae
2795 5659 3072 5714 suavitatis
3113 5661 3253 5715 dono
3303 5659 3685 5728 multiplicans,

2118 5750 2290 5804 turbis
2337 5749 2609 5818 dispertiri
2642 5750 2910 5818 praecepit.
2951 5750 3089 5805 Bene
3121 5767 3248 5805 vero
3275 5753 3427 5820 juxta
3454 5749 3685 5820 Evange-
