3938 6330
180 349 291 407 965

1134 344 1485 404 COMMENT.
1525 342 1592 397 ΙΝ
1630 341 2062 400 ΜΑΤΤΗᾹΞῊΜ.
2103 373 2172 382 -
2212 340 2338 395 LIB.
2377 339 2440 395 ν.

3322 340 3424 397 960

179 465 320 521 lium
352 465 573 524 Joannis
596 480 783 536 panes,
807 467 897 535 qui
922 465 1094 537 legem
1136 464 1438 534 designant,
1478 459 1758 517 hordeacei
1787 464 1836 522 Α
1862 459 2206 514 seminarium
2232 455 2291 511 flt
2317 455 2580 512 ciborum.
2611 454 2668 509 Si
2700 457 2840 510 enim
2868 457 3090 513 fuissent
3132 460 3348 529 integri,
3378 474 3434 519 et

178 557 354 612 fuisse
380 555 706 622 referuntur,
734 557 823 626 qui
853 555 1220 626 jumentorum
1263 551 1494 606 maxime
1534 549 1760 604 rustico-

179 641 414 714 rumque
442 655 525 699 est
550 645 700 699 cibus
724 661 1017 701 servorum.
1049 644 1185 712 Quia
1229 641 1606 710 incipientibus
1634 654 1760 694 nec—

178 737 421 805 dumque
468 735 720 804 perfectis
766 735 1104 791 auditoribus
1154 733 1458 802 asperiora,
1507 739 1562 785 et
1603 731 1757 800 quasi

177 826 454 879 crassiora
502 833 625 878 sunt
670 826 1048 880 committenda
1113 831 1378 893 prmcepta
1505 820 1758 874 Animalis

175 918 323 970 enim
348 916 499 969 homo
546 933 646 970 non
673 918 882 985 percipit
912 934 972 970 ea
999 932 1116 985 qua:
1159 924 1278 967 sunt
1307 912 1659 983 spiritus‘Dei
1695 910 1759 984 (Ι

179 1005 310 1059 Cor.
344 1006 425 1077 ιι).
457 1006 628 1076 Atque
660 1006 779 1060 ideo
812 1006 1068 1060 Dominus
1116 1020 1214 1073 pro
1257 1004 1366 1058 suis
1408 1004 1601 1073 cuique
1626 1004 1757 1057 viri-

177 1078 286 1151 bus
315 1098 451 1151 dona
482 1097 745 1160 tribuens,
785 1111 1100 1164 semperque
1127 1093 1192 1147 ad
1217 1092 1537 1162 perfectiora
1563 1106 1758 1161 provo-

180 1200 336 1251 cans,
355 1184 528 1255 primo
547 1187 779 1255 quinque
808 1185 1034 1253 panibus
1055 1182 1289 1252 quinque
1310 1181 1496 1245 millia,
1525 1181 1758 1236 secundo

180 1285 391 1344 septem
442 1277 669 1345 panibus
725 1285 957 1345 quatuor
1003 1274 1283 1329 hominum
1336 1274 1502 1328 millia
1546 1274 1756 1341 reficit,

184 1368 349 1422 tertio
401 1367 674 1437 discipulis
733 1382 841 1421 sua:
890 1365 1072 1421 carnis
1118 1374 1172 1419 et
1215 1365 1488 1435 sanguinis
1554 1373 1739 1435 myste-

179 1459 328 1511 rium
374 1459 564 1519 credit,
597 1457 782 1511 ultimo
829 1470 1020 1525 magno
1065 1468 1288 1508 munere
1332 1453 1425 1508 dat
1467 1452 1673 1517 electis,
1702 1462 1757 1506 ut

179 1549 342 1601 edant
367 1559 414 1602 et
443 1548 614 1602 bibant
636 1562 788 1618 super
809 1562 1038 1600 mensam
1057 1560 1208 1598 suam
1235 1560 1290 1598 in
1313 1560 1467 1616 regno
1493 1560 1588 1597 suo
1605 1541 1755 1614 (Luc.

178 1638 354 1710 xxu).
1563 1639 1566 1642 ’

258 1731 364 1796 Qui
388 1732 458 1784 ait
480 1731 551 1784 eis
575 1746 592 1784 :
619 1730 812 1800 A/ferte
841 1729 957 1783 illos
996 1728 1123 1782 mihi
1150 1729 1271 1781 huc.
1297 1726 1455 1792 Audi,
1485 1725 1715 1780 Marcion
1739 1741 1753 1790 ;

1860 565 1962 604 non
1988 550 2040 603 in
2067 548 2236 602 frusta
2258 547 2535 616 discerpti,
2565 562 2666 602 nec
2689 547 2844 601 divisi
2888 549 2938 601 in
2966 551 3316 620 multiplicem
3343 565 3429 608 su-

1859 647 2032 710 getem
2052 679 2066 703 ,
2091 639 2276 694 turbas
2303 645 2353 692 et
2377 652 2594 707 pueros,
2632 644 2687 690 et
2715 635 2959 701 feminas,
2988 647 3041 692 et
3069 647 3268 695 tantam
3296 639 3431 696 mul-

1859 726 2142 803 t‘itudinem
2172 726 2316 782 alere
2337 741 2444 781 non
2477 733 2713 796 possent.
2743 724 3028 795 Frangitur
3049 742 3173 795 ergo
3201 729 3283 783 lex
3306 743 3431 786 cum

1859 817 2152 888 prephetis,
2183 827 2238 873 et
2264 819 2317 872 in
2348 816 2515 871 frusta
2543 817 2880 885 discerpitur,
2912 824 2966 870 et
2992 815 3107 886 ejus
3127 817 3178 870 in
3201 821 3428 874 medium

1860 907 2116 978 mysteria
2159 907 2528 978 proferuntur,
2555 915 2615 960 ut
2639 908 2781 977 quod
2818 910 3113 977 integrum,
3145 916 3198 960 et
3224 924 3432 981 perma-

1859 1013 1994 1052 nens
2028 998 2081 1052 in
2105 1007 2248 1052 statu
2283 1000 2512 1069 pristino
2545 1014 2648 1052 non
2673 999 2869 1063 alebat,
2909 998 3139 1052 divisum
3173 998 3226 1051 in
3255 1008 3434 1066 partes

1861 1086 1966 1140 alat
1994 1088 2231 1158 gentium
2272 1089 2683 1143 multitudinem.

1931 1178 2000 1232 Et
2029 1178 2170 1233 dedit
2222 1179 2490 1249 discipulis
2529 1197 2718 1250 panes,
2753 1179 2996 1249 (λυσιμελιί
3041 1189 3213 1234 autem
3245 1179 3429 1233 turbis.

1861 1269 1929 1325 Et
1957 1271 2401 1325 manducaverunt
2429 1289 2626 1337 omnes,
2655 1281 2703 1326 et
2750 1272 2975 1326 saturati
3011 1283 3154 1327 sunt.
3207 1269 3435 1344 (ΜΑυιι.)

1858 1362 1996 1417 Nota
2024 1378 2154 1433 ergo
2181 1362 2424 1417 ordinem
2447 1362 2709 1417 Dominici
2750 1364 3005 1417 convivii.
3033 1363 3295 1420 Primitus
3324 1365 3441 1434 ipse

1859 1452 2116 1507 Dominus
2153 1452 2401 1522 acceptos
2429 1468 2593 1521 panes
2637 1460 2691 1508 et
2722 1453 2897 1522 pisces
2944 1453 3220 1508 benedixit
3247 1462 3302 1510 et
3332 1453 3438 1510 fre-

1860 1547 1966 1617 git;
1996 1547 2188 1603 dehinc
2211 1563 2308 1617 per
2335 1555 2515 1616 partes
2549 1547 2907 1602 comminutos
2948 1548 3095 1603 dedit
3140 1547 3435 1618 discipulis,

1860 1651 1921 1694 ut
1941 1641 2039 1709 ipsi
2071 1641 2241 1694 turbis
2290 1642 2704 1704 distribuerent;
2756 1649 2942 1710 postea
2999 1641 3166 1695 turbae
3217 1650 3437 1710 accepta

1861 1729 1930 1783 ab
1955 1729 2210 1799 apostolis
2244 1729 2379 1799 stipe
2409 1730 2889 1794 manducaverunt,
2923 1739 2977 1784 et
3013 1731 3238 1784 saturati
3290 1740 3434 1784 sunt.

179 1824 332 1888 audi,
364 1823 675 1887 Manichaee,
705 1824 940 1893 quinque
996 1838 1161 1892 panes
1207 1832 1262 1876 et
1301 1815 1434 1876 dnos
1473 1822 1757 1891 pisciculos
1789 1825 1831 1883 Β
1861 1819 1994 1886 Quia
2024 1819 2272 1874 videlicet
2297 1828 2636 1874 sacramenta
2664 1819 2797 1889 legis
2831 1829 2885 1873 et
2915 1821 3320 1889 prophetarum,
3342 1835 3440 1874 sua

178 1913 364 1967 afferri
387 1913 453 1966 ad
479 1927 535 1966 se
558 1911 709 1979 jubet
734 1913 1022 1977 Dominus,
1058 1921 1118 1964 ut
1155 1927 1248 1966 eos
1273 1911 1572 1966 sanctificet
1597 1922 1758 1979 atque

180 1988 548 2074 multiplicet:
591 2005 714 2072 quia
745 2003 856 2072 ipse
901 2013 985 2058 est
1028 2003 1095 2056 ad
1129 2017 1289 2072 quem
1337 2002 1600 2072 Propheta
1641 2001 1752 2055 ait:

179 2097 339 2152 Oculi
371 2097 599 2151 omnium
649 2096 704 2149 in
759 2104 807 2149 te
846 2077 1078 2161 sperant,
1120 2094 1361 2156 Domine,
1413 2103 1470 2146 ut
1517 2092 1604 2145 des
1652 2091 1756 2145 illis

174 2204 353 2242 escam
385 2187 438 2239 in
468 2195 692 2256 tempore
719 2195 1028 2255 opportuno.
1063 2184 1245 2253 Aperis
1276 2193 1331 2236 tu
1352 2200 1565 2236 manum
1590 2191 1755 2245 tuam,

174 2285 228 2328 et
251 2273 432 2342 imples
455 2290 602 2326 omne
641 2273 837 2326 animal
874 2272 1223 2326 benedictione
1252 2270 1420 2342 (Psal.
1449 2269 1649 2341 cxuv).

252 2366 322 2420 Et
352 2382 477 2428 cum_
502 2365 741 2434 jusslsset
771 2359 975 2418 turbdm
1008 2365 1327 2418 discumbere
1371 2381 1528 2434 supra
1557 2363 1756 2432 fenum.

177 2455 528 2510 Discumbere
549 2453 804 2523 jubentur
830 2455 999 2508 turbae
1035 2469 1197 2523 supra
1248 2454 1452 2517 fenum,
1493 2462 1547 2506 et
1569 2467 1760 2507 secun-

174 2550 310 2604 dum
358 2550 522 2604 alium
578 2551 970 2622 Evangelistam
1011 2566 1174 2621 supra
1220 2560 1439 2615 terram,
1472 2566 1569 2619 per
1596 2551 1758 2619 quin-

173 2621 456 2713 (fitagenos
503 2655 596 2698 aut
647 2654 940 2710 centenos;
991 2653 1051 2699 ut
1095 2654 1380 2716 postquam
1433 2645 1761 2700 calcaverint

174 2751 399 2790 carnem
430 2751 604 2801 suam,
631 2745 684 2792 et
729 2753 916 2793 omnes
957 2737 1115 2793 flores
1167 2739 1309 2794 illius
1348 2748 1402 2793 et
1451 2739 1631 2795 saeculi
1660 2755 1757 2794 vo-

175 2824 434 2893 luptates,
468 2826 622 2894 quasi
655 2841 813 2880 arens
865 2826 1042 2880 fenum
1095 2827 1195 2882 sibi
1227 2829 1584 2897 subjecerint,
1632 2836 1762 2883 tunc

173 2927 279 2982 per
326 2914 768 2985 quinquagenarii
804 2917 1015 2987 numeri
1060 2917 1432 2985 ptenitentiam
1463 2918 1529 2971 ad
1579 2916 1761 2987 perfe-

173 3014 328 3057 ctum
359 3005 634 3058 centesimi
679 3006 888 3060 numeri
933 3007 1144 3064 culmen
1193 3010 1504 3062 ascendant.
1556 3006 1761 3080 (Greg.)

174 3096 389 3150 Diversi
412 3081 556 3166 ergo
593 3097 888 3152 discubitus
928 3102 1325 3167 convivantium
1367 3101 1605 3155 diversos
1633 3116 1762 3154 con-

1857 1911 2234 1966 distributione
2262 1912 2458 1980 partita
2488 1911 2742 1981 apostolis
2767 1917 2822 1965 et
2852 1912 3289 1980 prmdicatoribus
3313 1928 3437 1967 sau-

1856 2000 1928 2054 cti
1957 2000 2251 2075 Evangelii,
2279 2009 2336 2054 ut
2357 2002 2471 2057 haec
2502 2010 2613 2056 toto
2653 2002 2784 2056 orbe
2834 2003 3154 2072 prmdicent,
3204 2006 3439 2075 primum

1859 2090 1974 2158 ipse
2003 2073 2265 2145 Dominus
2294 2091 2589 2162 patefecit;
2642 2093 2835 2148 deinde
2873 2093 2944 2147 illi
2994 2094 3165 2148 turbis
3199 2073 3439 2148 omnium

1859 2181 2094 2250 gentium
2143 2198 2529 2253 usquequaque
2583 2183 2838 2254 spiritalis
2884 2182 3150 2238 alimoniae
3195 2183 3444 2239 refectio-

1858 2289 1980 2327 nem
2018 2275 2379 2330 abundantem
2424 2274 2798 2344 praebuerunt;
2843 2282 2898 2329 et
2938 2274 3057 2330 ideo
3096 2283 3154 2330 ut
3183 2275 3443 2346 scriptum

1859 2374 1977 2430 est,
2027 2366 2471 2421 manducaverunt
2516 2382 2692 2420 omnes
2745 2375 2792 2419 et
2844 2366 3067 2420 saturati
3123 2374 3266 2429 sunt,
3315 2365 3440 2435 quia

1860 2470 1964 2508 non
2022 2463 2140 2509 erat
2184 2471 2348 2526 egens
2383 2457 2668 2526 quisquam
2711 2457 2851 2510 inter
2895 2472 3023 2521 eos;
3083 2457 3442 2526 impleturque

1859 2544 1988 2598 illud
2024 2545 2266 2614 quotidie
2304 2547 2675 2615 propheticum
2707 2565 2718 2599 :
2748 2545 2921 2600 Edent
2948 2563 3200 2615 pauperes
3224 2586 3239 2611 ,
3280 2555 3328 2599 et
3356 2563 3442 2601 sa-

1859 2636 2189 2700 turabuntur,
2213 2646 2259 2690 et
2296 2637 2582 2691 laudabunt
2614 2636 2778 2691 Deum
2805 2638 2894 2708 qui
2924 2638 3190 2708 requirunt
3215 2654 3361 2703 eum,
3388 2648 3444 2693 et

1861 2725 2089 2795 reliqua.

1897 2862 1901 2866 .
1934 2820 2003 2873 Et
2033 2820 2262 2874 tulerunt
2309 2821 2553 2891 reliquias
2597 2822 3011 2892 fragmentorum
3052 2821 3327 2876 duodecim
3366 2839 3447 2875 co-

1863 2909 2048 2976 phinos
2079 2908 2276 2977 plenos.
2310 2910 2491 2981 (li/iu.)
2538 2911 2690 2978 Quod
2723 2911 2894 2967 turbis
2941 2920 3186 2982 superest
3225 2926 3255 2965 a
3287 2912 3447 2967 disci-

1863 2999 2002 3067 pulis
2044 3000 2360 3064 sustollitur,
2418 3002 2540 3069 quia
2592 3003 2889 3056 sacratiora
2937 3003 3223 3071 mysteria,
3257 3017 3375 3072 quae
3411 3017 3440 3056 a

1866 3089 2089 3144 rudibus
2117 3092 2235 3158 capi
2266 3099 2562 3159 nequeunt,
2607 3107 2712 3145 non
2761 3092 3094 3161 negligenter
3131 3091 3444 3156 omittenda,

174 3195 373 3241 ventus
399 3186 782 3251 Ecclesiarum,
818 3203 937 3255 quae
967 3203 1128 3241 unam
1159 3188 1489 3244 Catholicam
1535 3189 1760 3254 faciunt,
1792 3174 1836 3235 C
1869 3180 1962 3233 sed
2016 3188 2143 3234 sum
2188 3181 2506 3248 inquirenda
2563 3181 2837 3249 perfectis.
2867 3181 3000 3238 Nam
3047 3197 3144 3252 per
3189 3182 3446 3250 cophinos

173 3278 494 3348 designant;
531 3292 664 3346 quos
720 3279 856 3332 bene
908 3280 1167 3334 Dominus
1212 3280 1614 3350 quinquagenos
1664 3296 1760 3349 per

174 3379 387 3424 turmas
408 3370 490 3425 vel
519 3377 773 3424 centenos
802 3370 1142 3426 discumbere
1181 3371 1456 3441 praecepit,
1480 3380 1539 3426 ut
1565 3371 1756 3426 videli-

173 3469 267 3516 cet
294 3461 450 3516 turba
487 3459 720 3514 ﬁdelium
747 3475 929 3514 escam
956 3476 1128 3526 suam,
1171 3469 1225 3516 et
1259 3462 1388 3515 locis
1410 3462 1662 3516 distincta
1707 3470 1762 3517 et

174 3552 424 3607 moribus
469 3549 754 3620 conjuncta
809 3551 1127 3621 perciperet.
1179 3550 1389 3605 Jubilzei
1436 3551 1634 3622 quippe
1677 3568 1762 3608 re—

172 3643 334 3712 quies
353 3640 792 3711 quinquagenarii
821 3641 1029 3695 numeri
1063 3642 1321 3712 mysterio
1347 3641 1683 3696 continetur:
1705 3650 1762 3695 et

172 3730 670 3802 quinquagenarius
691 3729 774 3784 his
800 3729 1033 3795 ducitur,
1060 3738 1118 3784 ut
1154 3730 1219 3784 ad
1250 3729 1618 3784 centenarium
1640 3744 1764 3798 per-

173 3825 444 3879 veniatur.
475 3823 609 3890 Quia
632 3838 759 3892 ergo
799 3823 949 3892 prius
980 3839 1010 3876 a
1040 3823 1180 3876 malo
1221 3822 1450 3892 quiescit
1480 3837 1675 3891 opere,
1705 3829 1763 3876 ut

173 3923 300 3986 post
333 3915 508 3967 anima
532 3913 740 3983 plenius
765 3913 1008 3983 quiescat
1033 3915 1085 3967 in
1113 3913 1456 3984 Cogitatioue,
1491 3913 1580 3967 alii
1605 3913 1763 3982 quin-

175 4007 432 4078 quageni,
449 4006 537 4059 alii
563 3994 689 4060 vero
715 4006 929 4060 centeni
951 4005 1327 4069 discumbunt;
1353 4005 1608 4073 quoniam
1636 4013 1764 4062 sunt

174 4096 454 4160 nonnulli,
485 4096 574 4165 qui
602 4111 632 4148 a
671 4095 851 4164 pravis
894 4097 1104 4150 actibus
1129 4097 1328 4149 habent
1360 4095 1599 4164 requiem
1630 4109 1761 4164 ope-

174 4188 286 4252 ris,
317 4196 371 4242 et
414 4174 546 4240 sunt
565 4185 822 4251 nonnulli,
854 4186 998 4255 quia
1043 4186 1311 4254 perversis
1343 4184 1760 4255 cogitationibus

175 4279 380 4333 habent
393 4277 504 4346 jam
540 4277 778 4346 requiem
803 4279 1016 4332 mentis.
1053 4278 1193 4331 Bene
1217 4277 1378 4330 etiam
1403 4292 1573 4345 super.
1589 4277 1762 4331 viride

174 4370 363 4426 fenum
415 4368 817 4424 discubuerunt.
889 4367 1160 4436 Scriptum
1208 4369 1403 4437 quippe
1458 4375 1542 4422 est
1594 4368 1761 4420 omnis

173 4478 304 4514 caro
355 4460 528 4528 fenum
585 4458 771 4530 (Eccli.
828 4458 959 4528 xw).
1000 4457 1203 4528 (ΚΑΒ.)
1236 4457 1307 4510 Et
1353 4457 1429 4511 illi
1475 4472 1636 4527 super
1683 4457 1762 4512 vi-

1862 3269 2143 3324 duodecim
2171 3271 2419 3339 apostoli,
2453 3281 2507 3326 et
2546 3287 2640 3340 per
2684 3273 2957 3342 apostolos
2987 3274 3167 3328 cuncti
3217 3290 3447 3344 sequen-

1862 3362 1993 3416 tium
2035 3363 2313 3418 doctorum
2341 3365 2489 3418 chori
2519 3364 2838 3438 figurantur,
2870 3365 2999 3420 foris
3023 3367 3240 3434 quidem
3272 3367 3445 3421 homi-

1861 3445 2018 3500 nibus
2039 3446 2298 3516 despecti,
2334 3448 2427 3502 sed
2472 3448 2614 3502 intus
2665 3449 2916 3504 salutaris
2957 3450 3064 3504 cibi
3096 3451 3333 3519 reliquiis
3376 3453 3444 3506 ad

1861 3538 2050 3592 alenda
2079 3539 2358 3593 humilium
2385 3532 2548 3595 corda
2585 3543 2866 3596 cumulati.
2917 3542 3142 3599 Constat
3177 3546 3319 3599 enim
3353 3559 3445 3602 co-

1860 3631 2043 3698 phinis
2085 3627 2248 3700 opera
2278 3632 2490 3686 servilia
2537 3633 2649 3703 geri
2679 3633 2868 3696 solere,
2918 3633 3010 3688 sed
3042 3635 3156 3704 ipse
3185 3637 3448 3705 cophinos

1862 3734 2058 3788 panum
2086 3721 2401 3801 fragmentis
2429 3723 2691 3794 implevit,
2713 3728 2802 3796 qui
2831 3726 3040 3797 inﬁrma
3069 3729 3229 3797 hujus
3261 3729 3444 3783 mundi

1861 3810 2033 3880 elegit,
2062 3821 2116 3864 ut
2142 3811 2301 3881 fortia
2351 3815 2690 3884 confunderet
2721 3817 2786 3888 (I
2815 3814 2938 3871 Cor.
2968 3817 3029 3888 1).
3063 3817 3445 3889 Unusquisque

1863 3911 1990 3974 ergo
2033 3906 2397 3974 apostolorum
2428 3907 2494 3962 de
2522 3909 2765 3979 reliquiis
2809 3911 3105 3968 Salvatoris
3139 3914 3319 3984 implet
3349 3932 3444 3971 co-

1858 3995 2085 4063 phinum
2135 4011 2308 4060 suum,
2339 4009 2397 4051 ut
2425 3999 2622 4054 habeat
2653 4001 2736 4056 vel
2765 4003 2903 4057 unde
2951 4013 3134 4071 postea
3164 4007 3446 4075 egentibus

1861 4086 2012 4143 cibos
2038 4089 2296 4155 praebeat,
2327 4089 2408 4143 vel
2439 4105 2505 4144 ex
2553 4092 2796 4162 reliquiis
2844 4094 3032 4162 doceat
3074 4113 3231 4152 veros
3282 4097 3457 4158 fuisse.

1859 4179 2159 4249 panes,‘qui
2190 4187 2376 4248 postea
2409 4181 2744 4252 multiplicati
2782 4195 2925 4239 sunt.
3172 4247 3184 4261 κ
3353 4194 3361 4203 ‘

1935 4271 2372 4327 Manducantium
2401 4281 2574 4329 autem
2601 4276 2703 4348 fuit
2734 4294 2980 4331 numerus
3008 4281 3236 4351 quinque
3275 4283 3440 4336 millia

1862 4360 2111 4426 virorum,
2143 4363 2367 4432 exceptis
2413 4364 2716 4420 mulieribus
2757 4374 2806 4420 et
2849 4369 3102 4438 parvulis.
3151 4369 3315 4426 Juxta
3347 4389 3444 4426 nu-

1866 4467 2073 4507 merum
2119 4453 2356 4523 quinque
2408 4470 2605 4526 panum
2659 4466 2712 4510 et
2760 4458 3153 4514 comedentium
3203 4461 3444 4518 virorum

172 4553 299 4609 ride
339 4552 519 4605 fenum
577 4550 972 4605 discumbentes
1001 4551 1299 4604 Dominicis
1328 4560 1622 4620 pascuntur
1664 4551 1761 4605 ali-
1787 4518 1840 4576 D
1869 4544 2104 4614 quinque
2133 4545 2357 4599 millium
2395 4546 2677 4603 multitudo
2723 4558 2823 4604 est.
2878 4549 3116 4605 Necdum
3164 4554 3307 4606 enim
3362 4569 3446 4609 se.

173 4645 397 4707 mentis,
441 4643 531 4712 qui
564 4658 657 4711 per
687 4641 920 4695 studium
967 4641 1330 4705 continentiae,
1374 4641 1596 4696 calcatis
1645 4641 1761 4697 ille-

173 4733 356 4787 cebris
395 4731 690 4786 carnalium
720 4729 1295 4796 concupiscentiarum,
1330 4730 1610 4786 audiendis
1653 4730 1757 4785 im-

172 4824 495 4894 plendisque
526 4822 618 4876 Dei
650 4822 826 4875 verbis
847 4836 1065 4890 operam
1096 4822 1437 4897 impendunt.

257 4913 320 4966 Et
351 4913 568 4982 acceptis
612 4912 838 4982 quinque
884 4910 1105 4981 panibus
1149 4921 1196 4964 et
1251 4911 1453 4964 duobus
1505 4912 1754 4979 pisczbus,

173 5007 436 5074 aspiciens
453 5005 506 5058 in
522 5003 702 5058 caelum
729 5003 986 5056 benedixit
1014 5012 1060 5055 et
1081 5001 1453 5072 fregit.Turbis
1475 5003 1758 5057 esurienti-

173 5100 281 5153 bus
304 5087 552 5150 Salvator
581 5112 687 5150 non
710 5111 843 5149 nova
871 5103 1022 5149 creat
1041 5095 1264 5160 cibaria,
1296 5094 1392 5149 sed
1419 5095 1652 5164 acceptis
1675 5096 1757 5151 eis

175 5202 300 5258 quae
329 5186 634 5240 habuerunt
661 5185 925 5254 discipuli,
951 5185 1233 5240 benedicit
1257 5199 1271 5237 :
1304 5184 1430 5255 quia
1457 5186 1680 5240 veniens
1703 5187 1754 5239 in

177 5291 345 5331 carne
369 5291 474 5330 non
503 5276 603 5328 alia
641 5291 799 5344 quam
845 5276 1095 5345 praedicta
1123 5286 1249 5331 sunt
1274 5267 1618 5346 przcdicabat,
1663 5278 1757 5332 sed

177 5368 316 5437 legis
342 5374 396 5420 et
427 5366 806 5436 prophetarum
856 5367 1054 5434 scripta
1077 5407 1091 5430 ,
1131 5383 1290 5435 quam
1327 5368 1434 5420 sint
1484 5368 1757 5437 mysteriis

177 5457 368 5529 gratia:
393 5457 609 5526 gravida
648 5444 996 5511 demonstrat.
1026 5457 1293 5539 (Ηὶςγοη.)
1323 5460 1528 5528 Aspicit
1564 5460 1615 5512 in
1647 5474 1760 5514 ete-

179 5549 315 5611 lum,
341 5555 402 5598 ut
435 5545 559 5599 illuc
589 5540 895 5616 dirigendos
914 5547 1099 5601 oculos
1129 5549 1338 5602 doceat.
1374 5549 1619 5619 Quinque
1661 5566 1757 5620 pa-

178 5649 282 5691 nes
321 5645 376 5690 et
406 5636 538 5690 duos
561 5637 846 5705 pisciculos
874 5639 1104 5707 sumpsit
1144 5639 1195 5693 in
1250 5656 1464 5704 manus,
1499 5650 1554 5695 et
1601 5639 1761 5712 fregit

178 5740 308 5794 eos,
348 5728 674 5798 tradiditque
709 5728 981 5798 discipulis
1012 5731 1123 5784 suis
1153 5746 1165 5783 :
1210 5731 1488 5802 frangente
1534 5733 1759 5787 Domino

1867 4637 2102 4692 cundum
2131 4637 2355 4692 alterius
2399 4638 2500 4692 loci
2557 4642 2920 4695 narrationem
2968 4643 3033 4696 ad
3083 4646 3446 4712 septenarium

1868 4745 2152 4785 numerum
2180 4740 2432 4795 venerat,
2462 4747 2620 4800 quem
2641 4724 2945 4786 comedunt
2987 4742 3218 4802 quatuor
3255 4736 3445 4803 millia,

1865 4828 1921 4875 et
1957 4830 2082 4876 sunt
2108 4821 2284 4876 vicina
2313 4822 2725 4892 Evangeliorum
2765 4839 3011 4887 numero,
3052 4824 3175 4892 quia
3207 4810 3447 4895 quinque

1865 4923 1987 4968 sunt
2005 4914 2536 4970 exteriorishominis
2558 4931 2765 4970 sensus.
2783 4916 3025 4985 Quinque
3044 4916 3207 4972 millia
3225 4919 3326 4973 viri
3345 4919 3445 4975 Do-

1859 5006 2062 5058 minum
2091 5007 2259 5059 secuti
2301 5006 2584 5077 designant
2617 5012 2709 5061 e’os
2733 5008 2845 5074 qui,
2874 5007 2925 5060 in
2975 5008 3220 5062 saeculari
3270 5010 3446 5068 adhuc

1860 5096 2046 5150 habitu
2063 5096 2621 5166 positi,cxterioribus
2650 5113 2767 5166 qua:
2790 5098 3218 5166 possidentbene
3248 5101 3324 5156 uti
3353 5117 3425 5157 no

1859 5196 2054 5242 verunt
2101 5188 2233 5258 :qui
2283 5197 2427 5242 recte
2461 5190 2698 5257 quinque
2743 5189 2972 5258 panibus
3025 5190 3265 5257 aluntur,
3314 5193 3442 5262 quia

1862 5279 1994 5333 tales
2021 5293 2240 5332 necesse
2274 5287 2356 5331 est
2389 5277 2646 5348 legalibus
2687 5280 2863 5335 adhuc
2889 5262 3168 5350 praiceptis
3211 5282 3439 5337 institui.

1864 5365 1998 5421 Nam
2021 5368 2111 5436 qui
2139 5366 2336 5420 mundo
2368 5367 2434 5420 ad
2465 5367 2730 5438 integrum
2759 5371 3088 5433 renuntiant,
3117 5378 3170 5424 et
3211 5380 3441 5440 quatuor

1865 5469 1991 5515 sunt
2014 5461 2175 5514 millia
2203 5469 2256 5513 et
2285 5470 2489 5528 septem
2530 5462 2758 5529 panibus
2789 5461 2993 5524 refecti,
3024 5455 3124 5514 huc
3145 5472 3250 5525 est;
3275 5477 3440 5516 cvan-

1866 5552 2030 5622 gelica
2063 5550 2389 5619 perfectione
2418 5553 2674 5607 sublimes
2697 5595 2710 5617 ,
2752 5565 2807 5608 et
2855 5552 3077 5620 spiritali
3118 5565 3242 5607 sunt
3266 5553 3441 5624 gratia

1867 5642 2008 5696 intus
2034 5630 2248 5695 eruditi.
2284 5640 2419 5696 Nota
2458 5658 2586 5714 ergo
2633 5643 2775 5712 quod
2821 5644 3019 5697 dicitur
3041 5643 3278 5712 quinque
3326 5643 3439 5698 inil-

1866 5735 1937 5790 lia
1967 5726 2206 5792 virorum
2244 5752 2272 5791 a
2319 5736 2545 5791 Domino
2572 5745 2750 5806 pastos
2783 5752 2920 5804 esse,
2956 5736 3194 5804 exceptis
3248 5735 3436 5790 mulie-
