3938 6352
167 290 281 346 969

1113 279 1458 337 COMMENT.
1497 277 1563 331 IN
1603 275 2036 334 MATTIIrEUM.
2078 310 2147 319 —
2185 280 2309 336 LIB.
2355 281 2410 332 Υ.

3308 280 3411 338 970

162 402 564 464 Ccnnosarcth,
607 397 746 468 quod
778 396 936 451 etiam
965 395 1260 451 Tiberiadis
1287 411 1312 448 a
1340 394 1554 449 civitate
1582 373 1728 446 Tibe-
1773 393 1818 453 Α
1848 409 1950 449 non
1991 395 2323 450 obliviscitur
2349 395 2647 450 orationem
2674 412 2993 467 pauperum,
3023 412 3194 468 nequc
3220 399 3414 456 avertit

157 482 331 554 VrIade
359 504 605 550 vocatur.

251 586 320 640 Et
348 584 563 637 dimissa
594 581 742 634 turba
791 581 1018 633 ascendit
1061 579 1116 631 in
1151 588 1371 632 montem
1400 577 1541 632 solus
1572 592 1741 630 orare.

169 676 234 730 Si
268 675 492 728 fuissent
529 686 650 725 cum
692 684 756 724 co
795 669 1040 739 discipuli
1078 668 1284 732 Petrus,
1326 677 1378 723 et
1404 666 1656 731 Jacobus,
1690 654 1748 722 et

167 768 434 826 Joannes,
479 759 569 829 qui
619 759 862 814 viderant
905 759 1127 829 gloriam
1166 757 1550 821 transformati,
1585 755 1744 811 forsi-

170 859 272 904 tan
317 848 681 902 ascendissent
721 847 772 900 in
806 853 1041 899 montem
1067 859 1187 898 cum
1217 859 1311 906 eo;
1367 845 1460 899 sed
1492 845 1645 898 turba
1680 844 1748 898 ad

135 953 142 958 '
168 937 426 993 sublimia
454 937 603 1005 sequi
637 951 740 990 non
770 941 999 1003 poterat,
1031 934 1132 988 nisi
1161 933 1433 988 docuisset
1457 949 1575 1002 eam
1595 934 1746 1003 juxta

169 1043 330 1082 mare
376 1027 428 1080 in
474 1027 672 1089 littore,
705 1033 757 1079 et
782 1024 948 1079 aleret
1003 1023 1055 1077 in
1095 1023 1325 1078 deserto.
1369 1022 1518 1089 Quod
1568 1030 1748 1078 autem

159 1116 421 1176 ascendit
465 1119 608 1175 solus
646 1132 833 1182 orare,
886 1132 992 1171 non
1030 1116 1095 1170 ad
1141 1131 1262 1170 eum
1297 1113 1502 1171 referas
1528 1114 1642 1184 qui,
1684 1116 1751 1169 de

169 1210 414 1280 quinque
440 1209 663 1279 panibus
693 1207 928 1277 quinque
976 1204 1140 1258 millia
1192 1188 1406 1259 satiavit
1450 1203 1746 1267 hominum,

168 1301 418 1371 exceptis
444 1297 759 1354 mulieribus
780 1305 834 1350 et
859 1295 1113 1366 parvulis,
1151 1295 1245 1350 sed
1281 1295 1345 1348 ad
1377 1308 1499 1367 eum
1523 1294 1616 1363 qui
1655 1309 1750 1347 au-

168 1390 291 1442 dita
315 1395 488 1442 morte
515 1384 760 1450 Joannis,
787 1383 1008 1438 secessit
1035 1384 1087 1436 in
1108 1382 1446 1436 solitudinem
1473 1399 1485 1433 :
1514 1395 1617 1435 non
1646 1395 1752 1450 quo

169 1493 465 1548 personam
514 1477 723 1531 Domini
761 1490 1072 1546 separemus
1102 1514 1116 1539 ,
1167 1474 1261 1528 sed
1301 1474 1552 1544 quoniam
1589 1487 1750 1542 opera

172 1571 301 1640 ejus
331 1570 472 1624 inter
506 1568 670 1623 Deum
696 1567 1073 1634 hominemque
1097 1564 1267 1618 divisa
1288 1572 1431 1617 sunt.
1463 1560 1748 1633 (Ambros.)

173 1660 286 1716 Ubi
315 1668 369 1714 et
396 1659 687 1712 notandum
716 1656 856 1732 quod
884 1670 989 1709 non
1016 1654 1190 1709 omnis
1217 1655 1308 1723 qui
1360 1660 1478 1708 orat
1497 1651 1750 1718 ,ascendit

1849 486 2040 541 faciem
2070 502 2220 541 suam
2248 503 2277 540 a
2300 487 2642 556 sperantibus
2667 488 2718 540 in
2749 502 2836 552 se;
2861 489 2988 559 quin
3018 490 3198 560 potius
3223 498 3274 544 et
3295 505 3416 546 cer~

1848 584 2023 630 tantes
2060 591 2179 632 cum
2205 577 2468 640 hostibus,
2500 584 2559 629 ut
2596 575 2815 630 vincant
2841 559 3422 645 adjuvat,"etvictores

1850 662 1904 715 in
1932 671 2190 717 azternum
2225 674 2469 719 coronat.
2504 663 2658 721 Unde
2686 666 2788 720 hoc
2823 665 2877 718 in
2905 665 3021 721 loco
3059 677 3182 737 apte
3209 685 3420 740 quoque

1848 765 1947 822 per
1969 751 2206 824 Marcum
2231 754 2425 807 dicitur
2453 773 2465 807 :
2500 753 2638 819 Quia
2664 754 2793 810 vidit
2821 771 2906 808 eos
2941 754 3237 811 laborantes
3265 759 3319 812 in
3343 775 3423 813 re-

1847 842 2115 911 migando.
2145 841 2300 914 Videt
2343 843 2538 912 quippe
2576 843 2832 900 Dominus
2868 859 2996 900 suos
3024 843 3330 901 laborantes
3370 849 3423 902 in

1851 933 2005 998 mari,
2033 933 2282 1002 quamvis
2333 934 2444 1003 ipse
2490 935 2695 1004 positus
2745 936 2797 990 in
2851 947 3016 1002 terra,
3048 936 3174 1007 quia
3228 938 3328 992 etsi
3359 939 3424 994 ad

1847 1023 2038 1078 horam
2077 1021 2294 1078 differre
2344 1023 2574 1087 videtur,
2616 1024 2870 1080 auxilium
2901 1027 3172 1086 tribulatis
3222 1027 3426 1097 impen-

1850 1114 1995 1177 dere,
2025 1113 2373 1170 nihilominus
2410 1122 2589 1169 tamen
2639 1130 2733 1170 eos
2782 1101 2848 1170 ne
2889 1117 2942 1170 in
2990 1117 3429 1174 tribulationibus

1851 1201 2125 1269 deﬁciant,
2157 1217 2268 1258 suae
2307 1215 2552 1274 respectu
2607 1205 2824 1274 pietatis
2868 1206 3199 1272 corroborat,
3231 1218 3282 1262 et
3329 1207 3428 1261 ali-

1851 1293 2066 1363 quando
2114 1295 2276 1348 etiam
2320 1294 2606 1349 manifesto
2640 1295 2907 1365 adjutorio
2935 1296 3098 1351 victis
3127 1299 3424 1354 adversita-

1851 1385 2011 1445 tibus,
2046 1384 2198 1453 quasi
2238 1383 2457 1439 calcatis
2498 1385 2804 1455 scdatisque
2851 1384 3107 1440 ﬂuctuum
3150 1386 3428 1441 volumini-

1850 1475 1951 1529 bus
1979 1474 2187 1530 liberat.
2221 1473 2374 1530 Sicut
2406 1474 2493 1530 hic
2521 1491 2737 1545 quoque
2773 1461 3165 1547 subsequenter
3192 1477 3434 1533 insinua-’

1852 1572 2106 1628 tur,,cum
2134 1564 2332 1619 dicitur
2355 1583 2368 1618 :

1924 1653 2127 1720 Quarta
2164 1663 2339 1708 autem
2376 1654 2548 1725 vigilia
2595 1657 2757 1709 noctis
2793 1659 2924 1708 venit
2951 1672 3018 1708 aa
3050 1672 3134 1709 eos
3159 1654 3431 1710 ambulans

176 1751 235 1804 in
260 1759 517 1804 montem.
539 1748 634 1801 Est
652 1729 794 1801 enim
809 1745 983 1799 oratio
1004 1759 1122 1813 qua:
1149 1751 1424 1814 peccatum
1459 1741 1619 1806 facit;
1652 1742 1746 1798 sed
1777 1744 1821 1802 Β
1849 1762 2008 1815 supra
2033 1761 2196 1799 mare.
2228 1743 2498 1816 (meram)
2537 1744 2809 1800 Stationes
2846 1754 2901 1800 et
2933 1745 3128 1816 vigiliae
3171 1747 3430 1802 militares

176 1840 274 1909 qui
305 1841 437 1894 bene
474 1846 614 1901 orat,
643 1836 735 1906 qui
758 1835 924 1890 Deum
953 1834 1157 1889 orando
1176 1833 1383 1902 quaerit,
1419 1833 1508 1887 hic
1531 1847 1560 1886 a
1592 1840 1761 1887 terre—

177 1933 269 1986 nis
298 1929 364 1985 ad
393 1929 665 1998 superiora
708 1926 1075 1997 progrediens,
1109 1924 1364 1979 verticem
1393 1938 1537 1978 cura:
1587 1922 1759 1978 subli-

178 2020 370 2074 mioris
382 2018 623 2072 ascendit
636 2032 650 2081 ;
664 2014 756 2085 qui
769 2029 895 2070 vero
914 2015 979 2069 de
993 2013 1210 2077 divitiis,
1234 2021 1324 2066 aut
1349 2012 1414 2067 de
1436 2013 1637 2067 honore
1663 2026 1759 2066 sm-

179 2110 314 2171 culi,
342 2117 434 2162 aut
458 2115 605 2162 certe
651 2107 716 2161 de
745 2105 946 2160 inimici
993 2093 1164 2159 morte
1203 2102 1463 2177 sollicitus
1490 2094 1758 2167 obsecrat,

185 2201 307 2270 ipse
336 2200 387 2254 in
425 2197 622 2252 inlimis
643 2195 831 2266 jacens
854 2186 982 2249 viles
1031 2195 1096 2248 ad
1136 2194 1526 2262 Deumpreces
1573 2194 1756 2247 mittit.

182 2289 325 2368 Orat
362 2296 540 2343 autem
567 2288 822 2361 Dominus
850 2300 956 2340 non
986 2293 1046 2340 ut
1079 2299 1178 2355 pro
1204 2299 1262 2340 se
1283 2287 1550 2351 obsecret,
1582 2285 1673 2340 sed
1704 2293 1763 2338 ut

181 2395 290 2451 pro
318 2394 401 2435 me
427 2379 694 2449 impetret.
725 2378 858 2432 Nam
888 2386 940 2433 et
969 2379 1014 2433 si
1045 2378 1222 2433 omnia
1251 2378 1491 2449 posuerit
1515 2377 1676 2433 Pater
1708 2379 1760 2432 in

183 2479 458 2542 pctestate
483 2467 622 2534 Filii,
646 2468 812 2523 Filius
838 2478 1037 2534 tamen,
1063 2477 1123 2522 ut
1145 2466 1370 2524 formam
1407 2468 1638 2523 hominis
1663 2467 1765 2522 im-

184 2549 809 2635 pleret,lobsecrandum
852 2559 1064 2615 Patrem
1095 2567 1256 2628 putat»
1284 2573 1401 2614 esse
1443 2573 1541 2628 pro
1583 2558 1758 2623 nobis,

189 2656 322 2727 quia
347 2655 637 2710 advocatus
662 2662 748 2710 est
781 2661 982 2710 noster.
1026 2653 1344 2707 Advocatum
1382 2653 1537 2718 enim,
1568 2651 1759 2721 inquit,

192 2745 443 2799 habemus
467 2743 605 2815 apud
634 2741 845 2798 Patrem
887 2741 1069 2818 Iesum
1109 2740 1366 2796 Christum
1403 2740 1454 2812 (1
1482 2741 1641 2796 Joan.
1675 2741 1757 2812 tt).

191 2833 256 2892 Si
285 2834 572 2890 advocatus
593 2840 694 2897 est,
726 2832 884 2888 debet
914 2846 1013 2902 pro
1058 2831 1193 2886 meis
1220 2831 1543 2886 intervenire
1568 2844 1759 2902 pecca-

194 2927 290 2982 tis.
325 2925 440 2980 Non
468 2939 600 2996 ergo
636 2924 787 2993 quasi
816 2923 1080 2990 infirmus,
1121 2925 1214 2979 sed
1240 2924 1392 2992 quasi
1441 2923 1561 2994 pius
1608 2927 1763 2980 obse—

189 3024 332 3069 crat.
364 3013 456 3068 Vis
475 2997 614 3068 scire
640 3027 801 3082 quam
832 3012 1011 3067 omnia
1038 3027 1156 3081 qure
1188 3012 1312 3066 velit
1339 3012 1544 3082 possit?
1571 3013 1637 3068 Et
1666 3015 1764 3070 ad—

1861 1837 1913 1890 in
1939 1842 2090 1890 terna
2117 1835 2372 1890 horarum
2397 1835 2569 1904 spatia
2594 1835 2922 1890 dividuntur.
2948 1834 3172 1902 Quando
3192 1849 3319 1904 ergo
3355 1835 3434 1889 di-

1861 1928 1935 1981 cit
1963 1935 2152 1996 quarta
2181 1925 2360 1997 vigilia
2415 1926 2591 1981 noctis
2639 1926 2848 1980 venisse
2892 1926 2958 1980 ad
3001 1940 3094 1980 eos
3127 1924 3434 1983 Dominum.

1860 2016 2093 2073 ostendit
2133 2024 2244 2072 tota
2292 2024 2449 2071 nocte
2493 2016 2822 2085 periclitatos
2879 2024 2932 2069 et
2977 2023 3220 2070 extremo
3266 2015 3437 2069 noctis

1860 2118 2101 2178 tempore
2131 2108 2211 2162 eis
2241 2107 2495 2162 auxilium
2538 2107 2841 2176 praabitum.
2889 2104 3068 2178 (ΗΑΒ.)
3095 2105 3438 2162 Laborabant

1860 2211 1988 2269 ergo
2014 2205 2126 2253 toto
2152 2197 2324 2252 noctis
2344 2211 2526 2267 Opaca:
2551 2206 2813 2267 tempore,
2855 2198 2947 2252 sed
2979 2196 3211 2252 diluculo
3241 2212 3438 2266 appro-

1861 2287 2176 2358 pinquante,
2209 2295 2264 2341 ct
2295 2285 2518 2342 lucifero
2543 2285 2672 2341 solis
2701 2286 2914 2356 dieique
2943 2295 3191 2340 exortum
3216 2287 3438 2356 promit-

1865 2386 2030 2441 tente,
2049 2377 2198 2431 venit
2227 2376 2503 2442 Dominus,
2535 2383 2590 2431 et
2617 2375 3062 2445 superambulans
3085 2377 3286 2430 tumida
3317 2375 3438 2432 freti

1866 2478 2009 2538 terga
2041 2466 2382 2536 comprimit:
2414 2469 2539 2536 quia
2589 2481 2710 2520 cum
2737 2465 3006 2536 pressuris
3031 2467 3202 2521 obsita
3234 2465 3456 2535 fragili--

1864 2564 1948 2609 tas
1971 2556 2204 2610 humana
2236 2553 2580 2624 pusillitatem
2611 2555 2805 2610 virium
2849 2571 3067 2610 suarum
3115 2556 3440 2619 considerat,

1865 2645 1941 2700 nil
1969 2660 2092 2716 erga
2116 2659 2175 2709 se
2195 2644 2341 2700 aliud
2361 2660 2521 2715 quam
2545 2645 2793 2700 tenebras
2813 2646 3178 2717 angustiarum
3205 2654 3261 2700 et
3280 2655 3444 2701 cestus

1865 2733 2040 2790 cernit
2071 2736 2304 2790 hostium
2333 2734 2755 2805 conﬂigentium.
2798 2734 2931 2790 Cum
2965 2751 3093 2791 vero
3125 2744 3357 2791 mentem
3378 2737 3445 2790 ad

1864 2826 2083 2897 superni
2109 2826 2286 2882 lumen
2311 2825 2568 2896 praesidii,
2599 2837 2654 2882 et
2674 2836 2943 2897 perpetua:
2967 2829 3104 2882 dona
3146 2829 3444 2884 retributio-

1866 2919 1954 2977 nis
1977 2916 2236 2982 erexerit,
2251 2918 2402 2987 quasi
2435 2917 2574 2971 inter
2599 2918 2815 2972 umbras
2842 2918 3016 2973 noctis
3039 2930 3256 2990 repente
3283 2935 3444 2976 exor-

1866 3017 1978 3063 tum
2003 3006 2211 3062 luciferi
2239 3005 2523 3075 conspicit,
2552 3006 2642 3075 qui
2689 3007 2828 3062 diem
2858 3007 3163 3075 proximum
3213 3009 3444 3065 nuntiat.

193 3113 439 3167 vocatus,
460 3111 523 3158 et
551 3101 710 3172 iudex
739 3112 817 3157 est
846 3120 859 3156 :
905 3103 956 3157 in
980 3101 1148 3157 altero
1188 3102 1399 3172 pietatis
1423 3101 1674 3171 ofﬁcium,
1711 3105 1763 3158 in
1797 3092 1841 3154 C
1875 3096 2088 3153 Lucifer
2111 3110 2342 3165 namque
2372 3110 2495 3148 cum
2525 3094 2815 3164 plurimum
2841 3104 2950 3151 tres
2969 3096 3132 3152 horas
3161 3101 3355 3164 nectis,
3393 3101 3446 3154 id

190 3194 370 3249 altero
394 3193 602 3263 insigne
627 3202 711 3248 est
739 3192 1039 3262 potestatis.
1469 3251 1472 3254 ,

251 3283 406 3356 [ιγ]
448 3282 660 3354 Vespere
695 3292 866 3336 autem
905 3282 1043 3351 facto
1069 3283 1210 3338 solus
1238 3291 1349 3336 erat
1379 3282 1479 3346 ibi;
1525 3282 1764 3337 navicula

190 3382 369 3426 autem
409 3371 660 3425 inmedio
688 3371 821 3424 mari
841 3369 1142 3442 jactabatur
1179 3371 1461 3439 ﬂuctibus;
1492 3381 1599 3424 erat
1629 3372 1766 3425 enim

193 3473 374 3518 uentus
402 3463 713 3516 contrarius.
747 3457 1012 3532 (Hier-on.)
1042 3461 1203 3516 Recte
1241 3463 1391 3532 quasi
1421 3463 1572 3517 inviti
1600 3472 1654 3517 et
1683 3479 1767 3517 re-

195 3561 492 3607 tractantes
530 3553 752 3622 apostoli
801 3567 832 3605 a
867 3553 1087 3632 Domino
1131 3561 1508 3620 recesserant,
1552 3540 1765 3615 tte-illo

129 3677 135 3681 -
195 3647 422 3700 absente
452 3643 784 3715 naufragium
811 3643 1153 3699 sustinerent.
1183 3643 1421 3714 Denique
1443 3645 1676 3701 Domino
1712 3648 1763 3699 in

196 3736 399 3792 montis
426 3737 704 3791 cacumine
730 3744 1112 3800 commorante,
1139 3735 1318 3790 statim
1340 3744 1532 3792 ventus
1553 3745 1767 3792 contra-

198 3826 317 3881 rius
352 3826 544 3892 oritur,
573 3833 625 3880 et
671 3826 917 3880 turbatur
946 3840 1116 3891 mare,
1147 3833 1203 3881 et
1246 3826 1614 3896 periclitantur
1639 3841 1766 3896 apo-

197 3915 348 3980 stoli,
378 3924 434 3969 et
474 3922 583 3969 tam
629 3911 718 3970 diu
761 3916 1045 3972 imminens
1072 3912 1407 3990 naufragium
1434 3929 1764 3988 perseverat,

195 4019 364 4075 quam
395 4003 484 4059 diu
503 4002 658 4059 Iesus
680 4019 784 4059 non
812 4005 972 4060 venit.
1009 4005 1187 4078 (Aug.)
1243 4005 1417 4061 Labor
1443 4008 1660 4076 quidem
1694 4010 1770 4064 di-

199 4094 530 4168 scipulorum
571 4095 625 4149 in
655 4097 987 4166 remigando,
1016 4106 1070 4151 et
1113 4098 1413 4153 contrarius
1441 4100 1519 4153 eis
1554 4109 1763 4164 ventus,

200 4184 423 4238 labores
443 4184 693 4240 Ecclesia:
721 4194 916 4241 sancta:
945 4188 1122 4242 varios
1156 4188 1419 4259 designat,
1458 4203 1576 4257 qua:
1629 4190 1768 4244 inter

200 4274 378 4328 undas
422 4274 601 4330 saiculi
651 4276 1029 4341 adversantes,
1074 4285 1126 4331 et
1179 4278 1572 4332 immundorum
1613 4278 1769 4333 ﬂatus

200 4363 489 4432 spirituum
516 4364 582 4419 ad
606 4364 836 4433 quietem
864 4366 1050 4435 patrue
1070 4366 1489 4436 coelestis,quasi
1519 4368 1585 4422 ad
1608 4367 1767 4423 fidam

183 4446 402 4509 ’litteris
434 4425 722 4508 station-em
749 4425 1028 4523 pervenire
1061 4464 1300 4510 conatur.
1331 4425 1430 4512 [ibi
1463 4456 1597 4512 bene
1633 4457 1768 4511 dici-
1797 4425 1847 4482 Β

205 4551 318 4605 tur,
351 4542 474 4611 quia
501 4543 642 4596 navis
673 4553 784 4597 erat
835 4544 887 4597 in
918 4544 1085 4597 medio
1114 4545 1268 4608 mari,
1300 4554 1347 4597 et
1392 4545 1499 4614 ipse
1527 4544 1667 4598 solus
1718 4548 1770 4598 in

201 4643 346 4688 terra
369 4646 388 4682 :
417 4632 540 4701 quia
570 4648 950 4702 nonnunquam
1005 4633 1239 4687 Ecclesia
1283 4635 1444 4689 tantis
1495 4629 1769 4705 gentilium

201 4724 477 4794 pressaris
501 4739 605 4778 non
646 4724 815 4778 solum
844 4722 1068 4788 amicta,
1120 4728 1212 4779 sed
1239 4735 1292 4778 et
1337 4725 1533 4780 foedata
1578 4734 1680 4789 est,
1714 4735 1772 4779 ut

202 4816 252 4870 si
285 4813 401 4868 ﬁeri
438 4823 617 4883 posset
638 4814 960 4884 Redemptor
1000 4816 1164 4885 ipsius
1199 4829 1318 4870 eam
1353 4831 1572 4886 prorsus
1617 4817 1771 4870 dese-

203 4903 384 4958 ruisse
415 4903 482 4956 ad
519 4913 726 4973 tempus
753 4903 1039 4958 videretur.
1089 4905 1235 4960 Unde
1261 4913 1344 4961 est
1385 4905 1470 4958 illa
1506 4922 1608 4960 vox
1659 4905 1774 4974 ejus

203 4994 352 5048 inter
399 4994 566 5047 undas
620 4993 986 5063 pr‘ocellasque
1041 4995 1389 5049 tentationum
1445 4995 1770 5050 verrentium

206 5081 578 5152 deprehensae,
618 5091 780 5153 atque
827 5083 1081 5138 auxilium
1121 5087 1463 5154 protectionis
1497 5085 1635 5140 illius
1677 5102 1769 5156 ge-

206 5171 480 5227 mebundo
508 5172 743 5227 clamore
790 5175 1111 5242 quierentis:
1155 5174 1221 5229 Ut
1249 5177 1391 5247 quid,
1419 5177 1654 5243 Domine,
1694 5195 1772 5232 re-

206 5259 410 5314 cessisti
437 5259 584 5329 longe
610 5261 635 5315 ?
661 5261 878 5330 despicis
919 5264 973 5316 in
1000 5265 1489 5330 importunitatibus,
1521 5265 1574 5318 in
1611 5267 1774 5319 tribu-

207 5353 406 5407 latione
433 5353 602 5426 (Psal.
642 5354 751 5428 ix)?
773 5357 902 5422 Qua:
933 5358 1132 5425 pariter
1163 5372 1345 5423 vocem
1369 5358 1566 5412 inimici
1597 5375 1776 5428 perse-

208 5443 427 5514 quentis
446 5446 663 5515 exponit
704 5445 756 5499 in
801 5447 1146 5515 sequentibus
1173 5447 1392 5517 psalmis
1440 5448 1770 5518 subjiciens:

209 5532 361 5589 Dixit
407 5535 542 5588 enim
582 5537 636 5589 in
666 5536 817 5590 corde
855 5550 992 5590 suo:
1020 5536 1222 5590 Oblitus
1258 5547 1332 5591 est
1372 5537 1543 5602 Deus,
1584 5541 1767 5592 avertit

209 5623 404 5698 {etiam
425 5642 598 5694 suam,
627 5644 688 5681 ne
730 5629 895 5682 videat
946 5644 1103 5698 usque
1144 5629 1196 5681 in
1240 5629 1414 5697 ﬁnem.
1463 5630 1658 5686 Verum
1691 5631 1776 5688 ille

651 5719 914 5780 Parma.
949 5720 1132 5783 CVII.

1862 3198 1965 3250 est,
1998 3193 2164 3243 totam
2213 3185 2451 3256 vigiliam
2503 3186 2822 3240 matutinam
2862 3186 3167 3242 illuminare
3193 3191 3435 3259 perhibe-

1866 3287 1983 3342 tur;
2028 3276 2306 3346 aderitque
2361 3274 2616 3331 Dominus
2663 3276 2752 3345 qui
2780 3317 2794 3341 ,
2842 3277 3030 3346 sopitis
3082 3269 3444 3336 tentationum

1865 3371 2132 3440 periculis,
2162 3369 2374 3440 plenam
2401 3370 2640 3425 liberatis
2662 3369 2918 3426 ﬁduciam
2954 3387 3065 3428 suae
3088 3375 3444 3442 protectionis

1867 3460 2142 3514 attribuat.
2172 3459 2425 3530 Sequitur
2467 3477 2480 3513 :

1940 3553 2002 3606 Et
2030 3553 2256 3607 ridentes
2304 3570 2422 3607 eum
2452 3570 2610 3624 supra
2646 3570 2789 3608 mare
2842 3554 3195 3611 ambulantem
3246 3555 3444 3610 turbati

1866 3652 2020 3708 sunt,
2075 3638 2338 3710 dicentes,
2396 3645 2520 3713 quia
2568 3643 2894 3712 phantasma,
2929 3653 3024 3697 est.
3073 3643 3340 3716 (Ηὶενοη.)
3385 3643 3445 3699 Si

1859 3734 2013 3803 juxta
2067 3735 2394 3790 Marcionem
2440 3745 2493 3790 et
2546 3733 2899 3789 Manichzeum
2948 3734 3206 3790 Dominus
3263 3745 3447 3791 noster

1867 3839 1973 3880 non
2000 3833 2084 3879 est
2113 3837 2270 3880 natus
2299 3838 2364 3878 ex
2400 3824 2625 3894 virgine,
2657 3823 2750 3878 sed
2779 3823 2925 3878 visus
2958 3821 3015 3878 in
3041 3825 3443 3894 phantasmate,

1868 3917 2137 3985 quomodo
2168 3931 2306 3970 nunc
2337 3914 2562 3984 apostoli
2616 3916 2825 3979 timent,
2885 3929 2953 3968 ne
3015 3915 3336 3984 phantasma
3371 3915 3446 3968 vi-

1869 4007 2049 4060 deant.
2081 4005 2261 4076 (Βη.)
2288 4005 2474 4060 Adhuc
2487 4005 2724 4060 haeretici
2742 4015 2928 4076 putant
2945 4008 3263 4078 phantasma
3285 4007 3449 4063 fuisse

1873 4094 2170 4151 Dominum.
2208 4108 2305 4147 nec
2347 4109 2528 4148 veram
2575 4096 2932 4165 assumpsisse
2984 4111 3205 4152 carnem
3240 4098 3304 4152 de
3341 4099 3449 4152 vir—

1869 4184 2008 4255 gine.
2071 4184 2309 4252 Denique
2355 4183 2668 4239 Theodorus
2723 4184 3118 4243 Pharanitanus
3177 4189 3449 4256 quondam

1870 4276 2151 4346 episcopus
2186 4275 2258 4328 ita
2285 4276 2521 4345 scripsit,
2537 4277 2815 4346 corporale
2836 4278 3044 4348 pondus
3066 4293 3172 4333 non
3200 4280 3451 4334 habuisse

1873 4367 2164 4420 secundum
2195 4380 2412 4419 carnem
2447 4365 2751 4430 Dominum,
2783 4366 2876 4420 sed
2905 4368 3107 4437 absque
3131 4370 3366 4438 pondere
3396 4377 3452 4424 et

1873 4473 2100 4527 corpore
2132 4474 2293 4527 super
2324 4446 2489 4511 mare.
2518 4457 2912 4514 deambulasse.
2965 4460 3034 4512 At
3076 4467 3261 4513 contra
3317 4458 3451 4514 fides

1873 4547 2134 4601 catholica
2161 4556 2212 4600 et
2261 4561 2453 4614 corpus
2498 4545 2788 4601 secundum
2829 4562 3044 4601 carnem
3071 4547 3296 4604 habere
3326 4562 3448 4601 eum

1872 4636 2144 4706 przedicat,
2182 4646 2236 4689 et
2264 4651 2400 4689 OIIIIS
2427 4651 2765 4704 corporeum,
2798 4646 2852 4692 et
2876 4652 2998 4692 cum
3026 4639 3260 4708 pondere
3289 4647 3452 4708 atque

1873 4738 2036 4778 onere
2061 4723 2343 4792 corporali
2369 4723 2617 4778 incedere
2669 4741 2829 4794 super
2862 4742 3062 4796 aquas,
3108 4741 3212 4780 non
3260 4720 3451 4782 infusis

1874 4812 2116 4881 pedibus.
2153 4811 2282 4864 Nam
2313 4813 2630 4882 Dionysius,
2662 4814 2909 4885 egregius
2941 4816 3080 4868 inter
3127 4816 3452 4871 ecclesiam-

1879 4917 1972 4956 cos
1993 4903 2334 4971 scriptores,
2383 4904 2432 4956 in
2469 4905 2741 4973 opusculis
2787 4905 2851 4960 de
2894 4905 3088 4960 divinis
3135 4904 3450 4964 Nominibus

1881 4993 1983 5046 hoc
2012 4993 2168 5046 modo
2202 4993 2438 5061 loquitur
2462 5009 2474 5045 :
2508 4993 2814 5063 lgnoramus
2832 4993 2976 5047 enim
2997 4990 3226 5070 qualiter
3258 4997 3323 5051 de
3348 4999 3452 5051 vir-

1879 5084 2053 5155 gineis
2090 5083 2439 5154 sanguiuibus
2476 5084 2577 5136 alia
2613 5085 2724 5154 lege
2770 5093 2966 5153 praeter
3011 5088 3303 5142 naturalem
3337 5088 3450 5142 for-

1879 5175 2149 5238 mabatur,
2177 5183 2230 5229 et
2260 5173 2488 5245 qualiter
2517 5187 2620 5228 non
2671 5173 2860 5229 iufusns
2886 5176 3132 5245 pedibus
3173 5179 3450 5248 corporale

1879 5265 2087 5333 pondus
2118 5264 2438 5332 habentibus
2469 5271 2523 5317 et
2571 5265 2845 5319 materiale
2889 5283 3042 5330 onus,
3074 5266 3450 5322 deambulabat

1879 5355 1931 5407 in
1981 5354 2254 5408 humidam
2281 5363 2336 5407 et
2364 5353 2668 5408 instabilem
2719 5355 3090 5411 substantiam.
3129 5354 3448 5412 Intuendum

1878 5445 2142 5514 estigitur
2172 5445 2437 5512 quomodo
2487 5445 2698 5502 Marcus
2743 5448 2885 5502 dicat
2930 5449 3072 5517 quod
3120 5448 3264 5503 circa
3293 5464 3450 5518 quar-

1877 5533 1987 5591 tam
2020 5538 2255 5608 vigiliam
2306 5539 2481 5593 noctis
2532 5542 2739 5595 veniret
2768 5541 2833 5593 ad
2860 5540 3241 5596 eos‘Dominus
3263 5541 3449 5598 ambu-

1879 5629 1995 5685 lans
2022 5630 2373 5700 supermare,
2405 5639 2457 5686 et
2501 5631 2660 5696 vellet
2701 5630 2977 5702 praeterire
3014 5627 3127 5688 eos.
3171 5631 3449 5699 Quomodo

2918 5724 2986 5785 3i
