3938 6322
563 251 659 305 971

558 373 686 414 vero
719 356 927 411 volebat
958 357 1215 410 Dominus
1260 370 1352 410 eos
1394 356 1672 425 praeterire
1714 366 1978 422 .tanquam
2005 354 2128 407 alie—
2159 348 2204 416 Α

559 466 676 515 nos,
715 447 781 503 ad
812 462 947 517 quos
974 447 1039 502 de
1088 447 1325 516 periculo
1376 446 1640 516 naufragii
1695 442 1996 500 liberandos
2027 446 2120 498 ad—

552 531 798 604 venerat,
827 539 927 594 nisi
974 547 1033 592 ut
1070 540 1135 593 ad
1185 541 1368 592 horam
1409 538 1603 591 turbati
1635 545 1689 590 et
1727 543 2001 605 paventes,
2033 536 2127 592 sed

559 633 811 689 continuo
841 631 1051 686 liberati
1075 631 1300 699 amplius
1338 618 1626 696 ereptionis
1672 643 1782 682 sua:
1811 628 2125 683 miraculum

558 731 855 794 stuperent,
884 737 946 777 ac
970 722 1199 791 majores
1225 719 1458 788 ereptori
1487 734 1584 773 suo
1609 718 1809 788 gratias
1833 716 2128 772 referrent?

552 818 692 885 Quia
722 826 777 872 et
818 817 872 870 in
907 812 1315 887 tempestatibus
1352 812 1684 881 passionum,
1726 825 1843 879 quae
1868 824 1965 879 pro
1994 823 2125 864 con-

558 910 755 965 stantia
784 908 903 963 ﬂdei
935 923 963 961 a
1001 904 1217 975 perﬁdis
1241 905 1579 975 ingeruntur,
1598 901 1720 957 talis
1746 915 2124 968 nonnunquam

557 1001 792 1072 provisio
816 998 1073 1053 divinitus
1100 996 1431 1059 ostenditur;
1489 1009 1628 1065 saepe
1671 994 1813 1049 enim
1845 982 1919 1048 ita
1946 990 2128 1045 ﬁdeles

559 1094 610 1145 in
640 1088 983 1144 tribulatione
1010 1087 1210 1156 positos
1238 1100 1466 1155 superna
1490 1085 1662 1153 pietas
1682 1082 1982 1137 deseruisse
2013 1081 2127 1134 visa

556 1190 659 1245 est,
690 1188 748 1234 ut
776 1179 930 1249 quasi
963 1177 1265 1231 laborantes
1295 1174 1347 1228 in
1371 1174 1505 1227 mari
1536 1172 1827 1241 discipulos
1850 1170 2129 1240 przeterire

557 1270 713 1324 .lcsus
727 1268 961 1323 voluisse
988 1272 1283 1335 putaretur.
1305 1262 1457 1317 Unde
1472 1269 1555 1315 est
1577 1260 1706 1315 illud
1720 1258 1973 1314 Ecclesia:
1996 1273 2128 1311 mar-

560 1361 681 1431 tyrii
723 1356 1016 1415 certamina
1070 1353 1425 1409 desudantis:
1477 1350 1651 1417 Quare
1692 1367 1774 1405 me
1817 1349 2005 1403 oblitus
2054 1363 2127 1411 es,

504 1484 507 1487 η
559 1466 721 1519 quare
741 1464 819 1502 me
843 1444 1119 1519 repulisti?
1147 1452 1195 1498 et
1215 1460 1376 1514 quare
1403 1443 1565 1497 tristis
1592 1442 1771 1497 incedo
1794 1440 1917 1495 dum
1952 1437 2131 1509 aﬂligit

561 1538 647 1594 suc
667 1537 929 1601 inimicus,
958 1535 1082 1588 dum
1105 1533 1507 1606 confringantur
1534 1531 1707 1583 omnia
1735 1545 1850 1582 ossa
1867 1543 1998 1589 mea,
2022 1533 2126 1579 etc.

560 1626 732 1699 (Psal.
756 1626 907 1698 xui).
927 1627 1033 1681 Sed
1056 1626 1236 1680 dicant
1265 1622 1469 1678 inimici
1488 1618 1875 1684 terrentes,ubi
1896 1625 1969 1671 est
1989 1615 2127 1669 Deus

554 1697 780 1775 eorum?
803 1718 953 1789 quasi
981 1714 1320 1789 naufragium
1341 1712 1500 1768 fessis
1537 1710 1850 1772 minitantes
1866 1705 2132 1776 apostolis
2162 1697 2206 1756 Β

561 1810 691 1865 dicit
722 1809 835 1878 ipse
862 1807 1001 1862 Deus
1040 1820 1265 1860 eorum:
1313 1800 1443 1857 Cum
1488 1801 1759 1855 transieris
1812 1814 1903 1868 per
1939 1812 2130 1867 aquas,

560 1910 729 1953 tecum
755 1914 866 1962 ero,
898 1906 945 1951 et
985 1895 1205 1965 ﬂumina
1244 1896 1342 1947 non
1372 1892 1602 1963 operient
1632 1898 1699 1945 te.
1733 1888 1864 1943 Cum
1894 1884 2135 1941 ambula-

564 1990 694 2043 veris
713 1990 767 2042 in
792 1989 904 2059 igne
926 2003 1028 2040 non
1071 1984 1407 2049 combureris,
1428 1991 1475 2036 et
1500 1984 1712 2051 ﬂamma
1735 1995 1837 2034 non
1860 1976 2059 2032 ardebit
2084 1977 2136 2031 in

524 2068 527 2072 ’
563 2090 611 2133 te
644 2079 777 2150 (lsa.
811 2078 987 2150 xuii).
1021 2074 1173 2143 Quod
1209 2080 1387 2128 autem
1417 2071 1661 2141 sequitur
1692 2087 1706 2122 :
2125 2082 2130 2089 ’

639 2194 705 2248 Et
755 2211 864 2265 pne
915 2193 1097 2247 timore
1148 2188 1518 2245 clamauerunt.
1561 2184 1827 2258 (Hieron.)
1872 2182 2139 2240 Confusus
2194 2228 2203 2235 .

566 2285 790 2350 clamor,
821 2292 876 2339 et
901 2284 1106 2337 incerta
1130 2295 1229 2335 vox
1277 2276 1455 2348 magni
1488 2276 1696 2330 timoris
1740 2274 1994 2328 indicium
2033 2279 2134 2327 est.

566 2372 824 2447 (ΜΑυιι.)
875 2371 979 2427 Sed
1022 2385 1207 2426 verum
1260 2376 1344 2423 est
1382 2366 1684 2447 Psalmistm
1730 2363 2132 2419 testimonium:

563 2445 701 2533 Quia
727 2480 883 2535 prope
909 2472 983 2517 est
1011 2462 1266 2517 Dominus
1315 2445 1614 2513 timentibus
1652 2472 1706 2509 se
1725 2494 1739 2519 ,
1789 2462 1836 2509 et
1862 2471 1964 2509 non
1994 2454 2139 2511 dere-

565 2556 750 2628 linquit
778 2569 952 2608 omnes
980 2553 1069 2622 qui
1091 2559 1299 2621 sperant
1324 2550 1378 2602 in
1405 2564 1462 2602 eo
1484 2536 1653 2619 (Psal.
1679 2543 1876 2617 cxuv).
1908 2540 2063 2601 Unde
2086 2554 2141 2599 ct

539 2683 552 2696 .
565 2645 810 2699 subditur
833 2657 847 2696 :

636 2753 924 2823 Statimque
953 2751 1105 2806 Jesus
1135 2750 1337 2805 locutus
1383 2758 1456 2802 est
1496 2747 1567 2801 eis
1607 2746 1782 2800 dicens
1809 2760 1827 2796 :
1855 2743 2051 2798 Habeto
2080 2742 2142 2813 [i-

564 2846 793 2907 duciam,
826 2858 917 2913 ego
954 2857 1094 2907 sum,
1137 2830 1293 2894 nolite
1324 2839 1522 2891 timere.
1556 2834 1823 2907 (Hierom)
1855 2832 2008 2900 Quod
2032 2826 2141 2905 pri-

569 2952 715 2991 mum
754 2933 1072 2989 versabatur
1109 2933 1161 2986 in
1216 2943 1403 2993 causa,
1433 2928 1535 2982 hoc
1562 2933 1717 2981 curat
1745 2931 1800 2979 et
1828 2923 2139 2995 timentibus

568 3025 841 3097 praicipit,
876 3023 1062 3078 dicens
1095 3040 1106 3074 :
1148 3018 1345 3073 Habete
1379 3003 1652 3086 ﬁduciam,
1677 3012 1834 3068 nolite
1860 3012 2054 3067 timere.
2074 3011 2140 3066 Et
2167 3033 2211 3094 ο

567 3117 708 3187 quod
738 3114 1009 3185 sequitur:
1043 3111 1155 3183 Ego
1176 3126 1310 3174 sum,
1338 3121 1438 3161 nec
1464 3104 1737 3175 subjungit
1769 3103 1890 3172 quis
1918 3102 2024 3158 sit:
2050 3100 2135 3154 vel

564 3222 634 3260 ex
678 3218 810 3261 voce
846 3211 971 3257 nota
1004 3204 1251 3271 poterant
1292 3190 1416 3258 eum
1450 3192 1771 3263 intelligere,
1798 3191 1889 3261 qui
1917 3205 2014 3261 per
2040 3189 2137 3244 ob-

567 3312 754 3353 scuras
780 3294 952 3350 noctis
978 3289 1227 3347 tenebras
1260 3287 1581 3357 loquebatur
1605 3325 1622 3350 ,
1669 3282 1752 3339 vel
1796 3283 1971 3352 ipsum
2018 3294 2137 3336 esse

569 3390 707 3445 scire
728 3392 993 3459 poterant,
1018 3397 1179 3453 quem
1214 3381 1453 3435 locutum
1482 3378 1547 3432 ad
1572 3375 1809 3447 Moysen)
1834 3381 2096 3430 noverant
2120 3390 2132 3427 :

570 3481 699 3536 Hazc
750 3478 887 3532 dices
937 3475 1062 3545 ﬁliis
1102 3471 1307 3527 Israel:
1338 3470 1441 3537 Qui
1483 3477 1557 3525 est
1595 3460 1733 3522 misit
1792 3482 1874 3520 me
1928 3466 1997 3518 ad
2050 3466 2166 3518 uos”

568 3570 768 3642 (Exod.
801 3567 912 3639 tu).
1008 3579 1017 3585 ‘

637 3682 967 3754 Respondeas
993 3682 1165 3734 autem
1198 3677 1383 3732 Petrus
1421 3676 1552 3730 dixit
1577 3676 1663 3729 ei:
1696 3674 1947 3739 Domine,
1992 3673 2036 3726 si
2080 3681 2136 3725 tu

567 3791 644 3839 es,
662 3773 790 3844 jube
822 3787 903 3826 me
946 3770 1115 3825 venire
1159 3768 1228 3822 ad
1258 3777 1306 3821 te
1349 3781 1503 3836 super
1535 3780 1719 3836 aquas.
1766 3761 1836 3815 Et
1866 3763 1976 3833 ipse
2019 3762 2136 3815 ait:

582 3868 726 3923 Veni.
758 3867 815 3922 In
852 3864 1103 3920 omnibus
1134 3861 1268 3915 locis
1305 3857 1693 3914 ardentissima:
1721 3853 1842 3909 ﬁdei
1870 3850 2139 3907 invenitur

570 3960 778 4015 Petrus.
812 3952 1155 4023 lnterrogatis
1203 3947 1477 4019 discipulis
1516 3961 1691 4017 quem
1706 3945 1952 4001 homines
1995 3942 2138 3998 dicc-

518 4070 529 4082 ι
570 4059 692 4105 rent
719 4046 931 4110 Jesum,
989 4044 1081 4098 Dei
1130 4040 1326 4096 Filium
1376 4037 1682 4095 conﬁtetur.
1746 4036 2024 4092 Volentem
2072 4035 2139 4089 ad

556 4141 874 4210 passionem
925 4147 1148 4204 pergere
1174 4130 1422 4199 prohibet
1467 4147 1479 4181 :
1518 4136 1573 4182 et
1613 4127 1741 4182 licet
1792 4132 1938 4181 erret
1968 4125 2021 4179 in
2051 4140 2130 4190 re,

572 4240 750 4283 tamen
782 4239 885 4279 non
910 4230 1056 4277 errat
1084 4221 1137 4275 in
1176 4218 1390 4284 affectu,
1419 4217 1605 4272 nolens
1629 4231 1752 4272 eum
1780 4217 1941 4281 mori,
1976 4229 2137 4285 quem

556 4317 763 4371 Filium
794 4314 889 4368 Dei
910 4309 1088 4366 fuerat
1113 4307 1272 4378 paulo
1317 4311 1441 4361 ante
1469 4303 1768 4359 confessus.
1802 4303 1861 4358 In
1902 4310 2137 4358 montem

571 4420 692 4459 cum
717 4401 995 4456 Salvatore
1030 4398 1171 4451 inter
1203 4395 1405 4464 primos
1444 4391 1706 4456 ascendit,
1734 4400 1788 4446 et
1812 4390 1865 4444 in
1890 4390 2137 4461 passione
2165 4385 2215 4443 D

572 4493 718 4548 solus
745 4480 1004 4558 sequitur.
1024 4486 1318 4541 Peccatum
1341 4481 1663 4553 negationis,
1693 4480 1835 4550 quod
1861 4494 1923 4535 ex
1948 4493 2139 4548 repen-

572 4583 684 4637 tino
715 4581 908 4634 timore
947 4575 1330 4639 descenderat,
1381 4571 1735 4626 amarissimis
1765 4571 1945 4626 statim
1973 4570 2143 4625 abluit

569 4670 841 4742 lacrymis.
874 4667 1002 4721 Post
1030 4665 1333 4734 passionem
1384 4677 1507 4717 cum
1549 4672 1693 4715 esset
1738 4662 1789 4715 in
1821 4660 1939 4715 lacu
1969 4659 2167 4715 Gene-‘

572 4762 772 4825 sarcth,
805 4766 860 4813 et
886 4756 1239 4827 piscarentur,
1266 4761 1318 4806 et
1347 4751 1605 4806 Dominus
1646 4758 1813 4805 staret
1858 4749 1911 4803 in
1939 4749 2137 4814 littore,

571 4850 691 4903 aliis
735 4846 991 4917 paulatim
1017 4832 1391 4912 navigantibus
1409 4880 1423 4905 ,
1458 4840 1545 4894 ille
1576 4856 1682 4895 non
1711 4840 1909 4909 patitur
1936 4854 2132 4903 moras,

573 4940 666 4994 sed
695 4938 967 5006 accinctus
991 4928 1251 5005 ependyte
1299 4947 1395 4989 suo
1440 4932 1619 4987 statim
1666 4930 2030 5001 praecipitatur
2082 4932 2133 4986 in

572 5032 781 5087 fluctus.
812 5027 1013 5082 Eodem
1040 5026 1200 5094 igitur
1225 5023 1347 5079 ﬁdei
1383 5024 1574 5078 ardore
1600 5036 1705 5093 quo
1735 5034 1965 5092 semper,
1994 5037 2135 5076 nunc

568 5136 783 5193 quoque
818 5117 1030 5176 cmteris
1059 5117 1355 5171 tacentibus
1403 5115 1629 5171 credidit
1673 5129 1731 5169 se
1768 5128 1921 5182 posse
1960 5112 2136 5168 facere

570 5224 667 5282 per
698 5209 1023 5265 voluntatem
1066 5206 1325 5276 magistri,
1360 5204 1503 5275 quod
1535 5220 1638 5258 non
1669 5212 1881 5273 poterat
1904 5219 1999 5274 per
2036 5219 2132 5257 na-

560 5316 767 5360 turam.
794 5297 927 5353 .lube
954 5314 1056 5363 me,
1083 5295 1276 5364 inquit,
1304 5297 1472 5349 venire
1508 5296 1576 5349 ad
1599 5305 1646 5350 te
1667 5296 1822 5365 super
1848 5312 2029 5365 aquas.
2054 5295 2132 5348 Tn

577 5389 821 5457 praecipe,
848 5394 902 5442 et
922 5386 1062 5441 illico
1086 5382 1458 5439 solidahuntur
1486 5384 1657 5448 undae,
1680 5399 1743 5438 ac
1765 5383 1879 5438 leve
1909 5382 1997 5438 ﬁet
2017 5398 2136 5437 cor-

572 5492 670 5548 pus
696 5475 837 5546 quod
866 5488 962 5543 per
984 5487 1041 5528 se
1063 5486 1225 5543 grave
1258 5477 1363 5526 est.

628 5586 707 5640 Et
731 5584 1037 5640 descendens
1069 5580 1254 5639 Petrus
1292 5582 1357 5637 de
1386 5578 1625 5635 navicula
1652 5581 1948 5637 ambulabat
1984 5599 2137 5651 super

1200 248 1258 301 B.
1300 248 1557 302 ‘RABANl
1596 247 1813 305 MAUM
1852 247 2162 303 ARCIIIEP.
2206 248 2510 304 MOGUNT.
2554 205 2833 304 OPEliUM
2871 222 3047 303 PARS
3086 248 3123 302 Ι.

3714 254 3804 308 972

2231 373 2414 426 aquas,
2443 367 2496 411 ut
2539 359 2725 412 veniret
2765 359 2833 411 ad
2852 358 3052 414 Iesum.
3094 360 3194 427 Qui
3223 370 3417 431 putant
3441 362 3661 419 Domini
3688 380 3803 421 eor-

2225 463 2324 516 pus
2351 448 2469 501 ideo
2499 462 2603 502 non
2647 463 2766 504 esse
2794 465 3000 515 verum,
3030 452 3157 518 quia
3201 467 3363 521 super
3409 453 3601 509 molles
3646 469 3805 526 aquas

2225 539 2382 593 molle
2398 548 2678 595 etaereum
2698 541 2993 606 incesserit,
3018 543 3372 613 respondeant
3392 546 3669 616 quomodo
3698 563 3806 601 am-

2225 622 2490 684 bulaverit
2530 630 2733 696 Petrus,
2760 645 2917 700 quem
2949 632 3132 701 utique
3169 647 3356 688 verum
3390 635 3678 691 hominem
3708 653 3807 692 nou

2227 720 2514 786 negabunt.

2311 806 2493 862 Videas
2524 825 2637 863 vero
2679 817 2880 864 ventum
2910 811 3139 867 validum
3164 813 3356 866 timuit.
3388 813 3455 868 Et
3483 832 3606 868 cum
3636 832 3805 885 carpis-

2226 907 2300 951 set
2330 900 2510 969 mergi,
2534 899 2771 953 clamavit
2802 900 2977 955 dicens
3002 918 3019 955 :
3046 901 3300 967 Domine,
3345 906 3546 957 saluum
3575 923 3665 959 me
3707 906 3805 975 fee.

2227 988 2461 1042 Ardebat
2488 988 2649 1042 animi
2681 988 2831 1053 ﬁdes,
2863 993 2955 1044 sed
3006 992 3236 1045 humana
3289 991 3551 1061 fragilitas
3598 994 3659 1047 in
3694 1010 3806 1064 pro-

2234 1075 2459 1130 fundum
2489 1079 2754 1135 trahebat.
2783 1078 3060 1134 Paululum
3104 1095 3232 1152 ergo
3268 1083 3588 1153 relinquitur
3637 1092 3808 1139 tenta-

2230 1162 2381 1230 doni,
2410 1175 2471 1220 ut
2499 1177 2759 1237 augeatur
2784 1168 2933 1234 ﬁdes,
2961 1179 3013 1224 et
3046 1170 3307 1241 intelligat
3335 1187 3394 1227 se
3415 1187 3521 1227 non
3546 1171 3809 1229 facilitate

2228 1256 2617 1326 postulationis,
2646 1259 2739 1313 sed
2768 1259 3000 1328 potentia
3020 1259 3232 1331 Domini
3261 1270 3669 1315 conservatum.

2301 1345 2368 1399 Et
2415 1350 2664 1402 continuo
2711 1349 2986 1403 extendens
3037 1365 3246 1403 manum
3287 1350 3626 1424 apprehendit
3674 1368 3804 1403 eam.

2232 1436 2456 1509 (Μλυιι.)
2488 1428 2600 1494 Nisi
2632 1452 2756 1509 ergo
2796 1439 3054 1493 Dominus
3085 1440 3415 1495 extendisset
3457 1455 3683 1503 manum
3719 1443 3805 1509 qui

2231 1528 2356 1602 alibi
2384 1537 2666 1598 negantem
2715 1530 2948 1599 respexit
2975 1530 3211 1596 Petrum,
3243 1530 3357 1600 ipse
3399 1529 3592 1585 Petrus
3642 1532 3807 1600 proti-

2231 1632 2335 1673 nus
2363 1624 2697 1687 mergeretu‘r
2740 1618 2796 1672 in
2844 1618 3190 1688 profundum,
3219 1634 3317 1675 nec
3341 1620 3507 1674 etiam
3558 1620 3808 1674 evaderet

2235 1705 2524 1761 infernum.
2576 1706 2833 1777 Respexit
2875 1708 3174 1777 Dominus,
3226 1714 3279 1765 et
3328 1711 3395 1765 ad
3434 1711 3805 1780 paenitentiam

2236 1797 2529 1863 convertit;
2563 1810 2779 1852 manum
2806 1796 3065 1865 extendit,
3092 1808 3148 1867 et
3180 1798 3569 1867 indulgentiam
3599 1800 3803 1864 tribuit,

2235 1898 2290 1945 et
2332 1889 2412 1945 sic
2454 1887 2681 1944 salutem
2732 1889 3024 1960 perfectam
3071 1888 3346 1960 discipulis
3390 1889 3616 1945 invenit.
3677 1888 3804 1954 Quia

2231 1978 2385 2050 juxta
2417 1977 2570 2034 Pauli
2597 1988 2781 2034 vocem
2806 1992 2909 2033 non
2938 1989 3011 2035 est
3062 1979 3300 2044 volentis,
3332 1994 3493 2050 neque
3520 1982 3805 2041 curremis,

2237 2070 2325 2125 sed
2356 2070 2649 2125 miserantis
2680 2069 2775 2124 Dei
2798 2068 2976 2141 (Rom.
3021 2068 3118 2141 ix).
3146 2067 3258 2122 Nec
3288 2068 3431 2121 enim
3483 2075 3674 2121 nostro
3706 2068 3806 2121 sal-

2237 2152 2484 2221 vabimu‘r
2517 2165 2733 2230 merito,
2757 2164 2851 2219 sed
2876 2162 3020 2218 illius
3046 2163 3205 2217 dono.

2310 2254 2379 2308 Et
2431 2254 2505 2308 au
2547 2253 2626 2307 illi
2661 2266 2679 2305 :
2722 2240 2943 2307 Norica:
2992 2252 3155 2320 ﬁdei,
3208 2260 3370 2321 quare
3420 2252 3714 2307 dubitasti!
3751 2252 3807 2308 Si

2238 2346 2478 2417 apostolo
2500 2345 2684 2412 Petro,
2710 2346 2776 2400 de
2792 2344 2953 2415 cujus
2987 2342 3091 2398 ﬁde
3114 2352 3167 2399 et
3193 2344 3387 2399 ardore
3414 2346 3613 2401 mentis
3650 2360 3804 2415 supra

2238 2438 2472 2494 diximus
2498 2478 2512 2503 ,
2555 2435 2646 2505 qui
2689 2434 3019 2491 cenﬁdenter
3062 2434 3331 2505 rogaverit
3352 2434 3689 2491 Salvatorem
3735 2438 3806 2491 di-

2239 2534 2383 2589 cens,
2417 2523 2656 2590 Domine,
2682 2523 2734 2603 ‘si
2762 2529 2816 2576 tu
2850 2528 2902 2579 es
2927 2564 2941 2590 ,
2976 2512 3105 2595 Iube
3127 2540 3209 2578 me
3238 2526 3406 2579 venire
3445 2526 3515 2578 ad
3564 2536 3614 2579 te
3660 2543 3809 2595 super

2239 2623 2424 2684 aquas,
2459 2612 2583 2682 quia
2624 2604 2895 2682 paululum
2940 2610 3143 2675 timuit,
3173 2606 3373 2667 dicitur
3397 2614 3470 2679 ei,
3496 2613 3722 2669 lodice
3740 2615 3804 2681 ﬁ-

2228 2704 2343 2768 dei,
2374 2708 2535 2775 quare
2580 2702 2867 2756 dubitasti?
2896 2698 3034 2770 Quid
3082 2701 3236 2779 nobis
3264 2702 3551 2758 dicendum
3586 2713 3691 2770 est,
3720 2706 3805 2775 qui

2234 2792 2400 2863 hujus
2430 2787 2799 2848 modicaeﬁdel
2836 2802 2937 2846 nec
2976 2792 3257 2845 minimam
3305 2793 3522 2861 quidem
3554 2794 3806 2851 habemus

2240 2882 2654 2953 portiunculam.
2694 2881 2917 2955 (Mum)
2949 2874 3169 2953 Mystice
3212 2890 3390 2937 autem
3437 2885 3581 2953 quod
3625 2884 3808 2941 Petrus

2243 2990 2272 3029 a
2300 2974 2527 3030 Domino
2567 2974 2751 3046 jussus
2799 2975 2983 3030 venire
3030 2974 3224 3030 ﬂuctus
3263 2978 3437 3031 maris
3474 2978 3679 3043 calcat,
3708 2993 3808 3048 quo

2243 3065 2421 3120 veniat
2449 3066 2516 3120 ad
2551 3062 2755 3132 Iesum,
2782 3064 3047 3136 signiﬁcat
3076 3066 3368 3121 EccleSiam
3399 3065 3557 3137 cujus
3587 3069 3701 3138 ipse
3728 3086 3811 3139 pa-

2238 3162 2352 3209 stor
2376 3162 2460 3216 est
2482 3153 2784 3208 tendentem
2806 3154 2871 3208 ad
2907 3154 3176 3209 ctelestem
3202 3155 3459 3224 patriam,
3489 3154 3683 3210 ﬂuctus
3711 3155 3776 3211 bu
3792 3187 3809 3197 -

2233 3242 2322 3313 jus
2344 3243 2522 3298 saeculi
2551 3243 2775 3314 vestigio
2812 3252 2971 3298 recta:
2997 3243 3120 3297 ﬁdei
3149 3252 3205 3298 et
3232 3244 3513 3314 gressibus
3547 3245 3807 3300 bonorum

2227 3334 2541 3403 superando
2580 3333 2807 3388 calcare.
2854 3332 2921 3388 Et
2956 3334 3097 3402 quod
3125 3332 3318 3389 Petrus
3347 3342 3671 3403 tempestate
3709 3343 3810 3390 ter-

2241 3424 2377 3479 ritus
2405 3423 2459 3477 in
2488 3421 2742 3479 fluctibus
2790 3423 2961 3499 mergi
3001 3422 3181 3491 coepit,
3211 3422 3540 3478 inﬁrmiores
3576 3431 3809 3494 Quosque

2240 3514 2294 3569 in
2320 3513 2552 3577 Ecclesia
2580 3523 2715 3583 quos
2753 3510 2993 3582 procella
3029 3513 3497 3582 persecutionum,
3528 3526 3626 3568 seu
3662 3513 3808 3568 turbo

2240 3597 2590 3659 tentatiohum
2622 3610 2787 3657 terret
2812 3643 2827 3668 ,
2877 3610 2932 3657 et
2985 3618 3015 3656 a
3043 3612 3230 3659 tenore
3259 3601 3404 3668 ﬁdei,
3436 3604 3553 3660 sive
3597 3619 3632 3659 a
3673 3613 3808 3660 statu

2240 3694 2499 3749 bonorum
2574 3701 2790 3747 actuum
2852 3690 3123 3762 paululum
3198 3689 3424 3746 reflectit
3464 3678 3498 3755 ,'
3535 3693 3805 3763 exprimit.

2240 3781 2385 3848 Quos
2416 3787 2592 3836 tamen
2620 3794 2688 3835 ne
2712 3778 2950 3835 funditus
2990 3780 3044 3834 in
3071 3778 3373 3850 perﬁdiam,
3422 3788 3480 3835 et
3504 3781 3561 3834 in
3612 3782 3810 3851 voragi—

2240 3885 2362 3926 nem
2388 3878 2726 3941 peceatorum
2758 3872 3087 3942 mergantur,
3120 3880 3369 3941 porrecta
3410 3873 3616 3929 “divina:
3639 3875 3811 3943 propi-

2240 3960 2476 4016 tiationis
2501 3960 2721 4016 dextera
2764 3961 3035 4027 extrahit;
3077 3970 3132 4015 et
3181 3961 3320 4016 sicut
3347 3960 3574 4017 Petrum
3603 3972 3807 4018 erutum

2240 4052 2307 4107 de
2328 4050 2504 4121 abyssi
2549 4049 2754 4121 pelago,
2782 4050 2855 4104 ita
2888 4050 3005 4107 illos
3034 4059 3248 4120 ereptos
3285 4051 3352 4106 de
3402 4059 3808 4120 persecuturum

2241 4139 2491 4197 seandalo
2513 4139 2565 4193 in
2591 4139 2745 4194 ﬁrmo
2772 4139 2967 4208 quietis
2998 4154 3241 4209 superna:
3258 4138 3373 4195 solo
3391 4140 3549 4209 juxta
3579 4154 3642 4194 se
3662 4139 3811 4195 collo-

2240 4231 2381 4286 cabit
2406 4249 2418 4283 :
2457 4230 2582 4298 quia
2606 4228 2933 4300 impossibile
2957 4235 3060 4295 est,
3093 4236 3355 4283 uteorum
3380 4227 3580 4297 aliquis
3609 4236 3807 4297 pereat,

2242 4335 2377 4389 quos
2404 4334 2629 4374 censura
2653 4318 2783 4389 justi
2823 4318 3017 4388 jndicis
3063 4317 3475 4387 praedestinatos
3521 4317 3706 4382 habet,
3747 4319 3809 4370 ad

2241 4413 2403 4466 vitam
2437 4419 2711 4466 aeternam.
2762 4408 2878 4484 Una
2911 4409 3024 4479 ipsa
3072 4407 3283 4463 Veritas
3316 4408 3393 4462 ait
3418 4406 3639 4495 :‘Omne
3675 4408 3808 4478 quod

2241 4505 2329 4558 dat
2364 4504 2489 4557 mihi
2514 4500 2674 4557 Pater
2696 4501 2765 4555 ad
2803 4518 2884 4555 me
2911 4501 3094 4578 veniet,
3122 4510 3170 4554 et
3196 4516 3315 4555 eum
3342 4501 3432 4570 qui
3455 4502 3593 4555 venit
3620 4503 3690 4553 ad
3711 4516 3808 4559 me.

2241 4611 2343 4648 non
2386 4594 2592 4663 ejiciam
2634 4593 2776 4662 foras
2800 4591 2976 4663 (Joan.
3027 4589 3121 4657 VI).
3174 4588 3328 4643 Novit
3357 4590 3505 4643 enim
3551 4588 3805 4642 Dominus

2239 4684 2350 4753 pios
2374 4683 2437 4736 de
2458 4682 2735 4735 tentatione
2754 4681 2947 4749 eripere
2974 4678 3057 4751 (ll
3081 4676 3226 4733 Petr.
3257 4676 3341 4749 ιι).
3371 4676 3437 4730 Et
3455 4692 3565 4730 non
3598 4686 3687 4753 est
3713 4676 3809 4730 im-

2241 4782 2429 4843 potens
2454 4773 2591 4825 inter
2618 4770 2856 4825 turbines
2879 4776 3257 4838 tempestatum
3289 4766 3448 4835 hujus
3472 4766 3660 4821 saeculi
3689 4782 3813 4820 suos

2244 4864 2309 4917 ab
2338 4863 2483 4918 omni
2534 4861 2771 4930 nequitia
2798 4875 3087 4929 pravorum
3137 4858 3329 4915 illaesos
3376 4857 3675 4913 custodire.
3709 4855 3813 4911 Sed

2242 4951 2514 5005 videamus
2538 4949 2662 5020 quid
2685 4948 2961 5017 sequitur:

2314 5040 2379 5093 Et
2419 5056 2535 5095 eum
2573 5038 2881 5094 ascendisset
2932 5040 2985 5091 in
3014 5036 3306 5091 naviculam
3356 5037 3574 5089 cessauit
3611 5045 3807 5089 uentus.

2245 5130 2423 5203 (Rm)
2440 5129 2614 5184 Prima
2633 5144 2760 5198 ergo
2773 5128 3153 5198 trepidantium
3170 5136 3226 5181 et
3242 5126 3667 5197 periclitantium
3690 5127 3812 5180 sub-

2244 5221 2421 5275 ventio
2466 5230 2547 5273 est
2597 5219 2867 5273 incussum
2910 5218 3161 5272 cordibus
3210 5216 3481 5287 expellere
3536 5215 3808 5271 timorem.

2244 5309 2487 5364 Secunda
2515 5315 2886 5377 tempestatum
2914 5306 3083 5362 furias
3124 5322 3232 5361 sua;
3279 5304 3584 5375 praesentiae
3613 5305 3810 5359 virtute

2241 5414 2597 5470 compescere.
2648 5396 2755 5452 Nec
2791 5398 3093 5452 mirandum
3123 5396 3190 5462 si,
3218 5396 3546 5450 ascendente
3574 5392 3806 5448 in-navi-

2240 5490 2412 5547 cuiam
2444 5490 2684 5554 Domino,
2708 5497 2896 5543 ventus
2917 5487 3169 5542 cessavit.
3216 5484 3273 5539 In
3321 5499 3648 5555 quocunque
3667 5485 3807 5541 enim

2240 5583 2401 5640 corde
2422 5582 2561 5638 Deus
2584 5596 2677 5652 per
2718 5581 2940 5649 gratiam
2971 5576 3055 5632 sui
3082 5577 3231 5633 adest
3268 5578 3491 5641 amoris,
3522 5591 3649 5631 mox
3695 5573 3807 5629 uni~
