3938 6336
163 294 267 352 975

1120 288 1464 344 COMMENT.
1510 287 1572 340 IN
1612 288 2043 344 ΜΛΤΉΙᾹΞΠΜ.
2085 290 2315 349 -—-.l.lB.
2363 292 2423 347 ν.

3280 297 3383 373 θῖι

167 421 321 461 versa
347 404 594 457 vitiorum
634 408 687 455 et
717 398 1047 453 adversantis
1072 397 1253 452 mundi
1294 398 1405 451 sive
1441 396 1722 465 spirituum
1751 405 1796 462 Α
1826 414 1915 453 sus
1942 398 2101 453 fuerit
2139 400 2389 455 minimus
2420 402 2693 457 vocabitur
2720 404 2772 458 in
2802 398 2962 473 regno
3001 404 3277 473 caelormn,
3300 408 3381 463 vel

170 497 521 567 malignorum
551 490 687 546 bella
714 504 1017 560 compressa
1043 488 1342 558 quiescunt.

232 586 338 656 Qui
364 594 536 639 autem
564 583 616 637 in
642 582 879 637 navicula
920 591 1087 645 erant,
1115 587 1356 633 venerunt
1389 585 1435 631 et
1480 576 1727 631 adorare-

161 688 286 732 runt
308 691 423 731 eum
458 674 712 728 dicentes:
744 670 871 726 Vere
912 669 1078 725 Filius
1108 669 1203 723 Dei
1232 686 1303 723 es.
1333 667 1411 723 Ad
1455 682 1617 721 unum
1651 668 1727 722 si-

162 785 354 843 gnum,
384 767 763 837 tranquillitate
792 766 958 831 maris
981 763 1208 827 reddita,
1235 777 1352 833 quze
1390 770 1509 832 post
1537 761 1727 814 nimias

161 862 429 933 procellas
459 861 723 915 interdum
754 864 807 911 et
845 872 973 913 casu
1005 856 1116 917 ﬁeri
1154 854 1324 920 solet,
1356 863 1530 909 nautae
1568 862 1728 923 atque

162 961 409 1003 vectores
437 962 559 1002 vere
584 945 677 999 Dei
703 944 894 999 Filium
916 942 1258 1008 conﬁtentur,
1286 951 1339 997 et
1372 942 1530 1003 Arius
1553 942 1603 998 in
1630 941 1729 996 Ec-

156 1038 328 1095 clesia
365 1036 622 1110 praedicat
659 1042 983 1103 creaturam.
1013 1031 1238 1105 (MAUR.)
1262 1030 1370 1087 Nos
1395 1047 1522 1102 ergo
1554 1032 1727 1101 ipsum

158 1140 270 1183 nan
292 1126 448 1198 juxta
476 1124 848 1179 haereticorum
898 1122 1219 1181 dementiam
1243 1131 1541 1177 creaturam
1591 1120 1730 1173 inter

158 1221 344 1276 omnia
389 1227 647 1281 creatam,
691 1217 781 1272 sed
835 1223 1132 1271 creatorem
1171 1224 1294 1270 ante
1346 1214 1525 1268 omnia
1573 1212 1732 1268 simul

158 1325 287 1366 cum
312 1308 472 1369 Patre
505 1317 558 1361 et
588 1305 791 1375 Spiritu
832 1314 1019 1359 sancto
1052 1304 1392 1366 existentem,
1424 1312 1586 1371 atque
1620 1316 1733 1355 ma-

158 1407 385 1455 nentem
432 1396 712 1452 credamus
752 1402 805 1448 et
842 1391 1214 1451 conﬁteamur.
1251 1390 1319 1447 Et
1358 1390 1412 1444 in
1458 1391 1570 1460 ipsa
1601 1403 1730 1443 con-

159 1490 400 1553 fessione
422 1487 595 1557 dignis
618 1485 877 1539 bonorum
898 1482 1143 1545 laudibus
1171 1495 1391 1551 operum
1418 1494 1734 1535 veneremur

158 1595 311 1643 eum,
337 1584 397 1633 et
416 1576 762 1647 praedicer’nus
790 1574 843 1629 in
870 1580 1159 1644 conspectu
1196 1570 1424 1626 ﬁliorum
1456 1569 1734 1625 hominum

161 1669 343 1737 ipsum
376 1663 705 1721 esseFilium
736 1662 830 1718 Dei
875 1661 1226 1730 unigenitum,
1260 1666 1543 1713 narrantes
1569 1656 1734 1713 virtu-

163 1765 248 1811 tes
275 1755 392 1827 ejus
413 1764 468 1807 et
492 1750 756 1806 mirabilia
778 1748 899 1818 ejus
916 1764 1034 1818 qua;
1057 1748 1232 1809 fecit.,

240 1845 308 1899 Et
340 1860 455 1898 cum
496 1841 961 1910 transfretassent,
1003 1846 1245 1898 uenerunt
1277 1854 1333 1890 in
1363 1847 1556 1890 terram
1600 1833 1737 1890 Gen—

164 1942 342 1993 nesar.
372 1926 535 1991 Terra
571 1930 1022 2000 Gennesarjuxta
1065 1916 1311 2001 stagnum
1344 1928 1735 1992 Gennesareth,

164 2032 227 2084 ut
257 2024 475 2095 quidam
521 2030 786 2086 asserunt,
822 2021 961 2076 idem
990 2027 1073 2079 est
1122 2020 1262 2088 quod
1307 2032 1457 2078 mare
1488 2016 1735 2081 Galilaeai,

161 2116 251 2173 vel
273 2130 424 2169 mare
452 2113 765 2173 Tiberiadis.
800 2110 904 2166 Sed
932 2125 1078 2181 mare
1107 2108 1341 2167 Galilataa
1368 2106 1436 2161 ab
1463 2098 1739 2175 adiacente

162 2207 446 2278 provincia
494 2205 693 2260 dictum
727 2217 874 2262 mare
917 2199 1215 2259 Tiberiadis
1258 2214 1287 2253 a
1337 2198 1578 2267 pro'xima
1609 2196 1741 2252 civi-

162 2306 281 2353 tate
324 2311 443 2366 quae
495 2295 623 2357 olim
673 2283 979 2353 Gennereth
1022 2298 1241 2353 vocata,
1294 2289 1389 2345 sed
1428 2288 1496 2345 ab
1530 2287 1739 2343 Herode

161 2386 440 2441 tetrarcba
471 2385 764 2439 instaurata
794 2382 847 2436 in
873 2382 1129 2441 honorem
1144 2378 1356 2436 -Tibcrii
1378 2376 1624 2441 Caesaris,
1645 2376 1737 2430 Ti-

160 2475 351 2534 berias
372 2482 454 2529 est
476 2471 757 2542 appellata.
779 2470 947 2526 Porro
969 2468 1244 2525 Gennesar
1264 2467 1556 2522 secundum
1582 2481 1739 2536 quos—

160 2566 297 2620 dam
337 2579 365 2617 a
405 2563 503 2617 laci
544 2562 709 2630 ipsius
760 2568 953 2613 natura
1002 2572 1192 2612 nomen
1230 2557 1447 2612 trahens
1491 2572 1593 2626 qua
1640 2559 1743 2612 eri-

163 2655 449 2725 spantibus
490 2652 644 2721 aquis
674 2652 740 2710 de
773 2666 833 2707 se
856 2636 978 2720 ipso
1016 2649 1113 2704 sibi
1143 2649 1380 2704 excitare
1403 2664 1589 2703 auram
1619 2664 1738 2719 per-

165 2724 410 2807 hibetur,
434 2741 620 2800 Graeco
632 2739 919 2803 vocabulo,
944 2738 1096 2808 quasi
1139 2724 1402 2807 generans
1427 2738 1526 2794 sibi
1552 2753 1738 2793 auram

164 2833 389 2889 dicitur.
425 2829 602 2900 Neque
631 2830 683 2883 in
713 2829 886 2897 stagni
919 2843 1121 2889 morem
1153 2828 1415 2883 sternitur
1454 2844 1613 2897 aqua,
1644 2830 1737 2883 sed

163 2924 538 2993 frequentibus
580 2922 726 2976 auris
764 2921 1092 2989 spirantibus
1130 2920 1381 2989 agitatur,
1407 2921 1599 2976 haustu
1624 2920 1739 2975 dul-

162 3016 272 3079 cis,
325 3023 381 3069 et
420 3015 486 3068 ad
534 3013 821 3083 potandum
868 3011 1078 3067 habilis.
1130 3009 1515 3070 Sed.llebr:ea3
1546 3011 1738 3081 lingua:

1826 491 2241 560 assumptionem
2271 492 2450 547 carnis
2484 507 2578 561 per
2624 508 2780 561 quam
2806 494 3047 549 venimus
3071 496 3133 549 ad
3166 498 3381 551 verbum

1826 579 1919 634 Dei
1944 588 1998 634 et
2029 580 2168 637 illius
2195 589 2376 650 postea
2408 582 2647 637 fruemur
2673 583 2965 654 majestate.

2418 669 2642 751 CAPUT
2683 670 2795 750 xv.

1828 781 1937 857 AdA
1948 779 2241 857 Pharisa'os
2262 799 2455 857 s_ermo,_
2474 786 2614 857 deeo
2634 786 2771 852 quod
2785 787 3085 857 coinquinat
3109 788 3384 843 hominem.

1900 849 2065 925 S_anat
2089 850 2253 919 ﬁliam
2269 849 2655 925 Syrophenisste
2672 864 2719 909 et
2740 855 2871 925 alios
2893 849 3025 909 male
3046 858 3289 925 affectos:
3308 874 3389 911 sa-
3426 873 3439 888 τ

1897 921 1992 972 tiat
2021 930 2211 988 septem
2236 921 2455 991 panibus
2482 932 2703 986 quatuor
2730 924 2894 978 millia
2923 921 3215 980 hominum.

1901 1027 2011 1100 [1.]
2077 1027 2218 1083 Tunc
2272 1040 2597 1089 “cesserunt
2656 1033 2723 1088 ad
2779 1050 2893 1087 eum
2952 1034 3016 1086 ab
3086 1033 3389 1106 Hierosoly-

1829 1122 1926 1177 mis
1957 1120 2140 1175 scriba:
2160 1130 2212 1177 et
2244 1106 2503 1177 ΡΙιάτὶεωὶ
2536 1122 2764 1177 dicentes
2797 1140 2813 1177 :
2846 1123 3018 1187 Quare
3043 1124 3288 1195 discipuli
3312 1128 3389 1179 tui

1830 1212 2281 1281 transgrediuntur
2318 1214 2649 1267 traditionem
2704 1214 3021 1268 seniorum?
3079 1213 3197 1269 Non
3250 1216 3386 1270 enim

1831 1301 2003 1359 lavant
2032 1317 2215 1355 manus
2256 1318 2377 1356 suas
2407 1319 2521 1357 cum
2548 1320 2730 1373 panem
2768 1304 3105 1357 manducant.
3135 1304 3177 1359 Ο
3228 1321 3387 1375 quam

1832 1402 1956 1442 vera
1983 1388 2069 1443 illa
2104 1388 2312 1445 Domini
2340 1390 2606 1445 confessio
2629 1390 2695 1444 ad
2720 1390 2958 1456 Patrem,
3002 1391 3139 1456 Quia
3175 1393 3391 1447 abscon-

1830 1479 1953 1554 disti
1994 1480 2104 1533 ha’c
2144 1498 2176 1534 a
2204 1482 2519 1550 sapientibus
2568 1490 2633 1537 et.
2661 1482 3013 1552 prudentibus,
3064 1495 3111 1539 et
3153 1484 3390 1539 revelusti

1832 1583 1893 1620 ea
1955 1567 2183 1637 parvulis
2245 1568 2417 1640 (Luc.
2471 1571 2556 1640 ι).
2621 1570 2873 1627 Homines
2938 1580 3093 1629 terra:
3152 1572 3391 1628 Genesa-

1834 1657 1975 1720 reth,
2000 1657 2091 1726 qui
2116 1656 2291 1713 minus
2312 1657 2452 1712 docti
2483 1658 2818 1723 videbantur,
2850 1675 2953 1715 non
2981 1660 3148 1715 solum
3172 1662 3268 1729 ipsi
3301 1676 3396 1717 ve-

1765 1747 2008 1811 Bniunt,
2040 1753 2174 1804 Soet
2197 1762 2325 1805 suos
2358 1749 2645 1815 adducunt,
2687 1749 2796 1806 imo
2847 1759 3056 1821 gestant
3101 1753 3168 1807 ad
3218 1752 3399 1807 Domi-

1839 1853 1988 1902 num,
2014 1848 2073 1893 ut
2097 1840 2181 1893 vel
2210 1838 2472 1894 ﬁmbriam
2515 1840 2630 1910 ejus
2649 1855 2753 1909 quo
2792 1841 2984 1896 salvari
3038 1850 3235 1911 queant
3285 1857 3398 1897 me-

1837 1936 2057 1980 reantur
2084 1926 2397 1996 contingere
2413 1928 2733 1983 vestimenti.
2761 1928 2884 1987 Ideo
2906 1930 3185 1985 confestim
3205 1931 3396 1986 merita

1839 2017 2031 2085 cupitae
2058 2017 2244 2079 salutis
2272 2018 2518 2073 mercede
2554 2018 2847 2088 potiuntur.
2891 2020 2960 2074 At
2988 2035 3112 2075 vero
3140 2020 3395 2076 Pharisaei

1839 2115 1894 2159 et
1914 2106 2125 2171 scribta,
2173 2109 2263 2175 qui
2321 2109 2569 2163 doctores
2610 2123 2727 2163 esse
2751 2110 2926 2179 populi
2957 2111 3267 2178 debuerant,
3292 2128 3397 2168 non

1840 2195 1905 2248 ad
1921 2196 2140 2250 verbum
2162 2196 2504 2263 audiendum,
2530 2214 2633 2252 non
2662 2199 2727 2251 ad
2753 2201 3091 2267 quaerendam
3113 2203 3396 2267 medelam,

1839 2286 1932 2341 sed
1958 2286 2024 2340 ad
2052 2287 2341 2341 movendas
2367 2287 2536 2342 solum
2563 2288 2913 2358 quaestionum
2952 2306 3153 2361 pugnas
3196 2292 3262 2347 ad
3295 2293 3398 2350 Do-

1840 2380 2043 2433 minum
2073 2387 2429 2444 concurrunt;
2461 2393 2658 2448 eosque
2678 2379 2743 2434 de
2773 2394 2879 2433 non
2910 2380 3031 2436 lotis
3054 2382 3302 2439 manibus
3326 2384 3399 2438 vi-

1840 2480 2113 2540 tuperant,
2150 2471 2203 2524 in
2234 2486 2462 2540 quorum
2489 2472 2761 2539 operibus,
2797 2488 2915 2541 qua:
2952 2487 3049 2542 per
3072 2488 3262 2528 manus
3287 2474 3399 2529 sive

1839 2576 1935 2631 per
1957 2570 2150 2617 caetera
2182 2559 2420 2629 corpo‘ris
2449 2561 2686 2630 membra
2716 2559 2867 2626 ﬁunt,
2892 2562 3024 2615 nihil
3052 2562 3401 2618 immunditiae

1840 2654 2166 2717 sordidantis
2198 2654 2437 2709 invenire
2481 2653 2745 2718 valebant,
2779 2670 2899 2707 cum
2949 2670 3005 2709 se
3050 2656 3218 2726 magis
3256 2658 3400 2727 ipsos

1842 2741 2054 2811 culpare
2085 2740 2385 2808 debuerint,
2426 2743 2517 2811 qui
2556 2742 2691 2797 lotas
2715 2758 2850 2812 aqua
2897 2746 3085 2800 manus
3118 2745 3396 2809 habentes,

1840 2832 2219 2889 conscientiam
2263 2831 2430 2886 livore
2479 2832 2731 2902 pollutam
2760 2833 3058 2903 gestabant.
3084 2834 3304 2907 (ΜΑυιι.)
3336 2835 3401 2889 Et

1843 2923 1977 2976 mira
1999 2920 2405 2979 Pharisaeorum
2450 2923 2854 2992 scribarumque
2901 2924 3142 2989 stultitia,
3189 2926 3278 2994 qui
3305 2924 3398 2981 Dei
3474 2925 3480 2933 ’

1842 3009 2034 3067 Filium
2066 3020 2314 3082 arguunt,
2339 3012 2794 3081 quarebominum
2818 3014 3132 3071 traditiones
3169 3024 3223 3071 et
3267 3031 3401 3087 prte-

162 3102 557 3162 consuetudine
586 3101 760 3155 omnis
808 3115 1069 3181 aquarum
1095 3102 1457 3171 congregatio,
1480 3102 1591 3156 sive
1620 3102 1735 3155 dul-
1762 3099 1805 3158 C
1837 3109 1987 3171 cepta
2032 3117 2139 3157 non
2188 3110 2385 3158 servet.
2437 3101 2539 3158 Sed
2567 3102 2691 3172 quia
2719 3117 2844 3157 vera
2874 3111 2956 3158 est
2982 3104 3069 3158 illa
3094 3105 3399 3175 Scriptura-

166 3192 272 3256 cis,
298 3189 613 3254 sive,salsa,
639 3203 788 3243 mare
830 3197 1183 3257 nuncupatur.
1232 3188 1332 3254 Qui
1385 3188 1533 3243 lacus
1572 3189 1739 3244 inter-

166 3277 373 3335 ﬂuente
410 3278 645 3334 Jordano
670 3287 883 3333 centum
927 3286 982 3332 et
1003 3278 1282 3348 sexaginta
1330 3279 1517 3336 stadiis
1544 3280 1597 3335 in
1627 3278 1743 3335 lon-

166 3371 488 3444 gitudinem,
508 3378 559 3424 et
588 3369 937 3440 quadraginta
971 3369 1275 3424 extenditur
1306 3369 1359 3423 in
1384 3368 1738 3425 latitudinem.

169 3462 416 3530 Denique
448 3461 493 3515 si
533 3459 814 3515 scierimus
841 3459 967 3529 quid
1012 3458 1065 3513 in
1094 3459 1281 3513 Latina
1311 3460 1491 3531 lingua
1528 3454 1743 3515 resonet

168 3549 473 3615 Gennesar,
510 3548 865 3618 intelligemus
913 3548 1177 3616 quomodo
1226 3547 1381 3604 Iesus
1408 3565 1504 3620 per
1556 3558 1739 3620 typum

168 3639 571 3711 Apostolorum,
594 3646 650 3691 et
692 3638 862 3702 navis,
911 3637 1205 3693 Eoclesiam
1261 3638 1327 3693 de
1355 3642 1740 3709 persecutionis

169 3734 457 3804 naufragio
485 3732 769 3787 liberatam
799 3730 1110 3785 transdueat
1136 3730 1204 3785 ad
1232 3730 1400 3797 littus,
1440 3741 1492 3799 et
1521 3733 1573 3787 in
1603 3740 1740 3787 tran~

171 3825 495 3897 quitissimo
543 3833 697 3894 portu
746 3822 1081 3891 requiescere
1129 3821 1308 3877 faciat.
1356 3823 1741 3893 Interpretatur

172 3924 359 3971 autem
390 3913 664 3969 Gennesar
686 3920 831 3966 ortus
860 3912 1191 3983 principium,
1221 3921 1277 3966 ut
1305 3914 1357 3968 in
1390 3914 1527 3969 libro
1550 3914 1617 3969 de
1638 3914 1741 3969 No-

172 4005 413 4061 minibus
441 4003 717 4059 Hebraicis
742 4002 1059 4064 invenimus.
1093 4003 1241 4059 Tunc
1268 4006 1411 4060 enim
1472 4005 1627 4076 plena
1653 4023 1742 4062 no-

175 4094 266 4149 bis
290 4092 552 4148 tribuetur
578 4090 949 4160 tranquillitas,
974 4092 1186 4160 quando
1209 4093 1440 4161 paradisi
1464 4109 1559 4162 per
1582 4093 1739 4148 Chri-

174 4193 322 4240 stum
370 4182 525 4237 nobis
556 4180 867 4234 restituetur
892 4180 1174 4234 hiereditas
1204 4222 1217 4244 ,
1271 4196 1332 4233 ac
1363 4181 1547 4251 prima:
1593 4183 1740 4237 stola:

176 4273 436 4330 reddetur
459 4268 783 4340 iucunditas.

256 4361 323 4415 Et
345 4370 458 4414 cum
499 4358 851 4428 cognovissent
896 4374 1010 4411 eum
1042 4359 1135 4411 viri
1170 4359 1270 4412 loci
1297 4360 1462 4426 illius,
1495 4364 1739 4416 miserunt

1844 3209 1961 3249 rum
1981 3194 2267 3259 sententia,
2291 3208 2410 3263 qua:
2425 3194 2585 3249 dicit:
2620 3191 2739 3247 Non
2779 3202 2853 3248 est
2895 3196 3166 3264 sapientia,
3198 3212 3300 3249 non
3326 3206 3399 3250 est

1840 3277 2135 3347 prudentia,
2161 3294 2266 3331 non
2289 3288 2363 3332 est
2395 3277 2666 3331 consilium
2696 3286 2877 3331 contra
2904 3278 3183 3332 Dominum
3213 3277 3397 3347 (Prov.

1844 3367 1954 3439 ut)
1977 3386 1991 3435 ;
2018 3368 2300 3424 audiamus
2333 3368 2459 3438 quid
2490 3368 2731 3438 sequitur
2756 3386 2769 3421 :

1825 3427 1850 3542 _V
1910 3427 2031 3533 Ipse
2042 3474 2213 3518 autem
2236 3427 2655 3533 respondens,.ait
2679 3462 2783 3517 illis
2808 3479 2826 3517 .'
2853 3460 3027 3528 Quare
3045 3470 3093 3517 et
3119 3427 3207 3517 eos
3235 3472 3401 3517 trans-

1839 3555 2113 3624 gredimini
2160 3554 2463 3608 mandatum
2503 3554 2599 3607 Dei
2649 3562 2855 3623 propter
2917 3553 3253 3607 traditionem
3323 3570 3404 3608 ee-

1840 3647 2047 3699 stram?
2079 3644 2353 3715 (meram)
2398 3644 2607 3699 Falsam
2656 3644 2973 3699 calumniam
3013 3659 3139 3699 vera
3179 3658 3399 3713 respon-

1842 3737 1989 3791 sione
2016 3736 2271 3797 confutat.
2302 3751 2444 3801 eum,
2464 3736 2654 3805 inquit,
2688 3746 2781 3790 vos
2810 3744 3027 3805 propter
3056 3734 3397 3790 traditionem

1841 3826 2116 3881 hominum
2142 3834 2404 3896 pratcepta
2435 3824 2642 3880 Domini
2696 3823 2995 3895 negligatis,
3035 3839 3202 3894 quare
3248 3824 3405 3879 disci-

1842 3915 1992 3983 pulos
2015 3930 2162 3970 meos
2191 3914 2487 3986 arguendos
2515 3914 2752 3979 creditis,
2786 3913 2928 3983 quod
2951 3913 2995 3968 si
3027 3928 3233 3969 morum
3250 3913 3398 3983 jussa

1842 4006 1990 4073 parvi
2016 4007 2268 4075 pendant,
2296 4013 2354 4058 ut
2381 4005 2475 4059 Dei
2512 4006 2645 4059 scita
2673 4004 3009 4059 custodiant?

1915 4095 2056 4149 Nam
2081 4095 2217 4150 Deus
2239 4096 2368 4149 dixit
2392 4109 2410 4147 :
2440 4094 2654 4149 Honora
2676 4104 2873 4164 patrem
2895 4105 2941 4149 et
2969 4105 3183 4149 matrem
3201 4113 3217 4158 ,'
3238 4105 3285 4149 et
3309 4098 3399 4166 qui

1844 4186 2163 4239 maledixerit
2186 4188 2321 4256 patri
2342 4186 2417 4241 vel
2443 4186 2621 4251 matri,
2651 4195 2813 4240 morte
2834 4187 3105 4240 moriatur.
3141 4186 3319 4242 llonor
3345 4189 3396 4242 in

1845 4274 2155 4343 Scripturis,
2173 4289 2277 4328 non
2302 4282 2503 4329 tantum
2532 4275 2581 4327 in
2604 4275 3011 4331 salutationibus
3030 4284 3084 4331 et
3109 4276 3295 4332 olliciis
3311 4279 3401 4331 de-

1846 4361 2095 4428 ferendis,
2124 4371 2380 4431 quantum
2403 4364 2454 4416 in
2480 4363 2811 4434 eleemosyna
2836 4378 2897 4419 ac
2921 4380 3197 4419 munerum
3240 4365 3410 4421 colla:

178 4455 236 4507 in
265 4453 555 4505 universam
604 4448 857 4521 regionem
886 4448 1050 4502 illam.
1074 4449 1346 4521 (Hierom)
1369 4452 1741 4522 Cognoverunt
1768 4440 1817 4498 Ῑ)
1847 4452 1987 4507 tione
2010 4454 2254 4508 sentitur.
2286 4452 2520 4514 Honora,
2554 4452 2726 4521 inquit
2745 4452 3044 4522 Apostolus,
3068 4454 3400 4524 uiduas,qua:

179 4559 307 4599 cum
338 4557 569 4606 rumorc,
590 4555 694 4595 non
722 4538 889 4603 facie;
922 4539 1000 4593 vel
1034 4552 1177 4596 certe
1201 4557 1311 4610 pra:
1338 4544 1608 4613 signorum
1632 4561 1743 4598 ma-

180 4633 503 4707 gnitudine,
554 4646 672 4699 qua:
729 4630 973 4699 patrabat
1028 4631 1080 4684 in
1121 4633 1348 4702 p0pulis,
1383 4636 1542 4689 etiam
1595 4637 1743 4691 vultu

182 4723 432 4797 plurimis
462 4731 618 4775 notus
641 4730 775 4775 erat.
832 4720 897 4795 Et
926 4722 1043 4775 vide
1069 4732 1265 4789 quanta
1297 4725 1426 4779 ﬁdes
1474 4726 1542 4779 sit
1576 4728 1745 4781 homi-

183 4833 315 4873 num
358 4825 511 4869 terrae
556 4804 953 4878 Gennesaretb,
1009 4823 1065 4868 ut
1114 4830 1216 4868 non
1256 4818 1591 4884 pnescutium
1630 4829 1745 4871 tan-

187 4923 303 4963 tum
349 4904 515 4960 salute
553 4904 784 4957 contenti
822 4903 947 4967 sint,
980 4904 1072 4957 sed
1123 4905 1333 4957 mittant
1376 4889 1440 4958 ad
1482 4906 1614 4961 alias
1649 4923 1741 4976 per

187 4997 469 5054 circuitum
496 4994 759 5055 civitates,
786 5007 891 5061 quo
911 5007 1094 5046 omnes
1116 5001 1335 5046 currant
1360 4995 1424 5046 ad
1456 4996 1737 5048 medicum.

267 5085 329 5138 Et
355 5082 644 5136 obtulerunt
676 5082 722 5134 ei
745 5097 917 5133 omnes
940 5080 1072 5134 male
1108 5081 1365 5142 habentes,
1414 5093 1457 5135 et
1496 5083 1739 5151 rogabant

188 5189 339 5237 eum,
375 5182 428 5225 ut
471 5170 547 5224 vel
593 5170 851 5238 ﬁmbriam
892 5170 1171 5222 vestimenti
1217 5170 1327 5237 ejus
1368 5181 1661 5239 tangerent;
1697 5184 1742 5225 et

188 5265 480 5336 quicunque
506 5260 775 5329 tetigerunt
804 5259 933 5312 salvi
959 5260 1083 5324 facti
1106 5269 1243 5313 sunt.
1275 5260 1453 5329 (ΚΑΒ.)
1482 5260 1578 5326 Qui
1610 5262 1744 5314 male

190 5369 253 5409 se
279 5352 476 5408 habent
504 5366 605 5404 non
638 5356 859 5417 tangunt
887 5364 1080 5416 corpus
1105 5347 1248 5411 Jesu,
1266 5364 1435 5417 neque
1461 5358 1626 5403 totum
1658 5366 1744 5403 ve-

192 5444 499 5499 stimentum
524 5439 656 5507 ejus,
685 5437 775 5491 sed
806 5446 1097 5491 extremam
1122 5438 1402 5491 ﬁmbriam.
1435 5430 1745 5506 Et‘quicun-

192 5549 295 5606 que
326 5532 598 5601 tetigerint
626 5529 953 5583 sanabuntur
979 5547 989 5579 :
1024 5528 1283 5581 ﬁmbriam
1309 5530 1605 5582 vestimenti
1633 5528 1746 5595 ejus

200 5624 472 5685 minimum
524 5621 827 5677 mandatum
880 5618 1125 5687 intellige.
1152 5618 1297 5683 Quod
1329 5619 1417 5685 qui
1457 5629 1747 5688 transgres-

1845 4564 1977 4601 verre
2002 4547 2165 4599 vidum
2186 4555 2303 4597 sunt
2328 4543 2379 4611 (I
2413 4543 2542 4596 'I'im.
2568 4544 2640 4611 v).
2678 4545 2773 4599 llic
2808 4546 2978 4599 honor
3004 4544 3200 4617 donum
3246 4542 3399 4597 intel-

1846 4638 2043 4707 ligitur.
2090 4636 2153 4689 Et
2196 4635 2247 4690 in
2286 4634 2389 4687 alio
2416 4633 2531 4686 loco
2570 4652 2580 4685 :
2619 4632 2913 4702 Presbyteri
2962 4632 3155 4701 duplici
3205 4634 3399 4685 honore

1845 4726 2131 4782 honorandi
2163 4722 2415 4786 maxime,
2435 4724 2522 4791 qui
2547 4722 2781 4775 laborant
2810 4723 2861 4776 in
2894 4722 3043 4775 uerbo
3078 4731 3125 4774 et
3161 4721 3396 4774 doctrina

1849 4814 2052 4867 Domini
2077 4812 2282 4882 (lbid.).
2319 4810 2380 4863 Et
2406 4819 2526 4877 post
2551 4809 2651 4863 hoc
2679 4809 2985 4862 mandatum
3003 4807 3253 4876 jubemur
3275 4807 3394 4861 bovi

1849 4905 2116 4961 trituranti
2144 4919 2203 4957 os
2238 4919 2340 4955 non
2368 4901 2670 4966 occludere,
2703 4909 2759 4953 ut
2781 4901 2971 4971 dignus
3018 4900 3087 4953 sit
3122 4899 3399 4969 operarius

1847 4993 2089 5049 mercede
2107 5008 2219 5045 sua.

1930 5080 2026 5134 Vos
2063 5092 2229 5133 autem
2254 5080 2461 5131 dicitis:
2496 5078 2798 5148 Quicunque
2836 5078 3023 5131 dixerit
3042 5077 3177 5146 patri
3200 5073 3273 5129 uel
3295 5091 3401 5128 ma-

1851 5175 1917 5225 tri
1939 5188 1953 5223 :
1981 5173 2171 5225 Munus
2195 5170 2531 5239 quodcunque
2554 5180 2625 5223 est
2650 5187 2713 5223 ea:
2734 5186 2826 5233 me,
2856 5170 2948 5228 tibi
2968 5168 3273 5236 proderit,et
3296 5180 3401 5217 non

1848 5261 2207 5328 honoriﬁcabit
2238 5271 2433 5328 patrem
2458 5278 2608 5313 suum
2631 5270 2719 5313 aut
2744 5269 2955 5311 matrem
2986 5274 3155 5319 suam,
3196 5265 3242 5309 et
3276 5256 3399 5307 irri-

1851 5364 1959 5404 tum
1999 5352 2191 5417 fecistis
2231 5350 2531 5402 niandutum
2572 5348 2663 5401 Dei
2716 5357 2921 5417 propter
2947 5346 3273 5400 traditionem
3308 5358 3396 5395 ve-

1850 5454 2029 5493 stram.
2046 5441 2371 5509 Pneceperat
2387 5440 2642 5493 Dominus
2656 5440 2733 5493 vel
2750 5438 3153 5498 imbecillitates,
3172 5435 3253 5489 vel
3271 5443 3399 5490 mla-

1853 5542 1952 5594 tes,
1995 5532 2073 5583 vel
2107 5532 2356 5598 penurias
2386 5540 2660 5597 parentmu
2709 5512 3074 5590 considerans,
3097 5535 3153 5579 ut
3184 5525 3274 5579 lilii
3302 5525 3398 5578 lio-

1854 5629 2124 5683 norarent,
2156 5622 2312 5674 etiam
2342 5620 2393 5671 in
2422 5620 2540 5672 vita:
2567 5619 2878 5674 necessariis
2905 5616 3398 5681 ministrandis,pa-
