3938 6326
563 291 665 349 975

1188 289 1262 342 οη.
1305 284 1556 343 RABANI
1597 284 1815 344 mum
1852 279 2167 341 suum.
2196 281 2512 341 uocum.
2553 280 2835 338 ορειιυιί
2871 278 3049 337 rans
3081 232 3127 335 t.

3676 280 3777 335 9η

557 411 739 460 rentes
762 414 905 456 suos.
935 398 1083 452 lianc
1104 396 1631 466 providentissitnam
1661 396 1755 450 Dei
1804 395 1978 466 legem
2026 409 2119 446 vo—
2145 401 2196 456 Α
2221 395 2390 462 magis
2417 395 2777 448 observandas
2798 409 2915 450 esse
2951 403 3291 449 censuerunt.
3323 396 3394 453 Ut
3413 397 3664 464 superius
3684 390 3780 450 dn-

549 490 725 549 lentes
745 491 935 546 scriba:
953 488 1313 557 Phariseique
1337 490 1676 556 subvertere,
1696 496 1756 542 ut
1779 486 2111 556 impietatem

546 579 650 639 sub
677 579 891 636 nomine
913 578 1130 647 pietatis
1155 577 1490 641 inducerent,
1519 582 1818 630 demerunt
1851 575 2115 646 pessimos

547 671 708 734 ﬁlms,
735 677 794 723 ut
821 668 1012 737 siquis
1037 684 1100 724 ea
1123 683 1241 737 qua:
1285 667 1599 736 parentibus
1644 664 1920 721 oderenda
1964 674 2113 731 sunt,

543 762 656 818 Deo
687 773 884 815 vovere
908 759 1156 825 voluerit,
1179 759 1272 828 qui
1304 773 1464 813 verus
1487 767 1573 813 est
1600 765 1779 828 pater,
1791 756 1994 812 oblatio
2005 757 2112 811 Do-

488 886 491 888 -
544 851 677 907 mini
708 857 1052 922 praponatur
1073 857 1357 918 parentum
1383 849 1727 904 muneribus:
1749 847 1833 901 vel
1845 854 1992 901 certe
2012 845 2114 915 ipsi

544 950 820 1011 parentes,
848 953 968 1007 quas
994 938 1101 992 Deo
1123 946 1438 992 consecrata
1459 944 1611 1003 sunt,
1633 951 1703 992 ne
1722 932 1989 1004 sacrilegii
2003 933 2114 988 cri-

545 1046 668 1086 men
692 1031 1030 1085 incurrerent
1042 1027 1394 1092 declinantes,
1407 1033 1645 1097 egestate
1670 1022 2113 1080 conﬁciebantur.

545 1121 722 1191 Atque
759 1121 831 1174 ita
854 1118 1015 1173 ﬁebat
1050 1117 1328 1178 utohlatio
1349 1116 1660 1179 liberorum,
1701 1115 1803 1170 sub
1831 1109 2117 1178 occasione

545 1210 732 1284 templi
760 1219 816 1266 et
841 1210 959 1274 Dei,
980 1210 1033 1263 in
1061 1207 1397 1264 sacerdotum
1416 1204 1567 1260 lucra
1591 1204 1826 1259 cederet.
1857 1201 2118 1271 Παρθε-

546 1303 686 1359 sima
712 1300 1106 1356 Phariszeorum
1133 1295 1467 1352 consuetudo
1492 1296 1561 1350 de
1590 1293 1682 1351 tali
1710 1292 1997 1348 occasione
2019 1305 2115 1345 ve-

548 1393 763 1457 niebat;
788 1389 982 1446 multos
1007 1387 1267 1442 habentes
1292 1385 1556 1456 obligatos
1579 1399 1687 1439 aere
1718 1383 1917 1448 alieno,
1938 1390 1995 1436 et
2021 1396 2119 1436 no-

549 1483 725 1538 lentes
753 1480 854 1535 sibi
879 1478 1140 1532 creditum
1166 1475 1415 1540 reddere,
1445 1474 1755 1544 deligebam
1785 1472 2115 1534 s‘amrdotes,

545 1584 609 1629 ut
641 1579 830 1634 exacta
864 1569 1089 1640 pecunia
1114 1567 1432 1622 ministeriis
1458 1566 1641 1636 templi
1689 1572 1745 1620 et
1783 1578 1973 1620 eorum
2009 1563 2119 1618 usi-

548 1664 650 1719 bus
672 1660 984 1717 deserviret.
1013 1658 1198 1713 Potest
1225 1664 1404 1711 autem
1425 1664 1481 1710 et
1510 1656 1652 1710 hunc
1671 1654 1908 1710 breviter
1922 1653 2120 1707 habere

2213 492 2566 537 monstratum
2594 493 2697 539 εει.

2281 573 2348 626 Et
2371 576 2660 633 conuocatis
2685 575 2753 628 ad
2771 591 2827 629 se
2845 575 3009 630 turbis
3022 576 3154 629 dixit
3170 578 3243 630 eis
3261 589 3279 628 :
3306 577 3498 632 Audite
3516 586 3562 631 et
3589 575 3782 630 inulli-

2209 668 2353 737 gite;
2379 682 2484 720 non
2506 665 2644 737 quod
2668 667 2832 719 intrat
2857 666 2909 719 in
2933 683 2990 720 os
3029 668 3373 721 communicat
3393 666 3782 731 hominem,“

2211 755 2348 826 quod
2376 754 2606 826 procedit
2655 771 2720 808 ex
2760 771 2848 808 ore
2878 756 3176 825 coinquinat
3213 755 3492 809 hominem.
3543 754 3782 811 Verbum

2212 841 2558 896 communicat
2583 843 2798 912 proprie
2819 840 3219 911 Scripturarum
3239 851 3341 908 est,
3354 851 3409 897 et
3429 843 3652 912 publico
3671 858 3784 900 aer-

2212 945 2374 986 mone
2425 945 2531 985 non
2583 931 2796 984 teritur.
2847 930 3080 1001 Populus
3105 929 3408 986 Judxeorum
3440 941 3657 1001 partem
3691 934 3782 987 Dei

2213 1033 2332 1074 esse
2355 1034 2415 1073 se
2429 1020 2666 1090 iactans,
2693 1033 3004 1074 communes
3029 1021 3179 1074 cibos
3215 1029 3390 1085 vocat,
3423 1021 3624 1090 quibus
3671 1037 3786 1075 om-

2214 1121 2311 1162 nes
2334 1107 2850 1161 utunturbomines:
2881 1106 3033 1161 verbi
3062 1108 3254 1178 gratia,
3296 1108 3509 1163 suillam
3537 1125 3780 1174 carnem,

2213 1203 2441 1260 ostreas,
2468 1193 2681 1264 lepores
2709 1204 2765 1248 et
2793 1195 3093 1250 istiusmodi
3122 1189 3440 1261 animantia,
3467 1211 3590 1265 qua:
3616 1211 3786 1264 ungu-

2215 1287 2324 1341 lam
2350 1301 2460 1341 non
2487 1285 2697 1340 ﬁndunt
2722 1301 2822 1341 nec
2847 1283 3137 1352 ruminant,
3173 1303 3272 1343 nec
3293 1303 3586 1358 squamosa
3614 1289 3787 1358 inpia-

2216 1377 2370 1433 cibus
2393 1386 2540 1430 sunt.
2565 1375 2718 1431 Unde
2738 1384 2793 1430 et
2818 1376 2872 1430 in
2894 1377 3113 1432 Actibus
3138 1378 3500 1448 apostolorum
3525 1378 3784 1448 scriptum

2217 1474 2336 1520 est:
2372 1463 2526 1530 Quod
2557 1464 2698 1518 Deus
2725 1466 3084 1533 sancti/icam’t,
3126 1476 3182 1519 tu
3211 1484 3273 1521 ne
3298 1484 3572 1521 commune
3594 1468 3787 1520 dia-eris

2219 1557 2356 1628 (Act.
2373 1556 2451 1627 ι).
2466 1553 2761 1610 Commune
2779 1568 2908 1623 ergo
2920 1555 3062 1624 quod
3076 1556 3282 1610 caeteris
3295 1556 3601 1612 hominibus
3624 1565 3785 1626 patet,

2219 1656 2276 1702 et
2295 1647 2447 1716 quasi
2477 1661 2581 1702 non
2612 1654 2696 1701 est
2724 1646 2790 1700 de
2816 1656 2969 1716 parte
2998 1646 3115 1713 Dei,
3135 1662 3233 1717 pro
3255 1648 3535 1704 immundo
3555 1649 3787 1719 appella-

549 1765 788 1807 sensnm.
815 1747 1012 1802 Munus
1033 1746 1171 1817 quod
1191 1762 1257 1800 ea:
1274 1761 1356 1800 me
1373 1746 1578 1817 est,tibi
1604 1743 1855 1815 proderit.
1875 1741 2122 1812 Compel-
2145 1738 2194 1798 B
2223 1742 2327 1790 tur.
2354 1733 2504 1789 Nihil
2530 1744 2629 1802 est,
2650 1735 2845 1805 inquit,
2871 1747 3020 1789 extra
3044 1738 3298 1792 hominem
3317 1738 3573 1793 introiens
3599 1740 3654 1793 in
3677 1756 3786 1794 eunt

551 1840 687 1906 litis,
714 1839 907 1909 inquit,
937 1816 1076 1892 ﬁlios
1103 1845 1164 1891 ut
1194 1836 1376 1891 dicant
1399 1816 1716 1908 pirentibus
1743 1835 1896 1891 suis:
1928 1832 2119 1901 Quod-

547 1947 760 2001 cunque
785 1929 984 1986 donum
1008 1929 1287 1985 oblaturus
1314 1938 1464 1982 eram
1493 1927 1604 1983 Deo
1624 1928 1680 1981 in
1701 1937 1827 1983 tuos
1857 1941 2122 1982 consumo

550 2023 720 2087 cibos,
747 2022 949 2091 tibique
977 2020 1216 2091 prodest,
1247 2034 1282 2074 ο
1311 2026 1466 2088 pater
1501 2027 1558 2074 et
1584 2019 1781 2085 mater,
1825 2028 1886 2073 ut
1932 2019 2010 2091 illi
2056 2020 2125 2074 ti-

553 2121 762 2169 mentes
815 2112 1082 2181 accipere,
1127 2108 1269 2179 quod
1315 2108 1426 2165 Deo
1463 2109 1715 2164 videbant
1735 2109 2121 2177 mancipatum,

552 2204 770 2273 inopem
799 2202 970 2272 magis
989 2199 1186 2256 vellent
1212 2198 1378 2254 vitam
1405 2199 1623 2265 ducere,
1649 2214 1819 2270 quam
1840 2200 2126 2256 comedere

551 2295 618 2353 de
640 2295 988 2353 consecutis.

636 2385 958 2456 ngocritw,
986 2384 1110 2438 bene
1133 2382 1455 2454 prophetarit
1469 2382 1534 2435 de
1557 2382 1698 2437 nobis
1718 2381 1893 2438 Isaias
1913 2383 2124 2438 dicens:
2153 2409 2155 2412 ⁴

567 2473 799 2544 Populus
821 2473 908 2526 hic
929 2472 1082 2526 labiis
1108 2489 1187 2526 me
1206 2471 1452 2536 honorat,
1475 2487 1569 2525 cor
1589 2481 1763 2526 autem
1775 2489 1956 2527 eorum
1976 2473 2127 2544 longe

549 2573 629 2621 est
651 2581 685 2619 a
709 2581 790 2618 me
813 2562 950 2636 (lsa.
979 2563 1148 2636 sua).
1175 2561 1421 2636 [litum]
1451 2562 1759 2620 Prmvidens
1787 2579 1918 2637 ergo
1943 2565 1996 2619 in
2017 2566 2127 2636 spi-

557 2656 666 2710 ritu
710 2655 974 2725 propheta
1020 2653 1417 2709 simulationem
1459 2651 1768 2710 Judmorum
1821 2663 2124 2721 venturam,

552 2745 699 2816 quod
731 2752 920 2800 contra
952 2743 1388 2817 praedicationem
1410 2743 1686 2816 Evangelii
1711 2745 1767 2800 in
1793 2744 1919 2802 dolo
1941 2754 2128 2803 essent

553 2833 927 2906 repugnaturi,
952 2833 1089 2888 bene
1115 2831 1183 2888 de
1210 2831 1318 2888 illis
1355 2832 1680 2889 vaticinatus
1707 2842 1814 2902 est,
1843 2849 1952 2890 non
1981 2833 2126 2906 quod

555 2929 756 2984 bonum
777 2931 923 2979 esset
943 2921 1088 2991 quod
1125 2921 1194 2976 de
1224 2921 1305 2976 eis
1344 2921 1600 2990 loquitur,
1650 2937 1776 2977 cum
1816 2923 1884 2979 de
1919 2920 2127 2978 malitia

554 3016 772 3073 illorum
795 3012 873 3066 illi
903 3025 1082 3066 sermo
1114 3009 1246 3077 fuit;
1276 3010 1371 3066 sed
1394 3010 1539 3080 quod
1559 3012 1701 3067 bene
1726 3011 1816 3066 illa
1846 3011 2128 3084 prophetia
2163 3010 2200 3084 _’

557 3071 813 3166 moribus.
849 3103 1088 3172 ipsorum
1137 3071 1511 3157 conveniebat.
1544 3101 1626 3157 Ex
1659 3071 1892 3172 persoda
1915 3071 2131 3173 quoque
2157 3071 2202 3134 Ο

558 3195 770 3252 Domini
797 3195 900 3248 hoc
926 3192 1135 3247 locutus
1153 3193 1256 3246 ait:
1291 3190 1522 3261 Populus
1551 3192 1638 3246 hic
1665 3190 1818 3252 labiis
1841 3208 1924 3247 me
1969 3193 2134 3248 Ιιοιιο-

555 3296 664 3352 rat,
694 3300 786 3340 cor
809 3292 983 3337 autem
1007 3297 1185 3336 eorum
1203 3281 1353 3352 longe
1374 3293 1448 3336 est
1478 3299 1510 3335 a
1538 3299 1639 3337 me.
1666 3281 1850 3338 Labiis
1865 3282 2012 3337 illum
2034 3285 2137 3341 ho-

561 3375 847 3438 norabant,
872 3372 1028 3442 cujus
1063 3371 1233 3442 legem
1272 3372 1466 3439 saepius
1496 3373 1901 3438 scrutabantur,
1945 3381 2002 3428 et
2047 3375 2136 3429 cui

567 3464 796 3534 hymnos
822 3461 905 3515 vel
925 3460 1161 3530 psalmos
1183 3460 1236 3514 in
1258 3459 1448 3515 olliciis
1475 3461 1673 3516 divinis
1699 3463 2137 3528 modulabantur,

562 3553 657 3611 sed
683 3566 781 3607 cur
794 3550 1010 3610 illorum
1032 3539 1190 3619 longe.
1213 3549 1281 3603 ah
1302 3549 1392 3604 illo
1418 3548 1538 3603 fuit.
1561 3550 1637 3606 De
1656 3551 1854 3621 quibus
1878 3552 2139 3622 scriptum

563 3651 666 3708 est,
707 3642 849 3711 quod
878 3637 1134 3715 cordibus
1172 3653 1385 3708 semper
1421 3641 1596 3697 aversi
1640 3641 1845 3697 fuerint
1888 3643 1944 3713 in
1973 3641 2141 3714 Egy-

564 3739 735 3802 ptum.
766 3728 895 3782 [tem
921 3727 1079 3780 labiis
1108 3741 1229 3780 eum
1263 3727 1625 3796 honorabant,
1649 3731 1865 3800 quando
1888 3731 2142 3785 dicebant

569 3825 674 3880 illi:
707 3821 978 3892 Magister,
994 3819 1184 3872 scimus
1208 3819 1333 3888 quia
1356 3834 1516 3873 verax
1533 3836 1610 3885 es,
1635 3831 1682 3875 et
1704 3823 1841 3875 niam
1867 3820 1966 3876 Dei
1990 3821 2044 3876 in
2061 3839 2144 3876 ue-

567 3915 720 3969 ritate
743 3912 918 3975 doces,
947 3919 994 3963 et
1027 3925 1130 3962 non
1151 3919 1225 3962 est
1247 3908 1345 3962 tibi
1376 3926 1507 3961 cura
1549 3909 1614 3963 de
1645 3909 1854 3980 aliquo;
1878 3928 1982 3965 non
2005 3912 2142 3966 enim

567 4001 759 4072 accipis
777 4015 1051 4070 personam
1068 3998 1292 4051 hominis
1308 3996 1517 4068 (Matth,
1539 3998 1698 4071 nn.)
1715 3998 1821 4053 Sed
1843 4016 1938 4056 cor
1955 4016 2142 4056 eorum

573 4090 729 4161 longe
756 4090 835 4144 -ab
883 4102 949 4143 eo
970 4087 1113 4153 .l'uit,
1149 4087 1362 4157 quando
1386 4086 1675 4142 dicebant:
1711 4087 1808 4161 Die
1830 4089 1998 4156 nobis,
2024 4086 2141 4145 licet

569 4196 782 4236 censum
805 4177 1166 4253 dare‘Casari
1204 4193 1272 4230 an
1302 4176 1464 4230 non?
1500 4175 1659 4247 (Luc.
1684 4176 1802 4246 xx.)
1845 4177 1960 4233 Hoc
1996 4180 2141 4233 enim

571 4268 837 4337 expressit
869 4265 1191 4335 evangelista
1244 4265 1444 4330 Lucas,
1495 4280 1617 4318 cum
1665 4265 1801 4320 dixit
1843 4267 2048 4323 scribas
2089 4277 2146 4323 et

573 4356 844 4427 principes
870 4353 1208 4408 sacerdotum
1234 4352 1442 4408 misisse
1466 4352 1828 4419 insidiatores,
1852 4350 1944 4424 qui
1973 4372 2030 4412 se
2056 4357 2144 4426 ju.

2221 1827 2360 1898 quod
2389 1828 2552 1897 possit
2581 1843 2698 1879 eum
2733 1827 3104 1896 coinquinate;
3131 1827 3223 1881 sed
3238 1844 3357 1898 qua:
3375 1829 3793 1898 dehominepro—

2223 1917 2430 1983 cedunt,
2452 1916 2545 1969 illa
2578 1925 2698 1971 sunt
2731 1932 2846 1985 qua
2870 1917 3205 1987 coinquinant
3231 1934 3370 1971 eum.
3404 1916 3655 1989 Opponat
3673 1934 3791 1989 pru-

2225 2009 2363 2063 dens
2399 2007 2589 2070 lector,
2613 2014 2670 2061 et
2695 2005 2871 2060 dicat:
2907 2005 2966 2061 Si
2991 2007 3130 2076 quod
3155 2007 3320 2062 intrat
3343 2009 3397 2062 in
3419 2024 3486 2063 os
3526 2025 3633 2064 non
3657 2010 3792 2065 coin-

2224 2098 2414 2167 quinat
2438 2095 2731 2163 hominem,
2763 2111 2933 2166 quare
2961 2095 3255 2152 idolothitis
3274 2112 3381 2152 non
3405 2099 3711 2153 vescimur?
3733 2098 3792 2152 Et

2223 2187 2513 2259 Apostolus
2523 2187 2743 2242 scribit:
2778 2185 2830 2241 Ν
2834 2204 2901 2241 on
2923 2190 3134 2256 potestis
3154 2187 3368 2243 calicem
3381 2189 3598 2243 Domini
3609 2190 3790 2254 bibere,

2225 2290 2274 2335 et
2304 2281 2521 2334 calicem
2563 2278 2937 2334 damoniorum
2959 2277 3010 2346 (I
3028 2277 3150 2332 Cor.
3175 2278 3253 2349 ι).
3293 2277 3588 2334 Sciendum
3638 2279 3793 2350 igitur

2226 2372 2369 2442 quod
2399 2371 2496 2440 ipsi
2527 2370 2745 2440 quidem
2767 2368 2876 2425 cibi
2900 2376 2957 2424 et
2991 2367 3085 2424 Dei
3116 2377 3361 2424 creatura
3389 2385 3488 2440 per
3514 2385 3576 2424 se
3603 2369 3792 2424 munda

2225 2460 2355 2528 sint,
2398 2459 2494 2515 sed
2544 2457 2806 2514 idolorum
2850 2471 2914 2512 ac
2964 2457 3263 2516 daemonum
3291 2458 3647 2513 invocatioea
3674 2457 3794 2514 facit

2199 2583 2205 2589 -
2228 2542 2525 2602 immunda.

2301 2636 2446 2692 Tunc
2495 2637 2794 2692 accedentes
2819 2636 3064 2707 discipuli
3100 2639 3246 2707 ejus,
3280 2637 3523 2692 dixerunt
3566 2639 3616 2692 ei
3640 2651 3659 2689 :
3687 2635 3796 2692 Scis

2226 2733 2352 2801 quia
2367 2727 2626 2799 Pharisa'i
2647 2729 2831 2785 audito
2855 2729 3006 2784 verba
3024 2730 3365 2784 scandalisati
3383 2739 3526 2783 sunt.
3579 2728 3661 2782 Es
3695 2742 3796 2784 uno

2229 2835 2477 2878 sermone
2523 2821 2702 2876 omnis
2749 2821 3067 2891 superstitio
3091 2821 3523 2877 Observationum
3553 2819 3796 2874 Iudaica-

2231 2928 2351 2967 rum
2378 2911 2557 2977 Iuerat
2579 2911 2730 2978 elisa,
2755 2912 2846 2981 qui
2873 2911 2928 2967 in
2961 2911 3098 2968 cibis
3118 2912 3448 2967 assumendis
3490 2910 3796 2967 abomina«

2233 3007 2425 3076 disque
2448 3006 2770 3077 religionem
2793 3020 2945 3061 suam
2967 3006 3127 3061 sitam
3148 3005 3568 3060 arbitrabantur.
3595 3004 3796 3074 thuia

2233 3097 2427 3152 crebro
2454 3094 2648 3150 teritur
2680 3096 2735 3149 in
2760 3094 3138 3150 ecclesiasticis
3165 3092 3457 3166 Scripturis
3477 3092 3798 3154 scandatur,

2233 3185 2469 3241 breviter
2480 3185 2788 3249 dicendum,
2803 3185 2931 3254 quid
2955 3183 3239 3255 signiﬁcet.
3257 3185 3434 3239 Σκαλὸν
3456 3194 3510 3236 et
3529 3181 3802 3239 σκάνδαλον

2233 3291 2336 3332 nos
2364 3274 2766 3340 odendiculum,
2790 3274 2874 3329 vel
2901 3275 3132 3338 ruinam,
3159 3283 3214 3328 et
3243 3274 3629 3344 impactionem
3657 3275 3803 3343 pedis

2233 3380 2520 3440 possumus
2544 3365 2743 3419 dicere.
2769 3363 2996 3431 Quando
3025 3378 3154 3435 ergo
3192 3363 3454 3434 legimus:
3503 3362 3805 3434 Quicunque

2235 3455 2300 3510 de
2325 3455 2551 3510 minimis
2574 3453 2686 3509 istis
2726 3453 3156 3508 scandalizaverit
3181 3455 3496 3524 quempiam,
3525 3454 3630 3508 hoc
3657 3452 3804 3508 intel-

2237 3545 2471 3616 ligimus,
2492 3545 2585 3614 qui
2614 3544 2668 3598 in
2699 3544 2843 3599 dicto
2870 3541 3122 3613 factoque
3144 3542 3477 3596 occasionem
3504 3543 3672 3596 ruinae
3693 3543 3798 3596 cni-

2237 3649 2397 3703 quam
2419 3633 2646 3687 dederit.

2308 3741 2374 3792 At
2401 3738 2488 3793 ille
2516 3739 2828 3810 respondens
2850 3739 2922 3792 ait
2952 3751 2970 3790 :
3005 3737 3191 3791 Omnis
3220 3736 3475 3806 plantatio
3508 3752 3664 3806 quam
3707 3753 3803 3789 nos

2238 3832 2494 3903 plantavit
2523 3829 2683 3884 Pater
2703 3847 2872 3895 meus,
2893 3829 3262 3883 eradicabitur.
3293 3812 3470 3882 Etiam
3503 3843 3626 3897 qua:
3655 3827 3805 3898 plana

2152 3977 2155 3980 .
2241 3925 2296 3979 in
2327 3922 2621 3991 Scripturis
2644 3921 2914 3984 videntur,
2943 3920 3101 3990 plena
3127 3929 3250 3974 sunt
3264 3909 3670 3988 quiestionibus.
3689 3917 3806 3972 0m-

2240 4013 2341 4077 nis,
2371 4011 2564 4081 inquit,
2587 4010 2842 4080 plantatio
2871 4026 3027 4079 quam
3058 4026 3159 4062 non
3191 4008 3441 4080 plantavit
3481 4004 3650 4060 Pater
3671 4022 3806 4059 meus

2241 4102 2484 4166 ctelestis‘,
2513 4100 2884 4154 eradicabitur.
2913 4100 3054 4170 Ergo
3079 4099 3435 4154 eradicabitur
3462 4107 3520 4153 et
3549 4097 3642 4152 illa
3664 4098 3808 4169 plan-

2243 4193 2395 4256 tatio,
2437 4192 2501 4246 de
2545 4206 2649 4260 qua
2691 4189 2980 4258 Apostolus
3019 4191 3127 4243 ait:
3176 4187 3288 4258 Ego
3320 4187 3578 4258 plantari,
3634 4186 3810 4255 Apollo

2244 4280 2447 4349 rigavit.
2480 4277 2585 4332 Sed
2611 4276 2840 4332 solvitur
2868 4275 3091 4344 quarstio
3119 4290 3185 4329 ex
3223 4289 3287 4328 eo
3332 4273 3474 4342 quod
3529 4276 3805 4341 sequitur:

2247 4367 2386 4420 Deus
2408 4377 2578 4420 autem
2608 4366 2979 4418 incrementum
3021 4364 3162 4416 dedit
3192 4365 3210 4434 (
3236 4362 3262 4415 1
3286 4362 3404 4416 Cor.
3434 4363 3543 4431 ιιι).
3589 4363 3730 4416 Dicit
3762 4371 3811 4413 et

574 4454 688 4503 ειυς
709 4445 1042 4527 simularent.
1069 4450 1130 4496 ιιι
1151 4453 1407 4512 caperent
1437 4442 1563 4499 enin
1602 4443 1656 4497 in
1687 4447 1956 4508 sermone.
1983 4457 2146 4515 atque
2176 4415 2222 4476 θ
2249 4459 2402 4528 ipse:
2439 4458 2530 4511 Dei
2559 4456 2902 4528 agricultura,
2928 4455 3024 4509 Dei
3055 4415 3592 4523 wdiﬁ‘catioestis.IEt
3634 4453 3686 4505 in
3715 4451 3812 4503 alio

571 4524 848 4594 Traderent
872 4551 993 4590 eum
1019 4534 1428 4604 principatibus,
1462 4543 1623 4603 atque
1668 4536 1921 4603 potestati
1959 4537 2146 4604 pra-si-

577 4631 678 4684 dis.
717 4629 892 4696 Atque
921 4627 1040 4682 ideo
1065 4635 1210 4682 recte
1233 4629 1574 4698 subiungitur
1603 4648 1614 4682 :

649 4722 777 4780 Sine
791 4738 951 4774 causa
975 4719 1148 4774 colunt
1173 4737 1274 4786 me,
1295 4721 1534 4775 docentes
1549 4723 1816 4777 doctrinas
1835 4733 2147 4794 atqueutan-

579 4816 705 4867 data
747 4814 1033 4867 hominum.
1075 4811 1202 4865 Sine
1225 4826 1388 4865 causa
1420 4827 1572 4882 ergo,
1604 4813 1656 4868 id
1683 4823 1788 4879 est,
1818 4814 1872 4867 in
1897 4824 2145 4876 vacuum,

581 4901 738 4956 labiis
757 4910 813 4955 et
829 4902 1009 4971 lingua
1035 4900 1181 4954 illum
1208 4898 1479 4966 colebant,
1506 4917 1736 4971 quorum
1762 4904 1924 4958 corda
1957 4918 2147 4959 aversa

583 4998 734 5047 erant
759 5010 770 5042 :
803 4991 924 5058 quia
948 5006 1068 5044 cum
1100 4985 1243 5044 veris
1262 4978 1689 5045 Dei‘cttltoribus
1717 4991 2146 5050 mercedemnon

585 5080 856 5152 accepturi
880 5089 1054 5144 erant,
1076 5088 1363 5134 attestante
1384 5081 1486 5135 hoc
1519 5080 1645 5135 alibi
1675 5081 1789 5150 ipsa
1821 5081 2062 5137 ~¥eritate
2086 5098 2151 5137 ac

587 5171 828 5227 dicente:
861 5168 979 5222 Nan
1000 5169 1165 5221 omnis
1183 5171 1278 5237 qui
1313 5171 1438 5223 dicit
1471 5171 1618 5235 mihi,
1644 5170 1882 5237 Domine,
1907 5172 2150 5237 Domine,

591 5261 806 5317 intrabit
827 5261 881 5312 in
905 5273 1116 5328 regnum
1142 5257 1402 5310 caelorum.
1430 5259 1537 5313 Sed
1573 5261 1662 5330 qui
1688 5260 1815 5328 facit
1838 5264 2152 5314 voluntatem

592 5333 770 5404 Patris
817 5351 916 5402 mei
959 5350 1047 5418 qui
1088 5349 1143 5401 in
1189 5347 1327 5402 caelis
1362 5359 1457 5414 est,
1483 5351 1590 5420 ipse
1619 5351 1833 5405 intrabit
1863 5353 1916 5404 in
1941 5368 2154 5420 regnum

597 5441 840 5496 sclorum
870 5438 1083 5510 (Matth.
1108 5439 1225 5510 vn).
1246 5438 1518 5503 Doeehant
1539 5441 1755 5508 quidem
1779 5439 2037 5495 Pharisaei
2064 5441 2155 5494 tio-

593 5531 796 5586 ctrinas
821 5538 876 5584 et
897 5529 1145 5584 mandata
1168 5529 1712 5597 hominum,.quando
1739 5531 1917 5594 divina
1955 5544 2158 5600 proice-

591 5631 681 5689 ptn
706 5622 1052 5695 negligentes,
1085 5629 1142 5678 et
1165 5634 1289 5676 suas
1316 5620 1629 5676 traditiones
1685 5615 2156 5690 superordinantes

2250 4549 2398 4603 loco:
2424 4546 2796 4618 Cooperatores
2820 4546 2914 4600 Dei
2943 4563 3143 4600 sumus.
3191 4545 3248 4600 Si
3276 4555 3448 4599 autem
3503 4553 3812 4614 cooperato-

2251 4654 2356 4702 res,
2382 4639 2545 4708 igitur
2577 4637 2849 4707 plantante
2886 4637 3072 4700 Paulo,
3115 4636 3354 4704 Apolline
3402 4636 3639 4706 rigante,
3681 4634 3814 4688 Deus

2251 4741 2372 4779 cum
2415 4726 2792 4795 upcratoribus
2839 4727 2951 4780 suis
3005 4725 3214 4796 plantat
3247 4733 3303 4777 et
3325 4722 3481 4794 rigat.
3514 4723 3816 4776 Abutuntor

2252 4818 2356 4872 hoc
2379 4817 2516 4883 loco,
2545 4817 2637 4886 qui
2667 4818 2907 4872 diversas
2934 4825 3154 4871 naturas
3179 4802 3543 4879 introducunt,
3580 4817 3818 4869 dicentes

2249 4906 2632 4976 plantationem
2663 4921 2823 4975 quam
2854 4923 2957 4961 non
3005 4905 3270 4975 plantavit
3317 4903 3477 4958 Pater
3528 4887 3812 4958 eradicari.

2252 4994 2357 5049 Sed
2387 4994 2606 5048 audiant
2631 4994 2762 5048 illud
2788 4993 3065 5049 Ieremia:
3099 4993 3212 5063 Ego
3239 5010 3325 5047 vos
3357 4993 3592 5063 plantavi
3618 4993 3816 5047 uincant

2251 5103 2444 5152 seram,
2505 5087 2762 5156 quomodo
2807 5087 2938 5140 versi
2977 5086 3098 5139 estis
3144 5087 3200 5139 in
3241 5083 3652 5138 amaritudinem
3709 5083 3820 5138 ritis

2252 5177 2436 5230 alienae
2459 5177 2483 5229 ?
2509 5175 2774 5229 Plantavit
2798 5177 3011 5244 quidem
3034 5176 3198 5240 Deus,
3219 5183 3276 5230 et
3311 5190 3468 5229 nemo
3492 5183 3678 5243 potest
3703 5188 3819 5227 era-

2255 5269 2432 5322 dicare
2466 5267 2847 5334 plantationem
2869 5266 3003 5334 ejus,
3025 5267 3119 5321 sed
3144 5266 3396 5335 quoniam
3427 5265 3528 5319 ista
3557 5264 3821 5333 plantatio

2257 5357 2309 5408 in
2348 5355 2617 5409 voluntate
2646 5357 2846 5425 proprii
2873 5357 3080 5410 arbitrii
3102 5365 3204 5419 est,
3236 5355 3414 5409 nullus
3441 5353 3820 5422 aliuseampo—

2257 5440 2380 5493 terit
2408 5435 2706 5506 éradicare,
2735 5442 2834 5495 nisi
2863 5441 2976 5510 ipsa
3006 5442 3254 5497 tribuerit
3272 5455 3572 5495 assensum.

2327 5528 2492 5584 Sinite
2529 5530 2666 5596 illos,
2691 5531 2814 5583 circi
2859 5539 2980 5584 sunt
3012 5531 3167 5585 duces
3197 5542 3488 5585 eiecerunt:
3526 5544 3702 5583 cacus
3728 5545 3820 5579 aa-

2259 5629 2360 5673 tem
2387 5620 2432 5673 si
2455 5636 2590 5675 ωεο
2624 5621 2867 5676 ducatum
2887 5631 3115 5688 prestat,
3140 5621 3292 5674 ambo
3305 5622 3362 5674 in
3384 5621 3588 5690 {oetam
3605 5620 3816 5679 cod-tu.

3847 72 3905 818 ἒ
