3938 6330
152 364 257 425 977

1097 324 1444 438 multum.
1484 368 1553 422 1N
1589 359 2022 429 MATER/Emi.
2058 404 2129 414 -
2164 374 2293 430 un.
2334 372 2398 430 ιτ.

3263 373 3371 431 9η

141 482 395 545 liocest,
426 476 567 548 quod
596 476 879 548 Apostolus
902 483 1260 548 pra’ceperat:
1286 477 1602 532 Ha'retieum
1626 468 1713 532 Ito?
1737 480 1785 540 Α
1813 481 1935 537 culo
1947 483 2378 550 vulneratum,et
2392 477 2462 537 ad
2473 470 2843 539 fornicandum
2857 492 3130 555 provocat.
3146 482 3367 555 (Iliun).
3397 530 3404 537 .

140 569 346 627 uim
374 574 489 639 post
518 578 678 621 uuam
700 578 853 635 atque
872 567 1091 643 alterum
1118 568 1488 637 correptionem
1523 568 1713 632 devita,

144 652 320 715 cuius
366 657 492 727 quia
531 672 805 725 perversus
837 656 902 709 sit
940 657 1264 727 hujusmodi,
1290 666 1338 711 et
1373 674 1406 710 ιι
1446 658 1713 727 semetipso

128 747 434 802 damnatus
456 744 582 817 (Tit.
609 744 714 810 ιιι).
741 744 799 799 In
823 745 964 799 hunc
987 760 1202 802 sensum
1216 743 1715 816 Salvatorprmcipit

140 833 1038 905 rhetorespessimos'dimittendos
1062 831 1284 887 arbitrio
1301 848 1421 901 suo,
1435 836 1715 892 seieuseos

139 919 434 981 difﬁculter
459 921 526 978 ad
548 916 831 975 veritatem
863 933 1021 989 posse
1044 919 1273 986 retrahi,
1302 935 1481 977 caecos
1515 937 1635 977 esse
1659 932 1714 977 et

137 1024 353 1068 meum
376 1010 625 1082 populum
656 1008 711 1063 in
730 1022 971 1063 errorem
1024 1008 1261 1083 trahere.
1301 1010 1529 1083 (ωσι.)
1572 1010 1709 1067 Caeci

135 1115 275 1173 ergo
295 1100 512 1157 fuerant
529 1098 807 1162 Pharisaei,
825 1099 949 1169 quia
972 1099 1283 1155 teuebrosas
1310 1100 1583 1156 hominum
1598 1110 1709 1155 tra-

136 1186 379 1245 ditiones
406 1187 775 1252 observantes,
797 1185 973 1240 lucem
999 1186 1373 1242 mandatorum
1393 1188 1396 1191 ’
1420 1188 1517 1245 Dei
1550 1204 1709 1259 quam

135 1276 428 1333 Psalmista
458 1274 729 1347 professus
745 1282 829 1330 est
850 1274 1063 1330 dicens:
1092 1272 1329 1331 Lucerna
1343 1276 1562 1347 pedibus
1584 1279 1709 1332 meis

133 1368 352 1425 uerbum
374 1364 543 1434 tuum,
580 1366 817 1431 Domine,
844 1374 893 1420 et
916 1364 1089 1420 lumen
1108 1368 1304 1423 semitis
1354 1368 1483 1423 meis
1536 1366 1707 1439 (Psal.

132 1456 461 1527 CLXXXVIII).
480 1455 631 1511 Hanc
642 1456 740 1526 ipsi
761 1469 868 1511 non
880 1456 1374 1533 consideravcruut,
1395 1466 1447 1511 et
1470 1457 1589 1512 ideo
1606 1474 1709 1513 non

135 1545 321 1602 solum
350 1545 500 1610 caeci,
525 1544 621 1600 sed
647 1552 703 1600 et
727 1544 892 1600 duces
927 1558 1191 1603 caecorum
1222 1546 1414 1601 merito
1438 1545 1707 1601 dicuntur.

132 1633 279 1702 Quia
338 1633 477 1689 tales
521 1647 626 1688 nou
664 1632 836 1689 solum
888 1632 991 1688 sibi
1024 1648 1093 1687 ne
1115 1633 1170 1687 in
1201 1632 1448 1702 laqueum
1474 1634 1711 1688 incidant

133 1727 499 1799 prospiciunt,
534 1725 625 1782 sed
656 1726 819 1782 etiam
849 1724 951 1781 sibi
979 1726 1335 1796 obsequentes
1373 1725 1427 1779 in
1467 1727 1709 1797 praecipi-

134 1818 275 1871 tium
300 1817 490 1872 mortis
514 1830 695 1872 secum
725 1815 963 1869 trahunt.
1535 1802 1560 1817 ’

209 1905 553 1977 Respondeas
564 1914 739 1961 autem
754 1904 943 1959 Petrus
956 1905 1087 1959 dixit
1107 1905 1153 1961 ei
1168 1922 1187 1960 :
1209 1906 1451 1962 Edissere
1465 1907 1609 1961 nobis
1620 1923 1711 1976 pa-

134 1994 381 2051 rabolam
395 1995 570 2049 istam.
589 1993 655 2048 At
674 1993 763 2048 ille
775 1993 907 2048 dixit
921 2010 941 2048 :
965 1982 1147 2048 Adhuc
1157 2003 1206 2049 et
1225 2010 1311 2049 vos
1322 1995 1433 2059 sine
1450 1993 1709 2049 intellectu

131 2084 308 2138 estis!
328 2081 596 2155 (Hier-on.)
623 2082 776 2151 Quod
802 2091 987 2153 aperte
1008 2083 1209 2140 dictum
1242 2083 1415 2140 fuerat
1455 2092 1513 2140 et
1554 2087 1709 2154 pate-

132 2172 235 2240 bat
252 2172 485 2238 auditui,
508 2170 747 2241 Apostoli
767 2188 861 2241 per
880 2171 1193 2242 parabolam
1219 2172 1420 2229 dictum
1446 2180 1639 2243 putant
1655 2180 1711 2227 et

135 2260 196 2317 in
254 2277 319 2317 re
364 2261 648 2333 manifesta
702 2260 985 2331 mysticam
1018 2270 1265 2333 quarunt
1286 2261 1708 2331 intelligentiam,

134 2344 629 2421 corripiunturqne
647 2365 678 2404 a
707 2349 954 2417 Domino,
981 2364 1148 2419 quare
1178 2349 1481 2419 parabolice
1509 2348 1711 2405 dictum

135 2446 360 2510 putant,
375 2441 518 2510 quod
533 2440 811 2510 perspicue
832 2440 1041 2497 locutus
1052 2448 1152 2495 est.
1172 2440 1250 2495 Ex
1263 2455 1368 2511 quo
1384 2437 1717 2496 inimadver-

132 2531 311 2586 timus
347 2531 599 2586 vitiosum
626 2543 743 2585 esse
776 2530 1096 2596 auditorem,
1124 2531 1213 2601 qui
1236 2532 1465 2587 obscura
1486 2532 1711 2587 manife-

132 2627 251 2684 ste,
278 2627 374 2673 aut
395 2618 679 2674 manifeste
700 2620 844 2676 dicta
869 2621 1099 2677 obscune
1128 2621 1260 2675 velit
1286 2622 1603 2693 intelligere.

217 2711 346 2766 Non
370 2711 680 2781 intelligitis,
711 2712 837 2782 quia
862 2727 1013 2766 omne
1032 2711 1246 2783 quodin
1266 2728 1325 2766 os
1348 2712 1509 2767 intrat
1532 2714 1588 2767 iu
1599 2730 1713 2770 ocn-

136 2811 277 2859 trem
315 2803 454 2857 vadit
480 2812 526 2857 et
552 2804 606 2858 in
634 2820 888 2859 secessum
916 2804 1206 2859 emittitur!
1256 2803 1508 2860 Omnium
1549 2819 1714 2860 evan-

136 2894 407 2967 geliorum
430 2894 545 2949 loca
569 2894 711 2965 apud
730 2896 1013 2951 haereticos
1030 2902 1085 2950 et
1103 2910 1387 2966 perversos
1411 2896 1569 2965 plena
1588 2905 1713 2951 sunt

136 2982 439 3039 scandalis.
464 2983 532 3037 Et
554 2998 623 3038 ex
647 2984 747 3037 hac
785 2975 1104 3047 sententiola
1132 2984 1348 3054 quidam
1375 2984 1711 3039 calumnian-

138 3080 256 3138 tur,
285 3072 426 3142 quod
446 3072 703 3128 Dominus
722 3072 957 3143 physicae
977 3073 1353 3143 disputationis
1370 3073 1607 3144 ignarus,
1620 3087 1715 3142 pu-

129 3168 227 3220 tet
248 3177 436 3218 omnes
464 3163 611 3219 cibos
636 3163 691 3217 in
718 3169 963 3217 ventrem
986 3163 1066 3218 ire
1089 3170 1145 3218 et
1184 3162 1239 3217 in
1267 3176 1539 3219 secessum
1558 3162 1711 3234 dige-
1738 3152 1785 3217 C

137 3251 213 3317 ri,
255 3266 382 3305 cum
410 3252 594 3305 statim
639 3251 829 3307 infusae
877 3266 1016 3309 escae
1052 3266 1149 3322 per
1179 3262 1331 3308 artus
1348 3260 1405 3308 et
1429 3268 1617 3319 venas,
1641 3268 1708 3309 ac

138 3341 411 3397 medullas
436 3356 736 3413 nervosque
761 3343 1073 3408 fundantur.
1104 3344 1256 3410 Unde
1273 3353 1330 3401 et
1354 3344 1572 3412 multos,
1614 3346 1711 3417 qui

136 3432 280 3488 vitio
325 3433 588 3487 stomachi
623 3440 897 3503 perpetem
936 3434 1237 3490 sustineant
1272 3436 1552 3501 vomitum,
1588 3442 1712 3506 post

136 3538 331 3579 uenas
360 3530 415 3578 et
446 3525 670 3594 prandia
690 3525 875 3598 statim
898 3540 1147 3581 evomere
1182 3525 1324 3596 quod
1348 3526 1707 3599 ingesserunt,

135 3625 201 3673 et
217 3626 398 3671 tamen
426 3616 767 3686 eorpulentos
793 3631 947 3673 esse:
976 3617 1102 3687 quia
1147 3619 1215 3673 ad
1249 3617 1479 3687 primum
1508 3625 1710 3673 tactum

137 3705 401 3778 liquidior
426 3706 595 3771 cibus,
624 3714 680 3762 et
706 3714 865 3777 potus
890 3721 987 3777 per
1018 3698 1258 3762 membra
1285 3706 1558 3762 fundatur.
1603 3705 1711 3763 Sed

137 3797 422 3855 itiusmodi
446 3798 690 3853 homines
710 3797 834 3873 dum
852 3798 1037 3853 volunt
1054 3798 1274 3854 alterius
1288 3798 1607 3869 imperitiam
1629 3815 1711 3855 re-

110 3886 504 3965 prehendere,
531 3887 815 3942 ostendunt
835 3902 987 3942 suam
1014 3904 1029 3941 :
1052 3885 1308 3953 Quamvis
1335 3887 1478 3944 enim
1507 3889 1708 3943 tenuis—

140 3975 320 4035 simus
341 3976 534 4032 humor
563 3986 618 4032 et
642 3974 850 4047 liquens
868 3989 990 4033 esca
1012 3974 1105 4042 sit,
1125 3989 1247 4033 cum
1278 3975 1334 4033 in
1354 3975 1506 4034 venis
1544 3983 1598 4034 et
1619 3988 1710 4033 ar-

74 4078 98 4125 ‘.
138 4068 312 4124 tubus
338 4076 591 4123 concocta
623 4066 782 4123 fuerit
801 4076 855 4123 et
874 4068 1081 4137 digesta
1102 4081 1201 4139 per
1229 4068 1473 4125 occultos
1499 4077 1710 4124 meatus

136 4158 409 4228 corporis,
434 4172 571 4227 quos
590 4158 763 4214 Graeci
791 4157 981 4233 πόρους
1004 4166 1220 4225 vocant,
1244 4156 1311 4214 ad
1326 4157 1594 4233 inferiora
1624 4160 1705 4215 di-

135 4246 446 4313 labitur,-et
468 4232 520 4301 iu
544 4261 814 4302 secessum
836 4232 999 4301 vadit.
1528 4241 1536 4245 ‘
1598 4243 1609 4249 ‘

217 4335 351 4402 Qua:
378 4345 549 4391 autem
583 4335 864 4405 procedunt
892 4336 957 4390 de
974 4353 1083 4403 ore,
1103 4338 1169 4392 de
1180 4338 1335 4407 corde
1346 4347 1618 4404 exeuut,et
1646 4358 1708 4394 ea

131 4426 483 4530 ioinquinant
508 4427 787 4480 hominem.
819 4425 897 4482 De
908 4426 1064 4482 corde
1080 4429 1413 4527 enimexeunt
1441 4430 1707 4500 cogitatio-

138 4513 237 4570 ἄρα
257 4514 434 4580 maia,
453 4514 754 4593 homicidia,
782 4515 1067 4591 adulteria,
1109 4513 1503 4587 fornicationes,
1538 4519 1705 4587 furta,

140 4599 285 4675 falsa
300 4604 678 4669 testimonia,et
698 4603 852 4674 reliq.
867 4603 943 4658 De
961 4606 1137 4672 corde,
1160 4607 1352 4677 inquit,
1373 4619 1556 4663 exeunt
1570 4612 1708 4679 cogi-

137 4692 369 4746 tationes
390 4692 562 4747 matre.
593 4692 736 4763 Ergo
756 4694 947 4748 animae
970 4695 1264 4765 principale
1282 4712 1388 4751 non
1402 4696 1557 4766 juxta
1589 4698 1709 4753 Pla-

138 4789 329 4837 tonem
356 4781 408 4835 in
443 4782 686 4845 cerebro,
715 4782 808 4837 sed
830 4782 983 4851 juxta
1007 4782 1282 4839 Christum
1315 4784 1371 4838 in
1398 4786 1561 4854 corde
1597 4794 1703 4843 est.

140 4870 215 4925 Et
237 4870 495 4940 arguendi
521 4885 589 4926 ex
613 4871 717 4926 hac
734 4872 1019 4939 sententia,
1046 4875 1138 4943 qui
1163 4876 1513 4949 cegitationes
1530 4891 1563 4930 a
1586 4867 1723 4932 dia?

140 4961 273 5018 bolo
297 4962 512 5016 immitti
533 4972 743 5032 putant,
774 4971 829 5020 et
855 4980 961 5020 non
993 4980 1061 5020 ex
1103 4968 1317 5037 propria
1342 4970 1490 5025 nasci
1518 4969 1707 5026 volun-

143 5060 281 5108 tate.
294 5052 545 5110 Diabolus
564 5052 778 5124 adjutor
794 5070 914 5111 esse
931 5065 986 5112 et
1011 5056 1256 5113 incentor
1276 5058 1540 5115 malarum
1565 5062 1710 5132 cogi-

140 5143 409 5200 tationum
435 5151 635 5213 potest,
661 5153 850 5200 auctor
870 5159 993 5201 esse
1014 5162 1119 5202 non
1141 5156 1340 5217 potest.
1391 5148 1486 5204 Sin
1530 5159 1706 5206 autem

142 5247 362 5303 semmr
380 5234 433 5288 in
458 5233 668 5289 insidiis
679 5235 901 5305 positus,
913 5234 1083 5292 levem
1102 5237 1480 5305 cogitationum
1494 5248 1709 5295 nostra-

143 5337 270 5377 rum
304 5324 592 5379 scintillam
620 5325 732 5381 suis
753 5311 1030 5384 fomitibus
1055 5326 1417 5397 inﬂammarit,
1456 5346 1565 5385 non
1611 5334 1707 5387 de-

142 5411 338 5470 banus
358 5412 571 5482 opinari
591 5427 713 5467 eum
736 5415 914 5471 cordis
933 5428 1146 5486 quoque
1167 5418 1377 5473 occulta
1392 5416 1596 5487 rimari,
1612 5424 1707 5478 sed

145 5502 471 5569 excorporis
500 5500 682 5557 habitu
716 5512 771 5558 et
794 5504 1034 5574 gestibus
1052 5507 1322 5564 aestimare
1356 5511 1484 5579 quid
1528 5526 1708 5569 verse-

147 5602 271 5645 mus
290 5588 635 5654 intrinsecus.
666 5590 829 5647 Verbi
856 5594 1025 5665 gratia
1050 5594 1096 5650 si
1122 5596 1402 5667 pulchram
1427 5600 1706 5657 mulierem

145 5695 247 5739 nos
266 5682 460 5737 crebro
485 5681 679 5737 viderit
708 5685 989 5753 respicere,
1006 5686 1257 5758 intelligit
1272 5703 1365 5744 cor
1402 5693 1600 5759 amoris
1619 5694 1717 5765 ja--

1733 4483 1786 4542 Β

1815 571 1871 626 Si
1903 588 2180 630 rancorem
2208 582 2395 631 contra
2424 575 2727 646 proximum
2751 592 2848 632 nos
2878 577 3371 647 levare'conspexe-

1816 661 1911 741 rit,
1927 662 2177 734 intelligit
2198 664 2455 719 invidiam
2476 673 2539 719 et
2560 664 2743 719 odium
2767 680 2864 719 nos
2886 665 2940 719 in
2963 665 3125 720 corde
3148 666 3371 729 habere,

1810 762 1865 807 et
1901 768 1998 814 per
2023 754 2160 809 iram
2182 755 2247 809 ad
2265 754 2609 811 homicidium
2623 754 3038 825 perpetrandum
3058 753 3370 810 inﬂammat.

1812 840 1869 896 Si
1898 859 2001 899 nos
2024 843 2281 899 ardenter
2301 845 2355 899 in
2383 843 2606 913 alicujus
2634 846 2709 900 rei
2732 844 3181 916 pulchritudinem
3208 846 3375 915 inspi-

1808 949 1931 989 cere
1955 934 2171 1002 viderit,
2199 936 2449 1007 intelligit
2473 938 2751 992 avaritiam
2783 952 2880 992 nos
2908 936 3073 992 corde
3100 944 3377 1002 tenerc,et

1808 1026 1878 1080 ad
1900 1024 2047 1081 furta
2085 1028 2299 1099 incitat.
2330 1027 2390 1103 Si
2417 1028 2623 1085 levibus
2651 1044 2751 1084 nos
2781 1028 3121 1085 sermonibus
3143 1008 3374 1084 senserit

1808 1124 2075 1184 assuetos,
2103 1117 2353 1190 intelligit
2377 1129 2652 1190 promptos
2678 1135 2799 1175 esse
2836 1120 2903 1174 ad
2930 1119 3289 1181 mendacium.
3322 1127 3377 1173 et

1808 1206 1889 1285 ad
1906 1207 2101 1263 falsum
2124 1211 2491 1265 testimonium
2521 1210 3095 1281 proferendum'illieit.
3128 1210 3219 1265 Sic
3237 1225 3372 1279 quo-

1805 1284 1910 1367 (Ιαὲ
1945 1305 2000 1353 ει
2024 1313 2125 1375 Per
2150 1307 2377 1356 ceteras
2414 1302 2759 1356 habitudines
2790 1317 2999 1357 morum
3028 1302 3232 1357 rimaus
3260 1282 3397 1355 ani:

1808 1392 1880 1445 mi
1905 1391 2219 1469 qualitatem
2243 1394 2503 1464 antiquus
2529 1394 2719 1469 hostis,
2753 1395 3045 1448 humanum
3079 1406 3246 1463 genus
3291 1407 3375 1447 sc-

1809 1482 2005 1538 ducere
2028 1481 2266 1550 festinat,
2294 1493 2348 1541 et
2388 1486 2455 1541 ad
2506 1502 2568 1541 ea
2596 1501 2713 1555 qua:
2741 1486 2935 1541 divinis
2971 1486 3177 1556 legibus
3209 1488 3373 1540 vetita

1808 1580 1938 1625 sunt
1962 1569 2207 1628 faciunda
2227 1566 2534 1643 persuadet,
2557 1584 2617 1629 ut
2647 1565 2948 1630 creaturam
2976 1576 3041 1629 ad
3089 1575 3375 1645 imaginem

1808 1660 1903 1715 Dei
1925 1662 2195 1717 conditam
2228 1663 2341 1717 suis
2361 1663 2612 1719 sordibus
2633 1663 2853 1733 polluat.
2882 1663 3031 1718 Unde
3053 1672 3109 1718 et
3132 1662 3377 1717 Salvator

1810 1765 1971 1819 supra
1995 1750 2137 1807 dicta
2159 1751 2289 1805 vitia
2308 1766 2629 1807 enumerans
2650 1750 2954 1820 subiunxit:

1736 1813 1786 1872 Β
1876 1813 2012 1895 hac
2058 1851 2177 1895 sunt
2238 1859 2355 1913 qua:
2400 1813 3047 1914 coinquinant-hominem.
3100 1842 3221 1896 Non
3250 1843 3372 1897 lotis

1811 1940 1984 1985 autem
2012 1915 2256 1986 manibus
2284 1933 2600 1988 manducare
2623 1950 2725 1988 non
2771 1934 3066 2002 coinquinat
3092 1932 3365 1999 (somnient.

1811 2016 1991 2089 (ΚΑΒ.)
2036 2016 2142 2073 Sed
2182 2010 2724 2090 Pharisaai'spiritalia
2785 2021 3167 2091 prophetarum
3211 2020 3375 2074 verba

1810 2107 2103 2170 carnaliter
2126 2108 2472 2177 accipientes,
2504 2124 2622 2179 quae
2644 2109 2733 2176 ,illi
2769 2110 2835 2164 de
2861 2109 3042 2165 cordis
3086 2116 3143 2164 et
3190 2108 3373 2177 operis

1810 2196 2160 2266 castigatione
2174 2198 2574 2268 praecipiebant,
2593 2200 2829 2255 dicentes
2849 2219 2861 2253 :
2887 2199 3174 2263 Lammini,
3191 2198 3375 2252 mundi

1811 2277 2054 2351 estote,ét
2082 2287 2431 2355 mundamim',
2459 2290 2550 2360 qui
2575 2290 2721 2359 fertis
2762 2308 2885 2345 vasa
2910 2292 3119 2345 Domini
3144 2288 3280 2363 (Iso.
3310 2290 3375 2360 ι),

1811 2372 1900 2427 isti
1927 2372 1995 2427 de
2020 2387 2249 2445 corpore
2271 2376 2446 2435 solum
2469 2376 2694 2433 lavando
2706 2377 3012 2433 servabant.
3042 2378 3263 2433 Frustra
3284 2393 3374 2431 au-

1811 2472 1919 2518 tem
1930 2459 2206 2531 Pharismi,
2229 2465 2625 2551 inustraomnes
2638 2467 2803 2523 Judmi
2827 2468 3005 2522 lavant
3031 2482 3244 2533 manus,
3267 2476 3323 2523 et
3345 2484 3375 2523 a

1810 2552 1929 2610 foro
1947 2544 2286 2624 baptizantur
2312 2544 2545 2626 quandiu
2566 2566 2911 2613 contemnunt
2924 2558 3070 2613 fonte
3081 2556 3377 2613 Salvatoris

1812 2642 1975 2697 ablui.
2003 2641 2063 2697 In
2094 2658 2293 2700 vanum
2322 2644 2648 2715 baptismata
2693 2655 2907 2705 servant
2960 2661 3231 2711 vasorum,
3279 2647 3371 2716 qui

1809 2731 2051 2788 sordium
2071 2748 2291 2810 suorum
2309 2742 2365 2790 et
2384 2751 2669 2806 corporum
2689 2738 2867 2793 eluere
2882 2738 3066 2793 sordes
3079 2738 3373 2808 negligunt,

1812 2835 1934 2875 cum
1972 2830 2181 2878 cernam
2215 2822 2290 2878 sit
2313 2823 2555 2895 Moysen,
2582 2834 2638 2881 et
2660 2826 3095 2903 prophetasgqui
3127 2840 3253 2882 vasa
3281 2840 3377 2896 po-

1810 2910 1923 2983 puli
1966 2910 2062 2968 Dei
2097 2912 2183 2968 vel
2206 2914 2389 2995 ‘aquis
2441 2915 2592 2982 dilui,
2624 2916 2706 2972 vel
2734 2916 2854 2987 igne
2881 2902 3120 2995 purgari,
3146 2916 3232 2995 vel
3256 2917 3375 2971 oleo

1812 2999 2139 3056 sanctiﬁcari
2162 2992 2480 3073 quacunque
2507 3019 2573 3059 ex
2611 3020 2773 3061 causa
2814 2992 3265 3075 jusserunygnon
3321 3006 3374 3060 in

1814 3088 1920 3146 hoc
1946 3091 2303 3146 materialium
2322 3106 2504 3147 rerum
2523 3090 2975 3161 em‘undationem,
2998 3077 3374 3161 sedbnihtium

1813 3180 1991 3247 potius
2011 3188 2068 3235 et
2093 3195 2315 3250 operum
2350 3182 2779 3253 castigationem,
2834 3198 2898 3239 ac
2943 3170 3372 3253 sanctimbniam,

1811 3277 1972 3339 atque
2000 3271 2303 3326 animarum
2336 3273 2493 3328 nobis
2521 3274 2779 3329 mandare
2804 3273 3051 3329 salutem.
3334 3271 3341 3275 ’
3379 3317 3407 3348 χχ

1884 3358 2004 3432 [ιι]
2051 3360 2377 3433 Et-egressus
2402 3361 2692 3418 indeles'us
2713 3364 2916 3418 secessit
2944 3364 2999 3417 in
3027 3374 3198 3432 partes
3248 3356 3372 3433 Tyri

1811 3460 1862 3504 et
2160 3429 2427 3523 ('Hierou.)
2454 3451 2738 3509 Scribis-et
2764 3429 3048 3509 Pharisaais
3078 3429 3369 3516 calumnia-

1812 3541 2019 3597 toribus
2053 3542 2339 3609 derelictis,
2369 3545 2760 3614 transgreditur
2806 3546 2857 3598 iu
2910 3554 3092 3615 partes
3137 3544 3266 3616 Tyri
3302 3538 3378 3612 ac.

1813 3627 2048 3696 Sidonis,
2075 3630 2166 3684 ubi
2192 3630 2474 3686 manifeste
2498 3631 2868 3704 praeﬁguntur
2907 3635 3048 3702 quod
3096 3641 3228 3703 post
3246 3649 3368 3705 pas-
3389 3640 3407 3675 ‘-

1812 3714 2016 3768 sionem
2039 3715 2590 3785 resurrectionemque
2614 3732 2765 3771 suam
2821 3718 3077 3773 Dominus
3124 3719 3185 3772 in
3234 3734 3375 3788 ιιι-αι-
3419 3706 3433 3725 Χ

1812 3803 2138 3859 dicatoribus
2170 3805 2283 3860 suis
2307 3803 2611 3861 Iudaeorum
2641 3806 2845 3877 perﬁda
2877 3808 3043 3863 corda
3066 3808 3374 3872 relicturus,

1811 3901 1869 3948 et
1907 3893 1962 3963 in
2008 3904 2191 3963 partes
2228 3895 2467 3965 gentium
2516 3904 3003 3960 exterarumesset
3022 3914 3390 3955 secessurusz.

1810 3983 1987 4058 Tyrus
2000 3984 2197 4057 quippe
2216 3994 2272 4043 et
2291 3983 2476 4051 Sidon,
2500 4004 2619 4058 qua:
2643 3990 2884 4044 civitates
2912 3989 3059 4045 fuere
3072 3989 3368 4061 gentilium.

1810 4077 2139 4131 munimenta
2191 4077 2450 4132 doctrinm
2487 4093 2551 4133 ac
2599 4080 2723 4133 vita:
2770 4080 3047 4150 gentibus,
3090 4079 3142 4133 in
3175 4080 3375 4149 quibus

1809 4168 1959 4223 stulti
1983 4168 2276 4236 conﬁdunt,
2302 4171 2558 4227 indicant.

1877 4256 1948 4310 Et
1974 4273 2090 4311 ecce
2112 4256 2301 4312 mulier
2327 4258 2594 4315 Cancrum
2618 4279 2650 4315 a
2678 4264 2869 4332 ﬁnibus
2888 4264 3241 4335 illis'egressa,
3270 4265 3380 4320 cia-

1808 4347 2161 4401 masitdieens
2180 4348 2261 4402 ei:
2310 4349 2558 4406 Miserere
2598 4354 2718 4418 mei,
2769 4353 3007 4421 Domine,
3061 4355 3140 4424 ﬁli
3183 4355 3374 4411 Dauid.

1809 4436 1953 4507 Bene
1970 4436 2185 4501 mulier,
2208 4451 2329 4507 qua:
2351 4437 2635 4494 Dominum
2662 4443 2879 4497 credula
2904 4454 3177 4512 precatur,
3203 4460 3234 4499 a
3258 4444 3379 4504 ﬁni-

1813 4525 1913 4589 bus
1937 4522 2043 4579 illis
2073 4539 2290 4597 egressa
2320 4526 2650 4595 perhibetur,
2690 4529 2814 4599 quia
2846 4530 2952 4586 nisi
3004 4532 3195 4601 prisca:
3241 4548 3376 4589 con-

1814 4614 2134 4669 versationis
2158 4602 2460 4670 habitacula
2481 4632 2619 4671 vana
2647 4617 2972 4687 reliquisset,
3008 4621 3076 4675 ad
3102 4620 3375 4677 Christum
3414 4611 3419 4621 ’

1811 4704 2047 4769 Ecclesia
2076 4721 2349 4775 nunquam
2372 4709 2717 4773 veniret,uisi
2742 4712 2893 4779 prius
2913 4712 3117 4783 antiqui
3152 4713 3375 4783 dogma-

1813 4804 1867 4850 ta
1894 4796 2400 4853 auathematizasset
2425 4800 2651 4866 erroris,
2676 4816 3014 4872 nequaquam
3043 4819 3235 4860 novam
3250 4804 3374 4859 ﬁdei

1813 4886 2086 4955 suscipere
2133 4888 2381 4958 gratiam.
2405 4899 2607 4946 nosset.
2640 4890 2907 4964 (Hierom)
2937 4894 3063 4950 inde
3088 4897 3238 4950 novit
3275 4912 3373 4954 vo-

1807 4972 1935 5031 ea‘re
1961 4976 2127 5031 ﬁlium
2149 4976 2340 5044 David,
2363 4978 2488 5049 quia
2508 4994 2719 5049 egressa
2738 4980 2851 5049 jam
2878 4982 3053 5039 fuerat
3078 4985 3149 5040 de
3176 4985 3375 5041 ﬁnibus

1806 5065 2023 5130 suis,et
2044 5079 2284 5121 errorem
2311 5068 2594 5139 Tyriorum
2624 5084 2686 5125 ac
2717 5070 3059 5129 Sidoniorum
3087 5064 3193 5130 loci
3219 5087 3285 5128 ac
3310 5076 3370 5129 li-

1808 5156 1894 5212 dei
1919 5160 2349 5225 commutatione
2367 5161 2664 5220 dimiserat.

1879 5245 2026 5303 Filia
2046 5265 2217 5315 meae
2235 5251 2492 5309 demetrio
2520 5257 2656 5311 male
2684 5268 2913 5312 vexatur.
2952 5259 3132 5332 (llam)
3177 5262 3375 5332 Typice

1810 5346 1991 5391 autem
2014 5338 2207 5403 mulier
2223 5339 2341 5395 bare
2364 5344 2603 5413 gentilis,
2630 5348 2725 5402 sed
2749 5362 2870 5401 cum
2915 5349 3018 5403 ﬁde
3065 5351 3133 5404 ad
3188 5348 3373 5405 Domi-

1812 5429 2181 5484 Imm-veniens
2208 5426 2523 5499 Ecclesitim,
2570 5428 2823 5507 ut'supra
2851 5438 3102 5505 diximus,
3132 5440 3377 5509 designat

1811 5514 1880 5570 de
1913 5517 2161 5587 gentibus
2201 5519 2503 5589 collectam,
2560 5540 2678 5594 qua:
2734 5543 2831 5597 pro
2877 5528 2983 5583 ﬁlia
3045 5529 3374 5586 daemoniaca

1810 5606 1981 5663 Deum
2002 5618 2173 5680 rogat,
2202 5625 2325 5667 cum
2350 5607 2448 5683 pro
2477 5616 2687 5685 populis
2711 5618 2842 5685 suis,
2874 5621 3101 5674 necdum
3148 5621 3374 5675 creden-

1811 5698 1974 5765 tibus,
2003 5709 2062 5754 ut
2090 5708 2143 5767 et
2171 5702 2272 5771 ipsi
2299 5718 2328 5757 a
2352 5704 2549 5760 diaboli
2582 5704 2857 5763 fraudibus
2886 5709 3248 5775 absolvantur,
3277 5725 3369 5764 su-
