3938 6320
520 373 620 427 979

1121 367 1177 421 Β.
1219 367 1466 423 BABANI
1508 370 1722 426 MAUIlI
1761 372 2073 437 ARCIIIEP.
2118 371 2420 428 MOGUNT.
2463 369 2744 429 OPERUM
2778 372 2954 429 PARS
2994 375 3031 428 l.

3656 381 3751 440 930

517 498 699 553 pernae
753 480 935 550 pietati
991 479 1272 548 supplicat.
1309 480 1440 534 Item
1467 480 1582 534 'ﬁlia
1616 480 1938 535 dmmoniosa
1982 496 2078 551 pro
2106 486 2154 544 Α
2183 481 2331 535 illum
2363 482 2505 535 venit
2533 481 2717 536 eadem
2760 482 2951 537 mulier
2973 495 3072 552 pro
3097 484 3204 538 ﬁlia
3231 502 3324 542 sua
3356 500 3589 560 rogans.
3631 489 3759 545 Mat-

518 587 622 643 qua
647 570 900 642 postulat,
937 569 1112 623 anima
1142 570 1391 637 quaelibet
1423 577 1505 623 est
1547 570 1595 621 in
1634 569 1871 624 Ecclesia
1928 573 2076 627 mali-

520 676 745 733 gnorum
775 660 944 730 magis
971 660 1250 729 spirituum
1285 656 1681 726 deceptionibus
1709 667 1868 727 quam
1895 661 2076 714 condi-

521 754 652 809 toris
695 753 776 807 sui
814 741 1114 820 mancipata
1151 733 1724 819 prmeeptisfProtjua
1757 760 1976 806 necesse
1997 760 2079 825 cst

518 843 760 899 Ecclesia
812 853 984 896 mater
1034 839 1315 892 Dominum
1361 839 1590 894 sollicita
1649 841 1969 910 interpellet,
2019 850 2077 895 ut

521 948 680 1002 quam
710 933 820 1001 ipsa
851 929 980 983 foris
999 911 1294 992 monendo,
1335 928 1684 995 obsecrando,-
1731 930 2074 1000 increpando,

518 1037 627 1080 non
657 1023 818 1094 valet,
849 1020 937 1074 ille
962 1020 1183 1074 interius
1204 1020 1512 1089 inspirando
1541 1016 1794 1090 corrigat,
1828 1029 1986 1091 atque
2011 1025 2078 1078 ab

522 1131 768 1172 errorum
823 1114 1059 1168 tenebris
1113 1128 1448 1188 conversam,
1487 1113 1552 1166 ad
1581 1113 1911 1182 agnitionem
1938 1129 2079 1170 verae

519 1205 652 1259 lucis
689 1204 908 1258 excitet.
938 1203 1069 1256 Item
1101 1201 1440 1270 tropologice,
1474 1201 1517 1255 si
1548 1202 1669 1271 quis
1693 1213 1934 1257 nostrum
1959 1219 2079 1259 con-

517 1294 799 1349 scientiam
823 1294 982 1347 habet
1012 1291 1267 1354 avaritite,
1299 1290 1566 1352 elationis,
1593 1306 1742 1344 vana:
1771 1292 1974 1362 gloriae,
2000 1294 2079 1345 in-

518 1367 864 1454 dignationis,
896 1381 1205 1444 iracundim,
1238 1379 1319 1434 vel
1343 1380 1553 1434 invidiae
1575 1375 1962 1437 ceterorumve
2005 1383 2080 1436 vi-

520 1474 714 1529 tiorum
745 1473 900 1528 sorde
930 1471 1206 1541 pollutam,
1238 1471 1398 1525 ﬁliam
1429 1472 1669 1540 profecto
1698 1459 1862 1528 habet
1882 1474 2018 1528 male
2049 1490 2077 1528 a

518 1563 784 1618 daemonio
815 1546 1082 1617 veiatam.
1116 1561 1222 1618 Pro
1251 1561 1402 1629 cujus
1437 1563 1714 1618 sanatione
1756 1565 1976 1633 supplex
2008 1566 2072 1619 ad

518 1653 804 1709 Dominum
855 1662 1055 1718 currat,
1111 1655 1233 1723 quia
1284 1654 1533 1708 nimirum
1585 1657 1962 1724 cogitationem
2015 1655 2104 1712 de'

520 1748 681 1802 corde
701 1746 1033 1816 progenitam
1064 1746 1321 1800 diabolica
1347 1746 1537 1801 tolerat
1558 1757 1672 1804 art‘e
1696 1750 2076 1805 dementatam.
2116 1785 2122 1793 -

2183 570 2231 625 ιι-
2244 574 2553 626 Ἑιιδιδιιιθηι
2587 580 2768 639 posset
2798 573 3011 641 quidem
3039 572 3192 628 lacile
3222 576 3451 649 intelligi
3497 580 3572 633 de
3602 581 3752 636 domu

2180 665 2430 727 tacuisse,
2459 665 2699 718 eamdem
2730 672 2907 718 tamen
2950 680 3064 719 rem
3116 679 3604 728 commemorasse.
3657 672 3753 729 Sed

2179 753 2430 821 quoniam
2455 752 2585 806 dicit
2598 752 2885 822 discipulos
2905 753 3131 809 Domino
3155 760 3521 825 suggessisse:
3549 759 3752 814 Dimitte

2179 843 2347 907 illam,
2373 844 2623 914 quoniam!
2646 843 2833 897 clamat
2859 844 2972 913 post
3016 861 3126 910 nos,
3167 837 3296 900 nihil
3343 848 3568 902 videtur
3615 851 3749 905 aliud

2170 933 2504 1004 signiﬁcare,
2534 941 2691 1004 quam
2717 945 2837 1005 post
2862 937 3219 992 ambulantem
3252 939 3540 993 Dominum
3567 942 3749 994 mulie-

2182 1038 2292 1076 rem
2329 1022 2470 1076 illam
2521 1023 2916 1092 deprecatorias
2965 1041 3124 1080 voces
3161 1027 3421 1082 emisisse.
3470 1024 3750 1094 Quomodo

2181 1127 2314 1182 ergo
2332 1113 2386 1166 in
2413 1113 2590 1176 domo,
2615 1113 2716 1167 nisi
2740 1115 2861 1181 quia
2884 1114 3280 1184 intelligendum
3301 1126 3387 1170 est
3410 1117 3750 1186 dixisse'qui-

2179 1202 2309 1255 denr
2332 1193 2588 1267 Murcuin,
2622 1205 2764 1270 quod
2810 1203 3092 1258 intraverit
3133 1205 3221 1259 ubi
3268 1212 3381 1283 erat
3419 1206 3605 1271 Iesus,
3635 1213 3746 1261 eum

2181 1295 2302 1344 eum
2330 1286 2665 1360 praidhlsset
2694 1291 2859 1347 fuisse
2890 1293 2942 1346 lit
2966 1293 3161 1348 domo?
3188 1293 3292 1349 Sed
3317 1296 3444 1364 quia
3469 1296 3748 1351 Matthreus

2183 1380 2256 1434 ait
2284 1396 2298 1433 :
2325 1377 2447 1433 Non
2472 1367 2729 1450 respondit
2755 1382 2801 1434 ei
2827 1381 3032 1434 uerbum
3053 1422 3067 1446 ,
3096 1383 3240 1437 dedit
3281 1391 3580 1453 agnoscere
3614 1386 3747 1454 quod

2184 1476 2339 1528 ambo
2362 1475 2660 1537 tacuerunt,
2693 1465 2748 1528 et
2793 1474 2844 1527 in
2867 1467 2957 1529 "eo
3003 1464 3212 1529 silentio
3252 1460 3534 1546 egressum
3589 1475 3747 1530 fuisse

2179 1565 2362 1619 Iesum
2394 1565 2458 1619 de
2484 1565 2642 1620 domo
2672 1564 2792 1630 illa;
2825 1569 2982 1633 atque
3026 1565 3098 1618 ita
3142 1572 3332 1619 castera
3365 1571 3743 1626 'conteXuntur,

2184 1669 2303 1724 quae.
2323 1653 2433 1722 jam
2461 1654 2514 1709 in
2541 1655 2687 1710 nullo
2709 1655 3036 1711 discordant.
3329 1721 3336 1726 ἢ

2255 1738 2374 1812 Ipse
2399 1750 2572 1797 autem
2598 1744 2907 1815 respondens
2948 1734 3019 1798 ait
3051 1762 3068 1797 :
3099 1745 3219 1800 Non
3249 1751 3362 1800 aut
3391 1747 3587 1800 minus
3606 1786 3620 1810 ,
3653 1748 3743 1798 nisi

517 1835 680 1905 Cujus
706 1836 1132 1890 emendationem
1175 1852 1204 1889 a
1256 1837 1345 1906 pio
1391 1838 1666 1894 conditore
1717 1842 1924 1896 crebris
1967 1842 2079 1896 imo
2108 1827 2153 1894 Β
2182 1836 2248 1889 ad
2279 1851 2391 1888 oves
2427 1850 2540 1904 qua:
2569 1834 2829 1904 perierunt
2853 1834 3036 1888 donius
3066 1823 3252 1890 Israel.
3282 1834 3396 1890 Nan
3425 1836 3576 1907 quod
3609 1844 3662 1891 et
3683 1836 3742 1889 ad

517 1927 790 1982 continuis
814 1928 971 1982 debet
1002 1925 1242 1998 ﬂagitare
1268 1928 1516 1985 lamentis
1546 1945 1608 1984 ac
1628 1932 1896 2000 precibus,
1913 1941 1971 1987 ut
1994 1949 2080 1989 sa-

519 2027 692 2093 netur.
731 2018 892 2085 Item,
914 2019 956 2071 si
987 2019 1107 2087 quis
1137 2019 1274 2072 bona
1307 2034 1425 2089 qua:
1453 2013 1620 2089 gessit
1659 2021 1796 2078 forte
1835 2022 2077 2100 periurii,

519 2106 668 2170 furti,
699 2107 1061 2176 blasphemiae,
1093 2109 1461 2175 detractionis,
1492 2111 1640 2174 rixae,
1670 2112 1752 2166 vel
1783 2114 1942 2178 etiam
1966 2131 2080 2170 cor-

517 2196 717 2264 poralis
756 2197 1106 2251 immunditire
1150 2208 1535 2254 czeterorumve
1577 2202 1877 2271 hujusntodi
1931 2209 2082 2276 peste

445 2352 453 2356 _
519 2285 761 2351 fmdavit,
794 2285 954 2340 ﬁliam
989 2288 1150 2343 habet
1177 2289 1433 2345 immundi
1463 2292 1684 2362 spiritus
1722 2294 1878 2349 furiis
1912 2297 2080 2367 agita-

522 2385 628 2429 tam
659 2395 670 2429 :
702 2377 824 2444 quia
858 2376 1106 2432 videlicet
1147 2379 1410 2433 actionem
1442 2391 1600 2448 quam
1632 2382 1768 2437 bene
1791 2383 2082 2439 laborando

519 2467 779 2534 ediderat,
799 2471 910 2538 jam
939 2469 1134 2524 diaboli
1163 2469 1438 2526 fraudibus
1473 2473 1632 2527 stulte
1657 2464 2083 2531 serviendo'dis-

518 2559 768 2625 perdidit.
799 2560 1028 2628 Ideoque
1053 2576 1273 2615 necesse
1300 2562 1420 2616 talis
1452 2573 1508 2616 ut
1529 2572 1736 2637 reatum
1774 2574 1936 2620 suum
1986 2582 2080 2622 'co-

519 2649 789 2716 gnoverit,
842 2664 963 2702 mox
1027 2648 1092 2702 ad
1149 2664 1336 2718 preces
1389 2651 1760 2722 lacrymasque
1781 2654 2079 2726 confugiat,

521 2747 940 2808 sanctorumque
968 2739 1155 2793 creber
1183 2741 1595 2797 intercessiones
1621 2752 1674 2797 et
1714 2746 1914 2799 auxilia
1937 2747 2082 2815 quaa-

521 2837 624 2881 rat.
651 2826 935 2906 .chttitur.
1174 2841 1176 2843 ‘

591 2920 693 2985 Qui
736 2936 838 2973 non
883 2920 1141 2991 respondit
1177 2922 1224 2974 ei
1272 2923 1496 2976 verbum.
1544 2922 1816 2996 ’(Ηὶενὸη.)
1868 2924 1979 2981 an
2018 2928 2084 2982 de

483 3071 485 3074 ι
518 3010 768 3079 superbia
799 3008 1103 3064 Pharisaica
1125 3051 1140 3075 ,
1170 3025 1270 3064 nec
1316 3009 1724 3085 del/scribarum
1776 3015 2081 3084 supercilio,

518 3099 612 3154 sed
646 3114 712 3153 ne
751 3099 862 3168 ipse
903 3101 1181 3154 sententiae
1210 3115 1319 3154 suae
1349 3101 1619 3157 videretur
1646 3103 2084 3174 contrarius,per
2127 3166 2132 3170 ,

2178 1933 2363 1994 gentes
2400 1934 2506 1979 non
2539 1923 2734 1979 missus
2774 1923 2862 1988 sit,
2895 1925 2990 1979 sed
3018 1923 3158 1993 quod
3183 1925 3418 1994 primum
3467 1926 3537 1982 ad
3589 1926 3742 1981 Israel

2177 2014 2374 2069 missus
2405 2014 2493 2078 sit,
2520 2022 2583 2068 ut
2635 2013 2739 2068 illis
2783 2019 2888 2068 non
2939 2013 3316 2083 recipientibus
3357 2015 3741 2087 Evangelium,

2172 2101 2317 2171 justa
2348 2100 2500 2156 ﬁeret
2521 2101 2585 2154 ad
2608 2109 2796 2170 gentes
2820 2102 3223 2172 transmigratio
3257 2100 3393 2170 ejus.
3436 2103 3505 2156 Et
3551 2103 3744 2174 signiﬁ-

2179 2193 2365 2245 Canter
2393 2190 2526 2245 dixit
2552 2207 2566 2243 :
2598 2191 2678 2243 Ad
2703 2198 2816 2245 ore:
2847 2192 3077 2261 perdita".
3105 2192 3293 2246 domus
3339 2191 3527 2256 Israel,
3579 2204 3636 2248 ut
3678 2209 3739 2248 ex

2136 2286 2137 2290 ‘
2179 2281 2282 2334 hoc
2309 2279 2427 2335 loco
2457 2275 2618 2335 etiam
2663 2288 2823 2334 unam
2850 2288 3132 2336 erronem
3160 2285 3315 2336 ovem
3341 2283 3406 2338 de
3445 2284 3549 2338 alia
3589 2289 3741 2355 para-

2179 2368 2298 2423 bula
2329 2368 2705 2439 intelligamus.

2250 2454 2313 2511 Αι
2333 2457 2424 2511 illa
2446 2457 2600 2521 venit,
2615 2467 2662 2511 et
2683 2458 3069 2534 adoraviteum,
3086 2459 3278 2523 dicens,
3299 2459 3536 2525 Domine,
3553 2462 3737 2530 adjura

2180 2563 2277 2600 me.
2309 2546 2534 2619 (illum)
2564 2542 2700 2613 Quid
2724 2555 2804 2603 est
2826 2549 2967 2616 quod
2996 2548 3210 2614 dicitur,
3235 2541 3300 2601 At
3326 2549 3422 2602 illa
3451 2551 3735 2617 reuincam

2182 2647 2306 2692 ante
2343 2639 2459 2706 ipsa
2486 2634 2684 2708 legitur
2718 2639 2784 2692 ad
2833 2637 3164 2694 Salvatorem
3215 2632 3377 2708 loqui.
3407 2646 3470 2692 et
3497 2649 3600 2708 pro
3636 2640 3735 2692 ﬁlia

2182 2727 2432 2797 rogasse?
2478 2725 2586 2781 sed
2622 2728 2750 2796 quia
2796 2737 2922 2783 turre
2960 2738 3086 2798 post
3128 2729 3308 2783 Iesum
3357 2729 3626 2792 clamavit,
3657 2744 3737 2784 sc-

2180 2817 2390 2885 quendo
2419 2819 2565 2871 nunc
2583 2818 2744 2882 venit,
2766 2819 2820 2872 id
2842 2813 2946 2884 est,
2970 2804 3257 2874 consecuta
3285 2830 3388 2884 est,
3416 2824 3472 2872 et
3501 2819 3734 2872 adoravit

2182 2920 2302 2960 eum
2328 2907 2512 2961 dicens
2541 2926 2553 2960 :
2584 2907 2825 2973 Domine,
2856 2909 3051 2978 adjuva
3074 2924 3178 2962 me.

2254 2999 2354 3064 Qui
2383 3001 2708 3070 respondens,
2732 3002 2804 3054 ait
2835 3014 2852 3051 .'
2889 3000 3007 3054 Non
3027 3012 3101 3054 est
3129 3001 3316 3054 bonum
3338 3015 3540 3055 sumere
3561 3013 3734 3072 panem

2182 3094 2410 3162 ﬁliorum
2459 3103 2506 3148 ‘e't
2536 3097 2734 3148 mittere
2774 3095 3004 3148 canibus.
3042 3094 3109 3147 At
3139 3093 3231 3146 illa
3266 3095 3336 3146 ait
3368 3108 3385 3145 :
3416 3090 3616 3160 Etiam,
3641 3095 3737 3148 Do-

520 3204 679 3259 quam
710 3189 948 3259 jusserat
981 3189 1092 3246 :,ln
1136 3191 1268 3244 riam
1297 3194 1520 3260 gentium
1552 3209 1613 3245 ne
1642 3193 1904 3257 abieritis,
1936 3205 1984 3249 et
2019 3197 2080 3249 'irt

2185 3185 2337 3250 mine,
2364 3193 2488 3238 nam
2518 3193 2567 3237 et
2603 3183 2773 3265 catelli
2807 3184 2964 3238 edunt
3002 3184 3067 3237 de
3104 3185 3253 3236 micis
3289 3191 3407 3252 qua:
3452 3185 3641 3237 cadunt
3679 3182 3734 3233 de

458 3347 464 3353 .
489 3328 492 3332 ,
521 3278 748 3330 civitates
776 3277 1225 3331 Samaritanorum
1256 3294 1317 3331 ne
1345 3279 1656 3334 intraveritis
1683 3278 1829 3352 (Sap.
1863 3281 1939 3345 ι).
1972 3281 2081 3336 No-

517 3366 663 3420 lebat
696 3367 839 3421 enim
879 3367 1232 3432 occasionem.
1261 3368 1735 3426 calumniatoribus
1778 3370 2080 3442 dare,‘per-

516 3455 820 3526 fectamque
840 3456 1064 3511 salutem
1100 3458 1334 3528 gentium
1364 3460 1623 3529 passionis
1654 3466 2084 3520 et-reSurrectio-

452 3570 457 3574 ι
518 3549 604 3604 nis
633 3549 859 3626 tempori
909 3551 1231 3626 reservabat.
1278 3544 1456 3623 (Rm)
1495 3552 1712 3623 Mystice
1737 3557 1991 3610 autem's‘i
2014 3557 2082 3611 ad

472 3714 476 3718 ἥ
515 3639 719 3705 primas
751 3625 997 3707 rogantes
1017 3639 1268 3694 Ecclesiae
1293 3640 1555 3712 lacrymas
1579 3645 1835 3700 Dominus
1858 3661 2080 3716 respon-

519 3733 663 3795 dere,
696 3733 748 3787 id
782 3743 887 3803 est,
917 3735 1234 3802 postulatam
1264 3737 1568 3790 errantibus
1596 3737 1904 3807 sospitate'm
1934 3745 2084 3795 men-

519 3824 589 3878 tis
616 3824 747 3878 dare
786 3817 1071 3886 distulerit,
1099 3839 1198 3897 nec
1233 3825 1310 3878 sic
1345 3826 1560 3894 quidem
1590 3825 1907 3896 appetendo,
1939 3842 2083 3897 qua:-

519 3914 709 3980 rendo,
731 3912 1009 3984 pulsando,
1043 3915 1404 3970 desistendum
1435 3926 1536 3980 est,
1561 3932 1732 3986 neque
1762 3918 2082 3988 impetrandi

514 4005 793 4061 subeunda
830 4006 1162 4074 desperatio,
1199 4006 1290 4061 sed
1323 4014 1468 4060 tanta
1514 4007 1692 4076 potius
1735 4019 2084 4077 perseveran-

515 4097 642 4151 dum
681 4097 957 4160 instantia,
989 4104 1096 4148 tam
1127 4095 1396 4149 obstinato
1436 4095 1854 4164 frequentandus
1902 4098 2082 4153 amore

516 4188 786 4261 Salvator,
807 4196 1014 4240 tantum
1039 4187 1199 4239 etiam
1227 4193 1534 4240 sanctorum
1555 4176 1670 4255 eius
1694 4187 1832 4241 inter
1859 4187 2085 4243 letanias

513 4276 848 4356 apppetenda
874 4274 1144 4347 suﬁ‘ragia,
1175 4275 1344 4329 donec
1366 4274 1422 4328 et
1459 4275 1558 4344 ipsi
1585 4277 1648 4330 de
1679 4275 1831 4330 cmlis
1858 4277 2084 4330 Domino

431 4376 435 4383 '
513 4383 610 4437 pro
637 4365 1243 4433 audiendasupplicent
1283 4364 1552 4430 Ecclesia;
1598 4368 1785 4437 sicque
1825 4366 1887 4420 ﬁt
1935 4368 1994 4421 ut
2039 4367 2084 4421 si

513 4466 747 4519 mentem
781 4454 848 4508 ab
883 4456 1175 4508 intentione
1203 4455 1469 4524 proposita
1503 4471 1607 4509 non
1637 4459 1947 4523 mutaverit,
1984 4454 2079 4513 ne-

501 4533 781 4615 quaquam
812 4532 984 4609 (ructu
1021 4545 1292 4615 petitionis
1343 4546 1635 4609 fraudetur,
1687 4549 1781 4602 sed
1827 4549 1938 4603 sive
1982 4564 2082 4619 pro
2109 4526 2160 4585 D

513 4655 609 4693 sua
637 4637 926 4708 fragilitate
949 4638 1089 4706 quis,
1117 4654 1209 4692 seu
1237 4653 1334 4707 pro
1359 4638 1477 4693 aliis
1501 4638 1848 4695 intervenerit
1875 4640 2082 4695 deside-

515 4744 631 4786 ran
661 4732 897 4800 potiatur
919 4728 1128 4783 ell‘ectu.

586 4825 650 4878 Et
684 4810 981 4879 accedentes
1007 4821 1250 4890 discipuli
1271 4823 1382 4890 ejus
1405 4823 1656 4892 rogabant
1677 4839 1792 4876 eum
1807 4823 2038 4877 dicentes
2062 4839 2080 4876 :

484 4933 488 4937 '
512 4900 725 4978 Dimitte
752 4932 864 4968 eam
883 4955 898 4978 ,
927 4915 1050 4984 quia
1079 4911 1271 4966 clamat
1298 4921 1409 4980 post
1439 4928 1552 4965 nos.
1587 4912 1858 4983 (Ηὶενοη.)
1879 4943 1882 4945 λ
1905 4913 2078 4966 ῡίεοίς

510 5005 618 5073 puli
647 5003 736 5058 ille
765 5003 942 5064 adhuc
968 5011 1206 5071 tempore
1241 4996 1492 5070 mysteria
1522 5001 1733 5054 Domini
1762 5000 2082 5068 nescientes,

514 5097 594 5152 vel
639 5081 1018 5157 misericordia.
1047 5094 1323 5157 commoti,
1374 5094 1632 5163 rogabant
1677 5107 1775 5162 pro
1825 5091 2084 5146 Cananaza

511 5187 758 5251 muliere,
782 5198 942 5255 quam
981 5183 1114 5236 alter
1135 5182 1457 5253 evangelista
1493 5181 1962 5252 Syrophmnissam
1988 5197 2083 5251 ap-

510 5279 691 5350 pellat,
722 5277 802 5346 vel
843 5273 1244 5346 importunitate
1278 5274 1392 5343 ejus
1421 5288 1606 5328 carere
1636 5273 1936 5341 cupientes,
1960 5272 2082 5340 quia

510 5387 617 5426 non
648 5377 706 5423 ut
731 5365 1186 5431 clementemg‘sed
1216 5373 1274 5418 ut
1305 5366 1493 5419 durum
1530 5363 1795 5419 medicum
1838 5361 2080 5416 crebrius

512 5462 845 5517 inclamaret.
875 5458 987 5512 lloc
1014 5459 1081 5512 de
1122 5456 1345 5511 muliere
1375 5454 1636 5509 Cananaea
1666 5455 1829 5509 etiam
1874 5452 2080 5508 Marcus

510 5558 931 5613 commemorat,
994 5548 1238 5601 eumdem
1286 5560 1463 5600 rerum
1515 5553 1782 5615 gestarum
1834 5542 2079 5598 ordinem

510 5625 755 5707 scri'ans,
789 5655 886 5696 nec
912 5639 1144 5693 aﬂ'erens‘
1169 5638 1404 5706 aliquam
1436 5635 1801 5704 repugnantia:
1829 5632 2080 5702 quaestio-

513 5751 657 5803 nem,
696 5735 794 5790 nisi
822 5733 963 5805 quod
996 5734 1055 5786 in
1078 5734 1234 5800 domo
1259 5730 1385 5785 dicit
1411 5725 1578 5783 fuisse
1606 5715 1982 5793 Domini,cum
2014 5728 2078 5781 ad

2186 3281 2363 3326 mensa
2388 3272 2714 3325 uiantium-um
2743 3284 2975 3325 suorum.
3015 3270 3278 3342 (Ηίενοη.)
3323 3270 3457 3324 Mira
3481 3272 3579 3325 sub
3625 3284 3740 3339 per-

2186 3376 2314 3420 sona
2345 3359 2594 3440 [mulieris
2614 3364 2950 3419 Cananitidis
2988 3362 3240 3418 Ecclesiae
3277 3362 3435 3427 ﬁdes,
3466 3363 3733 3430 patientia,

2185 3456 2459 3517 humilitas
2485 3455 2808 3525 prmdicatur
2856 3469 2870 3507 :
2916 3454 3048 3507 ﬁdes
3088 3464 3191 3522 qua
3231 3452 3523 3506 crediderit
3569 3451 3734 3505 sanari

2184 3551 2340 3617 posse
2361 3547 2526 3599 ﬁliam
2548 3550 2731 3607 suam,
2781 3544 3039 3612 patientia
3088 3553 3192 3612 qua
3237 3543 3398 3606 toties
3439 3549 3734 3608 contempta

2184 3637 2236 3690 in
2249 3636 2506 3706 precibus
2529 3641 2835 3702 perseverat
2854 3649 2868 3697 ;
2889 3631 3164 3686 humilitas
3182 3646 3287 3700 qua
3303 3645 3486 3684 senon
3501 3629 3736 3690 canibus,

2185 3724 2279 3782 Sed
2305 3726 2495 3781 catulis
2522 3732 2811 3794 comparat.
2847 3723 3018 3778 Canes
3055 3730 3232 3775 autem
3281 3718 3482 3774 ethnici
3529 3726 3740 3787 propter

2186 3818 2539 3874 idololat'riam
2569 3817 2839 3879 dicuntur,
2863 3815 2952 3893 (ηιξ
2979 3813 3091 3868 esui
3139 3811 3416 3895 sanguinis
3463 3809 3652 3871 dediti,
3694 3817 3740 3860 et

2185 3907 2535 3964 cadaveribus
2565 3913 2896 3962 mortuorum
2947 3903 3192 3958 feruntur
3239 3903 3294 3956 in
3336 3901 3568 3954 rabiem.
3617 3899 3740 3952 Nota

2183 4001 2325 4070 quod
2369 4001 2471 4054 ista
2516 3999 2770 4053 'Cananea
2821 4003 3228 4066 perseveranter
3283 3994 3519 4063 primum
3585 3991 3739 4044 tilium

2164 4091 2370 4153 .David,
2400 4089 2591 4144 deinde
2617 4088 2897 4142 Dominum
2927 4094 3099 4148 vocet,
3127 4094 3184 4140 et
3205 4086 3270 4139 ad
3291 4093 3596 4138 extremum
3624 4083 3741 4135 ado-

2185 4190 2289 4246 ret,
2313 4189 2373 4234 ut
2398 4179 2583 4233 Deum.
2630 4177 2753 4232 Scio
2790 4192 2895 4241 me,
2919 4173 3120 4245 inquit,
3149 4174 3377 4229 ﬁliorum
3412 4189 3611 4244 panem
3642 4187 3740 4226 non

2187 4273 2402 4337 mereri,
2435 4285 2533 4325 nec
2560 4271 2794 4340 integros
2821 4282 3013 4337 capere
3040 4281 3198 4337 posse
3224 4266 3371 4321 cibos
3389 4306 3406 4331 ,
3433 4279 3532 4320 nec
3566 4265 3745 4320 sedere

2185 4363 2250 4416 ad
2280 4370 2527 4417 mensam
2556 4374 2675 4414 cum
2703 4356 2878 4430 patre,
2906 4358 3000 4412 sed
3046 4363 3294 4412 contenta
3337 4371 3456 4410 sum
3508 4355 3740 4424 reliquiis

2186 4453 2507 4518 catulorum,
2536 4460 2594 4504 ut
2618 4450 2919 4505 humilitate
2962 4449 3220 4502 micarum
3257 4445 3325 4500 ad
3358 4446 3515 4514 panis
3558 4446 3742 4515 integri

2186 4547 2394 4601 veniam
2441 4541 2875 4613 magnitudinem.
2908 4539 2952 4594 Ο
3003 4537 3136 4592 mira
3193 4550 3372 4591 rerum
3423 4535 3737 4589 conversio!

2184 4638 2348 4693 Israel
2370 4636 2636 4704 quondam
2659 4632 2821 4696 illitis,
2845 4646 2942 4686 nos
2962 4643 3140 4692 canes,
3157 4642 3252 4698 pro
3287 4625 3598 4681 diversitate
3625 4622 3739 4677 ﬁdei

2185 4729 2316 4782 ordo
2340 4725 2615 4779 nominum
2639 4720 3024 4777 commutatur!
3059 4717 3134 4772 De
3167 4718 3271 4771 illis
3290 4723 3476 4785 postea
3505 4714 3701 4769 dicitur
3728 4732 3738 4764 :

2186 4817 2647 4874 Circumdederttnt
2675 4831 2753 4867 me
2775 4829 2926 4866 canes
2951 4809 3101 4863 multi
3142 4807 3312 4874 (Psal.
3339 4806 3474 4876 ut).
3504 4805 3572 4858 Et
3607 4824 3618 4856 :
3660 4801 3742 4854 Υἱ-

2184 4912 2298 4964 dcte
2326 4920 2499 4970 Canes,
2520 4905 2683 4959 videte
2711 4901 2873 4956 malos
2914 4901 3193 4970 operarios,
3222 4897 3382 4951 videte
3407 4894 3738 4949 concirionem

2191 4998 2408 5071 (Philip.
2441 4996 2542 5068 III).
2574 4996 2649 5048 De
2676 4995 2830 5049 nobis
2852 5008 2879 5045 a
2910 4993 3100 5045 latratu
3144 4987 3488 5056 blasphemia:
3529 4993 3738 5040 contra-

2186 5090 2440 5145 dictionis
2463 5087 2529 5142 ad
2551 5086 2767 5157 pietatis
2796 5083 3022 5154 gratiam
3053 5079 3325 5135 conversis
3354 5077 3469 5148 ipse
3508 5075 3630 5131 alibi
3661 5075 3737 5128 di-

2185 5180 2261 5234 cit
2290 5197 2302 5232 :
2334 5178 2401 5232 Et
2427 5177 2560 5231 alias
2601 5193 2713 5229 oves
2740 5174 2918 5234 habeo,
2952 5187 3067 5241 qua:
3097 5186 3199 5223 non
3231 5177 3351 5222 sunt
3384 5183 3448 5221 ea:
3481 5166 3575 5219 hoc
3604 5163 3737 5225 ouili,

2184 5281 2230 5322 et
2254 5268 2372 5321 illas
2399 5276 2592 5335 oportet
2625 5280 2706 5317 me
2733 5263 3012 5325 adducere,
3046 5271 3091 5314 et
3124 5273 3294 5314 vocem
3329 5272 3498 5310 meam
3537 5253 3739 5307 audient

2185 5357 2364 5430 (Joan.
2390 5354 2465 5427 κ).
2498 5353 2798 5408 Notandum
2848 5365 2976 5404 sane
3015 5349 3157 5418 quod
3199 5347 3426 5416 mystice
3478 5342 3735 5411 loquitur.

2181 5447 2407 5502 credens
2438 5460 2501 5498 ex
2543 5441 2787 5513 gentibus
2833 5440 3054 5504 mulier,
3082 5439 3206 5506 quia
3233 5435 3404 5490 catelli
3438 5433 3538 5486 sub
3566 5444 3738 5486 mensa

2181 5537 2467 5593 comedunt
2488 5536 2554 5590 de
2576 5535 2728 5588 micis
2753 5547 3062 5602 puerorum.
3091 5529 3269 5582 Mensa
3285 5526 3480 5595 quippe
3495 5531 3579 5579 est
3607 5519 3743 5576 Scri-

2180 5638 2335 5699 ptura
2367 5634 2574 5689 sancta,
2603 5639 2722 5694 qua:
2750 5623 2905 5679 nobis
2930 5634 3122 5690 panem
3151 5617 3273 5671 vitae
3301 5616 3592 5670 ministrat.
3618 5609 3744 5663 llinc

2184 5723 2378 5778 etenim
2401 5721 2529 5776 dicit
2561 5719 2794 5776 Ecclesia
2821 5736 2832 5770 :
2865 5713 3074 5769 Parasti
3099 5712 3148 5766 in
3177 5717 3445 5778 conspectu
3472 5719 3582 5757 meo
3610 5711 3740 5754 ηιτηο
