3938 6340
158 400 262 454 981

157 525 283 565 sam
310 511 551 564 adversus
578 521 661 557 eos
680 505 767 573 qui
802 502 1051 559 tribulant
1080 519 1177 555 me
1197 498 1365 571 (Psal.
1390 489 1522 565 xxii)

159 612 455 669 puerorum
478 572 699 648 interna
722 603 844 648 sunt
870 590 1118 662 mysteria
1151 590 1569 659 Scripturarum,
1600 572 1753 651 (ιυὶέ
1822 574 1953 628 alios
1990 573 2200 669 multos.

1114 387 1460 445 COMMENT.
1500 384 1567 438 IN
1605 350 2031 436 nummum
2071 404 2138 415 -
2178 373 2301 427 ue.
2341 370 2400 424 v.

1533 534 1545 546 .
1574 492 1720 546 Mica:
1747 496 1793 552 Α
1822 478 2074 539 ducentes
2121 495 2301 539 secum
2346 486 2539 541 mutos,
2583 490 2783 540 cmcos,
2819 473 3053 536 claudos,
3086 472 3288 528 debiles
3326 480 3381 528 et

3283 369 3386 426 989

2233 569 2365 636 Quia
2390 581 2481 624 eos
2522 565 2613 636 qui
2657 564 3004 619 confessionis
3052 563 3275 631 verbum
3328 563 3379 618 in

1358 640 1567 744 quibus,
1590 640 1722 723 alias
1822 676 1916 718 ore
1962 677 2067 717 non
2096 662 2389 725 habebant,
2418 658 2502 714 vel
2530 672 2664 727 quos
2694 654 2978 745 inﬁdelitas
3022 640 3262 719 calcavit,
3292 667 3386 707 seu

162 744 373 832 sancta:
421 749 667 827 Ecclesiae
714 750 1062 841 promittitur,
1093 766 1302 839 dicente
1343 762 1607 832 Propheta
1660 760 1723 814 de
1823 753 2035 807 demum
2067 749 2214 820 pravi
2251 750 2426 841 operis
2453 748 2837 841 claudicantes,
2868 744 3149 841 sive-quos
3194 758 3386 817 pecca-

163 869 401 925 Domino
434 884 444 920 :
474 864 577 932 Qui
599 865 768 935 posuit
802 862 929 929 ﬁnes
953 870 1066 913 tuos
1088 874 1287 929 pacem,
1328 865 1373 909 et
1417 854 1566 907 adipe
1613 851 1726 920 fru—

162 954 334 1009 menti
358 955 554 1008 satians
581 961 627 1005 te
657 949 825 1021 (Psal.
850 947 1067 1018 cum).
1100 944 1215 999 Non
1244 957 1371 1017 ergo
1399 941 1611 1002 cristas,
1633 936 1727 1005 sed

1826 853 2000 898 torum
2025 842 2235 897 sarcina
2264 839 2465 894 debiles
2490 832 3079 911 reddidit,evangelicis
3106 834 3391 904 documen-
3492 834 3495 837 ’

1827 934 1895 987 tis
1917 933 1981 986 ad
2008 932 2164 987 ﬁdem
2184 937 2585 987 convertuntur.
2611 929 2820 997 Eosque
2836 928 2909 999 ad
2935 927 3097 998 pedes
3119 924 3247 983 Iesu
3267 939 3392 995 pro-

166 1045 344 1099 micas
365 1044 429 1097 de
455 1057 590 1112 pane
610 1015 893 1111 puerorum
922 1015 1085 1091 edunt
1113 1015 1457 1103 catelli,'quia
1484 1024 1727 1082 conversi
1818 1019 2031 1088 jiciunt,
2055 1018 2178 1089 quia
2208 1025 2425 1112 peccata
2447 1032 2540 1072 sua
2580 1016 3041 1112 conﬁtentes,_ipsi
3063 1016 3162 1112 soli
3191 1015 3393 1112 media-

165 1136 236 1188 ad
267 1134 449 1197 ﬁdem,
477 1133 566 1201 qui
596 1139 747 1186 erant
771 1128 1006 1199 despecti
1035 1128 1085 1180 in
1106 1125 1371 1197 gentibus,
1404 1136 1506 1175 non
1539 1119 1735 1174 litterae

166 1223 510 1295 superﬁciem
536 1222 587 1276 in
612 1218 926 1288 Scripturis,
946 1217 1038 1271 sed
1062 1212 1351 1284 spiritalem
1374 1222 1609 1271 sensum,
1624 1220 1729 1277 quo

165 1316 223 1369 in
256 1315 412 1371 benis
441 1311 649 1367 actibus
681 1306 941 1380 proﬁCere
970 1306 1203 1368 valeant,
1228 1302 1519 1372 inquirunt.
1544 1297 1611 1354 Et
1632 1295 1736 1351 hoc

164 1406 271 1459 sub
296 1418 481 1459 mensa
507 1402 843 1457 dominorum
896 1411 1143 1459 suorum,
1194 1394 1316 1448 dum
1365 1388 1544 1447 verbis
1591 1387 1729 1445 sacri

163 1492 369 1563 eloquii
397 1492 667 1561 humiliter
692 1487 888 1545 subditi
924 1487 991 1541 ad
1031 1483 1293 1555 implenda
1321 1494 1437 1551 quae
1464 1483 1731 1551 pracepta

164 1591 524 1649 sunt,cuncta
552 1582 633 1636 sui
660 1581 835 1636 cordis
862 1586 917 1635 et
943 1572 1378 1647 corporisollicia
1409 1573 1730 1640 supponunt,

164 1684 438 1746 quatenus
466 1673 532 1728 ad
559 1672 819 1744 speranda
850 1684 967 1738 quae
1006 1682 1035 1721 ει
1075 1662 1300 1735 Domino
1321 1659 1584 1731 promissa
1611 1664 1736 1746 sunt

163 1744 392 1833 praemia
421 1763 475 1817 in
506 1760 655 1817 ctelis
691 1758 881 1814 merito
921 1771 980 1811 se
1023 1753 1220 1813 debita:
1267 1747 1583 1824 humilitatis
1630 1744 1736 1800 eri-

164 1863 321 1927 gant.
500 1866 504 1870 Α

243 1942 389 1997 Tunc
411 1941 718 2013 respondens
740 1937 894 1993 Iesus
914 1978 928 2003 ,
956 1938 1042 1989 ait.
1062 1933 1138 1988 illi
1172 1948 1191 1986 :
1226 1931 1269 1986 0
1297 1929 1520 2009 mulier,
1543 1943 1731 1999 magna

154 2042 242 2087 est
265 2031 397 2101 ﬁdet
426 2038 516 2085 tua
533 2046 553 2095 ;
580 2030 674 2099 ﬁat
703 2028 815 2092 tibi,
848 2029 981 2081 sicut
1007 2026 1099 2079 vis.
1127 2020 1348 2095 (Μλωι.)
1378 2019 1434 2074 ln
1465 2018 1566 2075 hac
1607 2032 1733 2086 ergo

166 2120 584 2193 Syropbtenissa
619 2118 867 2174 laudatur
897 2115 1027 2169 ﬁdes
1069 2112 1338 2188 gentium,
1377 2123 1496 2180 quae
1541 2106 1734 2164 merito
1796 2178 1798 2182 _

167 2186 363 2284 magna
386 2211 599 2275 dicitur,
626 2208 749 2285 quia
780 2222 900 2262 cum
947 2219 1047 2262 nec
1089 2204 1205 2273 lege
1234 2186 1449 2259 iuerint
1495 2198 1731 2259 imbutas,

164 2315 271 2356 uec
297 2300 515 2369 vocibus
542 2298 920 2370 prophetarum
964 2295 1260 2357 instructae,
1288 2290 1355 2355 ad
1397 2287 1733 2360 praedicatio-

166 2401 292 2451 nem
324 2402 450 2441 mox.
484 2384 842 2454 apostolorum
877 2381 944 2436 ab
971 2380 1157 2439 auditu
1185 2378 1329 2433 auris
1378 2372 1692 2433 ebedierunt
1719 2415 1733 2440 ,
1784 2430 1789 2433 λ

165 2478 438 2547 ﬁdemque
453 2462 650 2533 sanctae
662 2476 941 2535 Trinitatis
955 2474 1115 2532 corde
1126 2472 1341 2537 credulo
1358 2476 1732 2541 perceperunt,

166 2570 449 2636 ipsamque
476 2566 632 2637 ﬁdem
652 2566 930 2636 condignis
948 2565 1198 2634 operibus
1214 2563 1552 2631 edomantes,
1568 2573 1735 2629 usque

166 2661 240 2717 ad
271 2665 499 2712 mortem
542 2655 847 2727 inviolatam
887 2669 1105 2712 servare
1144 2652 1478 2721 studuerunt.
1508 2648 1737 2723 Ideoque

165 2736 463 2817 perfcclam
475 2744 695 2821 salutem
718 2745 817 2805 sibi
839 2737 1058 2813 suisque
1088 2744 1376 2819 impetrare
1402 2746 1730 2813 meruerunt.

171 2832 330 2897 Unde
355 2842 411 2890 et
437 2833 715 2901 subditur:
881 2898 884 2905 ἢ
1429 2860 1433 2864 ,

240 2926 314 2981 Et
342 2934 529 2983 sanata
546 2934 625 2992 est
649 2923 763 2992 ﬁlia
784 2924 897 2993 ejus
924 2939 987 2977 ea:
1009 2923 1108 2979 illa
1132 2923 1281 2981 liora.
1314 2921 1541 2992 Propter
1566 2919 1738 2981 humi-

168 3017 281 3074 lem
325 3015 573 3093 videlicet
603 3001 808 3093 matris
848 3014 1162 3091 ﬁdelemque
1213 3027 1541 3079 sermonem,
1569 3011 1732 3068 ﬁliam

167 3104 773 3183 desemitﬁdtemonlum.
805 3104 909 3175 .Ubi
955 3103 1113 3160 datur
1153 3103 1461 3173 exemplum
1499 3102 1735 3182 catechi-

169 3193 331 3261 ιλιιάί
350 3182 418 3257 θῑί
437 3180 739 3273 baptizandi
766 3191 1017 3257 infantes,
1039 3192 1162 3261 quia
1186 3191 1431 3273 videlicet
1456 3180 1732 3261 perﬁdem

168 3290 227 3337 et
247 3269 643 3361 confessionem
666 3292 947 3355 parentum
978 3281 1033 3334 in
1069 3276 1342 3350 baptismo
1378 3272 1673 3342 liberantur
1703 3296 1734 3333 a

166 3372 629 3449 diaboloparyuli,
648 3374 736 3444 qui
764 3374 988 3440 necdum
1004 3389 1113 3443 per,
1125 3388 1182 3430 se
1208 3361 1415 3449 sapere,
1430 3373 1513 3449 vel
1539 3364 1736 3447 aliquid

168 3477 333 3536 agere
354 3464 484 3519 boni
502 3448 756 3533 possunt,
786 3471 879 3518 aut
900 3452 1043 3517 mali.
1266 3448 1273 3458 ’
1453 3448 1458 3455 ’
1622 3454 1627 3458 ’

431 3552 499 3633 Et
516 3568 632 3621 cum
657 3554 942 3633 transisset,
948 3554 1065 3608 inde
1086 3552 1406 3620 Iesus,venit
1429 3569 1574 3615 secus
1595 3568 1737 3608 mare

168 3630 429 3716 Galilpre,
456 3630 504 3704 et
529 3644 808 3721 ascendens
837 3645 890 3722 in
915 3630 1158 3711 montem.
1181 3644 1384 3712 sedebat
1539 3643 1736 3705 Notan-

172 3729 300 3817 dum
328 3733 621 3804 ergo.un
640 3748 750 3815 non
774 3733 889 3813 sine
910 3734 1088 3817 magni
1115 3733 1355 3815 mysterii
1374 3734 1594 3811 ratione
1626 3734 1734 3789 Do-

168 3815 372 3891 minus.
389 3830 585 3887 sanata
608 3822 717 3887 ﬁlia
749 3815 1377 3891 mulierisCananitidis,
1406 3822 1472 3896 ad
1496 3822 1734 3881 Iudaeam

172 3918 230 3973 et
257 3918 407 3973 mare
436 3910 672 3972 Galilzece
700 3913 986 3967 revertitur
1017 3899 1035 3969 :ﬁ
1062 3913 1185 3983 quia
1221 3922 1439 3986 peracta
1463 3912 1740 3983 dispensa-

170 3990 534 4073 tionesalutis
560 4001 806 4081 gentium
849 4002 1151 4077 regreditur
1192 4002 1247 4056 in
1299 3988 1628 4068 doctoribus,
1677 4010 1737 4067 ut

168 4089 356 4144 visitet
377 4098 588 4163 gentem
608 4090 855 4169 .Judaram
874 4133 888 4158 ,
911 4107 1029 4163 quae
1055 4091 1124 4160 ob
1158 4082 1433 4163 perﬁdiam
1454 4082 1737 4169 apostolos

166 4189 223 4234 et
244 4174 449 4257 primos
469 4168 849 4250 pmdicatores
870 4180 1142 4255 Evangelii
1169 4198 1199 4241 a
1225 4196 1284 4239 se
1309 4168 1520 4257 repulit.
1543 4168 1751 4253 Fitque'

170 4266 301 4323 illud
324 4256 473 4340 quod
496 4268 695 4327 Paulus
723 4270 1015 4340 apostolus,
1042 4280 1097 4335 et
1124 4273 1309 4344 doctor
1345 4273 1587 4353 gentium
1616 4258 1734 4330 ser-

168 4355 666 4427 meneprophetico
687 4359 883 4417 dudum
899 4359 1146 4433 protulit,
1177 4361 1304 4432 quia
1326 4376 1442 4431 cum
1464 4359 1735 4433 plenitudo

1828 1111 1932 1164 tori
1966 1110 2056 1164 Dei
2088 1117 2142 1164 et
2166 1108 2438 1164 hominum
2463 1106 2729 1162 curandos
2755 1102 3059 1168 subiiciunt.
3096 1105 3240 1172 Quos
3278 1105 3396 1176 ipse

1827 1203 1990 1257 etiam
2034 1203 2105 1255 ita
2141 1210 2315 1266 curat,
2346 1209 2403 1254 ut
2449 1199 2619 1254 turbas
2660 1185 2924 1251 mirentur
2951 1204 3005 1251 et
3048 1197 3392 1268 magniﬁcent

1829 1294 1995 1349 Deum
2020 1291 2199 1362 Israel.
2229 1291 2361 1358 Quia
2383 1277 2596 1359 agmina
2622 1287 2855 1355 ﬁdelium
2885 1286 3242 1349 inaestimabili
3264 1296 3389 1340 tunc

1830 1379 2099 1444 exsultant
2123 1378 2338 1451 gaudio,
2380 1378 2592 1448 quando
2639 1375 2869 1431 viderint
2914 1389 3036 1439 eos,
3070 1374 3392 1444 quos-variae

1786 1468 1790 1472 ’
1831 1485 2074 1530 errorum
2100 1470 2442 1539 aegritudines
2482 1466 2696 1522 insanos
2740 1475 2795 1521 et
2842 1480 3041 1538 egenos
3083 1464 3395 1526 effecerant,

1832 1558 2059 1619 diversis
2084 1559 2344 1621 virtutum
2366 1558 2556 1627 opibus
2584 1558 2797 1623 ditatos,
2822 1566 2877 1611 et
2902 1555 3006 1612 ille
3047 1556 3298 1627 robustos
3342 1543 3396 1609 in

1836 1647 2011 1706 divino
2045 1649 2261 1706 servitio
2290 1647 2426 1704 bene
2456 1647 2719 1703 laborare.
2746 1646 2815 1713 Et
2846 1646 2914 1707 ob
2966 1646 3068 1719 hoc
3114 1645 3401 1715 magniﬁce

1835 1738 2017 1794 laudes
2046 1739 2155 1794 Deo
2185 1740 2491 1803 decantant,
2520 1736 2760 1792 dicentes
2781 1734 3193 1804 cumPropheta
3227 1754 3252 1789 ι⁴
3271 1734 3410 1801 Quis

1759 1823 1805 1882 B
1834 1829 1974 1889 Deus
2004 1846 2221 1901 magnus
2247 1830 2377 1884 si;ut
2409 1828 2547 1892 Deus
2576 1835 2767 1895 noster.
2799 1824 2876 1878 Tu
2903 1842 2955 1879 es
2981 1824 3123 1879 Deus
3148 1826 3235 1898 qui
3269 1825 3403 1894 facis

1830 1919 2090 1981 mirabilia
2145 1918 2306 1974 solus.
2361 1918 2554 1976 Notam
2594 1917 2760 1987 fecisti
2808 1918 2863 1970 in
2918 1916 3121 1988 populis
3165 1917 3406 1970 virtutem.

1834 2024 1996 2078 tuam,
2027 2012 2257 2069 liberain
2283 2015 2334 2066 in
2365 2011 2575 2066 brachio
2602 2009 2851 2081 populum
2880 2020 3025 2063 tuum
3052 2009 3190 2078 ﬁlios
3231 2007 3401 2063 Israel

1832 2112 1879 2158 et
1908 2102 2099 2173 Joseplt
2130 2100 2298 2174 (Psal.
2323 2104 2525 2173 LXXVI).

1902 2192 2057 2247 Iesus
2084 2201 2253 2246 autem
2281 2192 2569 2250 convocatis
2593 2190 2861 2260 discipulis
2884 2190 3013 2252 suis,
3030 2188 3102 2242 ait
3120 2200 3137 2238 :
3153 2184 3405 2240 Misereor

1822 2282 2161 2352 _turbte,quia
2199 2283 2317 2351 jam
2363 2282 2537 2337 triduo
2575 2289 2903 2351 perseverant
2952 2295 3171 2347 mecum,
3202 2288 3248 2332 et
3298 2293 3407 2330 non

1834 2372 2018 2426 habent
2038 2373 2173 2444 quod
2197 2371 2540 2446 manducent;
2569 2381 2615 2425 et
2640 2371 2895 2431 dimittere
2923 2386 3007 2423 eos
3026 2369 3236 2439 jejunos
3260 2366 3402 2431 nolo,

1836 2478 1898 2516 ne
1928 2447 2170 2530 deﬁciant
2198 2462 2251 2515 in
2274 2462 2373 2515 via.
2396 2450 2620 2544 (ξῖἱιιιτ.)
2663 2461 2719 2514 ln
2768 2458 3129 2527 hac'lectione
3162 2457 3401 2512 conside~

1834 2553 2115 2608 rando-est
2144 2554 2196 2607 in
2228 2568 2333 2608 uno
2363 2552 2657 2622 eodemque
2692 2554 3047 2623 Redemptore
3095 2558 3281 2613 nostro
3324 2550 3402 2604 di-

1836 2642 2030 2696 stincta
2079 2641 2318 2710 operatio
2360 2640 2674 2707 divinitatis,
2722 2648 2777 2694 et
2821 2637 3191 2705 humanitatis.
3241 2645 3400 2709 atque

1835 2745 1987 2786 error
2020 2731 2351 2801 Eutychetis,
2381 2730 2471 2800 qui
2516 2745 2675 2784 unam
2708 2738 2914 2803 tantum
2957 2727 3321 2799 operationem
3350 2728 3404 2781 in

1835 2825 2048 2881 Christo
2076 2825 2438 2896 dogmatizare
2473 2824 2774 2893 praesumit,
2798 2822 2984 2894 procul
3017 2838 3047 2877 a
3079 2820 3402 2895 Christianis

1836 2915 2033 2972 ﬁnibus
2061 2913 2422 2985 expellendus.
2452 2914 2586 2981 Quis
2611 2913 2753 2967 enim
2785 2909 2889 2968 non
2919 2912 3095 2977 videat
3130 2913 3237 2981 hoc
3260 2911 3401 2980 quod

1837 2995 1997 3074 supra
2020 3005 2229 3058 turbam
2260 2988 2544 3058 miseretur
2567 3003 2843 3070 Dominus,
2872 3018 2939 3059 ne
2969 3002 3053 3070 vel
3090 3002 3299 3069 inedia),
3322 2998 3413 3055 vel

1838 3096 1937 3150 vite
1962 3096 2220 3167 longioris
2251 3095 2432 3151 labore
2456 3095 2687 3161 deﬁciat,
2714 3085 2963 3150 allectum
2990 3109 3142 3160 esse,
3167 3101 3223 3149 et
3260 3108 3409 3149 com-
3447 3079 3454 3086 ’

1762 3155 1806 3216 C
1836 3155 2142 3257 passionEm
2180 3187 2429 3241 humana:
2456 3155 2793 3259 fragilitatis?
2854 3183 2976 3240 Vult
3004 3155 3237 3257 pascere
3275 3199 3415 3254 quos

1840 3280 2064 3333 curavit.
2097 3278 2251 3332 Prius
2284 3277 2461 3343 aufert
2495 3278 2814 3343 debilitates,
2842 3285 2896 3337 ct
2927 3283 3111 3347 postea
3143 3274 3299 3331 oﬁ‘ert
3322 3290 3408 3330 sa—

1840 3370 1924 3424 nis
1943 3369 2108 3424 cibos.
2132 3357 2402 3424 Convocat
2423 3384 2632 3439 quoquc
2653 3368 2962 3439 discipulos,
2985 3376 3039 3423 et
3069 3368 3211 3439 quod
3237 3366 3408 3422 luctu-

1841 3477 1933 3534 rus
1960 3469 2042 3516 est
2068 3460 2322 3531 loquitur,
2354 3450 2417 3527 ut
2440 3447 2829 3531 vel-magistris
2851 3458 3160 3531 exemplum
3202 3459 3407 3515 tribuat

1839 3566 1962 3605 eum
2006 3551 2302 3605 minoribus
2330 3557 2491 3619 atque
2524 3535 2797 3621 discipulis
2824 3549 3255 3607 communicandi
3280 3554 3409 3605 con-
3455 3556 3459 3560 ’

1837 3641 1975 3705 Silia,
2006 3640 2084 3695 vel
2108 3658 2173 3696 ex
2201 3641 2526 3719 fabulatione
2567 3641 2869 3711 intelligant
2906 3642 3044 3711 signi
3086 3642 3409 3713 magnitudi-

1833 3746 1981 3796 nem,
2010 3732 2391 3805 respondentes
2421 3747 2478 3787 se
2505 3748 2672 3802 panes
2699 3734 2753 3788 in
2797 3748 2987 3801 eremo
3027 3748 3133 3787 non
3186 3734 3404 3805 habere.

1839 3822 2106 3887 Misereor,
2138 3824 2330 3903 inquit,
2354 3825 2541 3892 turbte,
2566 3820 2704 3899 quod
2728 3826 2902 3881 triduo
2924 3826 3044 3895 jam
3083 3836 3409 3897 perseverant

1838 3931 2056 3985 mecum.
2103 3914 2387 3993 Miseretur
2417 3918 2602 3992 turbae,
2635 3920 2759 3988 quia
2787 3920 2841 3976 in
2871 3921 3047 3993 triduo
3070 3921 3275 3993 dierum
3305 3937 3407 3975 nu—

1834 4019 1987 4069 mero
2013 4006 2181 4070 Patri,
2210 3992 2366 4072 Filio,
2394 4001 2725 4081 Spirituique
2768 4019 2956 4083 sancto
2982 3992 3306 4068 credebant.
3338 4011 3409 4065 Et

1838 4112 1941 4150 non
1971 4097 2156 4165 habent
2181 4099 2319 4170 quod
2344 4100 2673 4154 manducent.
2708 4100 2882 4167 Turba
2902 4117 3121 4174 semper
3140 4102 3329 4167 esurit,
3352 4110 3409 4155 et

1837 4186 1973 4242 cibis
2001 4177 2221 4257 indig‘et,
2256 4189 2359 4242 nisi
2398 4198 2669 4261 saturetur
2706 4206 2735 4244 a
2777 4192 3023 4248 Domino.
3054 4192 3123 4247 Et
3140 4192 3408 4261 ,dimiltere

1836 4293 1921 4331 eos
1938 4277 2154 4350 jejunos
2182 4279 2320 4345 nolo,
2351 4298 2413 4335 ne
2441 4282 2685 4353 deﬁciant
2714 4284 2768 4336 in
2802 4284 2908 4337 via.
2932 4284 3265 4355 ,Esurieliant
3284 4294 3410 4356 post

1836 4382 2056 4439 magnas
2080 4368 2399 4435 debilitates,
2429 4379 2483 4425 et
2512 4387 2614 4443 per
2640 4374 2953 4443 patientiam
2981 4373 3190 4435 futuros
3218 4390 3410 4447 exspe-

165 4446 397 4523 gentium
413 4445 641 4531 januam
671 4446 799 4517 ﬁdei
826 4443 1210 4517 subintrauerit,
1235 4458 1356 4503 tunc
1379 4450 1544 4504 omnis
1566 4448 1736 4521 Israel

1840 4467 1987 4513 ctant
2009 4460 2177 4530 cibos.
2194 4461 2309 4529 Non
2325 4463 2451 4533 .vult
2478 4477 2571 4532 eos
2598 4462 2754 4521 Jesns
2783 4450 3055 4533 dimittere
3078 4443 3408 4538 jejunosine

164 4522 340 4588 salvus
361 4525 661 4607 erfit(Rom.
678 4533 776 4608 ιι).
796 4535 1055 4601 Ascendit
1080 4535 1484 4607 ergoDominus
1506 4538 1557 4601 in
1582 4554 1734 4593 mon—
1751 4522 1783 4557 ’³

166 4620 297 4689 tem,
330 4631 389 4679 ut
406 4619 546 4685 sicut
574 4626 689 4689 avis
724 4618 943 4689 teneros
973 4620 1123 4687 fetus
1138 4614 1403 4698 provocat
1433 4630 1509 4694 ad
1556 4617 1741 4684 volan-

163 4714 316 4779 dum,
351 4715 430 4776 sic
606 4716 877 4777 auditores
918 4731 1043 4783 suos
1089 4714 1260 4788 erigat
1304 4719 1375 4791 ad
1407 4734 1637 4789 superna
1685 4728 1737 4773 ct

168 4799 408 4870 celestis
448 4814 779 4869 sacramenta
832 4806 1153 4873 meditando.
1202 4806 1526 4879 ,Sedebalque
1564 4809 1651 4871 ibi,
1679 4818 1737 4875 ut

164 4892 561 4959 demonstraret
600 4907 704 4962 non
740 4894 846 4948 nisi
884 4896 936 4947 in
976 4893 1284 4948 cmlestibus
1327 4896 1564 4965 requiem
1618 4912 1736 4951 esse

165 4984 531 5052 quaerendam.

240 5073 309 5126 Et
344 5086 669 5141 accesserunt
690 5077 758 5137 ad
772 5093 889 5132 eum
908 5080 1077 5141 turba:
1094 5078 1273 5145 multa?
1299 5080 1541 5143 habentes
1562 5098 1731 5139 secum

162 5174 371 5231 mutos,
399 5180 591 5229 cacas,
637 5166 882 5234 claudos,
911 5167 1101 5222 debiles
1139 5178 1185 5222 et
1226 5169 1356 5231 alios
1409 5171 1616 5236 multos.
1669 5170 1736 5238 Et

158 5256 494 5328 proiecerunt
528 5274 623 5338 eos
663 5260 731 5317 ad
768 5260 920 5329 pedes
947 5260 1082 5329 ejus,
1110 5271 1157 5315 et
1196 5263 1393 5321 curauit
1443 5279 1547 5328 eos,
1580 5264 1651 5317 ita
1680 5275 1734 5316 ut

162 5346 329 5401 turbt:
371 5346 692 5414 mirarentur
724 5344 962 5427 videntes
991 5360 1160 5414 mutos
1200 5350 1489 5421 loquentes,
1518 5352 1731 5407 claudos

163 5435 510 5501 ambulantes,
531 5452 704 5495 caecos
732 5436 958 5507 uidentes
978 5478 993 5504 ,
1026 5448 1075 5506 et
1112 5441 1514 5509 magniﬁcabant
1562 5441 1730 5499 Deum

163 5522 353 5611 Israel.
400 5516 632 5587 sedente
674 5540 802 5597 ergo
860 5526 1086 5593 Domino
1142 5529 1194 5583 in
1242 5516 1442 5593 monte,
1468 5530 1520 5586 id
1546 5539 1647 5596 est,
1680 5532 1730 5585 in

163 5612 422 5669 caelorum
451 5628 576 5668 arce
603 5613 832 5684 gloriose
858 5627 911 5672 et
940 5619 1253 5683 mirabiliter
1274 5630 1547 5691 regnante,
1564 5622 1737 5677 turbae

164 5705 399 5762 ﬁdelium
421 5720 545 5761 cum
564 5715 740 5765 mente
754 5708 942 5770 devota
962 5710 1034 5765 illi
1060 5725 1270 5781 semper
1285 5696 1727 5781 apprOpinquant,

1840 4549 2092 4621 deﬁciant
2112 4551 2167 4605 in
2196 4552 2297 4619 via.
2333 4551 2674 4621 Periclitatur
2702 4569 2830 4626 ergo
2859 4556 2973 4625 sine
3017 4555 3221 4627 coalesti
3270 4572 3410 4628 pane

1840 4641 1928 4714 qui
1959 4641 2026 4695 ad
2056 4650 2296 4713 .optatam
2328 4643 2658 4713 mansionem
2682 4646 2963 4712 pervenire
2986 4645 3227 4717 festinat.
3258 4644 3410 4705 Unde

1840 4738 1895 4783 et
1925 4729 2145 4799 angelus
2184 4730 2418 4799 loquitur
2462 4732 2527 4785 ad
2572 4731 2739 4785 Eliam
2772 4751 2783 4784 :
2820 4732 2988 4803 Surge
3036 4742 3082 4787 et
3126 4735 3409 4798 manduca,
3458 4718 3461 4719 ν

1842 4820 1963 4890 quia
1989 4820 2235 4890 grandem
2266 4821 2404 4873 viam
2448 4821 2811 4894 ambulaturus
2864 4840 2918 4877 es
2963 4821 3080 4894 (Ill
3109 4821 3235 4892 Reg.
3268 4822 3405 4893 xu).

1843 4908 2045 4980 [Gr-eg]
2072 4909 2200 4963 ltem
2233 4909 2388 4964 turba
2421 4911 2597 4966 triduo
2618 4911 2901 4966 Dominum
2926 4912 3173 4978 sustinet,
3195 4912 3413 4982 quando

1840 4997 2127 5064 multitudo
2156 4997 2391 5053 ﬁdelium
2418 5011 2638 5069 peccata
2671 5016 2790 5068 qure
2819 4984 3149 5071 perpetravit
3168 5018 3267 5081 per
3296 5019 3409 5073 pte-

1842 5086 2119 5141 nitentiam
2146 5088 2453 5155 declinans,
2484 5088 2548 5142 ad
2596 5090 2880 5147 Dominum
2926 5106 2984 5146 se
3027 5092 3080 5146 in
3127 5108 3309 5162 opere,
3354 5094 3415 5148 in

1841 5176 2108 5232 locutione
2149 5186 2310 5245 atque
2349 5179 2400 5232 in
2432 5180 2753 5249 cogitatione
2800 5173 3084 5237 convertit.
3131 5181 3275 5249 Quos
3323 5185 3409 5239 di-

1841 5265 2053 5321 mittere
2078 5264 2288 5334 jejunus
2318 5266 2371 5320 in
2401 5269 2617 5323 domum
2646 5286 2800 5325 suam
2839 5272 3093 5327 Dominus
3118 5287 3223 5327 non
3269 5273 3405 5340 vult,

1840 5369 1908 5408 ne
1934 5354 2183 5409 deﬁciant
2206 5356 2258 5409 in
2285 5357 2388 5411 via.
2416 5356 2551 5424 Quia
2584 5360 2829 5416 videlicet
2870 5361 3114 5415 conversi
3154 5372 3404 5431 peccato-

1840 5460 1928 5499 res
1954 5447 2005 5502 in
2031 5447 2312 5515 prmsentis
2343 5448 2464 5503 vita:
2502 5450 2586 5503 via
2629 5450 2910 5514 deﬁciunt,
2954 5450 2997 5504 si
3034 5451 3087 5505 in
3130 5466 3231 5525 sua
3274 5461 3405 5506 cen-
3460 5448 3463 5449 ⁷

1839 5537 2060 5595 scientia
2090 5536 2209 5592 sine
2228 5537 2485 5594 doctrina:
2507 5548 2703 5595 sancta:
2724 5540 2921 5608 pabulo
2942 5530 3302 5615 dimittantur.
3330 5540 3410 5596 Ne

1839 5638 1967 5695 ergo
1990 5616 2254 5681 lasse'ntur
2284 5626 2337 5681 in
2372 5628 2531 5699 b'ujus
2575 5629 3023 5699 peregrinationis
3070 5630 3282 5695 itinere,
3310 5646 3408 5701 pa-

1840 5711 2019 5771 scendi
2054 5722 2179 5768 sunt
2223 5731 2386 5771 sacra
2425 5716 2804 5772 admonitione.
2855 5716 3154 5774 Notandum
3199 5734 3413 5789 quoque
