3938 6344
495 339 595 393 985
1128 334 1188 386 Β.
1227 333 1479 388 ΒΑΒΑΝι
1519 331 1736 388 MAURI
1776 327 2061 406 ARClIIEF

2166 327 2442 386 IOGUNT.
2479 329 2763 388 OPERUM
2798 331 2975 388 PA’RS
3011 285 3052 388 ιζ
3629 338 3724 394 θει

493 449 633 519 quod
660 449 709 501 in
736 449 995 517 superiori
1021 448 1300 516 signo,qui
1321 447 1601 518 pr0pinqui
1625 441 2060 508 erant,etvicini,
2093 437 2143 496 A
2169 439 2334 493 nostri
2365 441 2644 510 significat.
2676 445 2750 498 lbi
2787 459 2944 514 super
2971 444 3173 510 fenum,
3201 447 3288 501 hic
3322 461 3484 516 super
3533 457 3724 504 ten-am

488 541 725 611 quinque
755 555 1010 593 sensuum
1034 555 1138 593 non
1177 539 1290 606 ipse
1315 537 1571 591 Dominus
1597 549 1784 590 eorum
1813 531 2062 586 recorda-

495 643 602 699 tur,
630 631 721 686 sed
751 630 993 699 discipuli
1027 630 1395 690 recordamur,
1427 640 1667 702 vespere,
1697 624 1872 677 vicina
1906 631 2061 676 nocte

490 732 546 779 et
582 723 875 776 inclinante
899 721 1009 791 jam
1048 718 1175 772 sole.
1210 715 1306 770 Hic
1336 724 1512 769 autem
1546 715 1659 781 ipse
1700 712 1956 766 Dominus
1978 725 2063 764 re-

493 813 768 879 cordatur,
789 821 842 865 et
869 807 1110 864 misereri
1141 822 1196 860 se
1225 805 1443 868 dicit,et
1464 815 1682 856 causam
1706 798 2063 854 miserationis

493 903 732 973 exponit,
763 901 885 970 quia
912 899 1087 952 triduo
1116 897 1226 967 jam
1261 899 1609 966 perseverant
1639 906 1760 945 cum
1783 905 1867 953 eo,
1900 895 1952 943 et
1984 887 2064 941 di-

494 995 708 1047 mittere
746 1006 840 1048 cos
865 989 1079 1059 jejunos
1108 1003 1213 1042 non
1240 986 1370 1048 vult,
1400 999 1466 1037 ne
1493 981 1742 1037 deficiant
1773 981 1823 1033 in
1859 978 1962 1032 via.
1983 977 2062 1030 .ln

495 1092 605 1138 toto
631 1083 772 1138 enim
811 1080 1013 1134 saeculo
1057 1076 1270 1146 generis
1323 1071 1542 1128 humani
1587 1071 1803 1124 tertium
1853 1077 2061 1135 tempus

493 1181 594 1237 est,
628 1172 770 1240 quad
813 1170 934 1224 ﬁdei
973 1167 1290 1222 Christiana:
1315 1163 1488 1234 gratia
1519 1161 1641 1234 data
1677 1167 1778 1212 est.
1816 1157 2054 1210 Primum

491 1277 620 1332 ergo
644 1251 727 1316 est
755 1269 878 1314 ante
900 1259 1090 1328 legem,
1115 1253 1406 1310 secundum
1438 1253 1536 1307 sub
1565 1251 1700 1320 lege,
1726 1249 1942 1302 tertium
1962 1249 2060 1302 sub

494 1355 685 1425 gratia.
716 1354 781 1406 Et
801 1351 1051 1420 quoniam
1075 1353 1325 1418 quartum
1374 1345 1549 1399 adhuc
1591 1351 1780 1406 restat,
1801 1341 1947 1425 quod
1994 1339 2074 1393 add

494 1423 851 1514 plenissimam
890 1456 1076 1511 pacem
1106 1437 1437 1494 Hierusalem
1473 1434 1710 1491 ctelestis
1734 1423 1942 1488 venturi
1969 1447 2062 1485 su-

497 1549 631 1596 mus,
663 1549 767 1602 quo
792 1528 1223 1599 tenditquisquis
1252 1534 1394 1582 recte
1439 1524 1608 1580 credit
1656 1522 1710 1577 in
1756 1521 2059 1584 Christum,

494 1633 778 1694 propterea
810 1638 869 1677 se
907 1620 1037 1676 dicit
1063 1620 1275 1674 turbam
1302 1616 1444 1672 illam
1487 1614 1719 1670 reficere
1772 1613 2056 1669 Dominus.

492 1729 559 1768 ne
583 1711 830 1767 deficiant
855 1712 908 1765 in
940 1710 1043 1764 via.
1641 1713 1650 1718 '

2165 531 2404 585 reficitur
2436 551 2448 584 :
2491 532 2560 587 ibi
2585 535 2723 589 enim
2759 535 3015 589 celsitudo
3052 535 3249 591 Christi
3281 545 3504 607 propter
3538 531 3726 594 Carna-

2164 619 2241 674 les
2271 623 2535 688 homines,
2563 633 2615 678 et
2638 624 2963 679 Hierusalem
2995 635 3292 690 terrenam,
3316 629 3525 682 carnali
3552 644 3646 698 spe
3673 640 3724 684 et

2163 709 2426 765 desiderio
2457 713 2681 782 tegitur;
2715 715 2798 768 hic
2827 723 3003 769 autem
3033 722 3234 769 remota
3259 719 3405 773 omni
3435 719 3725 789 cupiditate.

2163 801 2386 868 carnali,
2416 805 2664 859 convivas
2689 805 2819 861 Novi
2851 805 3172 862 Testamcnti
3201 809 3313 876 spei
3360 813 3724 878 permanentis

2165 891 2560 948 firmamentum
2592 905 2842 963 tanquam
2866 896 3032 965 ipsius
3060 897 3256 952 montis
3294 899 3541 957 soliditas
3583 901 3722 956 nullo

2163 979 2286 1035 feno
2317 982 2628 1050 interposito
2653 985 2978 1039 continebat.

2234 1069 2302 1121 Et
2331 1071 2585 1138 accipiens
2614 1072 2765 1125 Jesus
2793 1086 2980 1144 septem
3006 1092 3162 1143 panes
3183 1086 3231 1130 et
3255 1090 3505 1147 pisces,ct
3528 1082 3723 1148 gratius

2161 1175 2332 1228 agens.
2361 1159 2510 1228 [regit
2536 1171 2583 1214 et
2605 1162 2743 1214 dedit
2771 1163 3035 1233 discipulis
3063 1168 3188 1230 suis,
3213 1178 3261 1220 et
3299 1167 3542 1237 discipuli
3569 1168 3713 1221 dede-

2151 1257 2287 1305 sum
2311 1243 2519 1320 populo.
2549 1249 2820 1324 (Venant.)
2850 1255 3106 1312 Dominus
3127 1258 3396 1329 accipiens
3424 1243 3600 1329 panes
3637 1260 3724 1314 da-

2162 1341 2256 1395 bat
2283 1341 2553 1411 discipulis
2577 1345 2706 1410 suis,
2722 1355 2780 1400 ut
2800 1346 2898 1415 ipsi
2919 1358 3164 1418 acceptos
3185 1350 3350 1406 turba
3373 1352 3719 1422 appbnerent,

2162 1430 2286 1499 quia
2316 1432 2571 1501 spiritalis
2599 1436 2736 1490 dona
2769 1438 3008 1492 scientias
3053 1440 3289 1496 tribuens
3329 1444 3601 1512 apostolis
3633 1459 3722 1514 per

2163 1534 2347 1578 eorum
2379 1522 2734 1579 ministerium
2772 1527 2935 1581 voluit
2963 1528 3213 1585 Ecclesia:
3239 1547 3350 1586 stne
3395 1549 3496 1602 per
3541 1533 3718 1588 orbem

2165 1609 2286 1662 vita:
2324 1610 2525 1664 cibaria
2551 1613 2815 1668 distribui.
2845 1616 2993 1683 Quod
3024 1633 3147 1671 vero
3178 1617 3336 1689 fregit
3378 1637 3549 1689 panes
3593 1637 3719 1691 quos

2163 1698 2439 1770 discipulis
2461 1703 2626 1770 dedit,
2641 1708 2966 1775 apertionem
2988 1710 3228 1781 designat
3242 1721 3715 1775 sacramentontm,

566 1801 632 1856 Et
661 1801 839 1876 dicunt
868 1801 913 1854 ei
950 1797 1188 1868 discipuli
1220 1812 1237 1849 :
1271 1795 1419 1850 Unde
1450 1809 1568 1864 ergo
1597 1792 1742 1846 nobis
1764 1807 1921 1861 panes
1948 1799 2063 1843 tan—
2092 1770 2138 1827 Β
2167 1793 2359 1861 quibus
2385 1795 2450 1849 ad
2479 1770 2787 1866 perpetuam
2820 1798 3043 1854 salutem
3077 1770 3390 1856 nutriendus
3415 1810 3532 1856 erat
3574 1770 3720 1856 mun;

492 1901 569 1946 tos
614 1894 669 1945 ut
702 1900 1001 1957 saturemus
1021 1887 1226 1942 turbam
1260 1885 1500 1939 tantum?
1533 1882 1758 1954 (Maus)
1789 1880 1915 1935 “me
1945 1896 2064 1935 sen-

493 1981 656 2034 tentia
689 1980 872 2034 rudem
898 1977 1056 2034 iidem
1080 1977 1254 2029 adhuc
1284 1973 1518 2028 ostendit
1541 1971 1945 2040 discipulorum,
1971 1970 2062 2039 qtti

495 2090 599 2127 non
633 2070 981 2124 recordantur
1011 2067 1246 2135 quinque
1277 2063 1504 2133 panibus
1551 2061 1860 2115 hordeaceis
1908 2059 2063 2128 quin-

492 2179 597 2233 que
627 2161 788 2215 millia
815 2159 1091 2216 hominum
1118 2155 1274 2226 paulo
1302 2161 1425 2207 ante
1453 2151 1679 2216 satiata;
1706 2151 1750 2205 si
1779 2150 1921 2205 enim
1945 2164 2064 2219 pcr-

491 2232 630 2310 fecte
682 2251 1360 2319 intelligerent-auctorem
1390 2253 1443 2298 et
1481 2242 1747 2306 datorem,
1785 2255 1890 2294 non
1935 2232 2063 2295 cun-

489 2352 769 2400 ctarentur
788 2341 930 2396 unde
958 2340 1181 2393 haberet
1209 2334 1364 2389 turba
1400 2331 1765 2387 refectionem.
1825 2351 1830 2353 -

561 2437 628 2488 Et
661 2435 735 2487 ait
763 2432 868 2485 illis
896 2429 1050 2484 Iesus
1080 2443 1097 2479 :
1126 2427 1262 2492 Quot
1297 2440 1455 2494 panes
1488 2421 1727 2474 habetis?
1763 2420 2062 2489 interrogat

493 2526 703 2596 quidem
734 2537 838 2575 non
889 2518 1041 2588 quasi
1091 2517 1328 2586 ignarus,
1361 2512 1454 2568 sed
1489 2511 1642 2581 quasi
1693 2508 1931 2565 docendo
1981 2523 2062 2561 re-

492 2628 803 2684 sponsuros.

561 2708 625 2759 At
656 2704 734 2757 illi
765 2702 1011 2760 dixerunt
1049 2712 1066 2750 :
1099 2697 1228 2752 Octo
1255 2690 1301 2751 Et
1331 2711 1524 2771 paucos
1549 2690 1844 2762 pisciculos.
1877 2686 2057 2758 (BNL)

490 2802 630 2854 Bene
656 2806 779 2852 octo
800 2808 964 2864 panes
985 2792 1039 2846 in
1064 2790 1320 2862 mysterio
1343 2787 1476 2842 Novi
1500 2785 1827 2841 Testamenti
1857 2798 2062 2853 ponun-

489 2905 594 2954 tur,
627 2891 676 2943 in
703 2903 810 2958 quo
834 2883 1163 2960 septiformis
1190 2880 1360 2954 gratia
1399 2879 1635 2948 Spiritus
1658 2875 1827 2931 sancti
1855 2871 2062 2944 plenius

490 2977 734 3046 fidelibus
763 2974 999 3034 cunctis,
1043 2979 1098 3025 et
1141 2968 1406 3046 credenda
1453 2964 1739 3026 revelatur,
1770 2971 1824 3017 et
1859 2961 2059 3016 credita

489 3045 664 3123 datur.
692 3065 876 3135 Neque
899 3061 1186 3118 hordeacei
1213 3057 1379 3119 fuisse
1401 3049 1789 3126 preducuntur,
1815 3053 1953 3107 sicut
1984 3050 2055 3103 illi

488 3159 743 3227 quinque,
776 3155 842 3209 de
869 3151 1064 3223 quibus
1111 3151 1348 3220 quinque
1393 3156 1517 3203 sunt
1565 3144 1842 3199 hominum
1888 3139 2053 3195 millia

488 3248 734 3312 saturati,
767 3261 832 3300 ne
856 3246 1052 3300 iterum
1083 3242 1220 3297 sicut
1247 3241 1300 3294 in
1341 3238 1458 3308 lege
1506 3235 1670 3290 vitale
1723 3233 1914 3287 animae
1961 3230 2057 3284 aii-

471 3347 727 3395 unentum
754 3332 1125 3406 corporalibus
1151 3328 1506 3388 sacramentis
1536 3328 1897 3396 obtegeretur.
1924 3321 2060 3375 lior-

489 3431 575 3486 dei
623 3429 768 3483 enim
813 3423 1042 3480 medulla
1093 3409 1447 3478 tenaciSsima-
1479 3417 1632 3488 palea
1679 3416 1898 3485 tegitur.
1951 3411 2058 3466 Nec

487 3522 592 3592 ipsi
635 3515 906 3589 pisciculi,
944 3529 1078 3584 quos
1121 3513 1278 3568 simul
1316 3525 1438 3567 cum
1483 3510 1712 3580 panibus
1767 3522 1824 3561 se
1859 3506 2059 3561 habere

488 3608 714 3680 apostoli
743 3603 1152 3676 profitebantur,
1182 3603 1300 3657 sine
1330 3599 1588 3671 mysterio
1637 3606 1780 3652 sunt.
1833 3595 1965 3651 Nam
2014 3594 2058 3648 si

489 3701 541 3754 in
574 3688 797 3767 panibus
840 3705 1044 3764 septem
1078 3692 1353 3762 Scriptura
1396 3690 1528 3744 Novi
1557 3687 1882 3744 Testamenti
1920 3685 2059 3740 desi—

488 3798 706 3859 gnatur,
735 3787 787 3840 in
826 3785 980 3855 cujus
1017 3784 1247 3839 lectione
1276 3799 1372 3852 per
1409 3782 1636 3853 gratiam
1677 3780 1847 3859 sancti
1885 3777 2058 3846 Spiri-

487 3855 572 3932 tus
603 3878 846 3930 internas
875 3873 1132 3927 mentium
1163 3872 1347 3940 epulas
1376 3870 1676 3927 invenimus
1697 3909 1710 3933 ,
1741 3855 1867 3936 quid
1890 3867 1946 3920 in
1977 3865 2060 3935 pi»

486 3965 704 4020 sciculis
725 3961 861 4034 quos
881 3963 1205 4018 benedicens
1230 3961 1435 4031 pariter
1468 3959 1724 4013 Dominus
1756 3957 1924 4011 turba:
1947 3955 2059 4024 jus-

486 4056 556 4108 sit
585 4054 800 4124 apponi,
828 4052 931 4107 nisi
975 4061 1190 4112 sanctos
1217 4049 1534 4119 accipimus
1578 4047 1719 4102 illius
1772 4049 2059 4117 temporis,

488 4160 582 4214 per
612 4159 747 4212 quos
783 4143 971 4197 eadem
1005 4150 1088 4196 est
1116 4141 1332 4196 condita
1363 4138 1659 4208 Scriptura,
1705 4137 1785 4192 vel
1833 4153 2059 4206 quorum

489 4237 604 4302 ipsa
637 4233 914 4301 Scriptura
945 4233 1120 4294 ﬁdem,
1155 4232 1321 4284 vitam
1364 4237 1420 4301 et
1456 4228 1734 4299 passiones
1790 4227 2063 4281 continet?

488 4325 577 4393 qui
622 4325 686 4379 de
728 4321 1048 4376 turbulentis
1082 4319 1242 4390 hujus
1284 4319 1462 4374 steculi
1504 4317 1752 4372 ﬂuctibus
1798 4317 1965 4386 erepti
2000 4331 2063 4370 ac

487 4415 666 4467 divina
723 4411 1094 4474 benedictione
1141 4409 1462 4473 consecrati,
1514 4406 1860 4462 refectionem
1907 4406 2062 4460 nobis

490 4507 776 4566 internum;
821 4519 889 4557 ne
935 4502 986 4555 in
1033 4502 1193 4571 hujus
1239 4499 1422 4554 mundi
1471 4498 1803 4553 transeuntis
1828 4510 2057 4559 excursu

488 4594 837 4658 deficiamus,
868 4586 1136 4662 exemplo
1181 4607 1290 4646 suae
1339 4592 1619 4659 praebuere
1679 4589 1761 4644 vel
1811 4588 2059 4644 vitmwel

493 4685 699 4738 mortis.

561 4777 627 4829 Et
667 4776 906 4845 pra'cepit
948 4781 1113 4828 turbae
1160 4783 1212 4826 ut
1263 4774 1600 4827 discumberet
1648 4788 1802 4841 super
1844 4781 2056 4826 terram.

492 4867 662 4934 Supra
689 4867 741 4920 in
774 4865 1065 4919 refectione
1092 4865 1328 4934 quinque
1360 4880 1554 4932 panum
1589 4863 1739 4918 turba
1773 4879 1932 4934 super
1981 4865 2061 4918 fe-

493 4953 619 5010 tium
656 4956 824 5009 viride
849 4953 1240 5017 discumbebat,
1269 4970 1411 5008 nunc
1439 4954 1541 5007 ‘ubi
1587 4957 1789 5024 septem
1832 4952 2062 5022 panibus

489 5045 778 5100 reficienda
809 5053 911 5108 est,
938 5060 1094 5114 supra
1128 5051 1324 5098 terram
1353 5044 1688 5098 discumbere
1715 5042 2058 5113 pnecipitur:

493 5131 620 5200 quia
642 5148 739 5204 per
766 5131 1097 5198 Scripturam
1121 5131 1252 5200 legis
1278 5132 1457 5185 carnis
1480 5131 1744 5185 desideria
1780 5131 1991 5185 calcare
2009 5139 2065 5184 et

486 5225 740 5296 jttbcmur
788 5222 1164 5291 comprimere.
1210 5219 1390 5274 Omnis
1428 5222 1569 5275 enim
1618 5237 1739 5273 caro
1778 5221 1978 5290 fenum,
2013 5232 2062 5274 et

493 5315 658 5369 omnis
680 5302 978 5384 glbria'ejus
1006 5320 1254 5381 tanquam
1279 5311 1374 5378 flos
1398 5311 1500 5376 {cui
1527 5309 1668 5380 (lsa.
1689 5311 1808 5380 XL).
1833 5310 1890 5364 In
1915 5309 2064 5365 Novo

493 5412 675 5460 autem
707 5403 1050 5458 Testamento
1077 5403 1250 5472 ipsam
1281 5416 1490 5470 quoque
1519 5411 1714 5456 terram
1744 5416 1806 5456 ac
1841 5402 2070 5457 faculta-

493 5505 577 5551 tes
621 5494 943 5565 temporales
985 5493 1356 5562 derelinquere
1396 5490 1751 5559 praecipimur,
1781 5490 1862 5545 vel
1896 5499 2064 5556 certe,

495 5587 618 5655 quia
642 5595 812 5640 mons
829 5584 880 5638 in
911 5598 1018 5654 quo
1047 5583 1201 5637 turba
1229 5580 1523 5636 Dominicis
1542 5580 1770 5649 panibus
1790 5581 2066 5636 reﬁcieba-

498 5684 612 5741 tur,
651 5675 1016 5734 altitudinem,
1071 5683 1130 5728 ut
1184 5687 1343 5744 supra
1395 5671 1664 5737 diximus,
1715 5672 2069 5742 redemptoris

2163 1885 2282 1945 dus.
2306 1883 2439 1942 Cum
2467 1889 2607 1942 enim
2653 1890 2734 1943 ait
2774 1891 2885 1958 ipse
2927 1892 3225 1946 Dominus:
3266 1891 3332 1945 Et
3387 1909 3536 1946 nemo
3590 1893 3716 1946 norit

2162 1971 2360 2027 Filium
2386 1977 2485 2029 nisi
2507 1976 2685 2041 Pater,
2704 1994 2862 2046 neque
2886 1975 3094 2035 Patrem
3117 1980 3230 2049 quis
3252 1980 3386 2034 novit
3403 1981 3504 2033 nisi
3529 1977 3716 2047 Filius,

2161 2077 2208 2120 et
2231 2067 2318 2121 cui
2341 2067 2554 2122 voluerit
2585 2068 2757 2123 Filius
2786 2071 3007 2124 revelare
3055 2069 3204 2141 (Luc.
3231 2070 3319 2142 χ),
3346 2071 3475 2141 quid
3506 2071 3719 2140 nisipa-

2162 2173 2283 2213 nem
2315 2160 2434 2213 vitm
2475 2161 2627 2215 nobis
2671 2176 2766 2230 per
2815 2176 2872 2215 se
2915 2161 3256 2230 aperiendum
3306 2161 3721 2216 demonstravit?

2163 2249 2226 2303 ad
2258 2250 2409 2320 cujus
2435 2249 2687 2304 interiora
2717 2252 2980 2304 cernenda
3010 2265 3104 2320 per
3128 2265 3226 2305 nos
3266 2250 3412 2320 ipsos
3439 2260 3722 2321 penetrare

2161 2343 2517 2415 nequivimus.
2547 2342 2643 2397 Cui
2669 2353 2855 2397 contra
2887 2345 3141 2413 propheta
3185 2343 3550 2398 miserabilem
3596 2360 3719 2412 quo-

2163 2432 2406 2486 rumdam
2435 2432 2716 2502 deplorans
2744 2434 2942 2488 famem
2971 2434 3150 2488 aiebat
3180 2447 3194 2486 :
3224 2431 3443 2488 Parvuli
3470 2435 3715 2503 petierunt

2157 2537 2368 2591 panem,
2401 2537 2490 2574 nec
2515 2510 2636 2574 erat
2647 2523 2734 2591 qui
2759 2521 3017 2590 frangeret
3056 2521 3128 2574 eis
3168 2520 3379 2588 (Thren.
3426 2520 3523 2592 tv).
3574 2519 3716 2586 Quod

2159 2620 2240 2664 est
2269 2609 2388 2664 aliis
2420 2609 2600 2664 verbis
2645 2609 2824 2665 dicere
2857 2627 2869 2662 :
2902 2609 3104 2663 indocti
3153 2609 3478 2677 quaesierunt
3533 2607 3713 2676 pabula

2162 2699 2307 2756 verbi
2333 2699 2426 2754 Dei
2456 2712 2562 2768 quo
2593 2699 2659 2753 ad
2682 2698 2935 2753 virtutem
2979 2698 3131 2752 bona:
3173 2697 3505 2766 operationis
3532 2711 3714 2751 conva-

2161 2789 2424 2843 lescerent
2451 2787 2617 2852 refici,
2645 2802 2744 2841 nec
2773 2793 2909 2851 erat,
2931 2787 3203 2856 magistris
3223 2785 3712 2853 deiicientibut,qui

2158 2880 2237 2935 eis
2262 2878 2658 2947 Scripturarum
2686 2893 2878 2952 arcana
2905 2877 3244 2948 patefaceret,
3268 2893 3465 2947 eosque
3494 2879 3560 2932 ad
3582 2877 3713 2931 viam

2159 2971 2401 3024 veritatis
2427 2971 2748 3024 institueret.
2771 2967 3016 3036 Acceptis
3043 2975 3221 3022 autem
3264 2968 3332 3022 ad
3369 2966 3714 3038 frangendum

2161 3060 2390 3129 panibus
2410 3061 2664 3116 Dominus
2687 3061 2886 3142 gratias
2911 3060 3036 3129 agit,
3062 3059 3115 3112 ui
3151 3065 3204 3112 et
3227 3057 3340 3126 ipse
3369 3067 3625 3125 quantum
3655 3057 3715 3111 de

2161 3151 2333 3205 salute
2361 3152 2570 3222 generis
2601 3153 2817 3207 humani
2847 3151 3204 3222 congaudeat,‘
3223 3150 3501 3213 ostendat,
3532 3157 3584 3205 et
3625 3165 3716 3204 nos

2161 3241 2226 3295 ad
2250 3243 2484 3311 agendas
2508 3242 2713 3312 gratias
2739 3243 2846 3297 Deo
2875 3241 3144 3296 informet.
3191 3239 3324 3295 Cum
3369 3231 3483 3293 vel.
3510 3248 3716 3295 terreno

2161 3349 2298 3402 pane
2323 3346 2559 3398 carnem,
2594 3333 2678 3387 vel
2714 3333 2944 3402 animam
2987 3331 3222 3397 caelesti,
3267 3317 3500 3400 superna
3550 3331 3717 3400 gratia

2162 3417 2441 3494 largiente,
2472 3423 2760 3478 reficimus.

2234 3493 2297 3564 Et
2333 3515 2660 3564 comederunt
2685 3527 2878 3577 omnes,
2905 3521 2951 3565 et
2988 3511 3209 3565 saturati
3230 3519 3367 3564 sunt.
3402 3493 3717 3564 Manducant

2147 3599 2225 3653 de
2260 3599 2487 3668 panibus
2531 3599 2740 3654 Domini
2779 3616 2842 3655 ac
2886 3601 3144 3671 piscibus,
3174 3608 3230 3654 et
3271 3609 3602 3666 saturantur,
3628 3601 3715 3671 qui

2161 3690 2438 3746 audientes
2481 3691 2644 3744 verba
2695 3690 2809 3754 Dei,
2841 3699 2894 3743 et
2920 3689 3161 3759 exempla
3187 3689 3478 3754 intuentes,
3503 3692 3570 3744 ad
3595 3705 3717 3760 pro-

2161 3779 2360 3835 fectum
2388 3782 2512 3834 vitae
2537 3780 2885 3834 correctionis
2906 3794 2999 3848 per
3021 3780 3135 3834 haec
3175 3780 3399 3834 excitari
3446 3788 3605 3850 atque
3646 3796 3720 3834 as-

2161 3880 2382 3942 surgere
2407 3871 2678 3925 festinant.
2713 3871 2914 3937 Quibus
2955 3879 3076 3939 apte
3118 3870 3364 3939 congruit
3410 3870 3542 3925 illud
3583 3869 3720 3935 Psal-

2163 3963 2331 4016 mistm
2365 3982 2376 4014 :
2416 3963 2585 4016 Edent
2623 3978 2868 4031 pauperes
2889 4001 2904 4025 ,
2935 3970 2982 4015 et
3019 3961 3412 4025 saturabuntur,
3440 3971 3487 4014 et
3531 3961 3718 4015 laudu-

2163 4054 2284 4105 bunt
2309 4052 2473 4105 Deum
2495 4052 2582 4123 qui
2605 4052 2865 4121 requirunt
2895 4067 3033 4115 eum,
3063 4050 3187 4104 vivet
3213 4065 3301 4102 cor
3319 4065 3501 4103 eorum
3545 4052 3602 4104 in
3630 4068 3716 4104 sa-

2163 4143 2336 4197 culum
2362 4142 2539 4196 sa'culi
2571 4139 2740 4212 (Psal.
2780 4139 2912 4217 πμ).
2946 4140 3097 4206 Quod
3123 4147 3204 4194 est
3247 4131 3430 4207 aperte
3476 4139 3659 4194 dicere
3705 4160 3719 4209 ;

2163 4231 2644 4286 Audienthumiies
2664 4231 2882 4284 verbum
2921 4230 3036 4294 Dei,
3059 4238 3114 4282 et
3139 4229 3357 4292 facient,
3393 4238 3450 4283 et
3492 4230 3562 4282 ad
3609 4230 3703 4283 lau-

2162 4323 2283 4377 dem
2313 4337 2419 4376 non
2460 4337 2607 4375 suam
2631 4361 2644 4387 ,
2672 4321 2762 4376 sed
2792 4321 3006 4390 superni
3059 4319 3328 4390 largitoris
3369 4329 3563 4374 cuncta
3610 4335 3723 4390 qua

2164 4414 2297 4468 bene
2325 4421 2640 4484 gesserunt,
2667 4411 2918 4466 referent.
2952 4411 3103 4466 Unde
3129 4409 3320 4464 merito
3347 4409 3415 4464 ad
3443 4411 3613 4463 vitam
3643 4411 3721 4464 in-

2166 4503 2379 4557 terioris
2409 4501 2644 4556 hominis
2663 4502 2947 4564 internam,
2971 4505 3030 4552 ut
3072 4500 3195 4567 pote
3230 4511 3370 4568 pane
3403 4498 3526 4550 vita:
3575 4505 3720 4570 satu-

2167 4592 2267 4647 rati
2295 4591 2622 4660 pervenient.
2644 4588 2747 4651 Cui
2792 4587 2978 4644 eontra
3027 4587 3194 4641 tardis
3243 4580 3581 4641 auditoribus
3633 4600 3724 4656 per

2167 4683 2478 4754 prophetam
2532 4682 2883 4751 exprobratur
2918 4693 2930 4732 :
2971 4678 3329 4733 Manducastis
3365 4689 3411 4731 et
3455 4694 3559 4731 non
3607 4673 3723 4731 estis

2165 4773 2388 4827 saturati
2419 4770 2599 4842 (Mich.
2630 4769 2727 4842 vi).
2761 4769 3080 4823 Manducant
3125 4783 3378 4837 namque,
3406 4775 3461 4822 et
3492 4783 3605 4821 non
3642 4781 3723 4821 sa-

2169 4872 2436 4925 turantur,
2462 4861 2551 4929 qui
2597 4875 2787 4929 panem
2834 4860 2980 4913 verbi
3007 4859 3098 4913 Dei
3125 4857 3390 4912 audiendo
3417 4859 3722 4926 degustant,

2165 4951 2255 5006 sed
2286 4967 2389 5005 non
2422 4950 2664 5003 faciendo
2699 4965 2816 5016 quae
2840 4947 3084 5011 audiunt,
3112 4947 3240 4999 nihil
3279 4960 3344 4999 ex
3381 4945 3464 4999 bis
3497 4945 3726 4998 interna:

2164 5039 2482 5102 dulcedinis,
2513 5053 2617 5105 quo
2657 5053 2748 5090 cor
2779 5037 3013 5106 ipsorum
3047 5034 3424 5108 confirmetur,
3456 5035 3508 5088 in
3538 5043 3725 5089 ventre

2166 5131 2437 5200 memoriae
2465 5127 2739 5196 recipiunt.
2845 5174 2854 5179 _
2908 5167 2911 5172 ν
3127 5175 3134 5178 ,
3686 5163 3694 5174 .

2238 5217 2306 5270 Et
2343 5217 2478 5286 quod
2515 5215 2765 5284 superfuit
2808 5216 2872 5267 de
2914 5215 3217 5284 fragmentis
3267 5213 3496 5268 tulerunt
3535 5224 3726 5282 septem

2168 5317 2369 5375 sportas
2416 5304 2613 5372 plenas.
2673 5302 2824 5368 Quod
2875 5304 3044 5359 turbis
3107 5303 3361 5358 saturatis
3421 5309 3725 5372 supererat,

2168 5394 2392 5466 apostoli
2421 5392 2724 5458 sustollunt,
2757 5401 2810 5448 et
2843 5401 3045 5462 septem
3076 5401 3288 5462 sportas
3314 5389 3562 5461 implent,
3604 5393 3724 5460 quia

2169 5495 2293 5542 sunt
2309 5469 2503 5540 'altio'ra
2543 5483 2884 5553 perfectionis
2908 5490 3193 5552 praecepta,
3223 5481 3304 5536 vel
3328 5482 3506 5551 potius
3533 5481 3727 5535 exhor-

2169 5584 2404 5632 tamcnta
2449 5583 2502 5628 et
2538 5572 2777 5636 consilia,
2819 5585 2938 5642 qua":
2980 5570 3242 5640 generalis
3277 5571 3514 5625 fidelium
3544 5568 3726 5628 inuiti-

2169 5671 2295 5725 tudo
2317 5667 2502 5737 nequit
2528 5664 2787 5720 servanda
2809 5673 2861 5720 ct
2886 5663 3152 5735 implenda
3176 5664 3466 5733 attingere;
3497 5674 3726 5731 quorum
