3938 6306
473 387 572 442 987

1118 381 1190 440 Β.
1233 377 1477 432 RABANI
1517 374 1730 433 MAURI
1769 372 2078 426 ARCIHEP.
2120 369 2420 424 MOGUNT.
2460 365 2738 422 OPERUM
2778 363 2953 419 PARS
2992 365 3030 417 l.

3569 361 3676 418 988

464 517 654 555 manna
705 495 1139 550 manducaverunt
1203 494 1257 546 in
1298 493 1497 544 deserto
1535 510 1550 546 :
1592 489 1722 543 sicut
1768 488 2014 554 scriptum
2043 484 2093 542 Α
2119 475 2320 545 amore,
2374 480 2495 548 quia
2543 493 2751 547 semper
2800 480 2940 531 intus
2989 477 3362 532 reficiebantur
3403 480 3452 531 in
3485 479 3671 540 corde,

463 585 782 644 est:Panem
811 583 872 636 de
893 582 1016 635 cwlo
1043 581 1180 634 dedit
1206 582 1279 633 eis
1305 580 1619 632 manducare
1646 575 1823 646 (Joan.
1854 574 1946 643 γι).

532 678 598 731 At
628 675 714 732 ille
751 675 1056 743 respondens
1090 674 1160 725 ait
1194 671 1294 724 illis
1331 684 1347 721 :
1385 669 1549 722 Facto
1584 683 1788 737 vespere
1816 666 2018 720 dicitis:

465 766 714 822 Serenum
745 766 858 826 erit,
889 763 1227 815 rubicundum
1251 769 1322 814 est
1351 761 1482 813 enim
1515 758 1726 820 caelum;
1757 766 1802 809 et
1837 771 2017 808 mane:

465 854 634 908 Hodie
671 861 965 920 tempestas,
1009 849 1188 902 rutilat
1213 851 1346 901 enim
1381 850 1522 901 triste
1559 847 1758 901 caelum.
1806 844 2018 898 Faciem

464 961 583 1012 ergo
607 942 717 995 caeli
741 942 1026 1009 dijudicare
1050 927 1229 1001 nostis,
1253 941 1397 1006 signa
1423 949 1587 990 autem
1612 945 1894 1003 temporum
1919 949 2020 987 non

464 1035 688 1103 potestis.
715 1032 979 1101 (Ηὶενοη.)
1006 1031 1302 1085 Secundum
1325 1030 1599 1083 historiam
1629 1036 1803 1081 autem
1835 1040 2021 1080 sensus

465 1121 562 1174 iste
605 1119 918 1174 manifestus
951 1129 1063 1182 est,
1103 1119 1241 1186 quod
1289 1135 1352 1172 ex
1412 1119 1792 1172 elementorum
1836 1115 2021 1168 ordine

466 1217 624 1278 atque
669 1210 1014 1264 consonantia
1062 1204 1268 1278 possint
1301 1218 1362 1269 et
1408 1207 1578 1262 sereni
1622 1214 1675 1260 et
1702 1205 1861 1273 pluvii
1909 1205 2021 1258 dies

465 1299 743 1365 praenosci.
779 1297 976 1351 Scriba:
1002 1307 1176 1351 autem
1206 1305 1256 1350 et
1283 1296 1556 1359 Pharisaei,
1588 1296 1678 1364 qui
1708 1295 2022 1348 videbantur

466 1402 584 1443 esse
630 1388 759 1458 legis
800 1387 1065 1451 doctores,
1105 1402 1168 1441 ex
1216 1387 1591 1456 prophetarum
1644 1383 2021 1437 vaticinatione

469 1490 572 1530 non
639 1483 888 1544 poterant
970 1475 1260 1544 intelligere
1333 1473 1630 1528 Salvatoris
1711 1473 2016 1525 adventum.

467 1562 646 1634 (Aug.)
677 1563 997 1632 Spiritaliter
1026 1571 1200 1617 autem
1230 1564 1370 1632 quod
1396 1563 1530 1618 dixit
1554 1562 1826 1626 Dominus,
1858 1559 2020 1613 Facto

465 1667 665 1719 uespere
685 1653 854 1705 dicitis
888 1669 1122 1706 serenum
1145 1652 1258 1717 erit,
1297 1653 1636 1705 rubicundum
1664 1661 1736 1705 est
1763 1652 1897 1704 enim
1924 1666 2021 1702 ιω·
2059 1663 2064 1668 ’

466 1738 570 1790 lum
598 1739 879 1808 signiﬁcat,
905 1741 1046 1808 quod
1073 1756 1166 1808 per
1193 1741 1505 1807 sanguinem
1536 1741 1796 1818 passionis
1821 1740 2016 1795 Christi

2123 571 2297 624 minus
2327 571 2388 623 de
2420 579 2630 622 terreno
2657 583 2812 639 pane,
2842 584 2946 636 quo
2977 583 3166 637 corpus
3198 570 3342 635 pasci
3381 567 3534 632 solet,
3577 582 3676 620 cu-

2123 664 2334 713 rabant.
3073 653 3076 655 λ
3521 708 3528 713 .

2191 750 2291 815 Qui
2337 752 2466 803 dixit
2507 749 2607 804 illis
2649 769 2666 805 :
2714 749 2996 801 Intuemini
3036 759 3080 801 et
3135 759 3301 801 cavete
3353 766 3383 801 a
3421 747 3674 816 fermento

2121 842 2505 898 Pharisaeorum
2527 853 2570 895 et
2598 840 3021 896 Sadduca'orum.
3047 841 3100 893 In
3120 840 3293 894 Marco
3315 840 3385 892 ita
3412 842 3674 906 scriptum

2119 942 2198 987 est
2228 953 2238 986 :
2277 933 2472 996 Videte,
2511 941 2677 986 cavete
2709 951 2739 985 a
2773 934 3018 1002 fenuento
3047 931 3450 992 Pharisteorum,
3486 942 3532 983 et
3566 931 3678 998 fer—

2120 1034 2287 1077 mento
2310 1023 2530 1076 Herodis
2575 1020 2768 1094 ’(Μαιτ.
2809 1022 2944 1086 vin).
2993 1022 3330 1076 Feriuentum
3375 1021 3677 1074 Pharisaro-

2122 1130 2234 1166 rum
2266 1123 2346 1168 est
2374 1114 2584 1168 decreta
2614 1115 2742 1184 legis
2771 1114 2961 1167 divinae
2997 1113 3366 1168 traditionibus
3396 1111 3674 1163 hominum

2119 1210 2470 1272 postponere;
2505 1202 2582 1256 vel
2613 1211 2756 1290 certe
2783 1202 2947 1270 legem
2975 1203 3148 1261 verbis
3177 1201 3484 1270 przedicare,
3514 1197 3679 1253 factis

2121 1293 2448 1362 impugnare.
2467 1292 2802 1348 Fcrmentum
2831 1309 3011 1350 eorum
3036 1302 3120 1346 est
3141 1293 3416 1346 Dominum
3442 1301 3678 1354 tentare,

2123 1399 2219 1438 nec
2243 1386 2494 1439 doctrina:
2523 1384 2636 1452 ejus
2677 1393 2769 1439 aut
2809 1387 3056 1453 operibus
3084 1384 3318 1446 credere,
3364 1384 3456 1438 sed
3506 1383 3678 1436 insul-

2124 1473 2281 1526 tando
2323 1465 2686 1541 alia,‘quibus
2731 1475 2952 1529 credere
2996 1474 3245 1536 debeant,
3284 1481 3482 1542 petere.
3543 1472 3676 1526 Fer-

2122 1572 2358 1617 mentum
2385 1562 2606 1617 Herodis
2629 1572 2711 1618 est
2736 1563 3070 1625 adulterium,
3105 1563 3464 1625 homicidium,
3503 1570 3676 1615 teme-

2125 1656 2252 1708 ritas
2281 1653 2516 1720 jurandi,
2546 1654 2812 1714 simulatio
2851 1652 3141 1722 religionis,
3179 1659 3233 1706 et
3261 1652 3399 1720 quod
3435 1652 3674 1708 omnium

2122 1754 2202 1799 est
2231 1755 2388 1814 caput
2406 1755 2464 1800 et
2491 1745 2640 1815 origo
2676 1744 2960 1807 scelerum,
2988 1743 3171 1796 odium
3205 1757 3266 1795 ac
3292 1741 3593 1812 persecutio
3623 1741 3676 1794 in

419 1877 435 1885 ..
466 1829 517 1882 in
544 1830 715 1896 primo
743 1831 971 1884 adventu
1012 1832 1330 1902 indulgentia
1362 1840 1695 1898 peccatorum
1740 1813 1915 1898 datur.
1950 1833 2014 1886 Et
2050 1809 2090 1865 Β
2120 1809 2387 1890 Christum
2428 1845 2480 1890 et
2519 1809 2897 1904 priecursorem
2939 1831 3074 1899 eius,
3118 1809 3523 1901 prreconemque
3570 1831 3677 1900 pri-

465 1933 615 1971 mane
638 1933 656 1970 :
683 1917 853 1972 Hodie
877 1929 1166 1989 tempestas,
1193 1920 1332 1973 rubet
1370 1922 1504 1975 enim
1537 1937 1651 1973 cum
1691 1908 1898 1978 tristitia
1923 1938 2019 1975 cae-

464 2009 595 2076 lum,
631 2011 895 2081 signiﬁcat
930 2014 1068 2081 quod
1114 2009 1342 2068 secundo
1383 2016 1616 2068 adventu
1665 2015 1783 2084 igne
1821 2031 2018 2084 praece-

465 2098 620 2154 dente
643 2111 896 2155 venturus
922 2111 1020 2155 est.
1047 2101 1256 2155 Faciem
1281 2104 1414 2158 enim
1445 2104 1555 2157 caeli
1571 2104 1812 2171 judicare
1837 2108 2013 2171 nostis,

462 2189 610 2257 signa
642 2201 810 2243 autem
841 2201 1124 2259 temporum
1151 2209 1250 2245 non
1276 2195 1501 2262 potestis.
1533 2192 1692 2262 Signa
1723 2203 2017 2262 temporum

464 2276 597 2330 dixit
632 2278 698 2332 de
742 2280 979 2333 adventu"
1015 2295 1133 2345 suo,
1177 2281 1259 2354 vel
1305 2283 1571 2350 passione,
1600 2284 1683 2339 cui
1729 2285 1903 2339 simile
1939 2294 2019 2339 est

465 2383 674 2424 roseum
729 2372 921 2428 crelum
979 2387 1234 2442 vespere;
1293 2381 1347 2427 et
1393 2375 1518 2429 item
1562 2376 1629 2431 de
1679 2375 2018 2430 tribulatione

464 2469 587 2513 ante
621 2461 904 2514 adventum
951 2477 1106 2516 suum
1139 2462 1396 2528 futurum,
1427 2464 1512 2518 cui
1547 2463 1828 2518 simile'est
1865 2479 2019 2518 mane

467 2536 677 2600 roseum
706 2565 826 2602 eum
857 2550 1073 2604 tristitia
1101 2547 1311 2606 caelum.
1929 2558 1933 2565 “

539 2635 814 2691 Generatio
848 2629 986 2692 mdla
1031 2650 1077 2693 et
1108 2635 1344 2695 adultera
1387 2644 1589 2712 signum
1627 2645 1828 2713 quierit,
1867 2653 1914 2698 et
1950 2647 2022 2698 si-

464 2741 619 2795 gnum
656 2743 757 2808 non
783 2729 992 2783 dabitur
1029 2732 1104 2794 ei,
1135 2732 1234 2799 nisi
1267 2732 1468 2801 signum
1497 2733 1666 2787 Jonas.
1695 2733 1871 2805 (ΚΑΒ.)
1905 2734 2018 2788 Νοη

463 2830 589 2884 ergo
618 2816 774 2870 datur
809 2818 1017 2888 signum
1062 2821 1390 2887 generationi
1423 2822 1534 2886 illi,
1573 2822 1626 2876 id
1669 2831 1770 2883 est.
1807 2830 2020 2878 tentan-

466 2903 597 2956 tinm
647 2903 930 2959 Dominum
988 2919 1041 2962 et
1090 2909 1462 2964 resultantium
1511 2912 1684 2966 verbis
1726 2911 1873 2978 ejus;
1920 2912 2020 2966 tale

440 2995 649 3062 iutique
689 2995 922 3063 signum,
964 2998 1120 3066 quale
1167 3006 1434 3055 tentantes
1479 3001 1806 3067 quaerebant,
1838 3000 2016 3063 idest,

467 3081 530 3135 de
581 3081 977 3152 coelozquibus
1027 3096 1201 3139 tamen
1249 3087 1412 3156 multa
1463 3087 1700 3146 cmlestia
1754 3073 1915 3142 dabat
1966 3089 2018 3141 in

465 3178 628 3224 terra.
674 3172 937 3227 Caeterum
977 3177 1304 3243 generationi
1339 3179 1690 3245 quaerentium
1719 3178 2017 3244 Dominum,

464 3261 850 3330 requirentium
906 3264 1093 3319 faciem
1148 3268 1242 3323 Dei
1283 3267 1467 3334 Jacob,
1519 3272 1725 3339 signum
1775 3272 1838 3325 de
1885 3271 2021 3326 cmlo

463 3353 798 3418 ostendebat,
833 3355 1433 3422 quando’cernentibus
1483 3363 1735 3430 apostolis
1783 3364 2022 3417 ascendit

465 3441 524 3519 in
548 3441 762 3506 etelum,
789 3446 999 3512 quando
1028 3447 1192 3502 misso
1216 3449 1445 3517 desuper
1462 3450 1667 3519 Spiritu
1697 3453 2020 3521 primitivam

465 3528 703 3598 implevit
727 3532 1041 3599 Ecclesiam,
1067 3538 1277 3604 quando
1307 3539 1372 3593 ad
1401 3540 1792 3608 impositionem
1835 3558 2022 3598 manus

464 3619 821 3686 apostolorum
859 3623 912 3676 in
939 3623 1202 3689 Samaria,
1233 3617 1499 3693 Ctesarea,
1528 3629 1758 3698 Epheso,
1803 3631 2023 3700 aliisque

465 3707 687 3762 urbibus
725 3726 788 3764 ac
826 3711 955 3766 locis
989 3713 1251 3782 plurimis,
1281 3719 1508 3785 gratiam
1535 3719 1598 3773 de
1627 3721 1761 3774 cmlo
1791 3720 2021 3790 Spiritus

467 3799 636 3851 sancti
666 3801 1000 3857 credentibus
1025 3805 1364 3861 ministravit.
1391 3807 1654 3881 (Ηὶενοη.)
1681 3811 1814 3878 Quid
1843 3821 2019 3870 autem

464 3885 676 3955 signum
701 3887 850 3943 Jonas
885 3891 986 3945 sibi
1015 3893 1160 3956 velit,
1195 3894 1306 3962 jam
1334 3911 1491 3963 supra
1517 3897 1716 3952 dictum
1744 3908 1842 3954 est.

536 3977 606 4033 Et
637 3977 824 4033 relictis
853 3980 956 4034 illis
979 3981 1122 4034 abiit.
1157 3983 1374 4039 Relictis
1417 3987 1607 4040 scribis
1641 3996 1695 4042 et
1717 3987 2018 4054 Pharisasis,

464 4066 661 4133 quibus
706 4070 912 4122 dixerat
943 4086 956 4122 :
984 4069 1256 4125 Generatio
1299 4074 1438 4127 mala
1469 4086 1515 4128 et
1547 4077 1784 4132 adultera
1819 4081 2021 4150 signum

461 4157 668 4225 qua’rit,
704 4167 751 4210 et
794 4160 998 4227 signum
1028 4176 1130 4219 non
1160 4161 1370 4216 dabitur
1393 4165 1458 4227 ei,
1497 4166 1596 4221 nisi
1627 4167 1830 4235 signum
1850 4169 2018 4233 lance,

465 4252 611 4300 recte
643 4247 772 4301 abiit
801 4256 949 4329 trans
979 4248 1194 4329 fretum,
1223 4259 1274 4306 et
1304 4255 1540 4321 gentium
1579 4264 1792 4311 secutus
1823 4265 1904 4312 est
1929 4273 2023 4328 po-

459 4335 638 4405 polus.

535 4425 602 4478 Et
625 4444 738 4480 cum
768 4433 1017 4496 venissent
1041 4432 1283 4492 discipuli
1319 4442 1463 4490 trans
1484 4436 1692 4506 fretum,
1733 4440 1875 4494 obliti
1898 4454 2095 4524 sunt'D

461 4531 620 4586 panes
659 4519 904 4594 accipere.
956 4520 1168 4587 Quaerat
1195 4522 1403 4596 aliquis,
1433 4533 1486 4578 et
1530 4526 1710 4580 dicat:
1745 4528 2019 4594 Quomodo

461 4617 778 4673 panesnon
825 4607 1120 4671 habebant,
1174 4611 1264 4678 qui
1311 4612 1490 4665 statim
1538 4613 1770 4683 impletis
1817 4629 2019 4686 septem

459 4695 661 4763 sportis
689 4698 1043 4753 ascenderunt
1087 4702 1404 4767 naviculam,
1437 4711 1491 4758 et
1522 4716 1777 4760 venerunt
1806 4709 1860 4762 in
1887 4708 2020 4764 ﬁnes

464 4783 738 4854 Magedan,
778 4786 960 4856 ibique
1001 4791 1224 4844 audiunt
1262 4793 1600 4862 navigantes,
1655 4797 1794 4863 quod
1831 4811 2020 4852 cavere

462 4873 691 4930 debeant
730 4891 759 4929 a
786 4875 1048 4934 fermento
1075 4878 1464 4936 Pharisaeorum
1495 4893 1548 4937 et
1575 4883 2020 4942 Sadduczeorum?

465 4963 572 5026 Sed
600 4964 872 5034 Scriptura
917 4978 1164 5035 testatur,
1192 4973 1332 5041 quod
1382 4974 1529 5027 obliti
1567 4976 1674 5028 sint
1718 4989 1808 5029 eos
1838 4993 2019 5031 secum

463 5053 667 5106 tollere.
693 5055 879 5128 litae.)
918 5057 1066 5124 Quod
1099 5073 1276 5116 autem
1299 5063 1603 5134 navigaturi
1644 5073 1792 5120 trans
1826 5066 2018 5121 fretum

463 5141 609 5195 obliti
650 5151 780 5201 sunt
825 5146 1072 5201 viaticum
1124 5164 1336 5206 sumere
1386 5166 1586 5216 secum,
1640 5152 1892 5206 indicium
1941 5165 2022 5208 est

463 5243 622 5296 quam
655 5233 1124 5311 modicam‘carnis
1155 5256 1336 5313 curam
1384 5241 1642 5294 baberent
1687 5241 1742 5294 in
1769 5241 2017 5311 reliquis;

462 5321 656 5388 quibus
681 5322 790 5392 ipsa
817 5325 1086 5381 reficiendi
1117 5331 1354 5398 corporis
1380 5331 1690 5395 necessitas,
1722 5346 1840 5399 qua?
1865 5343 2021 5386 natu-

466 5409 649 5464 raliter
676 5415 880 5470 cnnCtis
909 5418 1223 5472 mortalibus
1252 5421 1407 5484 inest,
1438 5421 1730 5474 intentione
1757 5421 2019 5477 Dominici

465 5501 747 5558 comitatus
773 5514 948 5560 mente
974 5517 1294 5564 excesserat.
1329 5509 1475 5564 Unus
1502 5525 1628 5564 vero
1655 5512 1828 5578 panis,
1861 5510 2018 5580 quem

463 5601 644 5642 secum
675 5590 939 5647 habebant
967 5595 1019 5647 in
1049 5595 1189 5659 navi,
1215 5597 1438 5665 mystice
1464 5597 1633 5665 ipsum
1658 5612 1851 5666 panem
1875 5601 2019 5666 vitae,

467 5672 744 5733 Dominum
795 5682 1048 5748 videlicet.
1100 5683 1454 5755 Salvatorem,
1527 5688 1799 5761 designat,
1873 5692 2021 5760 cujus

2121 1940 2265 1978 mum
2314 1925 2462 1995 regni
2513 1924 2765 1978 caelestis.
2809 1922 2853 1975 Α
2880 1937 2984 1990 quo
3016 1928 3361 1988 utrorumque
3409 1919 3675 1973 fermento

2120 2017 2280 2069 etiam
2305 2014 2587 2083 Apostolus
2622 2027 2716 2066 nos
2750 2011 3034 2080 prohibens
3063 2010 3137 2063 ait
3161 2028 3171 2062 ε
3200 2008 3386 2078 Itaque
3411 2007 3677 2076 epulemur

2121 2121 2222 2157 non
2265 2105 2316 2156 in
2347 2103 2594 2172 fermento
2635 2103 2820 2165 veteri,
2882 2117 3039 2169 neque
3078 2101 3131 2152 in
3170 2099 3421 2166 fermento
3461 2099 3673 2150 malitia

2118 2204 2164 2249 et
2207 2193 2574 2264 nequitiw,sed
2621 2193 2672 2245 in
2696 2191 2888 2260 azymis
2935 2191 3241 2244 sinceritatis
3281 2201 3326 2243 et
3363 2190 3591 2242 veritatis
3621 2187 3670 2258 (1

2072 2316 2077 2322 -
2119 2284 2243 2339 Cor.
2280 2285 2353 2356 v).

2147 2426 2151 2430 .
2191 2376 2253 2428 At
2301 2374 2377 2427 illi
2413 2375 2702 2442 cogitabant
2743 2374 2876 2425 inter
2912 2388 2986 2434 se,
3033 2372 3253 2423 dicentes
3288 2382 3304 2419 :
3354 2368 3490 2432 Quia
3519 2383 3674 2436 panes

2121 2481 2221 2518 non
2252 2465 2557 2532 accepimus.
2603 2461 2780 2516 Sciens
2821 2471 2989 2516 autem
3023 2459 3173 2512 Iesus
3213 2457 3343 2510 dixit
3373 2475 3388 2510 :
3422 2456 3560 2520 Quid
3588 2472 3674 2508 co-

2119 2556 2294 2624 gitatis
2318 2555 2449 2606 inter
2472 2570 2571 2614 vos,
2599 2552 2813 2604 modica:
2833 2550 2976 2618 ﬁdei,
2998 2550 3115 2618 quia
3136 2565 3292 2617 panes
3323 2565 3422 2600 non
3445 2545 3677 2610 habetis?

2126 2642 2373 2696 Nondum
2401 2640 2707 2708 intelligitis,
2747 2654 2904 2706 neque
2941 2636 3544 2703 recordaminitquinque
3579 2651 3672 2701 pa-

2119 2746 2263 2793 num,
2297 2737 2346 2782 et
2386 2729 2613 2798 quinque
2650 2725 2812 2779 millia
2852 2727 3147 2789 hominum,
3189 2733 3234 2783 et
3278 2733 3397 2794 quot
3434 2724 3673 2792 cophinos

2119 2818 2450 2888 sumpsistis?
2485 2817 2664 2887 Neque
2705 2824 2893 2884 septem
2925 2831 3115 2884 panum
3136 2854 3150 2878 ,
3185 2824 3230 2866 et
3262 2824 3490 2884 quatuor
3510 2813 3673 2866 millia

2119 2910 2406 2970 hominum,
2435 2917 2480 2960 et
2510 2917 2630 2977 quot
2659 2915 2856 2974 sportas
2888 2904 3216 2972 sumpsistisl
3251 2901 3424 2966 Quare
3456 2919 3560 2956 non
3598 2903 3675 2955 in-

2120 2995 2348 3064 telligitis
2389 2995 2510 3064 quia
2549 3011 2647 3046 non
2687 2994 2747 3045 de
2788 3009 2918 3060 pane
2956 2992 3064 3044 dixi
3104 2987 3484 3044 vobis:Cavere
3513 3009 3544 3042 a
3575 2991 3676 3058 fer-

2122 3095 2290 3138 mento
2333 3083 2720 3138 Pharisa'orum
2759 3093 2804 3135 et
2831 3081 3277 3136 Sadducazorum?
3306 3080 3410 3134 Per
3447 3082 3678 3135 occasio-

2123 3190 2245 3229 nem
2269 3175 2538 3244 pmcepti,
2564 3173 2701 3242 quod
2725 3171 2965 3225 Salvator
2986 3172 3243 3240 jusserat,
3269 3171 3474 3235 dicens,
3498 3170 3676 3224 Cavete

2121 3283 2152 3318 a
2176 3265 2421 3333 fermento
2449 3262 2836 3318 Pharisaeorum
2862 3272 2906 3315 et
2934 3279 2964 3314 a
2987 3262 3232 3330 fermento
3255 3260 3498 3324 Herodis,
3521 3262 3677 3316 docet

2121 3372 2212 3410 eos
2244 3357 2369 3425 quid
2397 3355 2697 3425 significent
2729 3354 2960 3422 quinque
2991 3367 3186 3420 panes,
3213 3361 3270 3406 et
3297 3361 3522 3420 septem,
3567 3353 3677 3405 sive

2121 3448 2331 3516 piaculi,
2383 3455 2474 3500 aut
2518 3447 2750 3514 quinque
2785 3443 2946 3498 millia
2981 3444 3287 3506 hominum,
3326 3451 3382 3496 et
3426 3451 3674 3511 quatuor,

2123 3549 2240 3602 quae
2270 3542 2418 3602 pasta
2450 3542 2571 3587 sunt
2613 3533 2664 3585 in
2703 3546 2902 3585 eremo.
2933 3529 3082 3595 Quod
3111 3529 3234 3584 licet
3259 3530 3536 3597 signorum
3566 3544 3678 3588 ma-

2121 3624 2340 3692 gnitudo
2380 3623 2652 3692 perspicua
2683 3622 2775 3686 sit,
2811 3629 2985 3679 tamen
3032 3606 3173 3674 aliud
3213 3619 3438 3688 spiritali
3487 3619 3680 3686 intelli-

2122 3713 2300 3784 gentia
2349 3714 2763 3769 demonstretur.
2821 3711 2878 3768 Si
2926 3711 3068 3768 enim
3113 3709 3432 3763 fermentum
3483 3708 3677 3762 Phari-

2109 3821 2348 3860 .smorum
2396 3813 2450 3858 et
2497 3803 2904 3858 Sadduemorum
2966 3809 3024 3856 et
3080 3800 3400 3871 fermentum
3454 3799 3682 3855 Herodis

2122 3911 2227 3948 non
2279 3896 2608 3962 corporalem
2671 3908 2886 3962 panem,
2913 3893 3006 3948 sed
3053 3893 3366 3949 traditiones
3393 3907 3678 3961 perversa:

2120 3997 2175 4043 et
2222 3988 2468 4042 haeretica
2517 3985 2779 4055 signiﬁcat
2813 3985 3078 4055 dogmata,
3099 4000 3274 4053 quare
3299 3994 3352 4038 et
3396 3984 3523 4046 cibi,
3554 3983 3682 4052 quis

2122 4079 2222 4132 bus
2257 4077 2485 4130 nutritus
2513 4084 2594 4130 est
2622 4075 2842 4144 populus
2875 4076 2985 4138 Dei,
3027 4091 3132 4129 non
3170 4090 3350 4128 veram
3377 4075 3678 4129 doctrinam

2122 4169 2489 4238 integramque
2539 4165 2886 4235 signiﬁcent?
2965 4164 3263 4220 istiusmodi
3331 4165 3679 4230 fermentum,

2122 4261 2263 4329 quod
2297 4259 2447 4314 omni
2501 4259 2706 4313 ratione
2751 4258 3023 4312 vitandum
3070 4266 3168 4320 est,
3202 4257 3388 4310 habuit
3415 4257 3679 4320 Marcion,

2119 4357 2174 4402 et
2203 4348 2530 4412 Valentinus,
2561 4356 2616 4401 et
2660 4361 2848 4402 omnes
2881 4347 3133 4400 haeretici.
3157 4345 3508 4400 Fermentum
3537 4347 3683 4400 hanc

2121 4441 2229 4494 vim
2278 4442 2455 4504 habet,
2492 4448 2550 4494 ut
2586 4440 2629 4494 si
2664 4438 2848 4493 farinae
2892 4439 3104 4492 mistum
3153 4436 3333 4512 fuerit,
3382 4439 3524 4506 quod
3561 4454 3686 4508 par-

2121 4544 2246 4582 vum
2283 4528 2579 4590 videbatur,
2626 4536 2832 4582 crescat
2900 4527 2954 4581 in
3001 4527 3170 4596 majus
3217 4535 3271 4581 et
3310 4527 3377 4580 ad
3429 4542 3682 4596 saporem

2122 4631 2276 4680 suum
2314 4617 2617 4673 universam
2665 4617 3093 4684 conspersionem
3126 4617 3318 4670 trahat.
3372 4616 3449 4670 Ita
3485 4624 3540 4670 et
3567 4618 3684 4671 .do-

2121 4705 2293 4760 ctrina
2321 4705 2588 4770 haeretica,
2618 4706 2662 4760 si
2688 4705 2769 4759 vel
2804 4705 3062 4760 modicam
3103 4704 3388 4760 scintillam
3431 4705 3485 4760 in
3526 4709 3686 4760 tuum

2118 4801 2305 4862 peetus
2341 4793 2551 4861 iecerit,
2596 4794 2651 4848 in
2685 4794 2834 4848 brevi
2870 4795 3060 4863 ingens
3100 4792 3310 4848 ﬂamma
3351 4806 3685 4859 succrescet,

2122 4890 2174 4944 et
2229 4889 2390 4936 totam
2435 4882 2663 4934 hominis
2702 4883 3087 4948 possessionem
3127 4883 3195 4936 ad
3235 4896 3294 4935 se
3340 4881 3532 4936 trahet.
3565 4881 3692 4938 Hoc

2124 4982 2206 5034 est
2251 4973 2315 5026 de
2376 4987 2480 5040 quo
2527 4981 2583 5024 et
2617 4971 2900 5041 Apostolus
2943 4952 3218 5039 loquitur‘:
3266 4969 3530 5026 Modicum
3568 4974 3688 5044 fer-

2125 5069 2349 5115 mentum
2392 5069 2549 5120 totam
2592 5077 2814 5114 massam
2858 5063 3137 5131 corrumpit
3178 5059 3318 5130 (Gal.
3343 5061 3418 5135 v).

2198 5149 2338 5204 Tunc
2380 5149 2737 5204 intellexerunt
2781 5151 2904 5221 quia
2953 5166 3054 5204 non
3095 5151 3283 5204 dixerit
3330 5153 3619 5206 cavendum
3658 5172 3693 5207 α

2125 5240 2372 5308 fermento
2397 5257 2608 5309 panum,
2631 5242 2718 5294 sed
2743 5260 2775 5294 a
2795 5242 3028 5294 doctrina
3049 5240 3438 5296 Pliariseeorum
3467 5253 3514 5296 et
3536 5242 3690 5297 Sad-

2126 5330 2442 5386 duca’orum.
2479 5331 2700 5403 (MAUR.)
2744 5332 2892 5399 Quod
2929 5333 3007 5387 eis
3048 5333 3176 5386 utile
3224 5342 3342 5388 erat
3387 5337 3693 5402 persuasit,

2127 5421 2268 5489 quod
2292 5422 2535 5475 nocivum
2561 5424 2732 5476 vitare
2753 5421 2952 5490 jussit..
3008 5423 3262 5476 Doctrina
3289 5424 3440 5477 enim
3482 5440 3689 5494 ευμεν.

2127 5512 2355 5578 stitiosa,
2399 5520 2452 5566 et
2487 5513 2758 5578 haeretica,
2801 5521 2986 5582 gravat
3023 5515 3191 5584 magis
3219 5529 3376 5583 quam
3425 5513 3693 5583 adjuvat:

2129 5603 2340 5670 mergit,
2378 5611 2430 5656 et
2456 5618 2562 5656 non
2609 5604 2784 5671 erigit.
2816 5604 2856 5656 Α
2888 5605 3027 5660 bono
3069 5619 3195 5673 ergo
3232 5605 3489 5675 magistro
3522 5607 3696 5664 disci-

2127 5695 2232 5762 puli
2265 5694 2507 5749 inStructi
2544 5694 2914 5751 intellexerunt
2942 5696 2995 5751 in
3026 5695 3284 5754 fermento
3309 5698 3691 5756 seductiouem

3735 72 3877 360 Ἰ
