3938 6344
248 371 353 427 939

1208 375 1551 431 COMMENT.
1594 378 1658 431 IN
1697 379 2125 436 MATTH/EUM.
2169 414 2236 423 -—
2269 384 2394 438 LIB.
2435 386 2492 442 V.

3348 400 3454 458 .930

248 478 640 537 Pharisaeorum
671 491 723 536 et
751 481 1178 548 Sadduczeorum,
1225 485 1330 538 imo
1362 486 1597 539 omnium
1635 488 1801 540 hcere—
1827 484 1883 548 Α
1903 504 2107 544 summa
2148 492 2402 547 virtutum
2443 504 2545 560 est,
2590 494 2754 551 Deum
2798 501 2974 556 vivum
3013 507 3240 576 appellat
3282 512 3345 564 ad
3385 513 3460 568 di-

251 570 488 624 ticorum
519 571 608 638 qui
647 571 910 623 contraria
960 571 1172 640 sapiunt
1215 572 1444 631 veritati.
1494 587 1803 642 expressam

247 659 523 713 vitandam
547 674 686 714 esse.
733 660 900 726 Quam
941 669 994 714 et
1019 663 1236 716 omnino
1267 664 1364 733 ipsi
1396 665 1718 728 vitaverunt,
1752 674 1806 720 et

251 751 408 804 nobis
438 749 738 820 fugiendam
763 766 879 805 esse
907 762 1246 807 censuerunt.
1271 752 1397 808 Post
1424 755 1536 809 haec
1565 756 1804 824 sequitur

251 843 553 908 Matthteus,
584 851 637 898 et
662 844 788 898 dicit
814 862 827 896 :
1113 842 1136 856 "
1505 850 1513 854 ‘
1702 849 1713 857 ‘

325 930 436 1003 [IL]
475 931 619 986 Venit
639 943 808 986 autem
829 931 982 987 Iesus
1013 935 1066 987 in
1088 945 1258 1003 partes
1276 932 1528 990 Ctesarea:
1552 934 1799 1008 Philippi.

251 1016 530 1089 Philippus
565 1021 664 1075 iste
692 1029 776 1074 est
815 1019 981 1074 frater
1006 1020 1252 1088 Herodis,
1283 1023 1348 1077 de
1377 1012 1481 1090 quo
1503 1024 1612 1093 jam
1645 1040 1803 1094 supra

251 1111 503 1173 diximus,
537 1112 804 1164 tetrarcha
833 1111 1018 1166 ltureze
1041 1121 1099 1166 et
1125 1112 1514 1166 Trachonitidis
1548 1114 1800 1183 regionis,

251 1203 344 1270 qui
376 1203 426 1255 in
453 1202 709 1256 honorem
739 1201 934 1256 Tiberii
962 1201 1206 1266 Cassaris,
1232 1202 1526 1276 Ctesaream
1555 1203 1802 1273 Philippi,

251 1306 373 1359 qua:
405 1306 542 1345 nunc
570 1290 774 1344 Paucas
802 1291 1016 1352 dicitur,
1045 1290 1340 1359 appellavit.
1386 1290 1452 1344 Et
1481 1301 1562 1346 est
1602 1294 1654 1346 in
1682 1308 1805 1362 pro-

251 1381 430 1435 vincia
456 1380 724 1435 Phtnnicis
775 1379 1012 1433 imitatus
1040 1378 1300 1434 Herodem
1346 1389 1581 1448 patrem,
1619 1382 1707 1449 qui
1749 1383 1801 1435 in

251 1468 511 1522 honorem
534 1468 756 1535 Augusti
787 1466 1011 1521 Ctesaris
1036 1468 1317 1537 appellavit
1340 1466 1658 1532 Caesaream,
1685 1484 1804 1537 quae

249 1560 401 1630 prius
428 1559 612 1614 Turris
649 1559 915 1614 Stratonis
943 1560 1246 1624 vocabatur,
1277 1570 1330 1614 et
1355 1576 1422 1615 ex
1453 1561 1663 1615 nomine
1690 1561 1804 1629 ejus

248 1648 373 1702 filice
393 1648 680 1702 Lubiadem
710 1658 856 1701 trans
879 1645 1164 1702 Iordanem
1197 1650 1481 1704 exstruxit.
1513 1651 1617 1706 lste
1653 1651 1801 1707 locus

243 1749 333 1795 est
365 1740 621 1794 Caesareae
640 1739 887 1808 Philippi,
916 1742 1001 1794 ubi
1030 1739 1276 1796 Jordanis
1301 1741 1474 1796 oritur
1497 1742 1565 1796 ad
1592 1743 1798 1799 radices

1907 580 2242 635 stinctionem
2293 583 2548 639 falsorum
2603 587 2846 655 deorum,
2903 607 3034 661 quos
3076 600 3224 654 vario
3278 601 3460 657 delusa

1905 685 2086 724 errore
2131 673 2397 740 gentilitas
2437 676 2516 729 vel
2547 677 2610 730 de
2637 680 2861 734 mortuis
2901 683 2998 736 sibi
3035 686 3335 744 hominibus
3383 693 3465 746 in-

1905 759 2096 822 stituit,
2125 760 2205 813 vel
2244 760 2446 830 majore
2484 765 2749 820 deme’ntia
2790 769 2854 823 de
2889 770 3179 828 insensibili
3218 782 3457 846 materia,

1905 862 2039 915 quos
2062 849 2328 914 adoraret,
2355 853 2570 906 creavit.
2599 855 2672 908 De
2701 857 2888 923 quibus
2911 862 3122 938 canitur
3149 865 3198 917 in
3226 868 3454 934 psalmo:

1908 934 2202 989 Simulacra
2241 940 2486 1006 gentium,
2535 954 2798 1010 argentum
2836 956 2882 998 et
2919 934 3124 1014 aurum,
3156 970 3307 1021 opera
3349 974 3458 1008 ma-

1905 1042 2064 1078 nuum
2112 1027 2395 1093 hominum,
2442 1047 2496 1083 os
2532 1032 2737 1097 habent,
2780 1046 2827 1089 et
2869 1055 2967 1092 non
3008 1041 3306 1112 loquuntur,
3350 1058 3453 1102 etc.

1906 1115 2268 1191 (Psal.cxttt).
2314 1119 2612 1176 Notandum
2663 1135 2838 1180 autem
2890 1144 3044 1197 quam
3096 1136 3332 1190 miranda
3372 1142 3452 1192 di-

1904 1208 2186 1264 stinctione
2220 1212 2290 1264 sit
2331 1211 2547 1278 factum,
2595 1224 2652 1285 ut
2695 1234 2812 1272 cum
2859 1222 2921 1274 de
2964 1231 3185 1293 utraque
3222 1229 3452 1296 ejusdem

1904 1296 2110 1350 Domini
2144 1306 2198 1351 et
2225 1297 2512 1355 Salvatoris
2551 1306 2714 1357 nostri
2751 1315 2935 1361 natura
2976 1313 3040 1364 ab
3072 1313 3182 1381 ipso
3213 1316 3450 1381 Domino,

1901 1395 1957 1439 et
1999 1403 2027 1439 a
2057 1387 2194 1442 ﬁdeli
2226 1389 2338 1458 ejus
2368 1389 2624 1460 discipulo
2661 1405 2800 1448 esset
2827 1399 3138 1464 proferenda
3170 1407 3452 1472 sententia,
3550 1459 3558 1467 ,

1877 1478 2157 1535 Dominus
2208 1481 2319 1550 ipse
2374 1484 2721 1549 humilitatem
2779 1501 3062 1561 assumpta}
3112 1497 3457 1558 humanitatis

1899 1569 2232 1651 proﬁteatur,
2271 1572 2561 1642 discipulus
2591 1578 2957 1636 excellentiam
3008 1585 3194 1640 divina
3243 1593 3458 1645 διιεγηὶ-

1902 1660 2028 1714 tatis
2056 1663 2322 1717 ostendat.
2354 1665 2609 1720 Dominus
2646 1669 2710 1723 de
2749 1686 2805 1724 se
2851 1673 2990 1741 quod
3029 1677 3204 1731 minus
3243 1690 3341 1745 est,
3375 1684 3455 1736 di-

1901 1752 2135 1822 scipttlus
2165 1755 2229 1809 de
2252 1758 2474 1813 Domino
2504 1761 2714 1816 intimat
2742 1765 2880 1831 quod
2917 1764 3085 1832 majus
3120 1777 3231 1833 est;
3277 1771 3454 1825 Domi-

242 1830 461 1893 Libani,
494 1839 547 1885 et
582 1830 741 1885 habet
768 1831 901 1885 duos
939 1829 1131 1896 fontes,
1163 1848 1325 1927 unum
1361 1833 1574 1888 nomine
1599 1832 1714 1898 lor,
1729 1842 1802 1927 ft
1829 1828 1873 1886 B
1900 1857 2002 1897 nus
2040 1844 2103 1898 de
2140 1861 2198 1922 ge
2227 1848 2367 1914 quod
2411 1845 2584 1904 factus
2621 1861 2701 1906 est
2738 1828 2954 1923 propter
2999 1828 3112 1915 nos“,
3164 1828 3454 1927 digcipulu,

239 1920 472 1974 alterum
513 1919 653 1986 Dan,
685 1920 772 1990 qui
815 1919 972 1974 simul
1005 1921 1146 1974 misti
1175 1919 1421 1976 Iordanis
1459 1935 1651 1976 nomen
1691 1921 1801 1974 elli-
1840 1948 1845 1952 -

239 2010 418 2063 ciunt.

315 2097 383 2151 Et
420 2099 764 2167 interrogabat
794 2099 1072 2167 discipulos
1114 2100 1454 2164 suos,.dicens
1476 2117 1495 2154 :
1530 2100 1691 2164 Quem
1721 2100 1799 2154 di-

237 2198 365 2240 cunt
397 2188 626 2241 homines
654 2204 761 2241 esse
788 2186 954 2256 ﬁlium
987 2189 1248 2242 hominis?
1272 2188 1383 2244 Non
1418 2190 1549 2244 dixit
1586 2207 1597 2241 :
1631 2191 1798 2254 Quem

237 2293 329 2332 me
365 2278 548 2332 dicunt
580 2278 823 2332 homines
853 2267 991 2342 esse,
1018 2279 1109 2332 sed
1133 2278 1300 2346 ﬁlium
1338 2279 1584 2344 hominis,
1614 2293 1680 2332 ne
1717 2278 1799 2348 ja»

239 2378 454 2423 ctanter
482 2369 546 2423 de
572 2384 634 2440 se.
654 2384 892 2438 quarere
919 2369 1204 2423 videretur.
1257 2370 1321 2442 Et
1347 2378 1472 2423 nota
1510 2371 1649 2438 quod
1676 2369 1795 2423 ubi-

237 2474 453 2528 cunque
483 2460 738 2528 scriptum
763 2467 846 2513 est
874 2459 925 2512 in
954 2460 1130 2513 Veteri
1160 2459 1498 2514 Testamento
1524 2458 1668 2514 ﬁlius
1699 2460 1794 2515 ho-

235 2550 422 2612 minis,
455 2550 506 2603 in
533 2548 754 2603 Hebrzno
791 2551 1020 2618 positum
1063 2549 1131 2604 sit
1169 2549 1307 2603 (ilius
1327 2551 1524 2616 Adam;
1567 2551 1797 2618 illudque

235 2641 384 2709 quod
437 2642 487 2694 in
519 2640 729 2711 psalmo
776 2640 1039 2710 legimus:
1071 2638 1196 2693 Filii
1237 2642 1496 2695 hominum
1539 2660 1795 2713 usquequo

237 2732 387 2799 gravi
407 2732 558 2784 corde
585 2729 754 2800 (Psal.
783 2730 882 2799 iV),
915 2731 966 2782 in
995 2729 1215 2785 Hebraeo
1247 2731 1458 2797 dicitur,
1482 2732 1580 2800 ﬁlii
1603 2734 1791 2788 Adam.

235 2821 470 2875 Pulchre
498 2830 676 2875 autem
719 2820 1119 2890 interrogabat:
1149 2819 1312 2886 Quem
1347 2823 1522 2878 dicunt
1564 2824 1794 2879 homines

236 2928 350 2966 esse
378 2912 544 2979 ﬁlium
584 2912 845 2965 hominis?
893 2911 1028 2977 Quia
1070 2913 1158 2982 qui
1200 2913 1265 2968 de
1304 2911 1412 2967 filio
1441 2915 1677 2969 'hominis
1720 2915 1794 2969 lo-

237 3012 499 3072 quuntur,
525 3001 769 3057 homines
798 3011 937 3056 sunt.
993 3003 1090 3069 Qui
1136 3019 1263 3058 vero
1307 3004 1632 3058 divinitatem
1680 3007 1796 3077 ejus

200 3087 202 3089 ’
237 3093 565 3162 intelligunt,
589 3105 695 3147 non
724 3093 982 3156 homines,
1013 3095 1107 3149 sed
1133 3095 1204 3148 dii
1231 3095 1578 3164 appellantur.

313 3183 381 3237 Et
411 3182 489 3234 illi
524 3183 766 3235 dixerunt
788 3196 806 3234 :
828 3182 932 3236 Alii
961 3183 1213 3237 Joannem
1239 3163 1545 3254 Baptistam,
1575 3182 1667 3240 alii
1695 3203 1792 3239 au-
1817 3163 1862 3226 (ἶ

226 3283 342 3326 tem
365 3262 572 3337 Eliam,
589 3270 678 3323 alii
712 3288 828 3325 vero
853 3272 1154 3337 Jeremiam,
1189 3283 1278 3328 aut
1312 3267 1470 3333 unum
1495 3291 1557 3327 ea:
1579 3277 1793 3344 prophe-

235 3361 326 3414 tis.
373 3361 536 3414 Miror
570 3362 829 3429 qtiosdam
877 3361 1193 3431 interpretes
1235 3375 1469 3417 errorem
1523 3365 1793 3434 inquirere

236 3452 588 3522 singulorum,
639 3460 693 3506 et
726 3453 1133 3521 disputationem
1179 3454 1538 3525 longissimam
1588 3465 1788 3526 texere,

234 3557 405 3611 quare
427 3543 708 3596 Dominum
733 3552 971 3597 nostrum
991 3543 1168 3599 ‘Jesum
1198 3545 1482 3610 Christum,
1515 3549 1602 3603 alii
1628 3549 1790 3608 Joan-

236 3644 364 3683 nem
401 3616 747 3698 putaveruut,
776 3631 866 3684 alii
894 3631 1084 3695 Eliam,
1122 3632 1209 3686 alii
1241 3633 1544 3701 Jeremiam,
1588 3648 1686 3692 aut
1727 3655 1790 3694 ex

233 3720 514 3789 prophetis
554 3736 742 3786 unum,
774 3736 892 3775 cum
923 3723 1008 3776 sic
1045 3737 1226 3778 errare
1260 3735 1550 3793 potuerunt
1570 3711 1629 3782 in
1651 3729 1787 3794 Elia,

233 3818 334 3864 aut
360 3811 412 3863 in
435 3809 687 3875 Jcremia,
713 3812 1234 3880 quomodoﬂcrodes
1258 3818 1462 3870 erravit
1483 3819 1540 3871 in
1563 3818 1789 3886 Joanne,

236 3902 423 3957 dicens
453 3920 463 3954 :
493 3900 655 3966 Quem
697 3919 787 3973 ego
815 3903 1071 3977 decollavi
1102 3905 1377 3971 Joannem,
1417 3910 1526 3978 ipse
1566 3914 1792 3965 surrexit

235 4007 270 4044 α
293 3993 531 4057 mortuis,
553 4001 599 4045 et
620 3992 733 4045 ideo
757 3994 963 4047 virtutes
985 4005 1260 4064 operantur
1281 3999 1333 4051 in
1358 4014 1417 4052 eo
1442 3993 1652 4070 (Matth.
1680 4016 1788 4068 xiv;

238 4083 412 4137 Marc.
445 4099 496 4137 vi
517 4101 530 4148 ;
562 4083 689 4137 Luc.
715 4084 814 4156 ut).
1166 4099 1169 4102 ‘

319 4172 421 4226 Vos
445 4184 617 4227 autem
643 4191 793 4245 quem
824 4192 904 4230 me
927 4191 1032 4231 esse
1057 4179 1228 4234 dicitis
1245 4183 1270 4234 ?
1295 4173 1514 4255 (illum)
1544 4185 1657 4241 Non
1693 4202 1792 4240 au-

239 4270 348 4316 tem
379 4263 531 4331 quasi
567 4263 812 4319 nesciens
857 4268 1174 4322 sententiam
1208 4272 1274 4326 de
1313 4288 1370 4326 se
1395 4274 1476 4327 vel
1507 4266 1790 4344 discipulo-

237 4367 381 4416 rum,
408 4352 490 4408 vel
521 4362 895 4409 extraneorum
925 4355 1160 4426 inquirit,
1200 4363 1293 4416 sed
1327 4362 1446 4418 ideo
1483 4365 1788 4435 discipulos,

1899 1934 2132 1988 declarat
2180 1938 2244 1992 de
2287 1939 2508 1995 Domino
2553 1943 2691 2009 quod
2739 1944 2849 2012 ipse
2895 1953 2977 1999 est
3021 1947 3108 2014 qui
3164 1947 3288 2001 fecit
3332 1967 3446 2005 nos.

1899 2019 2050 2075 Sicut
2088 2032 2141 2078 et
2181 2025 2235 2078 in
2269 2026 2574 2096 Evangelio.
2599 2031 2852 2110 Dominus
2897 2033 3063 2088 multo
3107 2038 3344 2091 crebrius
3389 2051 3448 2092 se

1895 2110 2060 2165 ﬁlium
2092 2115 2319 2171 hominis
2346 2134 2502 2186 quam
2527 2119 2717 2174 Filium
2741 2121 2831 2175 Dei
2859 2124 3124 2192 appellare
3151 2129 3447 2191 consuevit,

1895 2211 1953 2256 ut
2004 2219 2101 2259 nos
2146 2207 2456 2262 admoneret
2503 2210 2911 2280 dispensationis
2953 2229 3109 2284 quam
3154 2231 3248 2284 pro
3296 2218 3450 2272 nobis

1892 2297 2146 2363 suscepit.
2197 2297 2300 2352 Sed
2328 2314 2424 2353 nos
2457 2311 2779 2369 necesse,est
2809 2280 3235 2361 tanto—humilius
3262 2309 3450 2363 divini—

1894 2389 2019 2442 tatis
2058 2385 2174 2456 ejus
2214 2389 2320 2444 alta
2369 2393 2632 2458 venerari,
2684 2403 2883 2462 quanto
2931 2396 3077 2449 illum
3108 2399 3446 2467 meminimus

1895 2490 1991 2544 pro
2035 2486 2216 2531 nostra
2266 2478 2588 2534 exaltatione
2637 2483 2702 2536 ad
2753 2483 3098 2538 humanitatis
3136 2485 3313 2539 inﬁma
3357 2488 3447 2540 de-

1896 2566 2182 2642 scendisse.
2236 2587 2240 2592 ·
2681 2630 2686 2638 ι
3234 2581 3238 2584 ’

1913 2643 1916 2648 λ
1965 2655 2296 2726 Respondens
2315 2670 2488 2714 autem
2514 2662 2666 2716 Iesus
2687 2665 2817 2717 dixit
2840 2664 2888 2717 ei
2913 2664 3147 2719 :Beatus
3169 2676 3242 2719 est
3271 2665 3448 2721 Simon

1892 2749 2147 2818 Barjona,
2178 2753 2303 2822 quia
2328 2768 2448 2806 caro
2479 2763 2525 2806 et
2551 2755 2762 2824 sanguis
2805 2772 2904 2808 non
2953 2757 3186 2811 revelavit
3216 2757 3326 2820 tibi,
3359 2760 3448 2812 sed

1896 2840 2056 2894 Pater
2078 2857 2218 2894 meus
2247 2843 2335 2910 qni
2361 2843 2415 2895 in
2443 2844 2578 2897 ccele
2601 2854 2697 2896 est.
2727 2843 2950 2910 Barjona
2981 2845 3218 2914 Syrisce,
3255 2846 3446 2902 Latine

1888 2931 2095 2984 dicitur
2118 2931 2258 2998 ﬁlius
2289 2931 2554 2986 columbis.
2586 2933 2746 2987 Recte
2793 2943 3011 2989 vocatur
3040 2937 3307 3006 apostolus
3352 2938 3448 2992 Pe-

1891 3031 2010 3076 trus
2037 3021 2179 3076 ﬁlius
2205 3023 2482 3088 cuiumbzn,
2519 3027 2642 3094 quia
2679 3026 2925 3080 videlicet
2954 3029 3194 3082 columba
3225 3029 3446 3083 multum
3487 3067 3503 3073 ς

1897 3111 2120 3180 simplex
2149 3121 2232 3166 est
2260 3114 2477 3181 animal,
2506 3124 2558 3169 et
2607 3117 2720 3186 ipse
2745 3119 2991 3186 prudenti
3026 3135 3088 3173 ac
3133 3120 3218 3189 pia
3245 3121 3450 3188 simpli-

1893 3201 2056 3255 citate
2081 3201 2361 3255 Dominum
2387 3205 2723 3274 sequebatur,
2765 3223 2971 3262 memor
3015 3209 3155 3263 illius
3198 3210 3447 3278 praecepti

1891 3294 2030 3363 quod
2053 3310 2176 3348 cum
2205 3295 2713 3366 suis-condiscipulis
2738 3299 2801 3353 ab
2831 3300 3016 3353 eodem
3040 3302 3292 3370 magistro
3323 3303 3449 3354 sint-

1887 3385 2144 3455 plicitatis
2164 3394 2217 3439 et
2237 3387 2480 3441 veritatis
2509 3391 2714 3456 accepit
2744 3408 2754 3419 ·
2792 3390 2967 3444 Estote
3008 3384 3285 3460 prudentes
3315 3378 3446 3445 sieut

1889 3485 2165 3544 serpentes,
2192 3486 2242 3529 et
2272 3477 2525 3546 simplices
2559 3480 2689 3531 sicut
2717 3479 2983 3533 columbaz.
3012 3479 3104 3534 Vel
3129 3472 3294 3545 certe,
3319 3483 3444 3552 quia

1872 3550 2123 3633 Spiritus
2152 3574 2371 3619 sanctus
2393 3580 2551 3633 super
2577 3567 2857 3621 Dominum
2885 3569 2935 3622 in
2965 3569 3222 3642 columbae
3270 3550 3446 3641 specie

1891 3653 2184 3717 descendit,
2213 3661 2359 3723 recte
2390 3653 2528 3708 ﬁlius
2553 3656 2811 3722 columba;
2831 3670 3183 3727 nuncupatur,
3214 3661 3308 3728 qui
3334 3664 3444 3731 spi-

1883 3744 2032 3797 ritali
2078 3746 2247 3814 gratia
2279 3744 2466 3812 plenus
2509 3748 2778 3800 exstitisse
2817 3756 3164 3802 monstratur.
3203 3751 3272 3803 Et
3302 3750 3445 3817 justa

1882 3835 2021 3889 satis
2042 3835 2198 3889 laude
2210 3835 2516 3890 dilectorem
2534 3836 3002 3908 confessoremque
3018 3855 3168 3893 suum
3192 3841 3450 3896 Dominus

1887 3933 2221 3989 remunerat,
2253 3939 2375 3978 cum
2400 3941 2520 3980 eum
2546 3927 2718 3980 sancti
2769 3926 2995 3997 Spiritus
3025 3928 3188 3981 ﬁlium
3220 3943 3339 3983 esse
3370 3938 3448 3983 te-

1887 4024 2085 4082 statur,
2116 4033 2145 4070 a
2165 4032 2270 4085 quo
2293 4018 2406 4086 ipse
2431 4017 2522 4071 Dei
2550 4017 2653 4071 vivi
2681 4017 2851 4072 Filius
2876 4028 3228 4081 asseveratur,
3256 4035 3448 4088 quam-

1888 4105 1974 4158 vis
2011 4106 2113 4159 hoc
2142 4106 2314 4174 ipsum
2332 4104 2565 4158 multum
2589 4105 2917 4159 dissimiliter
2955 4107 3068 4160 ﬁeri
3112 4107 3287 4162 nullus
3324 4107 3452 4162 ﬁde-

1886 4195 2020 4250 lium
2045 4196 2267 4250 dubitet.
2308 4194 2561 4249 Dominus
2589 4196 2728 4249 enim
2753 4195 2994 4250 Christus
3023 4197 3187 4252 Fiiius
3226 4198 3317 4251 Dei
3357 4213 3452 4265 per

1893 4296 2163 4352 naturam,
2189 4287 2379 4341 Petrus
2425 4288 2563 4341 sicut
2591 4295 2645 4341 et
2672 4288 2848 4342 caeteri
2903 4288 3056 4342 electi
3090 4289 3229 4344 ﬁlius
3258 4290 3448 4344 ‘sancti

1886 4377 2126 4446 Spiritus
2147 4386 2229 4430 est
2250 4391 2347 4445 per
2369 4377 2630 4445 gratiam-
2646 4375 2889 4431 Christus
2907 4377 3076 4431 Filius
3106 4379 3220 4443 Dei,
3243 4380 3362 4448 quia
3386 4380 3451 4434 de

236 4442 459 4557 (ιυίάξῗ
488 4445 826 4557 ξῖθξξηιίεοιν
858 4447 1168 4519 interrogat.
1196 4460 1256 4506 ιη
1279 4453 1664 4511 οοηΐθεείοηθω
1701 4473 1789 4513 re-
1816 4498 1869 4557 Β
1894 4442 2008 4536 ipso
2028 4442 2314 4529 natusest,
2346 4442 2534 4519 Petrus
2565 4465 2702 4519 ﬁlius
2727 4465 2957 4533 Spiritus
3004 4442 3213 4532 sancti,
3235 4442 3357 4537 quia
3385 4471 3450 4523 de
3531 4486 3534 4490 '

237 4542 341 4586 ciae
378 4533 506 4587 ﬁdei
554 4534 766 4590 illorum
813 4539 967 4608 digna
1008 4543 1265 4596 mercede
1310 4555 1629 4600 remuneret.
1669 4547 1792 4603 ideo

235 4622 369 4690 quid
399 4622 488 4676 alii
517 4625 581 4678 de
609 4640 667 4680 se
696 4629 946 4693 sentiant,
984 4629 1226 4697 inquirit,
1257 4642 1314 4687 ut
1341 4636 1595 4702 expositis
1621 4638 1792 4705 primo

234 4715 522 4769 sententiis
563 4719 882 4784 errantium,
912 4720 1160 4789 discipuli
1193 4714 1553 4791 probarentur
1590 4727 1790 4784 verita-

237 4815 350 4860 tem
395 4822 504 4860 sute
545 4806 914 4885 confessionis,
945 4823 1050 4864 non
1077 4811 1142 4865 de
1170 4813 1416 4881 Opinione
1445 4815 1672 4885 vulgata,
1698 4820 1792 4873 sed

233 4894 305 4949 de
356 4895 470 4963 ipso
510 4883 810 4965 percepisse
853 4893 1138 4954 Dominicis
1189 4883 1788 4962 revelationis‘arcano.

235 4986 453 5059 (’Beda.)
488 4988 610 5052 Vos,
643 4991 831 5058 inquit,
861 5008 1009 5059 quem
1037 5009 1258 5047 me'esse
1298 4995 1508 5049 dicitis?
1535 4996 1694 5063 Quasi
1725 5002 1792 5054 ab

235 5076 516 5130 hominum
548 5078 895 5146 generalitate
942 5079 1059 5132 illos
1098 5091 1454 5148 sequestrans,
1486 5091 1540 5136 et
1579 5085 1705 5140 deos
1732 5102 1792 5142 ac

234 5165 335 5219 Dei
363 5164 496 5218 ﬁlios
520 5182 614 5234 per
640 5167 971 5235 adoptionem
997 5169 1106 5238 jam
1136 5169 1302 5224 factos
1329 5161 1618 5235 insinuans,
1643 5174 1793 5243 juxta

237 5253 368 5310 illud
401 5255 694 5310 Psalmistaa
718 5277 729 5309 :
756 5257 866 5327 Ego
906 5259 1052 5314 dixi:
1080 5261 1164 5314 Dii
1200 5264 1341 5327 estis,
1385 5273 1432 5316 et
1467 5265 1566 5332 ﬁlii
1589 5265 1795 5320 Επειεὶ

235 5358 416 5396 omnes
445 5341 609 5413 (Psal.
645 5347 845 5416 LXXXI).
1003 5337 1006 5340 ’

312 5430 638 5502 Rcspondens
682 5433 858 5489 Simon
900 5436 1083 5491 Petrus
1125 5441 1254 5494 dixit
1291 5455 1308 5492 .'
1350 5443 1424 5496 Tu
1465 5462 1517 5498 es
1558 5445 1790 5501 Christus

241 5519 414 5574 Filius
447 5521 542 5575 Dei
569 5525 682 5577 vivi.
722 5524 867 5578 Licet
896 5529 1072 5581 caeteri
1113 5532 1330 5597 apostoli
1371 5535 1561 5599 sciant,
1586 5536 1790 5601 Petrus

238 5621 419 5664 tatncn
465 5614 734 5681 respondit
761 5629 854 5681 pro
892 5616 1116 5670 caeteris.
1159 5618 1474 5688 Complexus
1501 5632 1582 5676 est
1611 5624 1789 5694 itaque

234 5704 440 5766 omnia,
465 5704 552 5771 qui
593 5711 646 5756 et
683 5713 924 5759 naturam
965 5716 1017 5762 et
1061 5725 1250 5764 nomen
1293 5714 1572 5779 expressit,
1604 5716 1652 5768 in
1683 5731 1787 5784 quo

1891 4559 2010 4628 jpso
2038 4566 2254 4612 renatus
2278 4564 2379 4610 est.
2409 4557 2653 4613 Christus
2699 4556 2864 4610 Filius
2905 4557 2996 4611 Dei
3028 4567 3150 4612 ante
3179 4566 3445 4628 tempora;

1895 4649 2007 4717 ipse
2024 4658 2108 4702 est
2131 4649 2273 4702 enim
2303 4648 2395 4702 Dei
2422 4648 2593 4702 virtus
2619 4656 2671 4701 et
2697 4646 2789 4700 Dei
2808 4641 3087 4716 sapientia,
3135 4665 3253 4718 quae
3279 4652 3405 4706 dicit
3433 4668 3446 4704 :

1897 4739 2147 4792 Dominus
2176 4740 2397 4808 possedit
2426 4752 2506 4792 me
2533 4740 2585 4792 in
2617 4739 2763 4792 initio
2813 4739 3011 4793 viarum
3042 4757 3274 4800 suarum.
3313 4756 3452 4796 ante-

1894 4843 2046 4896 quam
2063 4827 2346 4896 quidquam
2371 4827 2557 4894 faceret
2583 4843 2614 4878 a
2636 4825 3232 4897 principio(Prov.vm);
3262 4829 3453 4885 Petrus

1895 4914 2034 4968 ﬁlius
2067 4913 2295 4983 Spiritus
2318 4915 2485 4968 sancti
2512 4930 2574 4968 ex
2601 4930 2666 4970 eo
2691 4923 2926 4985 tempore
2964 4932 3068 4986 quo
3088 4919 3155 4972 ab
3188 4921 3301 4989 ipso
3329 4923 3447 4976 illu-

1891 5004 2124 5058 minatus
2160 5006 2386 5073 gratiam
2409 5007 2598 5060 divinze
2621 5008 2937 5077 cognitionis
2980 4996 3204 5078 acoepit.
3231 5011 3296 5064 Et
3323 5013 3449 5080 quia

1895 5108 1996 5146 una
2017 5094 2264 5147 voluntas
2297 5096 2479 5149 eadem
2517 5107 2598 5149 est
2627 5097 2864 5165 operatio
2911 5107 3107 5152 sanctai
3135 5100 3410 5156 Trinitatis
3433 5143 3452 5165 ,

1893 5191 2038 5235 recte
2059 5199 2180 5236 cum
2205 5183 2444 5237 dixisset.
2475 5184 2667 5238 Beatus
2690 5195 2764 5240 est
2786 5185 2965 5239 Simon
2991 5186 3241 5255 Barjona,
3268 5188 3316 5240 id
3341 5199 3446 5256 est,

1893 5269 1965 5322 ﬁli
1994 5271 2179 5339 gratiae
2205 5271 2476 5340 spiritalis,
2502 5274 2744 5342 protinus
2779 5275 3014 5344 adjunxit
3037 5290 3052 5326 :
3085 5276 3219 5340 Quia
3241 5293 3368 5329 caro
3396 5288 3445 5330 et

1889 5362 2102 5430 sanguis
2133 5377 2234 5414 non
2260 5361 2497 5415 revelavit
2523 5363 2632 5428 tibi,
2662 5365 2750 5417 sed
2778 5364 2935 5417 Pater
2961 5381 3103 5418 meus
3147 5367 3235 5435 qui
3263 5367 3314 5419 in
3347 5384 3446 5419 etz-

1886 5449 1953 5503 lis
1994 5462 2084 5507 est.
2126 5452 2286 5506 Pater
2324 5455 2519 5523 quippe
2556 5454 2666 5509 ﬁlio
2709 5456 2962 5509 columbae
3007 5456 3278 5518 revelavit,
3321 5458 3443 5524 quia

1889 5557 1995 5595 una
2017 5551 2097 5596 est
2119 5545 2288 5612 gratia
2316 5545 2509 5608 Patris,
2535 5554 2586 5599 et
2618 5545 2846 5615 Spiritus
2869 5547 3056 5608 sancti,
3089 5538 3272 5598 eadem
3305 5561 3440 5614 quo-

1887 5646 1991 5700 que
2013 5641 2064 5684 et
2088 5632 2240 5697 Filii;
2269 5635 2392 5702 quia
2416 5651 2518 5688 una
2539 5645 2620 5690 est
2644 5635 2888 5690 voluntas
2905 5645 2966 5689 et
2985 5635 3222 5704 operatio
3243 5633 3444 5696 Patris,

1888 5728 1940 5775 et
1966 5719 2104 5787 Filii,
2142 5732 2193 5777 et
2219 5723 2450 5792 Spiritus
2478 5726 2665 5780 sancti.
2700 5723 2764 5780 Et
2798 5733 3080 5795 propterea
3120 5723 3444 5780 convenien-
