3938 6318
455 331 552 390 991

1123 328 1187 386 Β.
1230 327 1480 386 MBAN]
1520 326 1735 395 nam
1766 322 2082 394 AﬁCHlEP.
2122 322 2428 381 MOGUNT.
2466 322 2749 386 OPERUM
2785 323 2964 380 PARS
2999 328 3041 381 ι.

3588 323 3708 380 9θί

455 449 540 498 ter
567 441 777 496 dicitur.
830 441 964 507 Quia
1012 442 1172 496 Pater
1195 444 1284 510 qui
1319 442 1374 496 in
1395 440 1544 495 cmlis
1589 447 1672 493 est
1703 438 2013 491 revelaverit
2043 437 2088 494 Α
2119 445 2300 488 ren‘am
2345 436 2640 505 quamlibet
2682 437 3029 506 fragilemque
3062 440 3130 495 ob
3174 453 3389 493 causam
3430 427 3704 494 habitum

454 530 562 583 tilio
613 531 875 585 columbae
921 533 1232 601 mysterium
1276 531 1420 593 fidei,
1466 529 1605 596 quod
1651 530 1752 582 hoc
1801 543 1924 582 caro
1959 536 2014 580 et

453 621 674 688 sanguis
719 621 958 674 revelare
990 621 1260 690 nequibat.
1315 620 1452 674 Caro
1478 627 1653 672 autem
1701 627 1755 672 et
1801 618 2015 688 sanguis

455 715 600 761 rectc
623 710 988 780 intelliguntur
1013 711 1255 763 homines
1305 709 1564 777 sapientia
1595 709 1776 762 carnis
1823 708 2012 771 inflati,

456 795 776 851 columbinum
816 795 1168 866 simplicitatis
1195 796 1361 852 nescii
1415 796 1640 865 ideoque
1683 811 1713 848 a
1753 791 2014 865 sapientia

458 889 691 962 Spiritus
727 891 996 947 commode
1045 879 1246 954 aversi,
1273 890 1339 944 de
1375 889 1570 958 quibus
1620 904 1778 957 supra
1816 888 2016 941 dictum

455 991 560 1048 est,
596 985 720 1053 quia
754 983 1023 1036 Christum
1068 996 1174 1036 non
1226 981 1584 1048 intelligentes
1623 981 1712 1032 alii
1756 978 2016 1059 Joannem

456 1072 768 1143 Baptistam,
793 1072 880 1123 alii
908 1080 1082 1125 autem
1109 1071 1300 1135 Eliam,
1329 1071 1416 1123 alii
1440 1086 1567 1124 vero
1586 1069 1894 1134 Jeremiam,
1927 1079 2019 1123 aut

459 1177 621 1215 unum
667 1176 728 1214 ex
759 1162 1030 1230 prOphetis
1065 1178 1184 1216 esse
1229 1163 1487 1224 dicerent,
1538 1161 1603 1215 de
1647 1162 1840 1229 quibus
1891 1161 2021 1216 dicit

459 1249 740 1320 Apostolus
765 1264 779 1302 :
812 1247 1052 1302 Carnutis
1079 1259 1250 1302 autem
1271 1249 1422 1301 homo
1455 1265 1559 1300 non
1586 1249 1795 1318 percipit
1817 1265 1876 1302 ea
1904 1265 2020 1318 qua:

459 1350 576 1392 sunt
603 1338 831 1407 Spiritus
861 1339 1025 1392 sancti
1062 1340 1109 1402 (1
1143 1339 1262 1392 Cor.
1302 1339 1382 1410 ιι).

529 1426 596 1480 Ει
617 1443 708 1496 ego
723 1427 838 1480 dico
859 1429 949 1480 tibi
973 1445 990 1481 :
1016 1428 1151 1493 Quia
1175 1439 1228 1481 tu
1243 1447 1294 1484 es
1310 1429 1520 1496 Petrus,
1538 1443 1582 1486 et
1608 1449 1761 1501 super
1782 1431 1913 1485 hanc
1935 1449 2022 1500 pe—

451 1525 594 1570 tram
620 1518 890 1586 (edi/icabo
917 1520 1202 1574 Ecclesium
1229 1539 1416 1576 meam.
1435 1522 1791 1593 (Hieron.)Ac
1814 1523 1858 1577 si
1875 1524 2020 1576 dicc-

456 1617 541 1664 ret
556 1629 569 1663 :
584 1609 718 1676 Quia
733 1617 788 1663 tu
806 1610 937 1664 mihi
954 1609 1130 1669 dixisti
1154 1612 1260 1665 :Tu
1276 1627 1334 1666 es
1345 1612 1591 1667 Christus
1607 1612 1769 1680 Filius
1785 1612 1877 1667 Dei
1894 1612 2020 1676 vivi,

457 1708 513 1754 et
533 1714 633 1770 ego
655 1699 778 1754 dico
804 1700 895 1753 tibi
921 1716 1022 1754 non
1045 1715 1290 1756 sermone
1314 1717 1468 1755 casso
1490 1710 1544 1755 et
1565 1701 1768 1755 nullum
1792 1702 2023 1756 habente

455 1803 614 1857 opus,
638 1789 731 1844 sed
759 1788 1168 1857 dico.tibi,quia
1201 1806 1376 1844 meum
1421 1790 1620 1844 dixisse
1668 1790 1858 1845 fecisse
1900 1798 2016 1844 est:
2053 1770 2098 1826 Β

462 1879 695 1944 Quia-tu
735 1897 788 1934 es
817 1878 1026 1945 Petrus,
1076 1879 1141 1933 et'
1169 1898 1324 1950 super
1345 1883 1479 1935 hanc
1516 1893 1714 1950 petram
1753 1883 2023 1951 ardi/icabo

408 1991 414 1998 ι
461 1969 748 2030 Ecclesium
775 1988 963 2026 meam.
993 1970 1142 2026 Sicut
1170 1975 1280 2041 ipse
1302 1974 1479 2028 lumen
1507 1975 1763 2044 apostolis
1784 1975 2021 2038 donavit,

460 2070 517 2114 ut
546 2061 721 2114 lumen
753 2062 934 2116 mundi
984 2062 1337 2131 appellentur,
1368 2074 1667 2134 caiteraque
1695 2080 1760 2118 ex
1803 2064 2026 2119 Domino

457 2154 638 2207 sortiti
660 2153 920 2208 vocabula
948 2137 1091 2218 sunt,
1110 2150 1200 2207 ‘ita
1227 2162 1281 2208 et
1315 2153 1543 2223 Simoni,
1575 2156 1663 2224 qui
1687 2156 1944 2210 credebat
1972 2156 2024 2209 in

461 2249 669 2312 petram
695 2229 991 2308 Christum,
1016 2243 1158 2296 Petri
1181 2243 1404 2314 largitus
1437 2254 1528 2309 est.
1566 2259 1779 2322 nomen.
1814 2231 2023 2315 (Βεάα.)

462 2327 541 2383 Ac
569 2331 860 2384 seeimdum
890 2332 1254 2398 metaphoram
1303 2340 1468 2400 petrae
1517 2342 1661 2387 recte
1708 2326 1905 2387 dicitur
1931 2335 1978 2388 ei
2010 2352 2022 2387 :

463 2419 763 2487 xEdi/‘icabo
790 2421 1076 2474 Ecclesiam
1106 2439 1272 2474 meam
1302 2437 1463 2492 super
1513 2425 1736 2492 te,.quia
1768 2424 1841 2477 illi
1884 2426 2026 2479 vide-

463 2506 588 2566 licet
616 2510 767 2564 firma
799 2511 900 2564 hac
945 2511 1115 2564 tenaci
1145 2521 1321 2565 mente
1368 2511 1612 2576 adhzesit,
1641 2513 1707 2566 de
1739 2528 1846 2581 quo
1897 2514 2028 2566 scri-

463 2609 610 2672 ptum
635 2610 754 2654 est:
784 2600 944 2655 Petra
969 2612 1141 2656 autem
1168 2612 1278 2655 erat
1317 2601 1556 2658 Christus
1587 2602 1634 2673 (1
1683 2601 1804 2658 Cor.
1832 2603 1908 2670 ι).
1963 2605 2026 2659 Et

461 2706 620 2760 super
640 2691 774 2744 hanc
801 2700 1021 2760 petram,
1054 2692 1105 2746 id
1129 2701 1231 2757 est,
1274 2709 1434 2762 super
1453 2695 1736 2747 Dominum
1781 2693 2026 2748 Salvato-

465 2796 602 2845 rem,
640 2781 730 2850 qui
781 2781 922 2835 fideli
971 2797 1068 2835 suo
1098 2782 1380 2852 cognituri,
1433 2783 1680 2847 amatori,
1733 2782 2028 2837 confessori

463 2872 808 2941 participium
835 2871 916 2925 sui
941 2871 1174 2925 nominis
1201 2871 1438 2936 donavit,
1465 2880 1524 2924 ut
1551 2872 1755 2926 scilicet
1809 2888 1839 2926 a
1881 2881 2030 2943 petra

461 2963 658 3018 Petrus
677 2971 980 3026 vocaretur,
1007 2962 1301 3017 aedificatur
1323 2963 1579 3029 Ecclesia,
1621 2965 1744 3034 quia
1773 2979 1879 3018 non
1927 2966 2027 3020 nisi

464 3065 563 3120 per
589 3049 744 3104 fidem
770 3058 825 3104 et
873 3050 1212 3105 dilectionem
1250 3050 1468 3116 Christi,
1503 3066 1598 3120 per
1636 3052 2026 3122 susceptionem

464 3147 926 3208 sacramentorum
961 3138 1181 3204 Christi,
1212 3156 1308 3211 per
1334 3140 1729 3196 observantiam
1755 3143 2028 3196 mandato-

463 3242 585 3282 rum
620 3226 839 3292 Christi,
872 3227 939 3281 ad
965 3237 1164 3283 sortem
1200 3229 1495 3284 electorum
1522 3238 1579 3284 et
1604 3237 1858 3284 aitemam
1902 3247 2028 3300 per-

462 3316 685 3386 tingitur
709 3317 890 3379 vitam,
915 3317 1171 3385 Apostolo
1195 3325 1503 3383 attestante,
1535 3319 1626 3388 qui
1665 3320 1740 3372 ait
1765 3337 1778 3371 :
1808 3318 2028 3373 Funda-

461 3416 692 3458 mentum
721 3407 856 3459 enim
886 3423 1033 3461 nemo
1053 3408 1200 3461 aliud
1219 3417 1380 3478 potest
1400 3426 1588 3480 ponere
1606 3419 1792 3479 prwter
1818 3411 1871 3464 id
1892 3412 2029 3482 quod

461 3497 684 3564 positum
710 3505 804 3560 est,
831 3498 920 3565 qui
949 3507 1023 3550 est
1047 3496 1200 3552 Iesus
1231 3497 1466 3573 Christus
1496 3497 1548 3567 (Ι
1578 3497 1697 3551 Cor.
1730 3499 1832 3559 in).

535 3584 604 3638 Et
649 3595 812 3654 porta:
839 3587 1030 3655 inferni
1071 3605 1172 3641 non
1216 3588 1559 3657 pramalebunt
1605 3590 1850 3644 adversus
1891 3609 2024 3645 eam.

462 3675 574 3742 Ego
598 3682 780 3743 portas
808 3673 999 3730 inferni
1029 3677 1152 3729 vitia
1180 3692 1301 3731 reor
1323 3684 1483 3746 atque
1505 3687 1746 3745 peccata,
1774 3680 1857 3733 vel
1883 3689 2028 3736 certe

463 3765 834 3819 haereticorum
872 3766 1162 3830 doctrinas,
1193 3781 1290 3836 per
1311 3783 1444 3836 quas
1467 3767 1629 3823 illecti
1665 3769 1908 3824 homines
1933 3772 2027 3824 du-

460 3864 658 3908 cuntur
677 3855 742 3907 ad
767 3862 1046 3908 tartarum.
1072 3855 1237 3910 Nemo
1258 3857 1438 3926 itaque
1459 3866 1607 3926 putet
1628 3860 1693 3914 de
1710 3869 1880 3914 morte
1899 3860 2023 3927 dici,

462 3941 606 4011 quod
636 3942 863 4010 apostoli
889 3944 1176 3997 conditioni
1205 3946 1392 3999 mortis
1417 3946 1640 4014 subjecti
1671 3963 1777 4003 non
1807 3947 2025 4005 fuerint.

462 4029 639 4088 Porta:
677 4047 887 4103 quoque
931 4034 1110 4099 inferi,
1150 4043 1206 4089 et
1247 4043 1535 4103 tormenta,
1568 4046 1620 4093 et
1663 4037 2025 4094 blandimenta

464 4131 588 4177 sunt
609 4133 1030 4192 persecuturum,
1056 4140 1172 4193 qua:
1192 4125 1435 4194 infirmos
1456 4142 1693 4195 quosque
1709 4128 2026 4182 deterrendo

461 4221 517 4267 et
538 4214 858 4268 emolliendo
882 4229 910 4266 a
939 4216 1228 4270 stabilitate
1257 4215 1382 4269 ﬁdei
1407 4216 1682 4269 introitum
1711 4208 1791 4271 eis
1814 4226 2028 4272 aeterna:

465 4304 655 4357 mortis
683 4304 947 4372 aperiunt.
993 4304 1097 4358 Sed
1131 4315 1185 4359 et
1206 4321 1368 4374 prava
1413 4291 1702 4362 infidelium
1729 4322 1892 4377 opera
1915 4309 2028 4362 ine-

2115 529 2462 595 praztendisse
2491 528 2798 584 Christiani.
2826 530 3077 600 Sequitur
3100 552 3113 586 :
3505 574 3512 577 -

2187 615 2252 668 Et
2287 618 2422 670 dabo
2443 619 2534 670 tibi
2561 619 2725 672 claves
2754 621 2895 689 regni
2933 620 3195 674 caelorum.
3226 621 3324 688 Qui
3358 637 3546 694 regem

2115 706 2288 760 lorum
2336 709 2522 777 majori
2570 724 2678 777 prze
2727 712 2934 764 caeteris
2961 711 3243 766 devotione
3267 713 3555 769 confessus
3581 719 3698 781 est,

2118 797 2308 850 merito
2339 813 2448 866 pra:
2471 801 2679 852 caeteris
2704 800 2816 868 ipse
2841 800 3048 854 collatis
3093 801 3334 858 clavibus
3371 805 3522 875 regni
3578 817 3698 859 (ο-

2091 961 2096 964 .
2119 887 2267 940 lestis
2289 888 2512 942 donatus
2531 897 2631 953 est,
2656 898 2714 942 ut
2736 899 3004 945 constaret
3020 894 3288 958 omnibus,
3317 897 3443 962 quia
3473 895 3696 966 absque

2118 993 2180 1031 ea
2204 977 2554 1041 confessione,
2586 995 2647 1033 ac
2668 979 2790 1046 fide,
2826 983 3328 1052 regnumcmlorum
3367 986 3549 1039 nullus
3589 994 3693 1056 po-

2121 1075 2226 1121 test
2250 1069 2468 1120 inlrare.
2497 1069 2684 1122 Claves
2704 1079 2879 1124 autem
2904 1071 3050 1140 regni
3080 1072 3338 1127 ctelorum
3367 1073 3544 1142 ipsam
3574 1072 3691 1131 dis-

2120 1157 2370 1210 cernendi
2411 1158 2689 1211 scientiam
2718 1160 3114 1228 potentiamque
3154 1162 3415 1227 nominat,
3463 1177 3578 1232 qua
3606 1165 3695 1220 di-

2121 1260 2254 1314 gnos
2276 1247 2510 1316 recipere
2540 1249 2591 1302 in
2618 1262 2858 1318 regnum,
2890 1249 3134 1320 indignos
3159 1250 3436 1306 secludere
3463 1253 3695 1308 deberet

2123 1349 2153 1387 a
2187 1350 2369 1406 regno.

2193 1425 2260 1478 Et
2293 1427 2633 1497 quodcunque
2662 1429 2899 1498 ligaveris
2919 1447 3074 1500 super
3099 1440 3312 1497 terram,
3339 1433 3437 1486 erit
3465 1431 3691 1502 ligatum

2121 1527 2171 1571 et
2198 1520 2251 1572 in
2271 1519 2430 1585 cretis,
2457 1530 2504 1573 et
2547 1523 2885 1591 quodcunque
2909 1522 3120 1576 solveris
3137 1538 3291 1592 super
3325 1532 3546 1588 terram,
3589 1524 3691 1578 erit

2123 1607 2346 1661 solutum
2375 1617 2420 1661 ct
2450 1609 2502 1661 in
2529 1607 2685 1662 cretis.
2712 1609 2838 1676 Qua:
2853 1610 3092 1665 solvendi
3116 1625 3179 1664 ac
3201 1611 3399 1679 ligandi
3425 1619 3690 1680 potestn,

2125 1699 2367 1766 quamvis
2395 1699 2490 1753 soli
2526 1699 2683 1754 Petro
2710 1701 2831 1755 data
2862 1701 3107 1756 videatur
3135 1716 3166 1754 a
3193 1698 3440 1766 Domino,
3484 1703 3692 1771 absque

2125 1789 2232 1842 ulla
2255 1798 2430 1843 tamen
2461 1790 2729 1844 dubietate
2756 1793 3079 1845 noscendum
3109 1799 3190 1845 est
3222 1791 3362 1860 quod
3391 1800 3446 1845 et
3476 1792 3692 1848 ceteris

2125 1879 2380 1947 apostolis
2409 1880 2586 1944 datur,
2617 1881 2730 1949 ipso
2751 1889 2907 1945 teste,
2937 1881 3027 1950 qui
3053 1891 3171 1950 post
3195 1882 3481 1950 passionis,
3509 1897 3703 1952 res”;

2126 1960 2482 2038 rectionisque
2516 1986 2624 2025 sua:
2658 1971 2984 2040 triumphum
3003 1986 3282 2041 apparens,
3305 1973 3385 2026 eis
3405 1971 3691 2026 insullhvit

2125 2066 2180 2112 et
2215 2059 2348 2113 dixit
2392 2060 2637 2114 omnibus
2669 2075 2681 2112 :
2715 2061 2940 2130 Accipite
2972 2059 3222 2130 Spiritum
3256 2071 3530 2128 sanctum;
3564 2056 3691 2132 quo-

2127 2165 2242 2202 rum
2289 2151 2583 2204 remiseritis
2620 2146 2846 2219 peccata,
2893 2154 3212 2207 remittentur
3248 2149 3424 2219 eis,'et
3465 2167 3689 2222 quorum

2129 2241 2456 2302 minueritis,
2490 2249 2684 2294 retenta
2727 2252 2844 2294 sunt
2875 2241 3053 2308 (Joan.
3087 2243 3200 2312 xx).
3226 2241 3335 2298 Nec
3375 2257 3484 2297 non
3523 2245 3683 2300 etim

2127 2349 2268 2386 nunc
2313 2333 2364 2384 in
2403 2333 2663 2400 episcopis
2695 2348 2757 2385 ac
2793 2333 3116 2403 presbyteris
3146 2334 3394 2388 omnibus
3435 2335 3687 2390 Ecclesia:

2126 2421 2354 2475 ollicium
2379 2421 2518 2475 idem
2551 2424 2920 2487 committitur,
2962 2432 3018 2477 ut
3044 2424 3292 2479 videlicet
3333 2426 3530 2494 agnitis
3564 2427 3682 2495 pec-

2127 2510 2362 2564 cantium
2389 2513 2583 2572 causis,
2613 2527 2956 2580 quoscunque
2983 2513 3211 2568 humiles
3255 2529 3318 2568 ac
3347 2529 3475 2568 vere

2128 2605 2299 2651 tentes
2318 2599 2602 2666 aspexerit,
2630 2600 2724 2652 hos
2747 2601 2855 2668 jam
2897 2616 2927 2652 a
2954 2601 3139 2654 timore
3178 2599 3450 2670 perpetua:
3499 2603 3684 2658 mortis

2128 2687 2389 2742 miserans
2428 2688 2696 2751 absolvat;
2727 2704 2857 2756 quos
2887 2705 3010 2743 vero
3039 2691 3358 2759 ingpeccatis
3402 2706 3525 2760 qua:
3563 2705 3665 2760 εει

2131 2775 2238 2827 rint
2266 2776 2549 2844 persistere
2573 2777 2899 2845 cognoverit,
2922 2776 3042 2832 illos
3070 2779 3390 2846 perennibus
3411 2779 3683 2847 suppliciis

2129 2863 2439 2932 obligandos
2463 2866 2709 2918 insinuet.
2734 2866 2884 2920 Omni
2915 2868 3074 2935 igitur
3093 2867 3381 2921 electorum
3412 2867 3680 2932 Ecclesia,

2130 2963 2187 3007 ut
2222 2955 2470 3018 diximus,
2496 2953 2650 3022 juxta
2674 2957 2888 3009 modum
2925 2957 3196 3024 culparum
3223 2957 3305 3010 vel
3335 2959 3682 3026 paenitentis,

2132 3045 2325 3114 ligandi
2357 3060 2418 3099 ac
2448 3045 2678 3100 solvendi
2702 3048 2859 3099 datur
2884 3047 3193 3101 auctoritas.
3221 3046 3327 3102 Sed
3356 3048 3479 3102 ideo
3501 3050 3684 3103 beatus

2131 3134 2346 3201 Petrus,
2392 3137 2481 3204 qui
2520 3136 2786 3200 Christum
2815 3138 2948 3192 bona
2977 3138 3076 3192 ﬁde
3105 3137 3406 3203 confessus,
3436 3153 3564 3193 vero
3605 3146 3688 3194 est

2132 3240 2312 3278 amore
2341 3235 2572 3286 secutus,
2622 3225 2920 3293 specialiter
2949 3227 3125 3280 claves
3161 3228 3309 3296 regni
3339 3228 3598 3281 caelorum
3631 3237 3689 3282 α

2129 3314 2482 3384 principatum
2505 3311 2795 3379 judiciarire
2823 3315 3099 3383 potestatis
3143 3317 3464 3384 accepit,.ut
3502 3329 3685 3370 omna

2128 3418 2222 3474 per
2241 3404 2424 3457 orbem
2469 3404 2746 3458 credentes
2777 3401 3090 3475 intelligant,
3121 3405 3263 3474 quod
3289 3405 3596 3474 quicunque
3620 3402 3687 3459 ab

2127 3495 2330 3547 unitate
2354 3494 2472 3548 fidei
2502 3494 2580 3546 vel
2598 3495 2866 3548 societatis
2888 3495 3027 3548 illius
3047 3495 3281 3563 quolibet
3308 3495 3471 3550 modo
3490 3498 3683 3549 sanet-

2129 3586 2272 3653 ipsos
2306 3594 2608 3654 segregant,
2649 3586 2781 3639 tales
2818 3601 2917 3639 nec
2944 3585 3170 3640 vinculis
3208 3593 3554 3656 peccaton
3595 3585 3688 3639 ab-

2129 3677 2283 3741 solvi,
2329 3693 2426 3730 nec
2457 3675 2673 3743 januam
2725 3679 2930 3748 possint
2978 3679 3126 3750 regni
3173 3679 3414 3733 caelestis
3447 3663 3684 3750 ingredi.

2129 3765 2394 3837 (llicron.)
2417 3767 2578 3821 Istum
2603 3776 2781 3822 tamen
2802 3768 2974 3822 locum
3000 3769 3214 3838 quidam
3239 3769 3612 3836 episwporum
3634 3775 3688 3822 es

2127 3855 2555 3925 presbyterorum
2587 3873 2690 3911 non
2715 3857 3088 3926 intelligentes,
3109 3857 3309 3925 aliquid
3331 3857 3434 3910 sibi
3461 3857 3526 3910 de
3552 3857 3690 3910 Pha-

2127 3947 2402 4000 risa'orum
2427 3956 2706 4000 assumunt
2729 3946 3033 4014 supercilio,
3061 3955 3120 4000 ut
3149 3946 3233 4000 vel
3253 3947 3510 4000 damnent
3537 3947 3685 4001 inno-

2125 4044 2326 4099 centes,
2379 4035 2461 4088 vel
2511 4035 2714 4089 solvere
2761 4037 2947 4090 noxios
2987 4037 3346 4098 arbitrentur,
3375 4050 3499 4089 cum
3548 4037 3686 4107 apud

2126 4130 2292 4183 Deum
2331 4143 2434 4181 non
2474 4129 2734 4182 sententia
2785 4117 3139 4193 sacerdotum,
3176 4127 3269 4181 sed
3312 4142 3526 4181 reorum
3581 4128 3684 4181 vita

2125 4232 2413 4289 quaeratur.
2443 4221 2690 4292 Legimus
2718 4223 2768 4274 in
2808 4221 3048 4276 Levitico
3077 4222 3144 4275 de
3181 4221 3425 4290 leprosis.
3465 4222 3557 4276 ubi
3596 4221 3682 4292 jac

2126 4313 2319 4366 bentur
2358 4320 2419 4365 ut
2464 4327 2520 4366 se
2557 4311 2837 4366 ostendant
2888 4311 3251 4366 sacerdotibus
3281 4319 3351 4366 ‘ut
3389 4312 3435 4366 si
3486 4311 3686 4381 lepram

464 4403 662 4462 ptaque
694 4393 955 4460 colloquia
991 4403 1154 4461 porta:
1181 4395 1363 4463 utique
1393 4404 1516 4449 sunt
1559 4395 1712 4450 inferi
1761 4397 1815 4450 in
1850 4413 2023 4466 quan-
2053 4427 2101 4484 Ι)
2129 4401 2428 4463 habuerint,
2457 4409 2581 4454 tunc
2602 4416 2634 4454 a
2666 4402 2940 4456 sacerdote
2975 4400 3228 4474 immundi
3259 4399 3414 4466 ﬂant,
3448 4415 3554 4456 non
3581 4417 3685 4470 quo

467 4491 578 4534 tum
601 4482 713 4535 suis
743 4482 823 4535 vel
863 4483 1192 4547 auctoribus,
1228 4484 1308 4537 vel
1331 4487 1666 4552 sequacibus,
1714 4487 1815 4540 iter
1842 4489 2023 4556 perdi-

465 4569 625 4622 tionis
653 4568 958 4622 ostendunt.
989 4569 1120 4623 Nam
1156 4579 1211 4624 et
1253 4571 1382 4638 ﬁdes
1407 4573 1514 4625 sine
1542 4575 1776 4641 operibus
1820 4585 2025 4640 mortua

464 4669 536 4713 est
563 4659 613 4711 in
638 4659 946 4727 semetipsa,
973 4669 1027 4712 et
1055 4671 1384 4728 corrumpunt
1408 4678 1572 4714 mores
1596 4663 1753 4716 bonos
1771 4664 2023 4734 colloquia

467 4764 642 4815 prava.
679 4746 854 4800 Multre
879 4749 1057 4816 itaque
1101 4758 1225 4801 sunt
1275 4761 1439 4817 portae
1496 4751 1672 4816 inferi,
1699 4753 1792 4806 sed
1834 4753 2021 4806 harum

467 4835 606 4888 nulla
638 4837 906 4900 Ecclesiae,
931 4853 1047 4906 quae
1072 4853 1231 4907 super
1255 4848 1460 4907 petram
1486 4840 1704 4893 fundata
1755 4850 1857 4905 est,
1883 4857 2021 4910 prte-

466 4924 634 4986 valet;
683 4927 802 4993 quia
843 4927 932 4995 qui
974 4926 1128 4980 ﬁdem
1177 4928 1370 4981 Christi
1413 4929 1598 4982 intimo
1619 4930 1797 4984 cordis
1840 4946 2022 4986 amore

464 5013 783 5083 perceperit,
823 5029 977 5067 omne
1001 5017 1256 5086 quidquid
1279 5017 1515 5070 exterius
1545 5017 1767 5085 periculi
1813 5026 2022 5073 tentan-

466 5105 534 5158 tis
561 5105 842 5174 ingruerit,
874 5105 1126 5177 facillime~
1143 5109 1454 5161 contemnit.
1480 5104 1547 5160 At
1584 5109 1885 5176 quicunque
1905 5123 2022 5162 cre-

463 5193 704 5248 dentium
734 5194 890 5248 ﬁdem
924 5194 1006 5248 vel
1042 5210 1200 5264 opere
1245 5197 1326 5250 vel
1371 5198 1654 5266 negatione
1708 5197 2023 5265 depravatus

465 5283 716 5352 prodidit,
741 5300 844 5338 non
878 5286 965 5338 hic
987 5301 1146 5353 super
1177 5295 1399 5353 petram,
1431 5288 1652 5342 Domino
1680 5295 2019 5355 coeperante,

463 5375 678 5428 domum
708 5391 816 5430 suae
853 5377 1204 5445 professionis
1233 5378 1548 5444 mdificasse,
1573 5380 1664 5433 sed
1686 5380 1842 5448 juxta
1893 5379 2022 5432 alte-

466 5465 578 5518 rius
601 5464 699 5520 loci
723 5467 1050 5535 parabolam,
1085 5481 1247 5536 super
1275 5482 1488 5520 arenam
1531 5469 1646 5521 sine
1675 5468 2022 5522 fundamento

467 5557 706 5623 posuisse
731 5557 1028 5611 credendus
1055 5566 1135 5611 est
1162 5557 1373 5627 (Matth.
1420 5557 1514 5627 vn)
1556 5577 1567 5610 :
1609 5557 1712 5613 hoc
1759 5566 1859 5623 est,
1914 5571 2018 5612 non

468 5643 695 5712 simplici
724 5661 783 5702 ac
808 5662 930 5702 vera
959 5647 1247 5708 intentione
1286 5647 1557 5702 Christum
1598 5648 1770 5728 sequi,
1797 5649 1891 5705 sed
1914 5656 2019 5702 ter-

2126 4492 2429 4546 sacerdotes
2464 4492 2702 4560 leprosos
2746 4491 2947 4547 faciant
2991 4493 3535 4564 et‘immundos,gsed
3579 4508 3684 4562 quo

2123 4582 2354 4636 habeant
2401 4568 2644 4636 notitiam
2680 4583 2873 4652 leprosi
2910 4591 2964 4637 et
3010 4599 3116 4637 non
3160 4583 3374 4653 leprosi,
3402 4591 3457 4637 et
3479 4585 3685 4654 possint

2124 4668 2430 4723 discernere
2462 4670 2551 4738 qui
2607 4672 2835 4725 mundus
2874 4680 2927 4725 et
2956 4673 3045 4740 qui
3075 4672 3380 4726 immundus
3413 4671 3503 4725 sit.
3537 4669 3706 4738 000-,

2124 4759 2282 4813 modo
2319 4773 2446 4828 ergo
2484 4760 2552 4812 ibi
2587 4759 2851 4828 leprosum
2895 4761 3144 4815 sacerdos
3176 4760 3512 4814 immundum
3535 4758 3680 4824 facit,

2126 4848 2202 4902 sic
2239 4857 2293 4901 et
2327 4849 2413 4901 hic
2450 4848 2633 4917 alligat
2663 4848 2745 4902 vel
2785 4849 2940 4902 solvit
2971 4850 3251 4917 episcopus
3293 4857 3348 4902 et
3377 4848 3681 4918 presbyter,

2127 4952 2230 4990 non
2258 4950 2351 4990 eos
2382 4937 2477 5020 [qui
2504 4937 2742 4991 insontes
2764 4946 2887 4990 sunt
2908 4937 2988 4990 vel
3026 4937 3252 5002 innoxii,
3278 4937 3369 4992 sed
3395 4953 3493 5006 pro
3513 4936 3682 4992 cilicio

2125 5042 2224 5080 suo
2249 5041 2367 5079 cum
2394 5035 2733 5094 peccatorum
2761 5023 2986 5081 audierit
3016 5028 3323 5094 varietates,
3363 5031 3467 5084 scit
3491 5029 3580 5098 qui
3613 5029 3679 5084 li-

2123 5117 2330 5184 gandus
2358 5116 2445 5178 sit,
2475 5115 2564 5183 qui
2593 5114 2894 5169 solvendus.
3093 5123 3099 5132 ‘

2200 5203 2340 5256 Tunc
2387 5206 2624 5273 pra’cepit
2665 5205 2928 5274 discipulis
2968 5209 3100 5270 suis,
3130 5216 3186 5259 ut
3216 5208 3407 5270 nemini
3433 5209 3674 5271 dicerent,

2126 5296 2247 5363 quia
2273 5295 2378 5362 ipse
2399 5303 2523 5346 esset
2554 5293 2704 5347 Jesus
2730 5294 2984 5349 Christus.
3003 5285 3236 5365 (Meum)
3267 5295 3438 5365 Supra
3465 5298 3678 5352 ωίιιω

2128 5382 2415 5448 discipulos
2445 5397 2568 5435 suos
2598 5384 2661 5437 ad
2688 5385 3082 5451 praedicandum
3106 5382 3345 5451 jusserat
3367 5385 3468 5451 eis,
3501 5395 3560 5440 ut
3581 5401 3677 5440 an-

2128 5472 2434 5524 nuntiarent
2463 5472 2745 5525 adventum
2768 5489 2942 5535 suum,
2983 5473 3073 5525 hic
3108 5470 3360 5541 praecepit
3395 5491 3463 5529 ne
3501 5476 3681 5529 dicant

2126 5572 2243 5612 esse
2270 5556 2471 5612 Jesum.
2503 5559 2625 5612 Mihi
2647 5560 2855 5613 videtur
2881 5560 3022 5616 aliud
3047 5577 3166 5617 esse
3193 5562 3464 5617 Christum
3489 5564 3679 5632 pretii-

2125 5664 2266 5713 carc,
2305 5649 2444 5704 aliud
2485 5649 2663 5704 lusum
2702 5648 2991 5729 Christum.
3019 5652 3265 5710 Christus
3293 5650 3677 5737 conmutasti-
