3938 6346
341 262 449 320 995

1350 260 1694 319 COMMENT.
1732 258 1798 313 ΙΝ
1838 255 2269 312 ΜΑΤΤΗᾹΞΠΜ.
2304 286 2368 294 --
2407 255 2534 310 LIB.
2576 253 2641 308 V.

3450 249 3556 309 995

343 374 564 446 gnitatis
585 382 899 442 estnomen,
933 372 1086 430 Jesus
1103 375 1373 444 proprium
1415 373 1730 428 vocabulum
1773 371 1893 425 Sal-
1922 374 1974 431 Α
1998 376 2099 422 rat.
2132 364 2372 422 Prudens
2397 367 2566 422 lector
2589 367 2841 437 inquirat,
2890 365 3152 435 quomodo
3184 373 3306 434 post
3353 371 3557 434 tantam

339 467 566 523 vatoris.
584 466 766 524 Potest
789 475 965 521 autem
989 465 1128 532 ﬁeri,
1156 475 1211 519 ut
1234 466 1428 519 idcirco
1450 474 1572 518 ante
1603 465 1896 530 passionem

345 571 499 613 suam
543 566 597 613 et
643 557 1085 613 resurrectionem
1126 571 1182 611 se
1229 557 1456 611 noluerit
1496 554 1794 623 praedicari,
1839 560 1901 608 ut

342 647 613 716 contpleto
646 655 831 716 postea
871 647 1144 718 sanguinis
1184 656 1521 700 sacramento
1550 643 1900 715 opportunius

346 737 602 808 apostolis
627 737 863 793 diceret:
895 738 1088 791 Euntes
1117 737 1290 790 docete
1315 754 1489 790 omnes
1515 744 1707 807 gentes,
1735 742 1790 789 et
1818 733 1901 787 re—

347 827 510 899 liqua.
541 827 691 895 Quod
718 844 784 883 ne
809 828 928 897 quis
951 835 1100 896 putet
1129 834 1322 880 nostrae
1359 837 1478 880 esse
1512 833 1714 879 tantum
1745 821 1901 876 intel-

346 921 600 991 ligantis,
621 931 673 992 et
704 935 809 984 non
831 932 1018 992 sensus
1064 917 1390 987 Evangelici,
1426 931 1544 984 qua:
1584 921 1901 983 sequuntur,

349 1026 542 1065 causas
567 1010 847 1079 prohibita:
886 991 996 1061 tum
1022 1005 1411 1075 praedicationis
1441 1009 1753 1072 exponunt.

418 1094 553 1171 IUL]
585 1099 789 1152 Exinde
816 1097 962 1166 carpit
984 1095 1138 1150 Iesus
1172 1091 1436 1148 ostendere
1464 1091 1726 1162 discipulis
1756 1092 1862 1145 suis
1886 1132 1900 1156 ,

346 1191 471 1258 quia
497 1196 690 1258 oportet
719 1203 834 1242 eum
868 1187 943 1240 ire
977 1184 1404 1254 Hierosolymam,
1453 1193 1501 1238 et
1530 1181 1695 1235 multa
1736 1183 1844 1251 pati
1873 1199 1907 1234 a

346 1278 657 1342 senioribus,
689 1275 1002 1348 principibus
1031 1275 1378 1338 sacerdotum,
1419 1281 1466 1326 et
1496 1271 1698 1336 scribis,
1728 1280 1773 1325 et
1824 1287 1909 1324 oc-

346 1366 474 1430 cidi,
498 1375 545 1418 et
573 1366 725 1418 tertia
761 1365 844 1418 die
864 1380 1144 1434 resurgere.
1167 1363 1260 1416 Est
1283 1371 1460 1417 autem
1491 1376 1683 1414 sensus
1713 1360 1910 1413 :-Tunc

347 1468 437 1508 me
459 1455 762 1524 pradicate,
801 1469 920 1507 cum
955 1455 1053 1508 ista
1083 1469 1273 1522 passus
1299 1452 1466 1516 fuero,
1495 1451 1617 1520 quia
1652 1467 1753 1505 non
1785 1467 1910 1521 pro-

351 1545 474 1599 dest
498 1543 768 1598 Christum
798 1543 1007 1612 publice
1033 1542 1342 1612 prredicare,
1370 1551 1422 1596 et
1445 1539 1559 1607 ejus
1611 1541 1827 1610 vulgare
1856 1541 1910 1596 in

352 1632 568 1706 populis
593 1631 952 1701 maiestatem,
975 1646 1132 1700 quem
1156 1640 1274 1702 post
1296 1631 1565 1700 paululum
1593 1631 1910 1701 ﬂagellatam

2000 458 2380 513 beatitudinem
2425 475 2438 512 :
2471 456 2665 512 Beatus
2703 474 2756 512 es
2776 498 2790 522 ,
2820 457 2999 513 Simon
3031 455 3263 525 Barjona
3280 472 3299 520 ;
3322 463 3378 509 et
3401 454 3478 509 Tu
3505 471 3560 510 es

2001 543 2188 599 Petrus
2212 586 2227 611 ,
2275 555 2324 598 et
2360 561 2517 615 super
2547 546 2680 599 hanc
2716 555 2915 614 petram
2963 544 3230 611 wdiﬁcabo
3271 541 3561 596 Ecclesium

2000 650 2185 698 meam,
2211 642 2259 687 et
2280 642 2441 702 porta:
2457 633 2649 702 inferni
2671 649 2772 687 non
2790 631 3136 703 pravalebunt
3151 631 3395 684 adversus
3413 646 3527 684 eam
3545 645 3565 694 ,°

2001 729 2075 785 et,
2105 719 2216 774 Tibi
2241 721 2375 776 dabo
2401 717 2568 775 claues
2599 723 2739 790 regni
2764 720 3038 784 calorum,
3075 730 3121 773 et
3151 721 3286 790 quod
3325 720 3566 790 ligaveris

1999 824 2155 878 super
2194 818 2417 875 terram,
2451 820 2498 864 et
2528 811 2757 873 solveris,
2789 812 2883 864 erit
2903 811 3120 880 ligatum
3164 818 3211 863 et
3239 809 3466 864 solutum
3513 805 3568 858 ὶη

2005 898 2133 952 εωιο
2158 912 2176 949 :
2206 897 2358 953 Nunc
2380 907 2560 954 autem
2605 898 2747 953 Vade
2774 910 2908 958 retro
2936 917 3038 965 me,
3089 900 3310 963 Satana,
3341 899 3567 953 scanda-

2003 985 2111 1039 lum
2155 988 2282 1041 mihi
2316 1004 2369 1041 es
2379 1005 2400 1053 ;
2437 998 2531 1043 aut
2566 1004 2685 1058 quae
2723 989 2792 1043 sit
2823 997 2929 1042 tam
2959 989 3232 1058 repentina
3265 989 3567 1053 conversio,

2003 1085 2064 1130 ut
2084 1085 2203 1145 post
2224 1084 2371 1130 tanta
2391 1080 2609 1148 praemia
2636 1079 2863 1132 Satanas
2889 1087 3031 1132 retro
3059 1078 3283 1133 dicatur.
3315 1079 3422 1135 Sed
3439 1095 3568 1135 con-

2005 1164 2206 1219 sideret
2238 1165 2330 1234 qui
2356 1165 2456 1220 hoc
2473 1166 2694 1235 quaerit,
2730 1166 2873 1220 illam
2903 1166 3324 1220 benedictionem
3354 1182 3417 1221 ac
3443 1168 3573 1222 bea-

2008 1256 2321 1323 titudinem,
2367 1274 2430 1314 ac
2462 1268 2778 1329 potestatem
2805 1301 2819 1324 ,
2862 1271 2916 1314 et
2964 1261 3368 1316 aediﬁcationem
3411 1278 3570 1330 super

2008 1362 2128 1400 eum
2163 1348 2414 1402 Ecclesia:
2445 1350 2497 1402 in
2538 1349 3073 1417 futuropromissam,
3103 1367 3207 1403 non
3235 1351 3288 1403 in
3321 1353 3570 1419 praesenti

2010 1439 2220 1503 datam;
2271 1438 2605 1506 1Ediﬁcabo,
2650 1440 2840 1507 inquit,
2887 1456 3038 1508 super
3080 1451 3126 1492 te
3173 1441 3481 1506 Ecclesium,
3526 1452 3574 1496 et

2009 1537 2171 1598 portae
2203 1529 2393 1598 inferni
2429 1546 2531 1584 non
2572 1529 2917 1597 pra'valebunt
2960 1531 3204 1584 adversus
3235 1549 3368 1596 eam,
3405 1543 3450 1585 et
3483 1533 3575 1586 tibi

2001 1604 2146 1673 dabo
2190 1619 2357 1673 claues
2399 1621 2542 1690 regni
2583 1620 2845 1674 caelorum.
2887 1618 3075 1674 Omnia
3108 1621 3171 1675 de
3201 1621 3379 1676 futuro
3413 1641 3424 1674 :
3459 1639 3578 1691 qua:

358 1725 526 1779 visuri
552 1725 658 1779 sint
690 1732 744 1779 et
771 1722 1102 1777 cruciﬁxum.
1134 1722 1298 1775 Multa
1324 1723 1430 1792 pati
1463 1741 1494 1775 τι
1525 1721 1830 1784 senioribus,
1864 1730 1910 1774 et
1940 1713 1986 1770 B
2014 1707 2056 1761 εί
2089 1709 2269 1762 Stal-im
2301 1709 2538 1763 dedissel
2563 1710 2634 1774 εῖν
2667 1726 2938 1778 "unquam
2980 1711 3031 1764 in
3057 1726 3122 1764 εο
3149 1726 3328 1780 illam3
3369 1714 3572 1768 οοιιῖεδ·

351 1815 576 1879 scribis,
617 1825 665 1868 et
713 1813 1029 1884 principibus
1073 1814 1416 1867 sacerdotum.
1460 1814 1526 1867 Et
1576 1829 1716 1867 nunc
1760 1813 1916 1868 Jesus

352 1905 521 1960 multa
551 1903 750 1973 patitur
774 1903 842 1957 ab
868 1903 952 1957 his
978 1903 1066 1971 qui
1107 1918 1317 1956 rursum
1351 1903 1452 1957 sibi
1478 1901 1799 1972 crueiﬁgunt
1823 1901 1914 1955 Fi-

353 1991 486 2046 lium
516 1991 629 2045 Dei.
657 1989 864 2044 Etcum
907 1991 1146 2045 seniores
1166 1998 1416 2060 putentur
1460 1991 1511 2045 in
1562 1990 1820 2053 Ecclesia,
1863 1999 1918 2044 et

356 2083 629 2154 principes
671 2082 1041 2147 sacerdotum,
1100 2082 1394 2151 simplicem
1439 2090 1722 2150 sequentes
1770 2082 1916 2136 litte-

360 2189 500 2238 ram,
544 2171 796 2228 occidunt
826 2171 1019 2225 Filium
1067 2171 1190 2235 Dei,
1233 2172 1355 2240 quia
1401 2179 1566 2226 totum
1601 2171 1829 2227 sentitur
1863 2172 1918 2238 in

359 2262 584 2335 Spiritu.

391 2399 394 2401 Α
432 2351 504 2406 Et
533 2368 800 2407 assumens
821 2369 936 2407 eum
962 2352 1146 2407 Petrus
1167 2354 1310 2424 erepit
1336 2355 1602 2422 increpare
1641 2353 1808 2417 illum,
1839 2353 1920 2406 di-

356 2458 482 2496 cens
507 2456 526 2493 :
555 2442 701 2496 Absit
726 2463 757 2496 a
785 2453 853 2509 te,
884 2443 1120 2506 Domine,
1152 2461 1252 2497 non
1281 2445 1373 2497 erit
1404 2443 1496 2496 tibi
1523 2444 1636 2496 hoc.
1669 2443 1770 2509 Qui
1799 2460 1922 2497 con-

354 2549 536 2586 uersus
557 2534 688 2587 dixit
711 2533 867 2588 Petro
892 2550 910 2586 :
943 2532 1082 2587 Vade
1102 2543 1212 2603 post
1238 2551 1335 2599 me,
1361 2535 1593 2600 Satana;
1615 2534 1920 2588 scandalum

360 2639 417 2678 es
441 2625 590 2690 mihi,
637 2625 760 2695 quia
787 2642 888 2679 non
910 2626 1048 2694 sapis
1072 2643 1132 2678 ea
1160 2643 1275 2696 qua:
1300 2625 1396 2679 Dei
1426 2636 1563 2690 sunt,
1598 2627 1686 2679 sed
1712 2643 1772 2679 ea
1805 2643 1920 2697 qua:

357 2714 643 2769 hominum.
687 2714 840 2785 Stepe
886 2717 1116 2770 diximus
1167 2717 1316 2770 nimii
1355 2717 1564 2771 ardoris
1617 2718 1922 2788 amorisque

358 2817 522 2872 quam
549 2802 766 2858 maximi
790 2802 953 2858 fuisse
997 2803 1210 2858 Petrum
1264 2805 1318 2860 in
1357 2804 1640 2859 Dominum
1683 2791 1924 2862 Salvato-

357 2909 496 2950 rem.
528 2894 662 2962 Quia
684 2910 811 2965 ergo
835 2904 954 2964 post
974 2893 1365 2951 confessionem
1393 2911 1542 2949 suam
1565 2937 1580 2962 ,
1619 2912 1721 2966 qua
1770 2899 1922 2953 dixe-

358 2992 491 3036 rat:
528 2983 604 3036 Tu
633 3001 684 3038 es
737 2983 973 3038 Christus
1019 2983 1190 3039 Filius
1233 2984 1329 3039 Dei
1371 2987 1502 3051 vivi;
1550 2995 1604 3040 et
1644 2989 1920 3057 prazmium

361 3074 656 3128 Salvatoris
677 3075 817 3143 quod
842 3075 1080 3136 audierat
1105 3093 1117 3127 :
1141 3073 1336 3129 Beatus
1356 3091 1432 3142 es,
1461 3074 1640 3131 Simon
1663 3077 1918 3147 Barjona,

357 3167 486 3237 quia
536 3182 658 3219 caro
701 3178 747 3219 et
779 3167 989 3236 sanguis
1033 3183 1136 3220 non
1181 3166 1416 3220 reuelauit
1464 3167 1577 3232 tibi,
1619 3168 1709 3220 sed
1765 3165 1920 3222 Pater

356 3271 503 3309 meus
535 3254 625 3322 qui
646 3255 701 3308 in
733 3254 870 3308 cistis
892 3263 985 3319 est,
1035 3265 1252 3324 repente
1280 3256 1424 3310 audit
1453 3272 1482 3310 a
1509 3255 1736 3312 Demino
1757 3272 1918 3327 Opor-

357 3352 476 3400 tere
506 3346 583 3398 ire
605 3344 1044 3414 Hierosolymam,
1089 3346 1267 3414 ibique
1303 3347 1466 3401 multa
1511 3347 1620 3415 pati
1643 3362 1673 3402 a
1701 3348 1922 3403 seniori-

360 3437 480 3501 bus,
507 3445 563 3490 et
589 3437 801 3501 scribis,
823 3445 877 3489 et
903 3437 1231 3505 principibus
1260 3438 1621 3500 sacerdotum,
1650 3445 1704 3491 et
1728 3438 1918 3504 occidi,

356 3534 414 3578 et
441 3527 599 3581 tertio
625 3527 710 3582 die
737 3540 1037 3596 resurgere.
1072 3526 1184 3580 Non
1237 3526 1348 3581 vult
1377 3528 1580 3581 destrui
1626 3526 1919 3583 confessio—

360 3632 485 3671 nem
507 3631 680 3678 suam,
705 3632 804 3672 nec
828 3625 979 3686 putat
1007 3616 1119 3672 ﬁeri
1143 3632 1317 3688 posse,
1358 3627 1416 3671 ut
1459 3619 1552 3672 Dei
1578 3618 1744 3674 Filius
1783 3611 1923 3673 occi-
1960 3627 1963 3629 '

356 3709 539 3761 datur.
586 3707 824 3761 Assumit
873 3707 1210 3781 itaqueeum
1243 3707 1294 3762 in
1331 3707 1578 3763 allectum
1619 3723 1792 3772 suum,
1839 3706 1922 3762 vel

346 3797 650 3866 separatim
675 3796 838 3862 ducit,
869 3813 936 3852 ne
963 3797 1312 3867 praesentibus
1350 3798 1560 3852 caeteris
1592 3798 1924 3868 condiscipu-

359 3888 427 3943 lis
457 3890 770 3960 magistrum
796 3890 1039 3944 videatur
1081 3904 1321 3959 arguere,
1348 3899 1401 3944 et
1446 3891 1610 3960 cmpit
1649 3891 1925 3960 increpare

359 3977 513 4032 illum
537 3979 768 4033 amantis
795 3978 1010 4042 aﬂectu,
1037 3988 1090 4033 et
1110 3980 1346 4053 optantis
1367 3980 1546 4036 dicere
1571 3998 1583 4032 :
1616 3980 1762 4034 Absit
1791 3999 1823 4034 a
1850 3991 1920 4046 te,

358 4067 617 4134 Domine;
639 4068 729 4124 'vel
760 4077 818 4124 ut
844 4070 1034 4124 melius
1063 4070 1289 4124 habetur
1316 4071 1368 4124 iu
1399 4070 1587 4126 Grmeo
1618 4090 1630 4124 :
1661 4072 1922 4141 Propitius

358 4169 470 4212 esto
492 4158 603 4222 tibi,
632 4159 871 4226 Domine,
903 4176 1004 4214 non
1024 4160 1122 4213 erit
1153 4160 1312 4226 istud,
1345 4161 1401 4217 id
1439 4168 1539 4226 est,
1585 4176 1690 4215 non
1729 4169 1921 4230 potest,

359 4262 464 4304 nec
497 4248 761 4317 recipiunt
805 4263 962 4302 aures
997 4264 1160 4313 meae,
1183 4257 1242 4303 ut
1276 4249 1371 4304 Dei
1402 4248 1567 4307 Filius
1605 4250 1926 4306 occidendus

358 4339 454 4395 sit.
489 4338 573 4393 Ad
601 4354 758 4408 quem
793 4339 1050 4394 Dominus
1080 4355 1374 4395 conversus
1412 4340 1488 4395 ait
1537 4359 1551 4394 :
1611 4339 1753 4395 Vade
1789 4351 1924 4394 retro

359 4440 474 4502 post
495 4447 595 4495 me,
623 4430 844 4495 Satana,
877 4429 1180 4484 scandalum
1221 4431 1349 4484 mihi
1391 4447 1465 4484 es.
1507 4429 1735 4485 Satanas
1764 4431 1929 4485 inter—

362 4532 611 4597 pretatur
630 4522 991 4589 adversarius,
1016 4522 1130 4575 sive
1147 4521 1468 4584 contrarius,
1494 4521 1616 4596 quia
1638 4521 1926 4586 contraria,

364 4614 576 4685 inquit,
624 4611 862 4682 loqueris
906 4610 1162 4664 voluntati
1205 4625 1357 4683 meai.
1384 4610 1544 4666 debes
1593 4610 1930 4664 adversarius

362 4701 638 4772 appellari.
664 4698 808 4753 Multi
832 4707 1033 4769 putant
1049 4698 1187 4768 quod
1209 4715 1313 4754 non
1329 4698 1520 4753 Petrus
1541 4707 1820 4766 correptus
1838 4699 1924 4762 sit,

361 4792 459 4846 sed
497 4791 839 4845 adversarius
879 4790 1128 4858 spiritus,
1172 4791 1264 4857 qui
1301 4790 1414 4842 hmo
1465 4789 1643 4843 dicere
1692 4788 1930 4857 apostolo

363 4883 703 4954 suggerebat.
756 4873 859 4936 Sed
899 4881 1028 4934 mihi
1061 4894 1212 4934 error
1259 4879 1580 4948 apostOlicus
1615 4893 1679 4932 ex
1718 4880 1930 4948 pietatis

364 4973 563 5028 affectu
591 4972 833 5039 veniens,
861 4986 1130 5040 nunquam
1161 4971 1489 5026 incentivum
1528 4969 1796 5035 videbitur
1821 4969 1933 5024 dia-

367 5064 496 5119 boli.
523 5063 670 5128 Vade
687 5071 850 5127 retro,
872 5057 1101 5125 Satana';
1128 5059 1336 5115 diabolo
1358 5059 1584 5114 dicitur:
1609 5058 1751 5122 Vade
1773 5068 1927 5111 retro.

365 5151 557 5208 Petrus
585 5151 767 5205 audit:
800 5149 942 5203 Vade
966 5158 1101 5202 retro
1126 5166 1223 5213 me,
1258 5149 1309 5203 id
1337 5156 1437 5212 est,
1465 5162 1687 5216 sequere
1711 5157 1928 5212 senten-

366 5239 719 5307 tiam'meam,
749 5240 870 5311 quia
900 5256 1000 5292 non
1021 5240 1156 5308 sapis
1185 5256 1244 5292 ea
1264 5256 1378 5308 qua:
1408 5239 1501 5291 Dei
1529 5244 1670 5302 sunt,
1699 5238 1787 5290 sed
1814 5253 1929 5306 qua:

365 5337 651 5390 hominum.
685 5331 810 5386 Meae
850 5329 1137 5394 voluntatis
1158 5337 1241 5385 est
1285 5339 1338 5385 et
1376 5330 1574 5394 Patris,
1607 5329 1760 5397 cujus
1807 5329 1929 5382 veni

364 5425 548 5482 facere
594 5423 935 5484 voluntatem,
975 5429 1032 5473 ut
1056 5435 1152 5489 pro
1196 5420 1468 5475 hominum
1499 5419 1670 5474 salute
1709 5418 1926 5473 moriar.

367 5514 450 5573 Tu
473 5524 616 5570 tuatu
645 5519 851 5570 tantqu
882 5511 1195 5566 desiderans
1222 5510 1552 5565 voluntatem
1578 5526 1681 5563 non
1708 5511 1788 5562 vis
1812 5525 1930 5576 gra-

370 5622 499 5664 num
531 5603 692 5661 tritici
713 5603 764 5658 in
795 5611 991 5658 terrain
1013 5601 1224 5669 cadere,
1251 5610 1308 5657 ut
1335 5600 1529 5656 multos
1559 5598 1768 5687 fructus
1802 5598 1929 5652 alle-

1969 2151 2012 2178 Ι

2017 1798 2181 1852 sionis
2204 1813 2356 1852 error
2381 1799 2647 1854 inveniret
2668 1800 2864 1853 locum.

2091 1887 2235 1941 Tunc
2261 1887 2415 1943 Iesus
2439 1890 2570 1944 dixit
2610 1891 2878 1959 discipulis
2903 1892 3009 1944 suis
3046 1904 3064 1942 :
3097 1889 3155 1945 Si
3184 1895 3297 1961 quis
3327 1891 3431 1945 vult
3465 1903 3577 1962 post

2017 1995 2095 2031 me
2121 1981 2315 2045 venire,
2344 1981 2553 2050 abneget
2583 1983 2929 2051 semetipsum.
2962 1981 3140 2053 (ΒΑΕ.)
3172 1983 3461 2051 Postquam
3501 1984 3581 2038 di-

2018 2061 2237 2140 scipulis
2285 2072 2597 2142 mysterium
2643 2087 2753 2127 sua:
2795 2073 3059 2141 passionis
3089 2080 3141 2127 et
3168 2074 3584 2129 resurrectionis

2017 2163 2273 2228 ostendit,
2316 2164 2562 2218 hortatur
2603 2179 2697 2218 eos
2739 2165 2805 2218 ad
2831 2167 3159 2234 sequendum
3184 2181 3292 2219 suae
3320 2167 3586 2235 passionis

2019 2254 2338 2324 exemplum.
2385 2255 2446 2309 Et
2490 2256 2737 2310 omnibus
2768 2256 2980 2324 quidem
3000 2266 3218 2326 propter
3255 2271 3312 2310 se
3354 2256 3581 2311 tribula-

2023 2347 2222 2400 tionem
2251 2346 2520 2415 perpessis
2547 2346 2774 2401 salutem
2805 2347 2856 2400 in
2887 2345 3064 2400 futuro
3090 2346 3351 2414 promittit
3380 2346 3587 2400 anima-

2023 2453 2168 2503 rum;
2210 2453 2316 2492 non
2353 2447 2528 2493 tamen
2571 2439 2852 2504 omnibus,
2910 2453 3092 2492 verum
3136 2438 3585 2508 perfectioribus,

2023 2536 2223 2598 quanta
2246 2529 2358 2598 ipse
2382 2543 2636 2598 passurus
2660 2538 2715 2583 et
2743 2531 2883 2598 quod
2907 2545 2936 2583 a
2958 2530 3182 2583 mortuis
3207 2539 3350 2584 esset
3401 2546 3586 2585 resur-

2022 2625 2268 2673 recturus
2308 2602 2537 2689 aperuit.
2591 2619 2652 2674 Si
2680 2621 2796 2690 quis
2820 2621 2942 2684 vult,
2973 2622 3161 2690 inquit,
3185 2631 3296 2691 post
3323 2638 3403 2675 me
3422 2623 3586 2692 sequi,

2021 2707 2234 2777 deneget
2258 2709 2504 2778 seipsum.
2537 2706 2737 2779 (Greg.)
2771 2708 2922 2766 .Tunc
2943 2718 3120 2763 autem
3165 2723 3259 2763 nos
3300 2709 3446 2779 ipsos
3496 2711 3590 2766 ab-

2022 2814 2305 2870 negamus,
2338 2815 2459 2854 cum
2489 2801 2720 2854 vitamus
2739 2800 2877 2868 quod
2902 2815 2997 2868 per
3021 2807 3343 2855 vetustatem
3369 2799 3588 2865 fuimus,

2022 2899 2076 2946 et
2099 2893 2167 2947 ad
2193 2891 2298 2946 hoc
2321 2891 2544 2946 nitimur
2563 2906 2668 2961 quo
2694 2906 2791 2959 per
2818 2891 3106 2946 novitatem
3154 2906 3426 2945 vocamur.
3456 2889 3595 2945 Pen-

2024 2996 2203 3037 scmus
2227 2981 2493 3050 quomodo
2515 2997 2575 3036 se
2597 2981 2791 3036 Paulus
2817 2983 3192 3051 abnegaverat,
3220 2982 3308 3049 qui
3337 2980 3550 3036 dicebat
3574 2999 3587 3034 :

1947 3056 1993 3117 (ἶ
2033 3071 2156 3126 Vivo
2176 3079 2347 3126 autem
2370 3072 2488 3141 jam
2510 3089 2613 3126 non
2640 3089 2730 3143 ego
2758 3069 2898 3143 (Gal.
2927 3073 2986 3141 ιι)
3018 3091 3030 3126 :
3057 3073 3354 3128 exstinctus
3394 3072 3592 3142 quippe

2021 3161 2196 3217 fuerat
2227 3177 2398 3216 saevus
2419 3160 2506 3214 ille
2534 3157 2869 3230 persecutor,
2899 3171 2951 3216 et
2985 3163 3161 3216 vivere
3187 3162 3350 3231 empit
3401 3163 3596 3231 przedi-

2021 3261 2169 3307 cator
2217 3252 2356 3321 pius.
2411 3251 2469 3306 Si
2511 3252 2652 3306 enim
2694 3253 2807 3321 ipse
2847 3261 3010 3316 esset,
3055 3254 3173 3322 pius
3213 3251 3452 3321 pmlecto
3488 3269 3593 3308 non

2020 3351 2187 3408 esset;
2208 3343 2299 3397 sed
2327 3343 2416 3411 qui
2440 3357 2497 3396 se
2523 3343 2703 3397 vivere
2726 3343 2971 3413 denegat,
2999 3341 3142 3396 dicat
3169 3342 3316 3396 unde
3343 3349 3432 3402 est
3453 3339 3596 3410 quod

2023 3443 2206 3490 sancta
2236 3435 2400 3488 verba
2429 3450 2529 3503 per.
2551 3435 2850 3490 doctrinam
2873 3434 3117 3489 veritatis
3166 3434 3383 3489 clamat.
3421 3433 3601 3490 Pretio

2021 3541 2121 3580 nus
2151 3525 2329 3579 subdit
2357 3544 2368 3578 :
2416 3524 2544 3578 Vivit
2572 3541 2686 3578 vero
2709 3526 2761 3577 in
2793 3541 2873 3578 me
2902 3522 3174 3588 Christus;
3207 3538 3270 3578 ac
3319 3523 3364 3578 si
3409 3532 3596 3592 aperto

2021 3615 2164 3668 dicat
2187 3631 2201 3667 :
2226 3614 2336 3684 Ego
2360 3614 2572 3683 quidem
2592 3629 2619 3667 a
2643 3615 2958 3683 memetipso
2985 3615 3285 3669 exstinctus
3305 3630 3447 3679 sum,
3472 3615 3596 3683 quia

2021 3706 2311 3760 carnaliter
2334 3720 2440 3759 non
2467 3705 2612 3770 vivo,
2643 3705 2736 3759 sed
2765 3712 2942 3760 tamen
2970 3705 3331 3759 cssentialiter
3356 3711 3600 3761 mortuus

2022 3811 2126 3850 non
2178 3810 2333 3859 sum,
2379 3795 2502 3864 quia
2549 3794 2604 3848 in
2644 3791 2864 3848 Christo
2907 3794 3221 3863 spiritaliter
3253 3794 3391 3848 vivo.
3447 3794 3599 3847 Dicat

2024 3901 2151 3955 ergo
2183 3885 2421 3948 Veritas,
2460 3885 2604 3940 dicat
2637 3903 2649 3938 :
2692 3883 2750 3939 Si
2795 3886 2910 3954 quis
2939 3885 3045 3939 vult
3073 3894 3186 3956 post
3213 3902 3295 3939 me
3320 3887 3482 3955 sequi,
3515 3886 3599 3940 dc-

2023 3985 2165 4046 neget
2191 3981 2414 4045 seipsum
2433 3993 2452 4040 ;
2471 3977 2601 4056 quia
2631 3977 2730 4031 nisi
2758 3978 2880 4047 quis
2908 3993 2937 4030 a
2959 3978 3244 4047 semetipso
3271 3976 3502 4042 deﬁciat,
3531 3977 3599 4033 ad

2023 4082 2143 4121 eum
2172 4068 2261 4137 qui
2285 4083 2446 4136 super
2465 4055 2638 4137 ipsum
2662 4078 2745 4122 est
2768 4083 2870 4122 non
2895 4070 3316 4138 appropinquat;
3339 4083 3438 4123 nec
3457 4069 3599 4124 valet

2024 4157 2428 4226 apprehendere
2454 4158 2597 4226 quod
2623 4158 2762 4211 ultra
2792 4159 2964 4226 ipsum
2987 4167 3088 4221 est,
3122 4159 3165 4213 si
3190 4159 3446 4213 nescierit
3487 4174 3596 4211 ma-

2031 4256 2178 4303 ctare
2205 4249 2345 4317 quod
2369 4258 2470 4303 est.
2507 4249 2612 4305 Sed
2636 4249 2747 4320 jam
2773 4250 2862 4320 qui
2887 4265 2943 4305 se
2978 4266 3005 4303 a
3055 4251 3197 4304 vitiis
3229 4252 3478 4321 abnegat,
3509 4265 3595 4304 ex-

2028 4339 2300 4407 quirendaa
2323 4337 2437 4407 ejus
2462 4340 2686 4394 virtutes
2724 4348 2846 4394 sunt
2890 4341 2940 4393 in
2971 4341 3164 4408 quibus
3200 4349 3425 4394 crescat.
3466 4339 3599 4392 Nam

2034 4444 2152 4482 cum
2180 4428 2379 4482 dictum
2405 4436 2488 4482 est
2514 4445 2526 4481 :
2555 4428 2617 4482 Si
2642 4430 2753 4500 guis
2785 4427 2886 4480 vult
2915 4437 3025 4496 post
3068 4444 3147 4481 me
3177 4427 3340 4498 sequi,
3387 4426 3600 4497 abneget

2034 4519 2278 4586 seipsum,
2300 4517 2544 4585 protinus
2559 4517 2892 4586 adjungitur:

2105 4607 2172 4660 Et
2224 4605 2371 4660 tollat
2420 4624 2624 4660 crucem
2665 4623 2846 4669 suam,
2892 4616 2937 4660 et
2982 4617 3225 4676 sequatur
3252 4624 3352 4661 me.
3386 4606 3604 4664 Duobus

2035 4697 2235 4750 etenim
2283 4696 2456 4750 modis
2482 4712 2612 4750 crux
2647 4696 2870 4758 tollitur,
2901 4711 3019 4750 cum
3067 4705 3159 4750 aut
3188 4711 3286 4766 per
3331 4696 3603 4752 abstinen-

2035 4788 2162 4840 tiam
2187 4787 2414 4840 aliicitur
2433 4802 2646 4855 corpus,
2677 4795 2769 4840 aut
2798 4802 2893 4856 per
2920 4788 3343 4854 compassionem
3373 4788 3607 4856 proximi

2033 4875 2284 4946 afﬂigitur
2322 4878 2554 4932 animus.
2594 4877 2888 4931 Pensemus
2917 4876 3150 4945 qualiter
3171 4874 3397 4945 utroque
3445 4874 3607 4930 modo

2032 4968 2227 5023 Paulus
2276 4984 2492 5023 crucem
2541 4984 2691 5025 suam
2723 4969 2938 5033 tulerat,
2976 4969 3065 5037 qui
3092 4968 3303 5024 dicebat
3347 4987 3360 5022 :
3393 4967 3609 5038 Castigo

2032 5074 2218 5125 corpus
2266 5074 2455 5123 meum,
2489 5064 2551 5111 'et
2586 5059 2640 5112 in
2661 5058 2950 5111 servitutem
2994 5057 3194 5124 redigo,
3225 5073 3287 5110 ne
3315 5057 3448 5126 forte
3483 5055 3604 5111 aliis

2031 5146 2322 5215 pra'dicans
2353 5148 2458 5216 ipse
2502 5147 2744 5216 reprobus
2778 5146 2968 5215 efﬁciar
2997 5145 3048 5216 (1
3071 5146 3192 5199 Cor.
3218 5145 3334 5217 ix).
3372 5144 3510 5200 Ecce
3547 5146 3602 5200 in

2035 5234 2320 5289 albictione
2347 5236 2588 5304 corporis
2613 5235 2915 5289 audivimus
2943 5250 3159 5288 crucem
3191 5234 3372 5288 carnis
3397 5275 3413 5299 ,
3464 5250 3605 5289 nunc

2034 5327 2086 5381 in
2140 5326 2510 5392 couipassione
2545 5323 2775 5394 proximi
2821 5323 3100 5378 audiamus
3124 5337 3338 5377 crucem
3385 5321 3601 5376 mentis.

2031 5417 2120 5469 Ait
2149 5424 2324 5468 autem
2359 5433 2371 5468 :
2409 5415 2536 5480 Quis
2582 5415 2898 5483 inﬁrmatur,
2952 5424 2998 5467 et
3039 5430 3130 5481 ego
3176 5430 3278 5467 non
3319 5402 3608 5481 inﬁrmor?

2012 5489 2164 5573 'Quis
2206 5505 2618 5569 scandalizatur,
2674 5515 2721 5559 et
2769 5522 2859 5576 ego
2885 5521 2984 5558 non
3028 5505 3194 5557 uror?
3222 5503 3309 5573 (II
3338 5501 3459 5556 Cor.
3492 5499 3595 5566 ιι.)

2031 5589 2311 5653 Perfectus
2355 5597 2552 5667 quippe
2597 5595 2915 5667 praedicator
2941 5635 2955 5662 ,
2998 5604 3056 5649 ut
3105 5592 3408 5663 exemplum
3450 5591 3598 5647 daret
