3922 6342
468 204 575 262 995
1112 208 1171 263 Β.
1214 206 1467 262 uanam
1503 207 1717 264 usum
1755 206 2070 263 ARCHIEP.
2111 204 2415 262 uocum.
2457 161 2738 261 orntum
2774 205 2952 263 rans
2986 206 3030 267 ι.
3635 227 3746 282 996

469 316 829 383 abstinentiae,
865 330 1078 371 crucem
1118 319 1369 387 portabat
1391 319 1444 373 in
1468 332 1720 389 corpore;
1744 327 1798 372 et
1822 317 1945 387 quia
1978 317 2030 371 in
2059 320 2107 381 Α
2135 317 2337 373 Idcirco
2366 314 2606 373 tristibirs
2631 318 2749 372 lzeta
2776 323 3099 386 succedunt,
3123 328 3178 377 et
3206 320 3374 377 dicit:
3410 319 3607 377 Fits'as
3634 327 3735 379 hoc

469 423 527 463 se
550 407 793 461 trahebat
817 407 1006 461 damna
1044 407 1378 464 infirmitatis
1410 408 1613 471 alienae,
1644 422 1860 464 crucem
1901 421 2029 477 por-
2135 408 2289 463 minis
2315 419 2557 463 venturus
2599 419 2672 463 est
2709 410 2761 463 in
2809 410 2977 481 gloria
3006 409 3305 468 Patris'sui
3344 429 3466 468 cum
3516 414 3740 485 angelis

470 501 616 556 tabat
648 501 701 554 in
733 500 912 556 corde.
2134 502 2261 556 suis.
2300 501 2480 558 Times
2533 502 2804 557 mortem?
2842 501 2978 557 Audi
3018 502 3246 574 gloriam
3298 506 3737 577 triumphantis.

539 590 643 657 Qui
688 592 828 645 enim
869 590 1081 646 voluerit
1124 593 1350 646 annnam
1375 606 1534 664 suam
1578 589 1796 645 salvam-
1822 592 1992 661 facere
2015 634 2029 658 ,
2136 590 2351 646 Vereris
2376 594 2629 647 crucem?
2652 592 2903 647 Ausculta
2932 594 3242 664 angelorum
3282 596 3627 653 ministeria.
3662 596 3737 650 Et

462 682 640 755 perdet
660 699 774 737 eam
799 699 817 747 ;
838 685 927 752 qui
950 695 1121 734 autem
1146 680 1424 753 perdiderit
1445 682 1675 735 animum
1721 698 1873 735 suam
1913 699 2034 753 pro—
2133 678 2277 750 tunc,
2311 684 2516 754 inquit,
2548 685 2720 738 reddet
2747 686 3024 757 unicuique
3054 690 3337 742 secundum
3371 706 3535 761 opera
3579 688 3729 758 ejus.

462 785 577 843 pter
600 790 698 835 me,
725 773 945 826 inveniet
977 787 1111 824 eam.
1144 769 1368 843 (Hilar.)
1417 771 1605 843 Magna
1648 782 1702 828 et
1728 773 1864 827 mira
1912 788 2033 827 sen-
2133 772 2250 829 Non
2279 781 2363 829 est
2385 774 2652 829 distinctio
2676 773 2845 829 Judaei
2872 782 2929 828 et
2954 769 3191 840 ethnici;
3220 777 3321 831 viri
3343 787 3399 833 et
3422 777 3727 837 mulieris:

382 869 386 875 '
463 860 685 923 tentia,
726 861 1173 930 quemadmodum
1228 870 1353 916 sunt
1399 862 1633 918 hominis
1682 864 1736 917 in
1794 865 2032 918 animam
2132 882 2423 938 pauperum
2450 876 2506 923 et
2527 868 2789 935 divitum,
2831 868 2923 924 ubi
2963 883 3071 924 non
3100 883 3380 939 personze,
3410 874 3723 945 sedopera

462 969 611 1007 suam
638 965 787 1004 arnor
808 961 864 1003 ut
888 960 1093 1020 pereat,
1116 952 1296 1006 odium
1328 968 1394 1007 ne
1415 960 1622 1022 pereat,
1646 953 1690 1007 si
1719 953 1856 1007 male
1883 961 2031 1007 ama-
2132 959 2562 1013 considerantur.
3172 962 3173 965 ‘
3503 952 3515 958 ’

460 1046 622 1107 veris,
649 1044 968 1109 tuncddisti,
995 1044 1040 1098 si
1068 1046 1205 1099 bene
1218 1045 1417 1109 oderis,
1442 1052 1570 1099 tunc
1590 1045 1804 1100 amasti.
1828 1041 2027 1116 (Greg.)
2200 1050 2363 1103 Amen
2387 1048 2501 1101 dico
2529 1048 2695 1114 vobis,
2727 1058 2847 1101 sunt
2870 1050 3081 1119 quidam
3108 1052 3171 1105 de
3209 1052 3292 1106 hic
3324 1055 3595 1108 stantibus
3626 1057 3721 1127 qui

457 1137 665 1191 Felices
684 1138 777 1206 qui
798 1137 1027 1192 oderunt
1050 1137 1417 1202 custodiendo,
1444 1154 1510 1194 ne
1533 1140 2023 1209 pereantamando.
2129 1158 2231 1196 non
2256 1142 2534 1212 gustabunt
2560 1150 2794 1207 mortem,
2818 1141 2980 1194 donec
3008 1142 3211 1197 videant
3236 1142 3435 1199 Filium
3477 1146 3718 1201 hominis

456 1225 547 1279 Sic
570 1226 770 1285 dicitur
795 1225 937 1280 fideli
966 1244 978 1279 :
1010 1224 1113 1290 Qui
1140 1225 1358 1302 voluerit
1382 1228 1611 1281 animam
1655 1244 1803 1283 suam
1830 1226 2026 1281 salvam

456 1318 664 1385 facere,
707 1318 883 1387 perdet
928 1333 1073 1381 eam;
1128 1318 1215 1387 qui
1259 1326 1432 1371 autem
1467 1318 1748 1388 perdiderit
1793 1320 2025 1373 animam

454 1426 603 1462 suam
642 1416 853 1479 propter
886 1426 986 1473 me,
1029 1408 1225 1462 salvam
1252 1400 1365 1463 eam
1393 1408 1566 1477 faciet.
1607 1408 1683 1463 Ac
1708 1410 1752 1464 si
1781 1408 2025 1479 agricolae

453 1501 665 1553 dicatur
699 1518 712 1554 :
742 1500 1094 1554 Frumentum
1132 1501 1175 1555 si
1217 1516 1423 1563 servas,
1448 1501 1658 1570 perdis;
1689 1501 1732 1556 si
1764 1502 2021 1565 seminas,

354 1574 359 1581 ”
451 1606 698 1646 renovas.
733 1591 866 1657 Quis
888 1590 1038 1646 enim
1067 1591 1273 1645 nesciat
1306 1593 1448 1660 quod
1496 1591 1843 1657 frumentum,
1898 1608 2021 1648 cum

2128 1234 2410 1287 venientem
2446 1232 2501 1286 in
2529 1248 2682 1302 regno
2711 1248 2823 1286 suo.
2856 1231 3021 1304 (Ras.
3046 1232 3063 1303 )
3090 1232 3333 1304 Regnum
3375 1237 3472 1292 Dei
3513 1237 3571 1291 in
3602 1252 3716 1307 quo
3747 1230 3756 1235 ’

2127 1320 2297 1376 Filius
2320 1318 2411 1376 Dei
2427 1321 2578 1375 idem
2601 1320 2692 1390 qui
2720 1328 2775 1375 et
2796 1320 2962 1375 Filius
2981 1320 3212 1377 hominis
3242 1334 3435 1395 regnat
3456 1325 3567 1382 hoc
3590 1325 3713 1380 loco

2126 1427 2365 1481 praesens
2395 1412 2637 1482 Ecclesia
2662 1419 2902 1467 vocatur.
2928 1412 2995 1467 Et
3016 1414 3139 1483 quia
3170 1414 3413 1474 nonnulli
3439 1430 3508 1475 ea
3544 1416 3712 1471 disci-

2126 1504 2265 1576 pulis
2295 1520 2466 1575 usque
2498 1506 2631 1560 adeo
2662 1504 2844 1559 victuri
2880 1505 2937 1559 in
2980 1520 3204 1575 corpore
3222 1513 3409 1571 erant.
3436 1517 3498 1563 ut
3519 1506 3711 1563 Eccle-

2126 1595 2262 1649 siam
2294 1594 2389 1649 Dei
2416 1602 2779 1650 constructam
2815 1595 3190 1664 conspicerent
3216 1602 3271 1650 et
3294 1603 3485 1651 contra
3514 1597 3703 1651 mundi

451 1681 505 1735 in
535 1682 739 1736 semine
782 1681 1030 1745 mittitur,
1077 1681 1217 1750 perit
1250 1680 1319 1735 ob
1350 1681 1538 1744 oculis,
1564 1682 1614 1735 in
1641 1690 1784 1737 terra
1808 1680 2020 1748 deficit;
2053 1680 2098 1739 Β
2126 1680 2285 1749 hujus
2310 1682 2533 1753 gloriam
2561 1697 2657 1752 per
2696 1682 2933 1737 auctoris
2973 1682 3056 1737 sui
3084 1683 3390 1763 potentiam
3436 1692 3700 1749 erectam,

451 1772 544 1824 sed
576 1772 716 1826 unde
751 1771 1009 1841 putrescit
1039 1771 1091 1824 in
1118 1770 1334 1839 pulvere
1353 1810 1367 1835 ,
1398 1770 1675 1826 viridescit
1717 1771 1769 1825 in
1798 1786 2025 1825 renova-
2125 1771 2481 1827 consolatoria
2503 1771 2857 1841 promissione
2883 1786 3025 1826 nunc
3050 1770 3246 1827 dicitur
3278 1790 3292 1823 :
3323 1768 3455 1825 Sunt
3480 1771 3699 1841 quidam

449 1864 613 1916 tione.
651 1862 785 1929 Quia
828 1878 955 1917 vero
980 1871 1161 1917 sancta
1186 1861 1427 1916 Ecclesia
1453 1861 1596 1915 aliud
1625 1870 1835 1931 tempus
1861 1860 2026 1916 habet

448 1953 842 2023 persecutionis
888 1962 1048 2021 atque
1091 1952 1236 2005 aliud
1277 1952 1461 2021 pacis,
1490 1951 1817 2021 Redemptor
1838 1960 2024 2006 noster

448 2045 565 2114 ipsa
612 2043 729 2111 ejus
780 2050 1020 2112 tempora
1078 2043 1373 2112 designavit
1420 2042 1475 2096 in
1531 2043 1828 2113 pmceptis.
1886 2041 2020 2097 Nam

447 2134 840 2205 persecutionis
869 2142 1108 2203 tempore
1131 2134 1374 2203 ponenda
1411 2125 1494 2188 e'st
1519 2134 1718 2199 anima,
1745 2134 1892 2204 pacis
1920 2149 2019 2187 au-

449 2234 553 2279 tem
610 2232 851 2293 tempore
897 2239 959 2278 ea
1002 2239 1125 2292 quae
1177 2223 1407 2294 amplius
1464 2224 1730 2278 dominari
1795 2230 2022 2293 possunt

447 2313 740 2383 frangenda
766 2321 894 2367 sunt
916 2312 1185 2368 desideria
1212 2322 1447 2387 terrena,
1499 2313 1652 2369 Unde
1681 2322 1736 2369 et
1758 2329 1901 2370 nunc
1935 2313 2016 2369 di-

443 2406 590 2460 citur
622 2422 636 2457 :
673 2450 683 2455 ,

515 2494 654 2559 Quid
678 2495 830 2549 enim
861 2495 1066 2565 prodest
1101 2496 1319 2558 homini,
1354 2495 1398 2547 si
1425 2487 1727 2550 universum
1758 2496 2015 2550 mundum

443 2584 693 2647 lucretur,
720 2586 910 2638 animm
931 2601 1049 2638 vero
1075 2600 1184 2637 sua:
1205 2584 1569 2637 detrimentum
1593 2587 1863 2653 patiatur?
1882 2587 2016 2642 Cum

445 2674 744 2744 persecutio
776 2674 842 2728 ab
865 2674 1186 2728 adversariis
1212 2674 1380 2739 deest,
1413 2674 1565 2729 valde
1590 2674 1895 2745 vigilantius
1922 2692 2017 2733 cor

440 2763 851 2818 custodiendum
882 2772 982 2817 est.
1008 2762 1140 2816 Nam
1168 2764 1315 2832 pacis
1343 2772 1600 2835 tempore,
1634 2765 1914 2833 quiaJicet
1939 2766 2017 2820 vi-

445 2866 569 2906 vere
594 2892 608 2917 ,
652 2852 781 2905 libet
814 2852 975 2906 etiam
1007 2853 1231 2906 ambire.
1262 2851 1584 2921 Plerumque
1605 2861 1783 2906 autem
1808 2861 1867 2909 et
1888 2868 2018 2909 ava-

437 2941 623 2994 ritiam
644 2941 929 3004 vincimus,
959 2940 1053 2994 sed
1083 2940 1258 2994 adhuc
1284 2939 1465 3010 obstat
1493 2941 1634 3009 quod
1651 2941 1766 2996 vias
1795 2941 2015 2995 rectitu—

442 3030 609 3087 dinis-
634 3029 829 3103 minori
880 3038 1124 3084 tenemus
1172 3030 1411 3084 custodia
1462 3028 1823 3099 perfectionis.
1879 3030 2012 3085 Nam

442 3136 585 3192 saepe
623 3121 852 3176 labentia
889 3129 1080 3175 cuncta
1109 3122 1469 3191 despicimus,
1508 3122 1603 3177 sed
1630 3131 1809 3178 tamen
1841 3123 2016 3177 adhuc

443 3211 690 3267 humana:
725 3210 1058 3266 verecundia:
1090 3226 1189 3265 usu
1228 3213 1582 3282 praepedimur
1605 3252 1620 3279 ,
1656 3221 1715 3267 ut
1740 3213 2017 3268 rectitudi-

444 3316 566 3357 nem
590 3342 604 3365 ,
635 3316 796 3371 quam
826 3315 1101 3356 servamus
1132 3301 1185 3354 in
1211 3310 1389 3355 mente
1410 3341 1425 3366 ,
1454 3304 1688 3359 nondum
1713 3303 2016 3372 exprimere

443 3389 717 3447 valeamus
764 3391 817 3444 in
864 3405 1013 3445 voce.
1053 3389 1120 3445 Et
1155 3398 1303 3446 tanto
1348 3391 1443 3447 Dei
1476 3390 1667 3448 faciem
1706 3393 1772 3449 ad
1794 3392 2016 3461 justitite

337 3550 345 3553 ι
443 3479 809 3537 defensionem
854 3481 1227 3551 negligamus,
1285 3490 1485 3550 quanto
1536 3482 1799 3537 humanas
1849 3481 2015 3538 facies

441 3581 631 3628 contra
665 3572 924 3641 justitiam
952 3588 1218 3627 veremur.
1261 3572 1367 3627 Sed
1400 3572 1553 3628 valde
1589 3574 1881 3629 cavendum
1907 3582 2010 3640 est,

440 3675 508 3715 ne
532 3676 629 3731 per
642 3661 920 3715 avaritiam
946 3662 1331 3729 pecuniariam,
1354 3662 1465 3717 sive
1484 3677 1579 3732 per
1605 3662 1847 3718 timorem
1864 3678 2010 3719 mor-

440 3751 532 3816 tis,
569 3760 730 3819 atque
773 3766 1010 3806 amorem
1048 3752 1337 3821 corporalis
1362 3753 1518 3818 vitm,
1553 3754 1777 3809 salutem
1808 3754 2011 3809 anima-

443 3858 561 3896 rum
609 3857 850 3911 qurerere
891 3844 1254 3915 negligamus;
1295 3845 1422 3913 quia
1452 3845 1585 3899 nihil
1608 3845 1847 3916 proderit
1878 3830 2011 3901 tem-

440 3934 644 4003 poralia
692 3934 1026 3999 lucrifacere,
1074 3936 1117 3989 si
1162 3937 1457 4008 perdantur
1491 3945 1711 3992 interna.
1754 3936 1907 3994 Unde
1954 3946 2011 3993 et

351 4030 354 4033 ’
443 4025 688 4079 subditur
715 4043 729 4078 :

510 4116 612 4169 Aut
649 4133 805 4187 quam
848 4117 1003 4171 dabit
1034 4117 1186 4171 homo
1229 4122 1683 4173 commutationem
1708 4136 1801 4190 pro
1829 4123 2007 4174 anima

440 4206 578 4259 sua?
603 4206 623 4277 (
650 4205 863 4260 Hieron.
888 4206 905 4277 )
937 4207 1043 4261 I’ro
1068 4207 1235 4261 Israel
1275 4207 1433 4263 datur
1460 4209 1811 4264 commutatio
1841 4208 2007 4281 Egy-

438 4304 561 4362 ptus
584 4334 598 4358 ,
638 4293 909 4367 Ethiopia
930 4336 944 4360 ,
984 4302 1037 4349 et
1078 4310 1173 4364 pro
1201 4296 1378 4350 anima
1409 4297 1638 4352 humana
1661 4297 1748 4351 illa
1778 4299 1888 4354 sola
1914 4313 2005 4353 re—

439 4386 659 4439 tributio
690 4402 849 4456 quam
879 4386 1159 4441 Psalmista
1191 4388 1336 4442 canit
1366 4406 1377 4441 ;
1415 4386 1554 4454 Quid
1590 4390 1871 4443 retribuam
1904 4389 2005 4442 Do-

439 4478 591 4529 mino.
603 4493 693 4545 pro
731 4479 966 4531 omnibus
993 4495 1107 4547 qua:
1143 4480 1376 4533 retribuit
1408 4481 1573 4534 mihi?
1599 4479 1825 4534 Calicem
1862 4480 2004 4534 salu-

439 4567 567 4618 taris
591 4568 860 4635 accipiam,
884 4578 931 4621 et
955 4585 1136 4621 nomen
1158 4569 1367 4622 Domini
1386 4571 1629 4624 invocabo
1656 4567 1824 4642 (Psal.
1853 4570 1996 4639 cxv).

498 4653 679 4711 Filius
702 4656 835 4707 enim
876 4656 1094 4710 hominis
1132 4665 1374 4710 venturas
1412 4668 1483 4711 est
1525 4658 1579 4710 in
1614 4658 1780 4726 gloria
1826 4656 2001 4711 Patris

441 4746 523 4798 sui
550 4761 664 4797 cum
690 4745 885 4813 angelis
912 4748 1038 4801 suis.
1073 4746 1203 4812 Quia
1232 4749 1320 4815 qui
1350 4748 1402 4801 in
1426 4748 1657 4802 hominis
1686 4758 1875 4802 natura
1903 4748 2001 4800 mi-

440 4846 541 4887 nor
552 4843 632 4888 est
646 4834 824 4900 Patre,
842 4835 953 4904 ipse
969 4836 1172 4891 unitate
1194 4838 1349 4891 unius
1369 4836 1711 4906 ejusdemque
1730 4840 2001 4907 estgloriu:

442 4928 564 4977 cum
595 4921 773 4977 Patre.

512 5011 581 5065 Et
634 5023 753 5064 tunc
792 5013 965 5066 reddet
1011 5017 1287 5084 unicuique
1331 5015 1613 5069 secundum
1660 5032 1815 5084 opera
1867 5017 1998 5085 ejus.

441 5100 631 5154 Petrus
679 5102 1052 5169 prrediCationc
1104 5106 1291 5159 mortis
1336 5105 1628 5160 Dominica:
1673 5095 2002 5161 scandaliza-

444 5201 527 5244 tus
562 5193 824 5246 sententia
872 5193 1076 5247 Domini
1119 5196 1289 5250 fuerat
1319 5198 1624 5265 increpatus
1646 5236 1659 5260 ,
1698 5199 2001 5265 provocatis

441 5279 713 5347 discipulis
758 5283 868 5337 suis
916 5291 975 5336 ut
1021 5284 1282 5350 abncgent
1334 5301 1408 5347 se,
1456 5295 1509 5340 ct
1557 5285 1742 5339 tollant
1786 5301 1999 5341 crucem

442 5380 614 5430 suam,
644 5377 696 5421 et
721 5372 1054 5425 morientium
1082 5373 1260 5424 animo
1288 5374 1597 5442 magistrum
1626 5384 1995 5441 sequerentur.

442 5454 668 5511 Grandis
714 5466 885 5512 terror
922 5460 1284 5523 audientium,
1334 5470 1387 5515 et
1431 5463 1519 5529 qui
1566 5462 1736 5531 possit
1775 5463 1999 5532 principi

445 5547 836 5614 :tpuluiut'tllll,
880 5550 1037 5603 etiam
1076 5551 1191 5605 aliis
1222 5550 1473 5621 apostolis
1517 5564 1711 5609 motum
1759 5554 1992 5621 injicere.

2041 3017 2085 3079 C

2028 4367 2083 4426 D

2122 1866 2186 1920 de
2213 1866 2297 1919 hic
2323 1866 2601 1931 stantibus,
2625 1866 2713 1937 qui
2736 1882 2839 1920 non
2860 1867 3139 1937 gustabunt
3169 1876 3403 1929 mortem,
3430 1867 3593 1921 donec
3620 1869 3698 1920 ci-

2121 1956 2277 2009 deant
2303 1953 2500 2009 Filium
2526 1956 2749 2013 hominis
2782 1956 3057 2012 venientem
3080 1957 3318 2025 inregno
3338 1971 3457 2019 suo,
3489 1955 3544 2010 id
3576 1962 3693 2020 est,

2120 2044 2491 2121 ostendentem
2520 2044 2813 2115 potentiam
2851 2040 3023 2103 suam.
3053 2043 3159 2099 Sed
3182 2059 3305 2100 cum
3336 2052 3486 2099 tanta
3515 2043 3696 2099 Βοιιή⁴

2121 2151 2223 2192 nus
2264 2135 2555 2191 subeunda;
2582 2134 2773 2191 mortis
2797 2145 3060 2205 praecepta
3088 2136 3273 2191 ederet
3290 2173 3308 2199 ,
3338 2134 3471 2212 quid
3505 2149 3692 2191 neces-

2119 2224 2320 2278 sarium
2350 2222 2492 2291 fuit,
2528 2232 2587 2278 ut
2623 2224 2689 2278 ad
2717 2224 2857 2279 hanc
2889 2225 3064 2279 subito
3099 2224 3509 2294 promissionem
3548 2225 3691 2280 veni-

2118 2315 2236 2370 ret?
2260 2314 2411 2381 Quod
2435 2314 2482 2369 si
2503 2313 2768 2369 subtiliter
2794 2314 3153 2379 attendamus,
3184 2323 3388 2383 quanta
3411 2314 3687 2384 dispensa-

2118 2406 2266 2462 tione
2292 2405 2508 2476 pietatis
2531 2404 2721 2477 agatur
2739 2404 3409 2477 aguoscimus.'Discipulis
3429 2406 3575 2460 eriim
3599 2420 3689 2459 ru—

2116 2494 2273 2550 dibus
2296 2495 2463 2549 etiam
2502 2494 2570 2549 de
2602 2497 2852 2563 praesnti
2880 2495 2991 2548 vita
3028 2493 3228 2564 aliquid
3263 2494 3682 2570 promittendum

2116 2583 2236 2651 fuit,
2262 2592 2322 2638 ut
2338 2592 2557 2654 possent
2578 2584 2843 2639 robustius
2861 2584 2914 2638 in
2933 2586 3115 2639 futura
3136 2585 3374 2640 solidari.
3402 2584 3495 2641 Sic
3512 2572 3685 2640 Israe-

2115 2676 2263 2730 litico
2289 2673 2483 2746 populo
2516 2689 2584 2729 ex
2606 2675 2819 2746 Egypti
2845 2684 2990 2731 terra
3012 2675 3287 2731 liberando
3310 2677 3685 2746 repromissio.

2115 2768 2199 2822 nis
2234 2777 2376 2822 terra
2400 2766 2752 2836 promittitur,
2776 2775 2831 2821 et
2849 2766 2978 2821 dum
3001 2767 3269 2821 vocandus
3293 2776 3437 2821 esset
3456 2767 3524 2821 ad
3549 2768 3682 2821 dona

2114 2856 2393 2922 caelestia,
2441 2857 2672 2910 terrenis
2715 2856 3158 2925 promissionibus
3203 2855 3479 2911 suadetur.
3534 2855 3682 2912 Unde

2116 2954 2262 3000 recte
2298 2958 2509 3015 quoque
2540 2959 2635 3014 per
2662 2944 2996 3000 Psalmistam
3028 2946 3221 3001 dicitur
3252 2962 3264 2999 :
3294 2945 3453 2999 Dedit
3499 2947 3573 3000 eis
3598 2964 3681 3000 re-

2115 3034 2290 3103 giones
2317 3034 2545 3103 gentium
2572 3072 2585 3099 ,
2614 3042 2662 3087 et
2686 3032 3221 3103 laborespopuloruns
3238 3034 3597 3099 possederunt,
3625 3045 3679 3088 ut

2115 3124 2407 3178 custodiant
2438 3123 2844 3199 justi/icationes
2881 3126 3017 3194 ejus,
3053 3132 3102 3179 et
3139 3124 3301 3195 legem
3340 3125 3455 3196 ejus
3496 3128 3676 3196 exqui-

2116 3218 2233 3268 rant
2268 3210 2439 3286 (Psal.
2461 3213 2588 3285 CIV).
2616 3212 2705 3268 Sic
2740 3228 2866 3284 ergo
2892 3215 2995 3269 hoc
3015 3213 3382 3291 loeo_rudibus
3406 3216 3679 3285 discipulis

2117 3304 2326 3359 Veritas
2355 3303 2598 3374 loquens,
2640 3304 2925 3359 videndum
2951 3320 3173 3375 regnum
3204 3304 3303 3359 Dei
3332 3306 3595 3375 promittit
3621 3306 3677 3361 in

2114 3402 2280 3461 terra,
2319 3403 2380 3449 ut
2414 3396 2519 3455 hoc
2545 3396 2613 3451 ab
2634 3395 2711 3450 eis
2747 3394 2988 3451 ﬁdelibus
3028 3397 3081 3450 in
3124 3396 3261 3452 caelo
3298 3407 3675 3466 praesumatur.

2114 3483 2265 3550 Quod
2285 3485 2572 3553 siregnum
2592 3484 2685 3538 Dei
2708 3484 2762 3538 in
2784 3486 2884 3539 hac
2903 3486 3167 3541 sententia
3191 3485 3426 3540 futuram
3451 3487 3504 3541 in
3520 3487 3676 3543 003113

2112 3577 2495 3633 beatitudinem
2540 3578 2764 3633 velimus
2797 3579 3076 3648 accipere,
3122 3588 3177 3634 et
3214 3581 3316 3636 hoc
3348 3582 3565 3651 quidem
3610 3583 3675 3637 de

2110 3668 2413 3723 astantibus
2440 3683 2545 3723 non
2573 3678 2693 3739 post
2735 3669 2931 3725 multos
2957 3670 3072 3725 dies
3102 3670 3158 3725 in
3196 3679 3379 3727 monte
3403 3672 3670 3727 viderunt.

2110 3758 2262 3825 Quod
2306 3758 2395 3829 pia
2424 3760 2609 3828 utique
2637 3759 2942 3829 provisione
2978 3760 3175 3814 factum
3201 3770 3306 3827 est,
3345 3770 3405 3815 ut
3437 3773 3676 3818 conteru-

2108 3849 2343 3918 platione
2370 3864 2581 3919 semper
2602 3850 2868 3905 manentis
2896 3849 3100 3920 gaudii,
3135 3851 3346 3906 tametsi
3372 3853 3566 3922 raptim
3594 3862 3676 3906 at-

2108 3954 2213 4009 que
2240 3940 2307 3994 ad
2334 3941 2497 3994 breve
2530 3949 2857 3995 momentum
2879 3940 3110 3996 delibata
3131 3981 3146 4006 ,
3186 3940 3379 3997 fortius
3417 3944 3669 3998 instantia

2107 4030 2287 4087 saeculi
2334 4030 2662 4085 transeuntis
2700 4030 2921 4086 adversa
2956 4031 3260 4099 tolerarent.
3286 4032 3683 4088 DecentissimO'

2107 4137 2236 4178 sane
2260 4123 2425 4178 verbo
2462 4132 2678 4178 sanctos
2704 4132 2933 4179 mortem
2955 4134 3168 4195 gustare
3199 4118 3467 4192 testatur;
3496 4144 3525 4181 a
3555 4130 3669 4197 qui-

2107 4215 2207 4269 bus
2235 4214 2489 4269 nimirum
2514 4230 2672 4270 mors
2709 4217 2951 4285 corporis
2976 4218 3127 4288 quasi
3153 4218 3367 4273 libando
3394 4228 3663 4289 gustatur,

2107 4302 2220 4356 vita
2240 4318 2367 4360 vero
2385 4304 2585 4359 animae
2610 4302 2875 4361 veraciter
2904 4307 3230 4376 possidendo
3256 4315 3487 4361 tenetur.

2668 4440 2891 4497 CAPUT
2936 4441 3101 4503 XVII.

2107 4567 2173 4621 In
2206 4580 2376 4643 monte
2416 4546 2822 4643 transﬁguratur
2862 4572 3112 4643 Dominus
3154 4590 3330 4643 coram
3375 4573 3655 4643 discipulis,

2175 4648 2221 4690 et
2248 4638 2444 4711 Eliuet
2472 4638 2672 4711 Moyse.
2696 4639 3002 4694 Lunaticum
3026 4655 3190 4695 curat.
3227 4641 3382 4696 Petro
3404 4638 3550 4711 jubet
3565 4661 3659 4709 pro

2176 4724 2229 4761 se
2251 4717 2296 4760 et
2330 4707 2419 4761 illo
2446 4707 2819 4761 darecensum.

2177 4835 2265 4907 [1.]
2296 4837 2362 4891 Et
2390 4846 2502 4906 post
2541 4837 2649 4890 dies
2696 4854 2785 4893 sex
2823 4841 3098 4909 assumpsit
3137 4840 3292 4895 Iesus
3328 4840 3540 4895 Petrum
3563 4883 3578 4907 ,
3614 4852 3659 4896 et

2101 4926 2390 4989 Joannem,
2416 4936 2463 4979 et
2495 4926 2780 4993 Iacobum,
2811 4930 3023 4997 fratrem
3049 4931 3182 4999 ejus,
3213 4942 3259 4984 et
3292 4933 3432 4985 ducit
3462 4932 3576 4986 illos
3605 4936 3657 4986 in

2102 5024 2323 5067 montem
2345 5014 2599 5067 excelsum
2621 5033 2867 5070 seorsum.
2885 5017 2941 5071 In
2963 5019 3248 5088 Evangelia
3268 5020 3424 5076 Luca:
3439 5022 3508 5075 ita
3531 5024 3658 5076 scri-

2100 5112 2249 5171 ptum
2277 5112 2359 5155 est
2384 5120 2396 5154 :
2430 5100 2653 5156 Factum
2684 5115 2756 5158 est
2795 5117 2906 5175 post
2941 5106 3051 5160 Iza’c
3080 5108 3232 5161 verba
3261 5110 3368 5180 fere
3392 5111 3501 5163 dies
3522 5121 3655 5175 octo,

2100 5205 2145 5248 et
2179 5198 2453 5266 assumpsit
2497 5193 2711 5250 Petrum
2738 5238 2752 5262 ,
2798 5208 2845 5251 et
2885 5198 3158 5265 Iacobum,
3200 5211 3247 5254 et
3279 5201 3535 5255 Joannem
3559 5242 3575 5265 ,
3610 5213 3655 5255 et

2101 5286 2329 5338 ascendit
2372 5287 2424 5339 in
2458 5296 2679 5340 montem
2717 5296 2772 5340 ut
2803 5299 2994 5349 oraret.
3038 5299 3141 5345 etc.
3190 5291 3337 5361 (Luc.
3380 5291 3477 5361 Ix).
3522 5291 3655 5346 Ilinc

2099 5378 2375 5445 quccritur,
2407 5380 2669 5448 quomodo
2690 5388 2809 5448 post
2835 5381 2948 5436 dies
2973 5396 3067 5436 sex
3095 5384 3440 5451 assumpserit
3464 5398 3578 5447 eos,
3606 5393 3655 5436 et

2097 5467 2311 5520 duxerit
2356 5468 2407 5521 in
2451 5478 2681 5522 montem
2717 5470 2985 5523 excelsum
3021 5486 3298 5535 seorsum,
3351 5472 3491 5540 quod
3528 5472 3656 5523 Mat-

2100 5558 2268 5610 thzcus
2296 5557 2607 5626 Marcusquo
2647 5556 2945 5623 testantur,
2969 5576 3087 5613 cum
3128 5560 3297 5615 Lucas
3332 5559 3653 5625 evangelista
