3922 6340
300 246 405 305 997

1303 238 1653 297 conamur.
1696 238 1760 291 IN
1801 218 2229 295 narriueuu.
2270 268 2339 282 -
2376 240 2500 296 us.
2545 240 2607 299 v.

2444 16 3087 31 mwa—SW
3100 16 3107 21 ν
3124 30 3137 31 γ
3150 5 3705 33 ξἮς-Ἰῃῄη
3716 18 3757 33 .i’

3260 26 3355 33 νᾼ--η-νν
3370 30 3395 33 ,ι
3430 30 3461 33 -

3414 249 3510 305 998

296 367 466 433 ponat
503 358 835 415 octonarium
880 370 1177 411 numerum.
1232 356 1347 433 Sed
1367 355 1539 409 facilis
1578 353 1857 424 responsio
1884 362 1933 416 Α
1960 353 2013 407 in
2042 355 2200 425 terris
2227 369 2326 411 con
2362 356 2555 411 ’stenle
2584 356 2827 426 despecta
2858 358 3188 430 aliorumque
3221 361 3410 417 similia
3441 365 3517 419 vi—

296 427 386 507 est
419 469 431 503 :
464 450 586 520 quia
620 448 708 502 hic
738 447 894 501 medii
924 455 1192 515 ponuntur
1220 427 1363 510 dies,
1408 445 1481 499 ibi
1520 444 1723 515 primus
1751 457 1856 512 quo

298 541 559 598 Dominus
586 540 699 593 haec
732 539 1000 609 promisit,
1042 547 1095 593 et
1121 547 1423 601 extremus,
1462 548 1567 607 quo
1604 552 1698 593 sua
1733 552 1858 608 pro-

300 633 469 685 missa
513 631 827 700 complevit,
876 618 1107 685 additur.
1135 629 1363 698 Ideoque
1404 629 1571 684 Lucas
1603 640 1707 683 non
1739 638 1858 699 post

301 720 419 776 dies
447 730 588 785 octo,
630 721 722 776 ‘sed
747 721 1120 790 temperatius,
1158 719 1270 773 fere
1296 720 1407 774 dies
1436 728 1557 774 octo
1584 720 1751 789 ponit.
1794 718 1859 771 Et

303 812 359 867 in
392 813 595 866 ratione
618 813 838 884 mystica
861 811 964 865 illic
987 818 1105 880 post
1125 818 1215 865 ‘sex
1239 809 1419 864 mundi
1448 818 1633 863 aetates
1659 809 1858 863 sanctis

301 900 375 956 ab
418 901 560 957 οιιιιιὶ
608 900 789 956 labore
825 900 1204 969 quiescendum
1256 917 1269 952 :
1320 898 1408 952 hic
1454 912 1582 952 vero
1625 906 1859 966 tempore

296 1002 492 1048 octavo
520 991 758 1060 designat
795 996 912 1045 esse
949 988 1349 1059 resurgendum.
1387 986 1537 1043 Unde
1560 986 1780 1057 pulchre
1807 995 1861 1041 et

300 1086 487 1135 sextus
523 1079 756 1148 psalmus
791 1086 883 1149 pro
925 1071 1102 1131 octaad
1143 1076 1413 1141 scribitur,
1465 1075 1614 1144 cujus
1646 1074 1858 1128 initium

299 1180 385 1227 est
413 1190 425 1223 :
451 1171 690 1233 Domine,
720 1187 781 1224 ne
808 1170 963 1224 inira
989 1175 1078 1222 tua
1109 1180 1300 1237 arguas
1332 1177 1428 1221 me.
1455 1166 1586 1233 Quia
1610 1166 1859 1220 nimirum

299 1278 399 1333 per
421 1277 513 1317 sex
546 1268 751 1325 aetates,
780 1259 973 1328 quibus
998 1258 1208 1327 operari
1238 1258 1377 1320 licet,
1404 1257 1651 1326 precibus
1674 1266 1753 1310 est
1776 1257 1858 1310 in-

301 1350 595 1408 sistendum
621 1391 634 1416 ,
671 1366 738 1405 ne
765 1351 817 1404 in
843 1357 1032 1404 octavo
1063 1348 1429 1403 retributionis
1451 1355 1688 1416 tempore
1716 1363 1745 1399 a
1772 1345 1859 1414 ju-

300 1442 420 1497 dice
458 1441 810 1510 corripiamur
834 1438 970 1494 irato
1016 1456 1028 1491 :
1069 1438 1211 1508 quod
1241 1446 1295 1491 et
1331 1438 1443 1509 ipse
1471 1436 1725 1491 Dominus
1760 1437 1864 1491 hoc

300 1535 421 1590 loco
459 1532 624 1587 voluit
656 1542 754 1587 nos
786 1539 999 1587 ostenso
1038 1540 1147 1586 sua:
1190 1530 1449 1585 orationis
1495 1529 1736 1599 exemplo
1771 1528 1863 1583 do-
1909 1553 1914 1557 -

300 1639 444 1679 cere.
468 1621 543 1678 De
567 1637 671 1693 quo
700 1621 990 1677 secundum
1020 1613 1219 1675 Lucam
1249 1620 1488 1684 dicitur:
1523 1618 1658 1684 Quia
1679 1634 1862 1673 ascen-

1958 444 2239 511 debantur,
2283 446 2377 503 sed
2410 447 2526 517 ipso
2562 457 2797 502 montem
2845 458 3055 518 petente
3098 460 3235 507 novo
3279 455 3514 510 candore

1959 532 2218 604 refulgent
2259 551 2273 589 :
2326 536 2449 605 quia
2491 554 2627 593 nunc
2666 538 2869 607 quidem
2907 540 3006 607 ﬁlii
3048 541 3145 595 Dei
3185 559 3382 609 sumus,
3422 550 3509 603 sed

1960 623 2187 675 nondum
2212 626 2451 693 apparuit
2474 626 2597 695 quid
2620 627 2844 692 erimus;
2872 629 3088 692 scimus,
3128 633 3250 701 quia
3276 650 3391 687 cum
3419 652 3513 704 ap-

1957 713 2186 779 paruerit
2211 753 2225 777 ,
2262 714 2453 767 similes
2482 718 2527 769 ei
2554 718 2743 771 erimus
2783 735 2799 772 :
2830 719 3105 774 uidebimus
3137 726 3271 777 enim
3296 742 3411 780 eum
3440 729 3515 780 si-

1959 800 2063 852 cuti
2091 810 2165 853 est
2187 800 2237 868 (l
2269 800 2428 855 loan.
2456 804 2557 873 ιιι).
2595 804 2744 860 Unde
2764 808 2897 861 bene
2921 808 2985 862 de
3010 809 3208 864 eisdem
3237 815 3518 868 vestimen-

1960 889 2027 941 tis
2051 900 2147 957 per
2174 889 2409 945 Marcum
2430 891 2627 946 dicitur
2660 911 2671 945 :
2706 894 2842 957 Quia
2870 895 3011 964 facta
3032 900 3159 950 sunt
3178 897 3516 968 splendentia,

1959 980 2184 1033 candida
2213 981 2363 1034 rtimis
2385 981 2515 1034 velut
2539 973 2649 1048 nix,
2673 985 2849 1053 qualia
2876 986 3004 1054 fullo
3027 1004 3181 1058 super
3203 1000 3393 1043 terram
3418 1009 3519 1046 non

1958 1077 2119 1137 potest
2144 1068 2368 1123 candida
2391 1071 2566 1140 facere
2601 1072 2791 1141 (Marc.
2825 1074 2961 1145 vm).
2994 1075 3125 1130 Nam
3151 1081 3275 1147 quia
3302 1080 3389 1135 ille
3413 1081 3522 1136 hoc
3608 1099 3612 1103 '

1960 1158 2075 1214 loco
2105 1160 2476 1231 intelligendus
2506 1170 2589 1215 est
2620 1162 2747 1217 fullo
2769 1204 2782 1229 ,
2816 1179 2973 1232 quem
3000 1168 3263 1235 paenitens
3292 1170 3519 1225 Psalmi-

1960 1255 2041 1303 sla
2068 1250 2140 1303 ita
2165 1258 2416 1318 precatur
2443 1270 2455 1303 :
2480 1251 2712 1321 Amplius
2742 1254 2857 1307 lava
2896 1271 2974 1309 me
3006 1256 3068 1309 ab
3107 1258 3361 1326 injustitia
3386 1278 3519 1327 mea,

1959 1347 2007 1392 et
2034 1356 2064 1391 a
2091 1339 2277 1392 delicto
2306 1356 2415 1393 meo
2446 1342 2640 1394 munda
2662 1358 2741 1395 me
2763 1341 2930 1412 (Psal.
2956 1344 3030 1416 ι),
3062 1362 3165 1401 non
3197 1358 3371 1416 potest
3398 1350 3523 1405 ﬁde-

1962 1426 2098 1483 libus
2126 1430 2237 1485 suis
2262 1430 2313 1484 in
2339 1439 2479 1484 terra
2509 1432 2637 1485 dare
2664 1432 2959 1489 claritatem
2985 1475 2999 1499 ,
3038 1449 3156 1505 quae
3188 1453 3281 1491 eos
3314 1442 3525 1494 oonseré

1961 1528 2083 1575 rata
2113 1531 2295 1577 manet
2326 1523 2379 1577 in
2404 1523 2571 1578 caelis.
2606 1522 2730 1577 Sive
2758 1524 2914 1579 aliter
2941 1541 2955 1580 :
2987 1525 3153 1583 Nemo
3182 1539 3263 1584 est
3290 1532 3380 1601 qui
3411 1534 3525 1587 sine

1964 1622 2167 1669 attactu
2201 1615 2425 1686 alicujus
2450 1617 2657 1686 peccati
2690 1617 2870 1672 vivere
2907 1619 3075 1687 possit
3114 1635 3275 1691 super
3302 1632 3520 1679 terram.

301 1716 378 1769 dit
416 1715 470 1768 in
510 1690 730 1767 montem
761 1721 815 1766 ut
847 1720 1037 1765 araret.
1081 1710 1403 1781 [umentem
1429 1718 1658 1779 namque
1674 1716 1863 1762 oratu-
1892 1690 1935 1749 Β
1964 1703 2068 1758 Sed
2097 1704 2237 1773 quod
2265 1704 2411 1769 fullo,
2446 1707 2498 1759 id
2524 1715 2625 1770 est,
2663 1708 2849 1762 doctor
2881 1690 3218 1774 animarum,
3247 1726 3339 1765 seu
3370 1729 3525 1767 mun-

301 1819 416 1867 rus,
445 1811 499 1857 et
525 1803 603 1857 sic
627 1798 1103 1872 transfiguratt‘Jrus
1130 1799 1389 1864 ascendit,
1416 1806 1475 1852 ut
1504 1799 1751 1854 ostendat
1773 1812 1865 1852 eos

301 1895 394 1964 qui
426 1894 655 1948 fructum
682 1891 1085 1946 resurrectionis
1114 1897 1454 1959 exspectant,
1486 1876 1780 1958 qui-regem
1806 1888 1862 1943 in

300 1983 496 2039 decore
528 1996 625 2037 suo
654 1981 1169 2037 videredesider‘ant
1193 2020 1207 2046 ,
1236 1990 1411 2034 mente
1438 1980 1491 2033 in
1519 1980 1745 2035 excelsis
1772 1981 1867 2034 ba-

299 2074 496 2140 bitare,
525 2082 577 2129 et
597 2071 865 2137 continuis
886 2070 1135 2142 precibus
1161 2070 1467 2124 incumbere
1491 2069 1704 2124 debere.
1731 2069 1866 2124 Tres

300 2159 637 2219 solummodo
665 2177 844 2217 secum
886 2160 1173 2230 discipulos
1211 2160 1376 2225 ducit,
1422 2158 1504 2216 vel
1546 2159 1669 2230 quia
1716 2158 1866 2212 multi

279 2262 419 2314 sunt
444 2250 624 2315 uocati,
648 2251 801 2320 pauci
825 2267 941 2305 vero
964 2250 1129 2316 electi,
1156 2250 1240 2304 vel
1266 2251 1389 2321 quia
1416 2252 1487 2314 hi,
1521 2251 1611 2320 qui
1630 2262 1777 2306 nunc
1806 2248 1867 2305 ﬂ-

301 2340 422 2394 dem
463 2354 565 2408 qua
602 2337 788 2392 imbuti
837 2346 959 2393 Sunt
999 2348 1198 2393 sanctae
1239 2339 1518 2394 Trinitatis
1556 2340 1864 2411 incorrupta

244 2474 247 2477 .
302 2437 481 2485 mente
518 2438 897 2495 servaverunt,
936 2436 1061 2485 tunc
1096 2438 1296 2485 azterna
1324 2431 1445 2501 ‘ejus
1484 2440 1757 2487 merentur
1784 2435 1863 2488 vi-

297 2522 452 2576 sione
481 2520 667 2574 ltetari.
694 2520 761 2574 Et
785 2521 919 2575 bene
939 2533 1058 2575 cum
1089 2522 1291 2576 diceret
1322 2540 1333 2575 :
1360 2522 1503 2587 Quia
1532 2524 1673 2577 ducit
1701 2539 1785 2578 eos
1812 2526 1864 2579 in

301 2617 525 2663 montem
572 2608 847 2674 excelsam,
895 2598 1094 2663 addidit
1134 2621 1363 2663 seorsum
1400 2624 1418 2663 :
1457 2612 1580 2679 quia
1613 2611 1780 2681 justi,
1812 2620 1866 2666 et

302 2708 444 2753 nunc
468 2710 585 2754 cum
619 2710 903 2768 pravorum
928 2700 1075 2754 vitiis
1094 2707 1439 2768 premuntur,
1476 2702 1654 2755 animo
1686 2712 1861 2757 tamen

301 2795 427 2842 sunt
456 2792 567 2842 toto
600 2796 758 2856 atque
787 2789 1078 2844 intentione
1122 2788 1242 2843 lldei
1283 2790 1512 2859 separati
1559 2791 1625 2845 ab
1654 2791 1777 2858 illis,
1809 2800 1864 2845 et

299 2878 355 2932 in
377 2877 560 2933 futuro
591 2877 826 2937 funditus
852 2889 1090 2952 seorsum
1137 2880 1473 2933 abducuntur
1504 2879 1569 2934 ab
1603 2881 1700 2935 eis.
1730 2880 1861 2936 Cum

301 2971 579 3026 abscondit
614 2966 704 3026 eos
742 2971 794 3024 in
836 2955 1017 3025 abdito
1046 2969 1221 3024 vultus
1260 2969 1420 3034 sui,'a
1459 2971 1863 3028 centurbatione

301 3062 601 3118 hominum.

377 3150 442 3207 Et
473 3152 873 3223 transfiguratus
913 3161 984 3206 est
1015 3159 1133 3207 ante
1161 3162 1265 3206 eos.
1306 3150 1571 3225 (Περι-οη.)
1589 3151 1745 3219 Quod
1769 3168 1864 3206 au-

302 3250 410 3297 tem
436 3242 564 3296 dicit
595 3260 606 3293 :
638 3239 706 3294 Et
729 3241 1129 3312 transﬁguratus
1154 3250 1229 3293 est
1251 3250 1368 3294 ante
1389 3255 1493 3305 eos,
1528 3252 1686 3295 nemo
1708 3248 1866 3311 patet

300 3318 585 3403 pristinam
613 3339 732 3386 eum
763 3331 988 3387 formam
1017 3330 1278 3387 etfaciem
1301 3331 1595 3399 perdidisse
1618 3372 1635 3396 ,
1660 3340 1714 3385 et
1734 3333 1866 3386 ami-

301 3427 439 3481 sisse
474 3423 712 3494 corporis
739 3422 1049 3487 veritatem,
1087 3430 1143 3476 et
1180 3420 1532 3490 assumpsisSe
1569 3435 1764 3491 corpus
1785 3422 1867 3477 vel

300 3517 562 3589 spiritale,
604 3515 686 3570 vel
735 3496 966 3569 aereum.
999 3512 1429 3583 Transﬁguratus
1475 3512 1723 3568 Salvator
1760 3525 1868 3568 non

302 3608 656 3665 substantiam
686 3621 826 3661 verte
850 3606 1027 3661 carnis
1054 3605 1227 3659 amisit
1247 3645 1261 3669 ,
1298 3604 1389 3658 sed
1426 3604 1651 3675 gloriam
1678 3604 1869 3660 futuris

300 3700 387 3753 vel
415 3715 544 3764 suae,
571 3698 655 3752 vel
684 3706 880 3752 nostra:
902 3695 1309 3751 resurrectionis
1336 3696 1600 3759 ostendit;
1623 3696 1721 3765 qui
1741 3706 1873 3764 qna-

300 3789 373 3845 lis
402 3797 527 3842 tunc
557 3777 810 3858 apostolis
838 3787 1081 3856 apparuit
1107 3826 1121 3852 ,
1157 3786 1279 3840 talis
1307 3795 1427 3855 post
1442 3785 1701 3856 judicium
1734 3800 1868 3840 cun-

300 3879 407 3935 ctis
457 3877 730 3948 apparebit
777 3876 981 3931 electis.
1007 3874 1138 3929 Nam
1187 3876 1239 3929 in
1288 3877 1403 3945 ipso
1444 3885 1681 3944 tempore
1710 3874 1871 3944 judi-

300 3966 482 4031 candi,
512 3974 567 4020 et
598 3965 749 4019 bonis
773 3963 935 4018 simul
960 3971 1014 4018 et
1036 3962 1188 4017 malis
1222 3964 1274 4017 in
1302 3962 1477 4027 forma
1503 3964 1642 4019 servi
1664 3964 1872 4019 videbi-

304 4073 412 4125 tur,
443 4070 500 4114 ut
537 4058 783 4114 videlicet
822 4057 968 4125 impii
1009 4071 1169 4126 quem
1212 4071 1478 4125 sprevere,
1506 4057 1671 4112 Judaei
1713 4070 1871 4127 quem

300 4152 588 4222 negavero,
641 4148 837 4203 milites
874 4149 1039 4217 quem
1080 4146 1417 4211 cruciﬁxere,
1458 4146 1657 4201 Pilatus
1704 4145 1872 4202 Hero-

303 4250 507 4313 desque
528 4238 684 4312 quem
705 4241 1013 4311 judicavere
1036 4280 1049 4305 ,
1086 4248 1285 4307 queant
1311 4253 1607 4309 agnoscere
1615 4238 1869 4308 judicem.

382 4339 445 4392 Et
468 4333 775 4405 resplenduit
796 4332 954 4401 [acies
974 4331 1086 4400 ejus
1108 4330 1237 4383 sicut
1257 4329 1355 4392 sol,
1381 4332 1674 4385 vestimenta
1699 4343 1868 4385 autem

301 4432 422 4501 ejus
472 4428 610 4498 facta
664 4432 783 4476 sunt
826 4421 943 4475 alba
987 4420 1118 4474 sicut
1172 4421 1280 4473 nix.
1327 4418 1529 4491 (ΗΑΒ.)
1576 4419 1642 4475 Et
1682 4422 1767 4476 hic
1815 4422 1869 4475 in

305 4517 610 4588 exemplum
636 4512 825 4567 futura:
849 4510 1245 4565 clariﬁcationis
1270 4510 1434 4579 ipsius
1459 4510 1767 4580 resplenduit
1790 4510 1871 4579 fa-

304 4614 411 4665 cies
441 4609 550 4677 ejus
591 4606 721 4660 sicut
757 4602 875 4669 sol;
924 4617 1027 4656 non
1074 4601 1194 4669 quia
1240 4599 1448 4653 Domini
1483 4607 1533 4653 et
1564 4608 1867 4654 sanctorum

240 4707 250 4711 ’
304 4702 425 4770 ejus
453 4696 671 4765 aequalis
701 4693 869 4764 possit
892 4707 1012 4747 esse
1038 4691 1253 4744 claritas
1279 4697 1331 4743 et
1353 4688 1538 4759 gloria,
1568 4703 1689 4741 cum
1719 4696 1773 4742 et
1807 4688 1871 4741 de

304 4787 510 4843 eisdem
538 4784 736 4839 sanctis
762 4782 900 4836 dicat
924 4780 1204 4849 Apostolus
1236 4793 1249 4831 :
1283 4776 1443 4832 Stella
1471 4788 1641 4831 autem
1660 4796 1689 4830 (ι
1721 4778 1872 4847 stella

304 4876 482 4943 eli/fert
505 4874 558 4925 in
588 4870 821 4925 claritate
848 4869 899 4941 (Ι
921 4867 1174 4938 Cor.'xv),
1201 4868 1277 4922 sic
1300 4875 1353 4921 et
1381 4868 1701 4921 resurrectio
1730 4884 1869 4921 mor-

307 4976 555 5025 tuorum;
589 4960 678 5013 sed
709 4960 831 5028 quia
860 4957 991 5012 nihil
1016 4956 1127 5012 sole
1156 4956 1352 5011 clarius
1378 4957 1558 5011 videre
1584 4958 1827 5012 novimus
1850 4998 1864 5023 ,

304 5072 416 5120 non
460 5052 629 5107 solum
668 5048 911 5114 Domini,
954 5049 1044 5103 sed
1093 5057 1147 5103 et
1183 5057 1487 5103 sanctorum
1533 5049 1587 5101 in
1636 5063 1873 5103 resurre-

305 5144 489 5199 ctione
510 5136 830 5212 gloria'solis
856 5140 1090 5208 aspectui
1117 5147 1456 5208 comparatur
1474 5179 1486 5203 ,
1519 5140 1642 5207 quia
1663 5139 1869 5194 clarius

306 5233 425 5288 sole
461 5230 677 5300 aliquid,
718 5231 854 5283 unde
895 5228 1192 5298 exemplum
1229 5230 1380 5283 daret
1413 5227 1739 5293 hominibus,
1766 5229 1867 5282 mi-

308 5323 455 5376 nime
482 5322 654 5392 potuit
678 5316 931 5395 inveniri.
956 5317 1284 5374 Vestimenta
1311 5326 1487 5373 autem
1514 5318 1755 5382 Domini,
1785 5333 1869 5372 re-

308 5426 395 5472 cte
416 5418 585 5472 sancti
613 5415 725 5485 ejus
763 5416 1094 5485 accipiuntur
1114 5457 1127 5481 ,
1173 5421 1309 5469 teste
1345 5413 1598 5483 Apostolo
1628 5414 1823 5483 Qui'ait
1854 5432 1865 5466 :

309 5508 617 5577 Quicunque
648 5524 766 5577 ergo
810 5509 861 5560 in
896 5505 1102 5579 Christo.
1136 5506 1382 5575 baptizati
1416 5506 1569 5569 estis,
1610 5505 1869 5559 Christum

306 5598 551 5654 induistis
581 5596 717 5671 (Gal.
746 5599 855 5670 ιιι).
886 5597 1013 5665 Quae
1043 5598 1283 5653 videlicet
1306 5598 1621 5651 vestimenta
1648 5582 1881 5651 Domino.

1896 4375 1946 4433 D

1965 1791 2119 1846 dator
2145 1793 2338 1861 aliquis
2373 1794 2455 1847 sui
2481 1796 2721 1863 corporis
2751 1796 2979 1850 eximius
3007 1812 3166 1867 super
3188 1808 3384 1854 terram
3418 1817 3522 1857 non

1962 1891 2175 1955 potest,
2208 1882 2461 1939 Dominus
2503 1883 2662 1939 faciet
2710 1886 2760 1939 in
2804 1886 2960 1952 cutio,
3003 1890 3299 1944 emundans
3343 1891 3527 1947 Eccle-

1965 1975 2122 2041 siam,
2169 1987 2371 2031 vestem
2402 1976 2643 2032 videlicet
2678 1993 2827 2033 suam
2858 1979 2925 2034 ab
2949 1980 3093 2034 omni
3125 1981 3527 2051 inquinamento
3566 2036 3569 2039 .

1965 2068 2161 2132 carnis,
2196 2077 2249 2121 et
2276 2069 2512 2137 spiritus,
2545 2069 2760 2139 insuper
2778 2079 2974 2126 aeterna
3008 2074 3184 2129 carnis
3217 2090 3280 2130 ac
3313 2078 3528 2146 spiritus

1964 2156 2290 2213 beatitudine
2316 2172 2379 2214 ac
2407 2160 2523 2214 luce
2553 2160 2816 2216 reﬁciens.
2843 2161 3094 2231 Sequitur
3125 2179 3140 2218 :

2034 2246 2102 2300 Et
2136 2262 2249 2301 ecce
2270 2250 2505 2318 apparuit
2526 2249 2629 2303 illis
2667 2249 2869 2320 Moyses
2904 2261 2952 2305 et
2982 2251 3126 2307 Elias
3161 2269 3274 2307 cum
3323 2255 3426 2311 illis
3453 2255 3528 2309 lo-

1962 2345 2194 2409 quentes.
2224 2336 2417 2403 Quales
2442 2339 2819 2407 apparuerint,
2854 2349 2907 2394 et
2932 2341 3057 2409 quid
3080 2341 3240 2397 locuti
3269 2342 3377 2398 sint
3405 2360 3525 2400 cum

1964 2442 2056 2491 eo,
2095 2424 2268 2479 Lucas
2299 2426 2630 2481 manifestius
2657 2429 2875 2505 scribit,
2908 2430 3089 2485 dicens
3119 2447 3132 2484 :
3162 2430 3327 2486 Erant
3355 2416 3527 2487 autem

1965 2506 2167 2585 Moyses
2204 2524 2252 2568 et
2286 2514 2432 2568 Elias
2454 2517 2549 2569 visi
2582 2518 2635 2570 in
2674 2518 2974 2585 majestate,
3011 2528 3056 2573 et
3084 2519 3322 2574 dieebant
3347 2537 3524 2575 exces-

1963 2620 2077 2657 sum
2104 2604 2236 2673 ejus,
2267 2619 2413 2675 quem
2432 2606 2780 2675 completurus
2802 2608 2986 2661 eratin
3008 2608 3345 2663 Hierusalem
3373 2610 3521 2682 (Luc.

1964 2694 2060 2766 rx).
2095 2694 2304 2766 Moyses
2332 2709 2458 2765 ergo
2490 2704 2545 2753 et
2573 2695 2715 2751 Elias
2738 2737 2752 2761 ,
2784 2698 2873 2767 qui
2915 2697 3075 2752 locuti
3113 2707 3236 2753 sunt
3271 2715 3390 2754 cum
3419 2700 3528 2755 Do-
3554 2728 3557 2735 ν

1964 2784 2107 2838 mino
2132 2784 2182 2837 in
2224 2791 2405 2839 monte
2429 2824 2443 2847 ,
2485 2792 2539 2838 et
2566 2784 2881 2853 passionem
2911 2787 3057 2854 ejus,
3092 2802 3155 2842 ac
3182 2790 3530 2844 resurrectio-

1966 2890 2088 2931 nem
2115 2876 2400 2943 dicebant,
2427 2877 2643 2933 oracula
2670 2878 2881 2949 legis‘et
2905 2876 3197 2951 prophetiae
3224 2884 3527 2954 designant,

1965 2979 2084 3034 quas
2112 2965 2165 3019 in
2194 2966 2420 3019 Domino
2446 2966 2711 3035 completa
2741 3006 2754 3031 ,
2792 2975 2845 3021 et
2869 2981 3009 3023 nunc
3039 2970 3206 3024 doctis
3233 2972 3528 3042 quibusque

1966 3062 2126 3123 patet,
2157 3062 2211 3108 et
2235 3054 2420 3109 electis
2444 3056 2692 3111 omnibus
2714 3056 2772 3109 in
2808 3055 2988 3112 futuro
3024 3058 3356 3116 manifestius
3382 3071 3530 3131 pate-

1962 3144 2059 3198 bit.
2090 3142 2195 3210 Qui
2238 3146 2375 3199 bene
2408 3144 2507 3199 visi
2532 3145 2589 3198 in
2632 3145 2914 3216 majestate
2959 3148 3225 3212 dicuntur,
3257 3151 3379 3219 quia
3403 3159 3539 3209 tunc.
3577 3154 3583 3161 '

1964 3235 2200 3303 apertius
2223 3235 2493 3311 videbitur
2516 3277 2531 3303 ,
2574 3248 2778 3308 quanta
2808 3241 3043 3295 veritatis
3068 3242 3326 3313 dignitate
3359 3247 3532 3304 omnis
3600 3272 3601 3275 η

1966 3322 2267 3381 divinorum
2316 3327 2649 3399 eloquiorum
2694 3346 2803 3385 non
2856 3332 3027 3387 solum
3076 3349 3287 3402 sensus,
3339 3330 3430 3393 sed
3478 3348 3531 3393 et

1964 3426 2144 3471 sermo
2186 3416 2356 3471 fuerit
2396 3419 2658 3487 prolatus,
2702 3422 2949 3490 quamvis
2985 3422 3037 3478 in
3083 3422 3263 3496 Moyse
3308 3431 3365 3482 et
3393 3427 3529 3493 Elia,

1966 3518 2153 3560 omnes
2166 3506 2264 3575 'qui
2295 3520 2414 3561 cum
2443 3508 2666 3565 Domino
2684 3513 2961 3579 regnaturi
2990 3522 3133 3580 sunt,
3166 3524 3308 3571 recte
3328 3519 3533 3587 possint

1967 3596 2211 3668 imelligi.
2242 3597 2299 3652 in
2337 3599 2516 3671 Moyse
2543 3601 2788 3684 quidem,
2821 3605 2927 3672 qui,
2946 3614 3187 3661 mortuus
3214 3616 3269 3662 et
3292 3609 3533 3679 sepultus

1964 3697 2071 3754 est,
2103 3687 2157 3743 hi
2187 3691 2276 3761 qui
2317 3690 2370 3745 in
2402 3692 2605 3761 judicio
2639 3694 2993 3749 resuscitandi
3020 3710 3049 3749 a
3073 3705 3283 3762 morte;
3328 3699 3383 3753 in
3417 3699 3532 3754 Elia

1970 3794 2113 3847 vero,
2156 3785 2247 3853 qui
2294 3785 2519 3839 necdum
2553 3786 2742 3840 mortis
2779 3786 3015 3841 debitum
3055 3786 3229 3853 solvit,
3270 3789 3325 3844 hi
3353 3791 3441 3859 qui
3478 3790 3533 3845 in

1971 3873 2198 3929 adventu
2243 3873 2439 3945 judicls
2480 3875 2585 3929 vivi
2626 3860 2927 3929 inveniendi
2969 3884 3096 3930 sunt
3123 3877 3179 3931 in
3204 3892 3372 3933 carne
3398 3919 3413 3946 ,
3442 3880 3533 3949 qui

1972 3965 2185 4033 utrique
2225 3964 2425 4034 pariter
2448 3964 2508 4018 in
2552 3958 2659 4020 uno
2687 3964 2980 4033 eodemque
3010 3974 3282 4019 momento
3310 3966 3449 4036 rapti
3480 3967 3534 4020 in

1972 4048 2219 4116 nubibus
2247 4053 2457 4107 obviam
2478 4051 2704 4106 Domino
2733 4052 2787 4105 in
2811 4067 2935 4107 aera
2958 4094 2972 4118 ,
3003 4068 3126 4107 mox
3158 4065 3376 4123 peracto
3392 4054 3534 4123 judi-
3632 4081 3637 4085 -

1973 4147 2075 4208 cio,
2132 4146 2197 4200 ad
2242 4146 2405 4200 vitam
2448 4144 2811 4214 perducuntur
2850 4152 3129 4199 'azternam.
3178 4144 3383 4210 Quibus
3413 4155 3534 4216 apte

1975 4235 2243 4298 convenit,
2277 4234 2417 4303 quod
2460 4233 2667 4304 Moyses
2707 4242 2762 4287 et
2791 4232 2932 4286 Elias
2975 4233 3029 4286 in
3057 4231 3335 4300 majestate
3369 4232 3538 4291 fuisse

1977 4328 2074 4381 visi
2101 4327 2460 4397 perhibentur.
2494 4323 2594 4379 Per
2627 4323 2994 4378 excellentiam
3032 4338 3259 4392 namque
3283 4325 3536 4395 majesta-

1973 4422 2041 4475 tis
2065 4422 2268 4489 insigne
2302 4418 2559 4482 muneris,
2599 4432 2705 4487 quo
2743 4426 2864 4470 sunt
2909 4415 3198 4470 coronandi
3222 4456 3236 4481 ,
3269 4416 3533 4484 monstra-

1974 4521 2075 4567 tur.
2104 4496 2364 4563 Convenit
2391 4514 2443 4559 et
2467 4508 2589 4569 hoc,
2613 4507 2753 4574 quod
2773 4519 3049 4559 excessum
3070 4503 3184 4573 ejus
3206 4518 3362 4571 quem
3390 4520 3531 4559 como

1971 4600 2211 4669 pleturus
2256 4605 2371 4651 erat
2410 4596 2460 4649 in
2496 4594 2847 4658 Hierusalem,
2892 4593 3089 4647 dixisse
3139 4602 3539 4657 memorantur;

1972 4689 2095 4758 quia
2139 4688 2391 4740 nimirum
2438 4686 2595 4739 unica
2624 4684 2796 4739 laudis
2821 4685 3041 4737 materia
3082 4672 3323 4737 fidelibus
3366 4685 3444 4737 sui
3476 4684 3534 4737 lit

1972 4778 2148 4848 passio
2178 4776 2577 4845 Redemptoris;
2616 4776 2738 4844 quia
2764 4782 2961 4844 quanto
2990 4774 3155 4843 magis
3182 4787 3244 4826 ea
3272 4776 3531 4827 memine-

1974 4868 2098 4932 rint,
2132 4867 2504 4936 ipsius‘gratite
2546 4865 2858 4919 memoriam
2892 4863 3085 4917 devoto
3117 4878 3327 4933 semper
3360 4865 3412 4917 in
3442 4879 3533 4933 pe-

1974 4966 2119 5012 ctore
2150 4965 2398 5023 versant,
2429 4958 2615 5011 devota
2654 4954 2988 5010 confessione
3009 4961 3292 5009 testantur.
3336 4954 3530 5007 Verum

1973 5050 2094 5118 quia
2127 5063 2231 5118 quo
2259 5048 2485 5117 amplius
2528 5048 2753 5116 quisque
2783 5046 3168 5100 vitte‘cmlestis
3202 5044 3529 5099 dulcedinem

1975 5138 2237 5209 degustat,
2264 5153 2327 5192 eo
2355 5137 2580 5207 amplius
2604 5132 2806 5191 fastidit
2829 5136 3007 5190 omnia
3033 5150 3150 5205 quis
3170 5135 3452 5203 placebant
3476 5135 3530 5187 in

1975 5230 2204 5295 inlimis,
2249 5230 2440 5283 merito
2486 5228 2702 5293 Petrus,
2735 5229 2848 5281 visa
2877 5227 3084 5280 Domini
3126 5235 3181 5280 et
3226 5234 3529 5278 sanctorum

1973 5322 2087 5391 ejus
2117 5321 2412 5390 majestate,
2446 5328 2660 5389 repente
2690 5327 2879 5373 cuncta
2922 5333 3039 5387 qua
3076 5325 3291 5370 noverat
3321 5327 3532 5370 terrena

1974 5411 2303 5465 obliviscitur
2323 5450 2337 5476 ,
2366 5411 2492 5464 solis
2524 5410 2611 5464 his
2633 5424 2751 5480 qua:
2783 5408 2927 5463 videt
2948 5414 3206 5476 perpetuo
3236 5405 3532 5460 delectatur

1976 5503 2268 5564 adhaerere,
2304 5502 2488 5555 dicens
2518 5519 2529 5554 2

2048 5594 2286 5661 Domine,
2305 5595 2489 5648 bonum
2515 5604 2589 5647 est
2616 5610 2705 5646 nos
2727 5594 2809 5645 hic
2830 5609 2968 5657 esse;
2994 5594 3035 5645 si
3056 5593 3149 5655 ris,
3176 5591 3426 5650 faciamus
3453 5592 3532 5643 hic
