3922 6320
488 240 590 297 999

1153 230 1212 284 Β.
1254 226 1504 282 ΒΛΒΑΝΙ
1544 225 1756 281 MAURI
1791 224 2055 280 ARClllEl

2162 219 2445 278 νΙΟΟυΝΤ.
2487 218 2768 276 οΡΕιιυΜ
2805 210 2981 275 PARS
3017 219 3056 274 Ι.

3574 206 3710 272 1000

487 356 589 409 tria
631 348 983 408 tabernaculo,
1008 345 1098 398 tibi
1135 359 1324 405 unum,
1359 351 1405 394 et
1438 339 1606 408 Moysi
1632 354 1811 402 unum,
1836 346 1883 389 et
1913 335 2046 389 Elia:
2072 345 2120 404 Α
2150 333 2417 403 Evangelii
2468 332 2615 385 locus
2660 346 2780 384 cum
2819 331 2995 386 verbis
3036 331 3199 401 ipsius
3231 330 3430 402 Moysis
3455 369 3470 396 ,
3513 329 3715 401 quibus

486 456 668 498 unum.
699 437 765 491 Et
795 435 1006 505 quidem
1036 435 1225 486 beatus
1259 429 1465 492 Petrus,
1499 429 1637 481 sicut
1660 424 1794 479 alius
1819 437 2046 493 evange-

487 530 609 585 lista
635 534 894 600 testatur,
924 524 1173 594 nesciebat
1200 521 1324 591 quid
1355 522 1566 584 diceret,
1599 518 1651 572 in
1679 532 1742 571 eo
1767 517 1909 586 quod
1937 528 2047 570 cm—

487 619 604 673 lesti
635 614 1028 672 conversatian
1077 609 1418 666 tabernacula
1454 606 1695 662 facienda
1726 606 1951 677 putavit.
1987 603 2046 658 In

486 709 574 762 illa
613 721 840 776 namque
878 703 1109 759 cmlestis
1150 702 1271 765 vitae
1305 699 1475 769 gloria
1519 700 1708 762 domus
1743 695 2046 751 necessaria

485 813 591 851 non
621 798 751 863 erit,
780 795 867 848 ubi
892 794 1084 850 divina:
1119 784 1582 861 contemplationis
1601 785 1719 841 luce
1744 786 1923 841 omnia
1948 801 2046 856 pa-

486 885 750 948 cificante,
784 899 913 937 aura
936 880 1274 937 adversitatis
1303 877 1526 946 alicujus
1552 876 1784 942 timenda
1806 874 1947 928 nulla
1971 890 2048 928 re-

487 974 742 1037 manebit,
775 980 905 1026 teste
928 970 1168 1040 apostolo
1195 967 1398 1023 Joanne
1424 967 1514 1036 qui
1537 965 1775 1035 ejusdem
1807 978 2048 1037 superum

486 1065 719 1120 civitatis
746 1062 1042 1119 claritatem
1080 1059 1389 1113 describens
1412 1096 1426 1119 ,
1465 1055 1594 1108 dicit
1633 1054 1772 1107 inter
1799 1052 1898 1105 alia
1932 1069 1944 1104 :
1977 1050 2046 1104 Et

486 1154 728 1224 templum
774 1169 874 1204 non
920 1133 1107 1203 vidi‘in
1128 1165 1188 1201 ea
1215 1188 1230 1212 ,
1270 1146 1522 1199 Dominus
1565 1146 1699 1198 enim
1732 1143 2048 1211 omnipotens

487 1241 730 1310 templum
756 1239 896 1293 illius
919 1248 1013 1302 est,
1043 1245 1088 1290 et
1110 1251 1271 1305 agnus
1299 1233 1479 1303 (Apoc.
1507 1231 1640 1302 xxi).
1669 1231 1773 1285 Sed
1793 1231 1930 1285 bene
1955 1244 2050 1283 n0-

487 1339 641 1385 verat
671 1331 796 1398 quid
825 1330 1047 1390 diceret,
1079 1341 1200 1379 cum
1232 1325 1305 1377 ait
1337 1341 1349 1375 :
1383 1323 1618 1385 Domine,
1645 1321 1834 1374 bonum
1861 1328 1934 1372 est
1965 1317 2048 1370 hic

487 1432 629 1484 esse;
663 1418 786 1486 quia
829 1431 1012 1471 revera
1043 1415 1212 1469 solum
1257 1411 1707 1465 hominis‘bonum
1735 1416 1818 1463 est
1846 1408 2050 1461 intrare

487 1514 539 1566 in
587 1511 835 1582 gaudium
881 1507 1087 1566 Domini
1130 1507 1242 1568 sui,
1282 1511 1335 1556 et
1383 1501 1508 1555 huic
1547 1499 1956 1567 contemplanda
1994 1486 2049 1562 in

488 1610 746 1654 aeternum
773 1597 1058 1660 assistere;
1087 1593 1230 1648 unde
1277 1594 1468 1644 merito
1507 1589 1641 1642 nihil
1666 1603 1897 1657 unquam
1924 1585 2048 1642 boni

2147 422 2496 476 incarnationi
2531 420 2819 475 Dominica:
2843 421 3204 475 testimonium
3240 421 3440 484 ferens,
3481 419 3666 473 aiebat
3697 435 3711 470 :

2144 508 2455 579 Prophetam
2483 511 2622 563 vobis
2643 511 2905 564 suscitabit
2934 509 3184 563 Dominus
3217 509 3352 563 Deus
3373 519 3562 575 vester,
3590 518 3712 560 tunc

2143 618 2298 671 quam
2340 601 2590 670 meipsum
2635 599 2891 663 audietis,
2928 601 3086 669 juxta
3120 600 3291 652 omnia
3339 616 3457 669 qua’
3504 598 3713 651 locutus

2146 691 2300 761 fuerit
2320 691 2480 745 vobis.
2505 687 2621 742 Erit
2651 699 2822 744 autem
2847 689 3013 742 omnis
3039 689 3236 753 animo,
3262 703 3588 759 quiscunque
3613 702 3714 740 non

2145 782 2369 836 audierit
2420 781 2718 850 prophetam
2760 778 2939 843 illum,
2992 779 3418 832 exterminabitur
3459 779 3521 832 de
3571 776 3715 847 plebe

2147 872 2323 944 (Deut.
2360 870 2535 943 xvm).
2583 869 2750 937 Quem
2796 884 2923 938 ergo
2961 868 3183 939 Moyses,
3235 883 3356 922 cum
3403 867 3618 921 venerit
3662 866 3713 920 in

2145 978 2306 1019 carne
2333 963 2652 1033 audiendum
2680 961 2747 1015 ab
2775 961 2920 1016 omni
2947 961 3122 1014 anima
3159 974 3277 1028 qua:
3303 957 3499 1012 salvari
3533 955 3713 1016 vellet,

2145 1052 2391 1120 praedixit
2413 1091 2428 1116 ,
2455 1049 2597 1103 hunc
2619 1039 2745 1116 jam
2770 1049 3071 1104 venientem
3101 1047 3152 1100 in
3186 1062 3348 1101 carne
3379 1047 3521 1101 Deus
3553 1044 3716 1108 Pater

2148 1139 2464 1194 audiendum
2506 1136 2779 1206 discipulis
2807 1136 3070 1199 ostendit,
3105 1144 3161 1190 et
3193 1150 3346 1189 suum
3393 1148 3515 1188 esse
3544 1132 3715 1186 ﬁlium

2148 1230 2352 1286 cmlesti
2379 1243 2507 1284 voce
2533 1227 2788 1299 signavit;
2820 1237 2873 1283 et
2892 1227 3044 1296 quasi
3066 1225 3404 1280 manifestius
3427 1224 3589 1278 ﬁdem
3617 1222 3713 1276 ad-

2147 1329 2338 1376 ventus
2364 1319 2612 1396 ejusqillis
2633 1319 2909 1373 insinuans
2939 1332 2962 1375 :.
2994 1317 3091 1372 llic
3132 1317 3234 1380 vir,
3267 1315 3442 1384 inquit
3466 1354 3495 1382 ι
3515 1314 3608 1370 hic
3634 1325 3714 1368 est

2149 1411 2258 1477 ille,
2283 1426 2442 1480 quem
2467 1408 2674 1478 Moyses
2701 1411 2800 1462 iste
2827 1407 2977 1462 vobis
2995 1408 3194 1477 saepius
3221 1407 3274 1460 in
3303 1405 3504 1460 mundo
3533 1405 3713 1459 nasci-

2146 1511 2326 1558 turum
2348 1499 2614 1570 promisit.
2644 1499 2810 1569 Hujus
2829 1499 3010 1564 verbis
3020 1497 3172 1566 juxta
3199 1502 3525 1566 praeceptum
3549 1495 3714 1565 ipsius

2150 1591 2346 1662 Moysis
2369 1631 2381 1654 ,
2425 1598 2478 1644 et
2504 1604 2600 1644 vos
2632 1588 2952 1653 auscultate,
2997 1595 3050 1641 et
3095 1600 3278 1640 omnes
3305 1586 3418 1639 veri
3448 1594 3715 1638 amatores

487 1690 598 1742 veri
630 1688 879 1743 habuisse
912 1683 1179 1754 putandus
1226 1689 1325 1742 est,
1369 1679 1452 1731 cui
1485 1684 1632 1731 reatu
1671 1690 1768 1749 suo
1804 1675 2051 1744 exigente
2082 1674 2126 1732 B
2153 1680 2456 1737 auscultare
2488 1678 2688 1748 jubete.
2739 1677 2806 1732 Et
2855 1677 3167 1742 notandum,
3215 1675 3352 1731 sicut
3401 1676 3626 1732 Domino
3662 1673 3710 1727 in

491 1778 713 1848 contigit
756 1790 1022 1843 nunquam
1057 1773 1134 1826 sui
1163 1770 1350 1824 faciem
1378 1768 1560 1822 videre
1586 1765 1866 1819 creatoris.
1898 1763 2048 1832 Quod

489 1869 534 1923 si
579 1869 767 1923 beatus
794 1865 984 1918 Petrus
1029 1860 1375 1932 glorificatam
1426 1856 1626 1911 Christi
1661 1853 2065 1932 humanitatem.

489 1953 897 2022 contemplatus,
940 1930 1087 2004 tanto
1116 1947 1342 2001 afficitur
1374 1944 1600 2024 gaudio,
1643 1952 1701 1997 ut
1750 1930 2052 1996 nullatenus

489 2047 556 2101 ab
581 2044 696 2113 ejus
721 2043 913 2110 intuitu
939 2040 1065 2096 velit
1094 2038 1332 2101 secerni,
1370 2034 1814 2105 quidgputandum
1839 2040 1932 2087 est
1947 2031 2052 2086 illis

492 2133 670 2187 inesse
694 2129 871 2201 gaudii
901 2126 1266 2189 beatitudinis,
1296 2124 1386 2193 qui
1412 2121 1707 2176 divinitatis
1733 2119 1849 2188 ejus
1875 2118 2052 2173 altitu-

489 2222 668 2277 dinem
698 2220 876 2275 videre
913 2216 1242 2272 meruerint?
1282 2216 1348 2269 Et
1388 2215 1431 2269 si
1464 2229 1584 2268 cum
1617 2213 1823 2267 duobus
1845 2219 2053 2265 tantum

489 2310 711 2378 sanctis,
741 2307 919 2378 Moyse
958 2307 1205 2361 videlicet
1250 2283 1303 2360 ei
1332 2304 1478 2370 Elia,
1522 2301 1957 2373 transfiguratam
1999 2301 2052 2354 in

493 2407 673 2454 monte
705 2397 935 2452 hominis
960 2394 1158 2450 Christi
1189 2396 1417 2465 speciem
1453 2379 1634 2449 videre
1661 2393 1858 2447 bonum
1887 2392 2054 2446 maxi-

492 2506 636 2545 mum
657 2474 826 2554 duxit,
865 2488 985 2557 quis
1016 2503 1192 2543 sermo
1217 2485 1486 2555 explicare
1504 2526 1519 2552 ,
1551 2485 1672 2555 quis
1697 2499 1887 2540 sensus
1913 2482 2055 2537 valet

492 2575 970 2658 comprehendere,
1009 2585 1206 2644 quanta
1235 2575 1343 2630 sint
1370 2573 1560 2645 gaudia
1586 2574 1852 2643 justorum
1878 2612 1893 2638 ,
1931 2586 2055 2627 cum

491 2667 814 2725 accesserint
840 2665 908 2720 ad
935 2664 1061 2719 Sion
1092 2673 1349 2729 montem,
1378 2671 1434 2717 et
1457 2663 1730 2723 civitatem
1757 2661 1851 2716 Dei
1874 2662 2059 2716 viven-

496 2758 566 2814 tis
603 2747 935 2811 Hierusalem
973 2753 1362 2828 (Hebr-.111),
1408 2761 1462 2806 et
1508 2751 1795 2806 multorum
1832 2749 2055 2804 millium

493 2848 802 2920 angelorum
835 2843 1212 2915 frequentiam,
1253 2844 1533 2913 ipsumque
1556 2839 1791 2896 civitatis
1816 2837 2056 2919 ejusdem

2149 1770 2379 1826 Iordane
2404 1769 2703 1839 baptizato,
2733 1769 2810 1823 sic
2841 1775 2896 1822 et
2932 1768 2986 1821 in
3029 1774 3209 1821 monte
3233 1764 3529 1841 clarificato
3557 1765 3713 1819 totius

2151 1867 2349 1914 sanctae
2395 1857 2673 1911 Trinitatis
2701 1857 3010 1927 mysterium
3045 1853 3378 1920 declaratur;
3405 1853 3531 1922 quia
3561 1850 3712 1904 nimi-

2151 1962 2270 2000 rum
2298 1946 2520 2015 glOriam
2544 1943 2677 2013 ejus,
2709 1960 2867 2015 quam
2896 1943 2950 1997 in
2983 1942 3248 2012 baptismo
3274 1942 3559 2000 credentes
3588 1953 3712 1992 con-

2153 2038 2384 2104 fitemur,
2437 2038 2488 2092 in
2545 2037 2939 2092 resurrectione
2980 2035 3223 2089 videntes
3271 2031 3709 2087 collaudabimus.

2152 2128 2260 2185 Nec
2293 2129 2490 2184 frustra
2512 2128 2743 2199 Spiritus
2765 2136 2981 2183 sanctus
3011 2127 3096 2182 hic
3118 2127 3172 2180 in
3201 2126 3376 2202 lucida
3407 2125 3570 2186 nube,
3599 2123 3704 2177 illic

2152 2219 2440 2288 apparebat
2468 2217 2523 2272 in
2544 2217 2789 2273 columba
2811 2257 2826 2282 ,
2851 2218 2974 2287 quia
2999 2217 3088 2288 qui
3129 2231 3271 2271 nunc
3299 2215 3532 2285 simplici
3557 2213 3710 2268 corde

2155 2304 2313 2362 ﬁdem
2335 2322 2495 2375 quam
2517 2307 2743 2376 percipit
2767 2314 2962 2372 servat,
2988 2315 3114 2362 tunc
3133 2306 3249 2361 luce
3272 2314 3472 2376 apertae
3499 2303 3711 2359 visionis

2154 2401 2294 2471 quod
2335 2401 2636 2456 crediderat
2685 2400 3151 2470 contemplabitur,
3193 2400 3414 2470 ipsaque
3450 2411 3558 2468 qua
3595 2395 3710 2451 illu-

2155 2491 2414 2546 strabitur
2439 2491 2490 2546 in
2521 2499 2834 2561 perpetuum
2858 2490 3028 2559 gratia
3060 2497 3386 2560 protegetur.

2226 2579 2295 2632 Et
2324 2567 2591 2633 audientes
2619 2578 2861 2649 discipuli
2899 2579 3189 2633 ceciderunt
3209 2580 3274 2631 ’in
3317 2577 3509 2648 faciem
3546 2593 3708 2632 suam.

2157 2667 2422 2742 (uici-on.)
2449 2667 2734 2738 Triplicem
2756 2668 2824 2723 ob
2844 2682 3058 2723 causam
3080 2682 3275 2738 pavore
3298 2676 3606 2727 terrentur:
3635 2665 3713 2721 vel

2155 2759 2278 2828 quia
2305 2772 2363 2814 se
2390 2772 2600 2814 errasse
2626 2767 3024 2829 cognoverant,
3059 2758 3140 2812 vel
3174 2759 3298 2828 quia
3345 2759 3521 2813 nubes
3549 2757 3711 2812 lucida
3780 2818 3783 2819 ν

2155 2857 2439 2918 operuerat
2465 2863 2558 2904 eos
2577 2887 2592 2913 ,
2620 2857 2713 2902 aut
2742 2849 2866 2917 quia
2905 2834 2996 2904 Dei
3023 2848 3198 2902 Patris
3226 2862 3416 2903 vocem
3452 2847 3715 2917 loquentis

495 2939 776 3005 artificem,
805 2947 859 2994 et
882 2937 1212 2992 conditorem
1231 2933 1401 3018 Deum
1422 2947 1529 2986 non
1559 2945 1657 3000 Per
1677 2929 1973 3000 Speculum.
2003 2935 2060 2983 ει
2086 3004 2124 3018 Α
2157 2937 2453 2991 audierant.
2507 2933 2751 2991 Humana
2799 2920 3060 3006 fragilitas
3090 2940 3448 3017 conspectum
3502 2935 3715 3004 majoris

496 3023 566 3085 in
588 3004 872 3098 aznigmate
911 3027 1048 3082 sicut
1076 3004 1256 3094 nunc,
1285 3021 1379 3079 sed
1414 3021 1551 3076 facie
1583 3018 1651 3074 ad
1685 3018 1878 3073 faciem
1921 3031 2053 3083 con,-

2162 3028 2340 3100 glorize
2377 3027 2516 3082 ferre
2540 3043 2644 3082 non
2674 3004 2942 3093 sustinet,
2977 3042 3040 3082 ac
3070 3004 3182 3082 toto
3205 3004 3383 3082 animo
3413 3035 3468 3081 et
3497 3041 3716 3096 corpore

496 3119 802 3191 spexerint?
824 3117 872 3190 (1
898 3114 1019 3172 Cor.
1049 3116 1190 3187 xm.)
1212 3116 1286 3171 De
1311 3124 1415 3185 qua
1445 3114 1648 3168 visione
1674 3113 1804 3180 dicit
1825 3111 1938 3181 ipse
1957 3109 2058 3164 Pe-

500 3222 632 3275 trus,
677 3210 907 3278 loquens
931 3209 995 3262 de
1024 3208 1250 3262 Domino
1293 3205 1537 3261 fidelibus
1582 3222 1596 3259 :
1641 3201 1709 3258 In
1735 3218 1884 3274 quem
1921 3216 2056 3283 nunc

495 3320 696 3376 quoque
737 3318 838 3356 non
885 3301 1110 3356 videntes
1151 3299 1397 3365 creditis,
1450 3312 1601 3369 quem
1645 3311 1762 3350 cum
1806 3292 2053 3360 videritis,

494 3390 818 3445 exsultabitis
837 3385 1018 3443 la’titia
1040 3385 1380 3442 inenarrabili
1393 3394 1440 3440 et
1461 3385 1753 3456 gloriﬁcata
1767 3381 1819 3454 (Ι
1834 3380 1977 3436 Petr.
1994 3378 2054 3452 ι).

569 3483 748 3555 Adhuc
777 3497 834 3535 eo
859 3480 1094 3549 loquente
1117 3518 1132 3545 ,
1166 3494 1278 3534 ecce
1325 3478 1483 3531 nubes
1522 3475 1697 3529 lucida
1742 3471 2060 3527 obumbravit

499 3591 604 3628 eos.
630 3572 730 3638 Qui
754 3570 1028 3627 materiale
1060 3567 1456 3624 tabernaculum
1491 3564 1757 3635 quaasivit,
1787 3562 1944 3618 nubis
1971 3575 2063 3615 ac-

500 3664 629 3734 cipit
666 3660 1053 3723 umbraculum,
1101 3667 1161 3712 ut
1201 3658 1372 3712 discat
1419 3657 1471 3716 in
1522 3654 1913 3727 resurrectione
1951 3665 2059 3705 non

502 3751 730 3823 tegmine
758 3749 1050 3810 domorum,
1078 3746 1171 3801 sed
1202 3744 1434 3813 Spiritus
1462 3742 1634 3797 sancti
1659 3740 1825 3812 gloria
1845 3746 2060 3794 sanctos

502 3855 622 3895 esse
650 3837 1026 3913 protegendos,
1056 3836 1119 3904 de
1145 3849 1247 3904 qua
1273 3831 1557 3887 Psalmista
1582 3831 1659 3883 ait
1688 3847 1700 3882 :
1732 3827 1858 3882 Filii
1887 3835 2059 3881 autem

499 3931 764 3997 hominum
811 3929 865 3983 in
916 3926 1225 3996 protectione
1275 3923 1480 3976 alarum
1529 3931 1739 3982 tuarum
1783 3917 2078 3988 sperabunt.

503 4018 673 4092 (I'sat.
700 4018 884 4089 xxxv).
913 4017 979 4096 Et
999 4017 1050 4070 in
1074 4013 1388 4086 Apocalypsi
1419 4027 1513 4068 sua
1540 4008 1772 4070 Joannes
1799 4027 1811 4062 :
1843 4008 1910 4063 Et
1938 4019 2055 4063 tem-

495 4116 661 4185 plum,
687 4113 881 4182 inquit,
908 4127 1009 4165 non
1027 4109 1130 4162 vidi
1152 4109 1206 4162 in
1227 4125 1310 4161 ea.
1334 4106 1582 4160 Dominus
1599 4105 1914 4175 omnipotens
1932 4111 2060 4157 tem-

496 4201 641 4271 plum
658 4201 799 4254 illius
819 4207 894 4253 est
918 4206 965 4253 et
992 4213 1163 4268 agnus
1195 4195 1378 4268 (Apoc.
1406 4193 1562 4266 ιιιὶοι,

571 4291 637 4345 Et
661 4307 774 4345 ecce
798 4305 894 4343 vos:
913 4288 975 4342 de
998 4286 1127 4340 nube
1153 4284 1327 4339 dicens
1350 4297 1367 4338 .'
1394 4270 1660 4358 Hio’cst'F
1663 4283 1782 4337 ilius
1804 4300 1947 4337 meus
1977 4284 2059 4338 di—

501 4379 681 4446 lectus,
718 4380 772 4432 in
815 4393 915 4448 quo
958 4376 1085 4430 mihi
1124 4376 1248 4428 bene
1287 4371 1605 4444 complacui;
1646 4374 1814 4443 ipsum
1860 4372 2057 4426 audite.

503 4464 777 4536 (llieron.)
805 4463 939 4531 Quia
984 4462 1346 4532 imprudenter
1394 4460 1883 4529 interrogaverunt,
1933 4453 2058 4528 pro-

501 4563 684 4644 pterea
717 4543 1113 4623 responsionem
1139 4551 1347 4607 Domini
1385 4565 1490 4605 non
1521 4554 1811 4612 merentur,
1838 4550 1931 4604 sed
1959 4547 2058 4618 Pa-

502 4639 588 4710 ter,
612 4646 898 4714 respondet
924 4659 1021 4715 pro
1045 4644 1179 4699 Filio
1202 4684 1216 4710 ,
1248 4652 1307 4704 ut
1331 4643 1549 4700 Verbum
1576 4639 1788 4705 Domini
1819 4640 2056 4709 comple-

505 4742 691 4788 rotur:
720 4732 828 4802 Ego
855 4733 1197 4788 testimonium
1239 4749 1340 4786 non
1368 4732 1599 4803 dico‘pro
1635 4747 1736 4797 me,
1774 4731 1862 4807 sed
1899 4727 2058 4784 Pater

501 4825 590 4893 qui
615 4823 750 4876 misit
785 4838 892 4887 me,
923 4822 1027 4891 ipse
1043 4837 1136 4891 pro
1157 4837 1238 4873 me
1266 4818 1386 4873 dicit
1407 4807 1753 4895 testimonium
1774 4817 1954 4888 (locis.
1977 4817 2054 4890 v).

505 4911 619 4965 Vox
645 4925 853 4979 quoque
879 4911 946 4964 de
973 4909 1108 4964 caelo
1151 4909 1327 4964 Patris
1365 4907 1629 4979 loquentis
1669 4906 1914 4972 auditur,
1940 4921 2060 4976 quae

508 4999 867 5067 testimonium
895 4998 1168 5075 perhibeat
1193 5013 1308 5068 .pro
1337 4995 1472 5075 Filio
1496 5037 1510 5062 ,
1553 5006 1609 5055 et
1637 4995 1850 5052 Petrum
1877 5009 2062 5049 errore

504 5087 716 5142 stiblato
736 5073 929 5143 doceat
951 5089 1251 5154 veritatem,
1281 5087 1389 5162 imp
1418 5070 1471 5141 in
1499 5086 1660 5142 Petro
1686 5097 1910 5143 caateros
1937 5103 2064 5158 apo-

505 5175 671 5232 stolos
700 5194 712 5230 :
751 5175 852 5230 Hic
883 5165 990 5244 est,
1020 5177 1115 5250 ait,
1137 5177 1202 5259 ;F
1209 5177 1328 5231 ilius
1361 5163 1503 5231 meus
1534 5176 1888 5231 charissimus.
1928 5176 2063 5231 Huic

509 5267 771 5338 figendum
818 5277 899 5323 est
932 5269 1352 5339 tabernaculum,
1395 5269 1518 5325 huic
1559 5269 2055 5338 obtemperandum.

509 5355 604 5412 llic
631 5366 713 5414 est
741 5358 900 5425 illius,
930 5359 1006 5414 illi
1025 5347 1168 5414 "servi
1191 5359 1549 5432 suntVMoyses
1573 5368 1627 5414 et
1650 5360 1828 5433 Elias;
1867 5361 2062 5416 debent

506 5454 561 5499 et
589 5447 684 5517 ipsi
722 5449 992 5504 vobiscum
1034 5451 1086 5503 in
1115 5449 1477 5520 penetralibus
1519 5451 1697 5506 cordis
1720 5450 1802 5506 sui
1835 5451 2060 5517 Domino

508 5536 905 5613 hibernaculum
939 5530 1258 5612 praeparare.
1289 5539 1466 5613 (llam)
1493 5539 1791 5599 Concordat
1817 5545 1945 5614 sane
1975 5542 2059 5597 nic

2157 3116 2576 3172 contremisceus
2625 3116 2680 3170 in
2724 3127 2924 3170 terram
2967 3115 3140 3181 cadit;
3190 3115 3313 3184 quia
3353 3122 3556 3184 quanto
3601 3115 3718 3184 quis

2158 3199 2414 3276 ampliora
2449 3206 2758 3276 quaesierit,
2802 3213 2953 3261 tanto
2998 3206 3168 3276 magis
3215 3207 3282 3260 ad
3315 3204 3573 3261 inferiora
3605 3205 3715 3261 col-

2157 3296 2376 3363 labitur,
2403 3296 2448 3352 si
2472 3296 2795 3367 ignoraverit
2823 3311 3126 3352 mensuram
3157 3311 3330 3351 suam.

2229 3409 2298 3464 Et
2325 3410 2537 3464 accessit
2561 3409 2737 3474 Josus,
2761 3417 2809 3462 et
2837 3408 2999 3478 tetigit
3027 3423 3131 3462 eos.
3164 3406 3452 3478 (Mannum)
3482 3405 3613 3473 Quia
3643 3402 3715 3459 illi

2153 3498 2439 3569 iacebant,
2475 3505 2530 3554 et
2565 3511 2786 3569 surgere
2818 3511 2922 3552 non
2958 3505 3238 3567 poterant,
3277 3496 3394 3565 ipso
3433 3495 3720 3550 clementer

2159 3588 2399 3657 accedit,
2431 3598 2485 3643 et
2523 3588 2692 3658 tangit
2728 3602 2850 3654 eos,
2885 3596 2947 3641 ut
2983 3591 3124 3642 tactu
3162 3587 3410 3642 timorem
3452 3584 3631 3658 fuget,
3668 3594 3723 3642 et

2161 3678 2433 3735 debilitata
2459 3679 2697 3734 membra
2730 3678 3046 3734 solidentur.

2232 3785 2472 3860 Dixitque
2510 3790 2584 3843 eis
2611 3806 2629 3844 :
2665 3787 2871 3860 Surgite
2900 3799 2947 3843 et
2981 3788 3135 3844 nolite
3163 3789 3360 3843 timere.
3393 3788 3536 3857 Quos
3564 3803 3724 3844 manu

2160 3879 2316 3936 Jesus
2354 3888 2672 3945 sanaverat,
2713 3887 2869 3936 sanat
2902 3888 2955 3933 et
2986 3865 3236 3950 imperio.
3286 3878 3526 3934 Primum
3567 3879 3725 3933 timor

2161 3967 2475 4038 expellitur,
2509 3974 2569 4022 ut
2595 3977 2781 4037 postea
2817 3968 3057 4023 doctrina
3088 3967 3350 4022 tribuatur
3376 3985 3391 4021 :
3421 3966 3544 4039 quia
3572 3982 3723 4023 mens

2159 4072 2451 4128 pavescens
2476 4066 2532 4111 et
2556 4057 2704 4111 varia
2731 4055 2974 4127 cogitans
3004 4057 3205 4110 intenta
3232 4070 3339 4111 non
3363 4056 3469 4111 erit
3497 4056 3720 4112 auditui.

2159 4149 2437 4205 Libentius
2469 4147 2613 4203 enim
2648 4157 2794 4204 metu
2829 4147 3039 4203 sublato
3075 4147 3312 4203 dicendis
3355 4147 3596 4203 auditum
3623 4148 3721 4203 ad-

2079 4243 2084 4246 i
2162 4242 2344 4296 mittit.

2233 4355 2476 4409 Levantes
2508 4365 2677 4410 autem
2706 4356 2880 4411 oculos
2905 4373 3025 4411 suos
3055 4357 3307 4411 neminem
3336 4357 3594 4422 viderunt,
3625 4356 3723 4410 nisi

2163 4433 2329 4501 solum
2356 4444 2556 4499 Iesum.
2585 4445 2850 4520 (Hieron.)
2881 4446 2936 4500 Si
2976 4446 3182 4517 Moyses
3211 4455 3266 4501 et
3297 4446 3440 4500 Elias
3470 4460 3722 4517 perseve-

2165 4544 2374 4591 rassent
2413 4551 2533 4590 cum
2565 4537 2789 4592 Domino
2808 4578 2823 4603 ,
2854 4537 3030 4593 Patris
3069 4553 3168 4592 vox
3199 4538 3473 4592 videretur
3498 4538 3723 4602 incerta,

2163 4629 2246 4682 cui
2274 4629 2607 4705 potissimum
2650 4628 2802 4683 daret
2839 4629 3216 4683 testimonium.
3257 4630 3447 4683 Vident
3481 4641 3609 4700 ergo
3628 4627 3722 4686 Jo-

2162 4732 2279 4771 sum
2310 4724 2558 4780 stantem,
2593 4715 2767 4770 ablata
2792 4716 2962 4782 nube,
2992 4725 3046 4772 et
3075 4715 3289 4787 Moysen
3313 4726 3366 4771 et
3396 4716 3566 4770 Eliam
3593 4730 3718 4771 eva-

2159 4793 2359 4861 nuisse.
2390 4804 2522 4871 Quia
2558 4804 2836 4874 postquam
2878 4805 3010 4875 legis
3036 4813 3090 4860 et
3129 4807 3505 4876 prophetarum
3535 4807 3722 4860 umbra

2160 4897 2481 4951 discesserat
2526 4909 2658 4964 quae
2690 4895 2990 4950 velamento
3039 4910 3135 4950 suo
3180 4895 3446 4966 apostolos
3493 4904 3718 4962 texerat,

2159 4995 2446 5054 utrumque
2476 4985 2527 5038 in
2560 4983 2846 5056 Evangelio
2875 4983 3157 5056 reperitur,

2232 5095 2342 5170 [IL]
2377 5093 2442 5150 Et
2477 5096 2898 5150 descendentibus
2932 5094 3035 5156 illis
3071 5095 3134 5149 de
3163 5105 3339 5149 monte
3361 5097 3601 5165 pracepit
3624 5094 3718 5150 Je-

2163 5204 2251 5241 sus
2278 5187 2451 5241 dicens
2481 5189 2506 5240 :'
2541 5186 2749 5240 Nemini
2777 5186 3010 5239 dixeritis
3047 5186 3285 5240 visionem
3304 5227 3319 5251 ,
3357 5185 3520 5239 donec
3551 5183 3719 5251 Filius

2165 5277 2384 5332 hominis
2413 5294 2444 5329 a
2467 5277 2686 5354 mortuis
2712 5285 2963 5346 resurgat.
2990 5277 3175 5330 Futuri
3206 5277 3352 5345 regni
3383 5276 3718 5345 praemedita.

2165 5368 2270 5433 tio,
2315 5375 2369 5422 et
2404 5355 2570 5436 glaria
2615 5368 2992 5436 triumphantis
3042 5367 3399 5438 demonstrata
3452 5366 3624 5420 fuerat
3671 5367 3721 5419 in

2165 5466 2362 5510 monte.
2396 5454 2509 5511 Non
2545 5455 2656 5509 vult
2683 5470 2810 5524 ergo
2836 5456 2937 5510 hoc
2970 5456 3022 5509 in
3062 5456 3280 5525 populos
3305 5456 3614 5525 praedicari.
3645 5467 3724 5508 ne

2164 5555 2217 5600 et
2245 5544 2552 5599 incredibile
2580 5553 2722 5600 esset
2741 5561 2852 5618 pra:
2873 5547 2949 5600 rei
2982 5546 3362 5616 magnitudine,
3384 5554 3442 5600 ct
3465 5553 3584 5616 post
3603 5554 3720 5599 tau-
