3922 6330
185 213 339 271 ίοοιμ

1210 203 1555 265 COMMENT.
1596 206 1661 260 IN
1702 205 2133 264 MATTHﬁUM.
2176 237 2222 245 --
2278 209 2401 264 LIB.
2441 210 2505 267 ν.

2200 16 2253 19 ,Y
2310 16 2333 19 Ἰ
2358 16 2367 17 κ
2424 16 2429 17 γ
2474 14 2579 21 τμη-τ

3278 210 3419 273 (00?.

182 324 548 399 tam'gloriam
578 326 714 395 apud
750 326 904 381 rudes
934 324 1139 381 animos
1176 341 1406 395 sequens
1430 340 1560 380 crux
1600 341 1753 381 scan-
1782 324 1827 379 Α
1857 323 2094 377 cursoris
2132 324 2213 377 sui
2245 338 2401 393 quam
2427 341 2538 395 tam
2578 328 2890 395 completam
2922 330 3238 396 cernebant,
3263 329 3423 389 disci-

183 418 375 495 dalung
401 417 624 470 faceret.
656 470 665 477 Α,

256 506 327 560 Et
368 508 804 575 interrogaverunt
846 524 962 561 eum
1008 506 1249 576 discipuli
1293 506 1517 559 dicentes
1563 519 1580 556 :
1624 504 1763 571 Quid

182 612 308 668 ergo
342 594 527 648 scribae
559 593 740 673 dicunt
760 636 774 660 ,
800 596 937 677 quod
982 596 1158 650 Etiam
1199 604 1395 665 oportet
1421 596 1645 665 primum
1677 614 1759 651 ve-

182 688 324 739 nire.
362 684 472 739 Nisi
512 700 702 745 causas
748 686 1053 741 noverimus
1098 701 1265 755 quare
1314 686 1763 757 interrogaverim

182 775 435 847 discipuli
464 791 620 846 super
644 775 776 830 Elite
799 777 1040 842 numine,
1073 775 1471 831 stulta'videtur
1498 785 1550 831 et
1584 785 1763 832 extra-

183 865 460 939 ordinaria
490 882 672 920 eorum
702 864 1069 939 interrogatio.
1100 865 1235 932 Quid
1266 867 1409 920 enim
1436 869 1665 937 pertinet
1696 870 1759 923 ad

181 937 413 1026 eaque
451 973 609 1028 supra
649 938 793 1013 dicta
834 967 990 1022 sunt,
1034 958 1100 1013 de
1139 958 1251 1012 Elia
1291 967 1345 1012 et
1384 957 1611 1013 adventu
1649 958 1763 1029 ejus

184 1048 468 1117 quaerere?
494 1036 733 1105 Traditio
757 1046 1149 1104 Pharisznorum
1170 1058 1252 1103 est
1272 1049 1425 1120 juxta
1447 1049 1760 1105 Malachiam

181 1139 539 1208 prophetam,
580 1139 668 1209 qui
710 1147 791 1195 est
834 1139 1158 1217 novissimus
1196 1142 1250 1195 in
1282 1140 1594 1207 duodecim,
1622 1144 1763 1212 quod

142 1250 149 1255 -
184 1226 331 1285 Elias
371 1230 549 1285 veniat
594 1238 717 1285 ante
758 1231 1045 1285 adventum
1092 1227 1411 1298 SalvatOris,
1454 1239 1509 1287 et
1546 1218 1771 1287 reducat.

184 1319 350 1373 corda
380 1328 593 1389 patrum
624 1319 691 1373 ad
718 1318 855 1374 ﬁlios
875 1360 889 1384 ,
921 1328 976 1375 et
1013 1319 1243 1376 ﬁliorum
1283 1322 1347 1375 ad
1373 1332 1573 1391 patres,
1599 1332 1652 1378 et
1675 1340 1762 1378 re-

183 1404 379 1462 stituat
419 1407 597 1462 omnia
646 1407 700 1462 in
754 1408 1033 1478 antiquum
1085 1417 1283 1464 statum
1338 1407 1605 1481 (Malach.
1656 1412 1762 1484 iv).

181 1494 481 1552 Estimant
512 1484 675 1570 ergo
704 1498 948 1569 discipuli
1002 1499 1533 1557 transformationcm
1584 1504 1773 1575 gloria

184 1587 329 1643 hanc
364 1602 483 1643 esse
521 1604 681 1659 quam
723 1590 776 1644 in
812 1598 992 1646 monte
1027 1592 1306 1658 viderant,
1341 1602 1395 1648 et
1432 1594 1617 1650 dicunt
1659 1615 1671 1649 :
1708 1595 1764 1652 Si

176 1677 297 1751 jam
335 1681 526 1736 venisti
567 1682 620 1736 in
650 1682 816 1753 gloria
835 1725 847 1747 ,
878 1684 1146 1753 quomodo
1173 1700 1480 1754 prmcursor
1515 1695 1637 1742 tuus
1664 1704 1767 1743 non

184 1772 455 1843 apparet?
496 1772 725 1828 Maxime
771 1775 897 1844 quia
944 1775 1114 1829 Eliam
1160 1776 1408 1831 viderant
1458 1778 1765 1834 recessisse.

184 1858 416 1927 Quando
451 1870 626 1916 autem
664 1854 920 1932 adjiciunt
941 1879 968 1918 δε
1001 1863 1198 1919 Scriba?
1226 1866 1403 1920 dicunt
1428 1868 1567 1939 quod
1596 1869 1770 1923 Etiam

185 1958 426 2019 oporteat
458 1951 683 2020 primum
713 1951 900 2015 venire,
916 1952 1163 2022 primum
1188 1952 1415 2011 dicendo
1434 1997 1448 2021 ,
1480 1957 1771 2015 ostendunt

184 2038 332 2110 quod
360 2039 459 2094 nisi
492 2040 635 2095 Elias
661 2041 893 2115 venerit,
920 2057 1027 2097 non
1053 2044 1125 2098 sit
1143 2039 1439 2101 Secundum
1461 2044 1771 2118 Scripturas

187 2129 490 2186 Salvatoris
522 2131 803 2190 adventus;
1537 2196 1543 2201 .

260 2222 439 2277 Atille
466 2210 809 2293 respondens,
836 2228 911 2281 ait
946 2230 1018 2283 eis
1049 2245 1067 2283 :
1101 2228 1249 2284 Elia:
1285 2229 1492 2302 quidem
1529 2240 1771 2288 venturus

185 2320 285 2376 est,
314 2312 628 2367 etrestituet
656 2316 853 2369 omnia.
891 2314 1074 2397 (Ihm)
1110 2312 1300 2373 Omnia
1330 2321 1559 2375 restituet
1587 2320 1773 2391 utique

188 2399 280 2456 illa
303 2416 425 2472 quae
446 2401 708 2473 propheta
731 2404 986 2475 praelatus
1007 2409 1244 2483 ostendit
1265 2409 1451 2465 dicens
1481 2428 1495 2463 :
1523 2409 1661 2465 Ecce
1679 2427 1772 2483 ego

185 2491 396 2544 mittam
423 2491 563 2546 vobis
594 2493 768 2548 Eliam
798 2482 1433 2569 prophetampantequam
1462 2502 1631 2556 ueniat
1659 2482 1771 2558 dies

186 2576 406 2634 Domini
443 2598 661 2653 magnus
690 2594 738 2639 et
763 2584 1026 2641 horribilis
1046 2629 1059 2653 ,
1089 2597 1137 2642 et
1166 2599 1422 2645 convertet
1450 2606 1542 2668 cor
1564 2600 1772 2663 patrum

187 2669 263 2723 ad
288 2670 430 2739 ﬁlios
450 2712 465 2739 ,
496 2682 544 2727 et
581 2691 671 2728 cor
692 2674 923 2743 filiorum
952 2678 1020 2730 ad
1044 2688 1215 2747 patres
1246 2696 1425 2734 eorum
1460 2678 1650 2753 (Mich.
1671 2681 1768 2755 tv).

192 2759 470 2817 Restituet
510 2771 566 2819 et
600 2754 703 2820 hoc
748 2766 1087 2836 quod’morti
1124 2768 1285 2823 debet
1319 2783 1383 2823 ac
1418 2768 1508 2823 diu
1544 2769 1774 2826 vivendo

188 2850 421 2908 distulit.
443 2850 604 2919 Quod
632 2854 796 2909 etiam
827 2854 1008 2911 Marco
1035 2864 1321 2919 atteStaute
1350 2856 1612 2915 Dominus
1637 2874 1772 2916 con-

189 2950 483 3011 sequenter
512 2943 779 2999 intimavit
803 2985 818 3010 ,
850 2960 971 3000 cum
999 2947 1243 3015 protinus
1272 2946 1516 3018 adjunxit
1542 2948 1730 3007 dicens
1754 2942 1768 3004 ἐ
1799 3002 1841 3028 ﬂ

187 3004 557 3100 lit—quomodo
576 3004 839 3103 scriptum
865 3042 948 3090 est
977 3004 1031 3089 in
1059 3034 1225 3109 lilium
1252 3004 1485 3093 hominis
1513 3047 1572 3093 ut
1599 3033 1768 3096 multa
1797 3004 1843 3069 θ

186 3120 448 3190 patiatur,
479 3129 533 3176 et
556 3122 967 3190 condemnetur;
995 3123 1052 3179 id
1070 3132 1171 3190 est,
1198 3127 1465 3195 quomodo
1484 3128 1548 3184 de
1566 3127 1767 3185 Christi

187 3209 447 3278 passione
486 3209 777 3266 multifaria
813 3213 1087 3283 prophetae
1114 3215 1281 3271 multa
1308 3218 1659 3287 scripserunt,
1691 3218 1771 3274 sic

188 3310 248 3358 et
277 3292 426 3359 Elias
452 3319 573 3359 cum
597 3291 821 3372 venerit,
852 3294 1017 3363 multa
1034 3321 1300 3378 passurus
1322 3310 1424 3377 est,
1451 3319 1507 3365 et
1533 3318 1772 3366 contem-

188 3395 406 3451 nendus
435 3395 503 3450 ab
526 3397 722 3467 impiis.
753 3398 1023 3456 Restituet
1046 3414 1173 3472 ergo
1198 3402 1399 3469 omnia,
1425 3403 1599 3474 primo
1618 3402 1769 3459 vide-

186 3484 323 3540 licet
354 3486 518 3541 corda
560 3487 836 3543 hominum
876 3489 1018 3545 illius
1047 3474 1150 3545 ξιξγί
1187 3492 1514 3550 instituendo
1546 3495 1613 3549 ad
1650 3509 1770 3549 cre-

188 3572 427 3629 dendum
451 3573 682 3640 Christo,
708 3591 771 3632 ac
791 3575 1149 3633 resistendum
1171 3579 1409 3648 perﬁdiae
1420 3580 1769 3647 Antichristi;

189 3667 390 3723 deinde
427 3667 543 3739 ipse
573 3684 728 3724 suam
768 3670 1002 3725 animam
1045 3680 1263 3742 propter
1295 3672 1615 3743 martyrium
1650 3672 1775 3727 ﬁdei

186 3756 393 3814 Christi
421 3761 691 3833 ponendo.
727 3761 804 3822 De
840 3776 947 3831 quo
982 3762 1035 3816 in
1062 3762 1384 3833 Apocalypsi
1420 3763 1631 3834 plenius
1660 3778 1775 3836 my-

189 3847 337 3903 stico
366 3852 617 3905 somnne
647 3859 916 3906 narratur.
994 3914 999 3919 g

262 3937 396 3993 Dico
432 3947 604 3993 autem
640 3926 786 3995 nobis
810 3941 933 4012 quia
969 3939 1115 3995 Elias
1136 3941 1254 4011 jam
1280 3942 1450 4007 venit,
1481 3952 1530 3997 et
1559 3959 1671 3998 non
1684 3960 1774 3998 co-

188 4037 480 4099 gnoverunt
515 4044 664 4095 eum,
693 4030 783 4084 sed
816 4030 1045 4100 fecerunt
1080 4031 1139 4085 in
1172 4046 1232 4085 eo
1257 4047 1575 4103 quacunque
1600 4032 1776 4088 volue-

189 4131 339 4175 runt.
374 4119 643 4193 (Ηίενοή.)
681 4120 799 4192 Ipse
841 4121 1045 4177 scilicet
1081 4122 1172 4191 qui
1207 4129 1466 4179 venturus
1493 4123 1659 4178 estin
1686 4140 1774 4180 se-

187 4210 373 4265 cundo
404 4209 703 4265 Salvatoris
728 4210 980 4275 adventu,
1001 4210 1156 4281 juxta
1183 4212 1426 4282 corporis
1453 4210 1610 4268 ﬁdem
1630 4228 1776 4268 nunc

186 4318 289 4373 per
321 4299 582 4357 Joannem
612 4301 757 4356 venit
789 4301 845 4356 in
878 4288 1078 4355 virtute
1106 4309 1158 4357 et
1193 4302 1416 4372 spiritu,
1445 4302 1775 4374 feceruntque

186 4394 238 4447 ei
263 4409 584 4464 quwcunque
617 4392 911 4460 voluerunt,
953 4394 1005 4449 ill
1035 4403 1141 4461 est,
1171 4398 1495 4465 'spreverunt
1520 4404 1575 4451 et
1598 4396 1775 4452 decol-

190 4484 447 4537 Iaverunt
475 4499 619 4539 eum.
945 4474 973 4495 ί
1114 4524 1117 4525 ν
1336 4508 1337 4511 η

260 4571 361 4651 _Sic
386 4582 434 4626 et
462 4573 606 4641 ﬁlius
643 4576 868 4631 hominis
901 4540 1152 4648 passurus
1190 4586 1265 4632 est
1289 4578 1353 4634 ab
1509 4577 1779 4645 Quaeritur

192 4670 380 4717 autem
408 4678 528 4717 cum
558 4662 799 4731 Herodes
826 4675 880 4721 et
908 4666 1171 4724 Ilerodias
1202 4660 1459 4723 Joannem
1478 4668 1776 4745 \interl‘ece-
1817 4709 1821 4713 -

194 4753 329 4816 rint,
357 4754 626 4822 quomodo
652 4754 749 4826 ipsi
779 4771 992 4827 quoque
1012 4757 1196 4813 Jesum
1228 4759 1562 4814 cruciﬁxisse
1589 4759 1777 4814 dican-

194 4840 309 4908 tur,
342 4860 465 4899 cum
494 4844 729 4915 legimus.
760 4862 884 4902 eum
926 4865 955 4904 a
982 4849 1182 4906 scribis
1210 4858 1266 4905 et
1298 4849 1587 4907 Pharisaais
1612 4853 1770 4907 inter-

196 4932 421 5007 fectum.
468 4934 525 4988 In
565 4949 672 5003 quo
710 4935 946 4991 breviter
984 4930 1409 5007 respondendum
1453 4940 1595 5009 quod
1634 4948 1688 4994 et
1724 4941 1776 4994 in

194 5020 423 5078 Joannis
453 5038 586 5079 nece
614 5032 669 5079 et
706 5023 1098 5082 Pharismorum
1126 5026 1285 5083 factio
1314 5040 1688 5094 consenserat,
1724 5039 1781 5086 et

199 5111 257 5165 in
303 5110 572 5166 occisione
620 5112 830 5167 Domini
884 5114 1120 5171 Ilorodes
1161 5114 1403 5185 junxerit
1447 5118 1776 5176 voluntatem

199 5214 359 5257 suam
378 5241 395 5265 ,
425 5201 516 5270 qui
542 5200 755 5256 illusum
779 5211 940 5272 atque
964 5206 1273 5276 despectum
1300 5209 1567 5266 remiserit
1596 5211 1663 5267 ad
1688 5211 1775 5267 Pi-

200 5282 482 5359 latum,'ut
508 5293 884 5364 cruciﬁgerent
908 5312 1048 5351 eum.

277 5382 321 5437 Τ
323 5399 423 5438 unc
444 5382 806 5438 intellexerunt
826 5385 1069 5455 discipuli
1087 5391 1209 5459 quia
1230 5390 1295 5445 de
1310 5390 1515 5445 Joanne
1536 5391 1772 5463 Baptista

200 5475 422 5531 dixisset
450 5474 541 5527 eis.
570 5472 858 5546 (Mutuus)
889 5474 968 5527 Ex
994 5476 1188 5531 iudicio
1214 5479 1355 5537 enim
1386 5482 1679 5550 passionis,
1717 5493 1771 5538 et

200 5584 319 5626 tute
337 5580 500 5638 quam
525 5566 635 5634 ipse
667 5564 920 5618 Dominus
947 5564 1140 5634 saepius
1157 5570 1235 5622 eis
1264 5570 1527 5637 praedixit,
1562 5579 1611 5625 et
1643 5589 1775 5642 prze-

568 5660 839 5720 I‘nnor..
890 5658 1074 5722 CVII.

1802 4346 1854 4407 D

1862 412 1970 480 puli
2000 413 2390 483 cognoscebant
2414 410 2672 470 Joannem
2696 418 2795 472 sibi
2821 421 2871 474 in
2900 422 3027 477 Elite
3051 424 3310 483 vocabulo
3332 431 3425 483 de—

1863 508 2214 555 monstratum
2248 514 2367 557 esse
2402 518 2415 557 :
2448 512 2504 558 et
2540 505 2755 568 merito,
2800 510 2923 576 quia
2958 513 3093 566 sicut
3130 513 3216 568 ille
3249 517 3426 570 novis-

1862 590 2011 653 simi,
2052 584 2123 645 ita
2165 591 2265 647 iste
2288 592 2446 662 primi
2466 608 2766 662 praecursor
2792 605 2874 651 est
2911 598 3115 655 Domini
3142 604 3422 658 adventus.

1862 681 1929 733 Et
1949 696 2107 751 quem
2138 681 2236 735 iste
2256 681 2564 751 praedicavit
2587 684 2869 739 advenisse
2886 686 3315 759 Redemptorem,
3340 691 3428 747 ille

1864 768 2145 823 testabitur
2172 769 2338 823 aliore
2360 770 2615 841 judicem.

1932 858 2064 931 [ιιι]
2104 858 2169 912 Et
2202 877 2319 914 cum
2343 845 2569 915 uenisset
2609 864 2677 917 ad
2717 863 2926 931 turbas,
2962 878 3175 921 accessit
3211 869 3280 923 ad
3312 887 3429 927 eum

1860 950 2013 1002 homo
2050 950 2263 1018 genibus
2282 949 2608 1020 provolutus
2627 991 2641 1015 ,
2668 952 2843 1007 dicens
2871 971 2888 1007 :
2914 954 3153 1021 Domine,
3190 959 3424 1015 miserare

1860 1037 1973 1105 ﬁlio
2000 1055 2129 1104 meo,
2146 1040 2267 1110 quia
2299 1039 2560 1095 lunaticus
2586 1050 2679 1107 est,
2696 1052 2745 1096 'et
2771 1041 2905 1097 male
2929 1047 3143 1115 patitur.
3165 1047 3431 1120 (Hierom)

1862 1122 2163 1181 Notandum
2188 1135 2363 1182 autem
2384 1129 2525 1198 quod
2550 1132 2760 1199 Semper
2780 1126 2896 1186 loca
2920 1133 3077 1189 rebus
3100 1149 3430 1207 congruunt:

1864 1217 1917 1270 in
1945 1224 2121 1272 monte
2143 1217 2399 1274 Dominus
2424 1222 2560 1283 Orat,
2595 1221 3026 1289 transformatur,
3056 1225 3328 1298 discipulis
3350 1236 3437 1285 ar-

1866 1320 1997 1358 cana
2028 1321 2136 1360 sure
2163 1298 2462 1375 maiestatis
2496 1311 2704 1378 aperit;
2745 1312 2796 1365 in
2826 1308 3077 1368 inferiora
3107 1314 3439 1374 descendens

1866 1396 2035 1451 turba:
2065 1413 2289 1452 occursu
2334 1401 2631 1470 excipitur,
2664 1403 2980 1459 miscrorum
3010 1404 3134 1462 ﬂetu
3162 1409 3436 1478 pulsatur;

1869 1499 2082 1540 sursum
2113 1487 2389 1559 discipulis
2417 1491 2731 1562 mysterium
2764 1496 2913 1565 regni
2944 1507 3166 1562 reserat,
3190 1499 3440 1555 deorsum

1871 1578 2045 1633 turbis
2068 1589 2287 1649 peccata
2324 1582 2653 1640 inﬁdelitatis
2684 1586 3001 1657 exprobrat;
3027 1605 3238 1645 sursum
3267 1574 3443 1647 Patris

1798 1652 1844 1710 Β
1874 1670 2054 1721 voCem
2095 1669 2180 1724 his
2219 1671 2306 1739 qui
2350 1672 2501 1741 sequi
2543 1686 2600 1727 se
2642 1652 2889 1744 poterant
2931 1652 3145 1747 pandit,
3191 1679 3443 1734 deorsum

1872 1748 2092 1827 spiritus
2132 1761 2301 1814 malos
2342 1761 2409 1816 ab
2441 1763 2523 1819 his
2563 1765 2652 1834 qui
2692 1765 3024 1822 vexabantur
3064 1768 3297 1839 expellit.
3340 1770 3443 1839 Qui

1870 1851 2033 1904 etiam
2064 1868 2205 1908 nunc
2232 1870 2329 1923 pro
2355 1856 2616 1930 qualitate
2640 1860 2956 1914 meritorum
2983 1860 3101 1916 aliis
3128 1863 3440 1927 ascendere,

1871 1932 1991 1997 aliis
2018 1958 2145 1998 vero
2173 1961 2278 1999 non
2308 1944 2519 2001 desistit
2550 1948 2894 2004 descendere.
2926 1948 3057 2004 Nam
3085 1952 3326 2008 carnales
3352 1956 3447 2010 ad-

1873 2034 1975 2088 huc
1998 2042 2052 2088 et
2072 2033 2409 2103 insipientes,
2435 2036 2589 2105 quasi
2617 2036 2720 2091 ima
2747 2047 2935 2107 petens
2979 2037 3264 2106 confortat,
3292 2045 3447 2099 docet

1873 2131 1923 2177 et
1950 2124 2178 2193 castigat
2207 2141 2218 2176 :
2253 2124 2522 2194 perfectos
2557 2135 2735 2181 autem
2772 2142 2996 2197 quorum
3023 2133 3361 2187 conversatio
3391 2133 3446 2187 in

1873 2211 2025 2267 cmlis
2054 2220 2156 2277 est,
2188 2211 2469 2269 sublimius
2496 2214 2799 2272 extollendo
2830 2217 3114 2288 gloriﬁcat,
3135 2218 3353 2276 liberius
3383 2223 3449 2279 dc

1873 2303 2089 2358 aeternis
2125 2304 2366 2370 instruit,
2392 2312 2446 2360 et
2471 2321 2612 2377 szepe
2639 2322 2758 2376 quae
2784 2323 2814 2362 a
2832 2309 3013 2365 turbis
3038 2324 3106 2366 ne
3136 2311 3305 2367 audiri
3332 2314 3449 2383 qui-

1872 2391 1994 2449 dem
2023 2393 2257 2461 valeant,-
2283 2396 2458 2451 docet.
2489 2395 2881 2453 Dtemoniacum
2908 2406 3085 2455 autem
3120 2398 3447 2473 bunc‘quem

1872 2484 2205 2540 descendens
2232 2486 2298 2560 de
2321 2478 2505 2562 monte
2537 2486 2793 2543 Dominus
2824 2491 3062 2554 sanavit,
3094 2471 3445 2562 Marcus—qui-

1851 2571 1995 2626 ‘dem
2022 2557 2249 2628 surdum
2281 2557 2596 2645 mutumque
2625 2573 2646 2647 (
2660 2574 2826 2630 Marc.
2856 2578 2944 2649 rx)
2964 2619 2978 2643 ,
3002 2578 3283 2635 Matthteus
3322 2557 3449 2636 vero

1874 2662 2165 2720 lunaticum
2200 2664 2365 2721 fuisse
2407 2676 2813 2723 commemorat.
2853 2668 3279 2741 (anuadlﬁm
3307 2676 3448 2744 quod

1874 2754 2002 2809 luna
2042 2756 2375 2811 daemonibus
2416 2755 2645 2823 serviat,
2678 2757 2799 2813 ideo
2836 2758 3124 2815 lunaticum
3155 2762 3313 2828 dicit,
3352 2767 3449 2821 sed

1880 2856 2152 2899 rumorem
2188 2845 2333 2917 vulgi
2365 2847 2417 2900 in
2447 2846 2707 2902 vocabulo
2733 2849 3060 2921 evangelista
3088 2854 3343 2924 sequitur.
3368 2853 3449 2913 οι»

1874 2933 2014 2989 hanc
2048 2949 2177 3007 ergo
2216 2950 2437 2991 causam
2476 2936 2685 2992 daemon
2727 2936 2864 2993 lunae
2901 2954 3114 2995 cursum
3154 2944 3447 3003 observans

1874 3023 2097 3102 corripit
2126 3025 2399 3090 homines,
2429 3033 2490 3080 ut
2525 3040 2623 3097 per
2645 3036 2978 3095 eratturam,
3009 3031 3059 3085 si
3082 3024 3280 3102 possit,
3314 3035 3453 3091 inla-

1873 3100 1983 3168 met
2005 3100 2330 3191 creatprem.
2356 3113 2620 3170 Caeterum
2647 3126 2987 3187 cunctaqum
3015 3100 3155 3177 Deus
3185 3121 3314 3179 fecit
3342 3140 3451 3182 non

1872 3204 2093 3269 nociva,
2128 3218 2229 3259 nec
2264 3218 2465 3273 prava,
2506 3204 2602 3259 sed
2641 3204 2805 3261 etiam
2844 3208 2993 3263 utilia
3036 3219 3160 3266 sunt
3202 3210 3257 3269 et
3299 3215 3452 3271 valde

1871 3296 2031 3351 bona.
2067 3295 2322 3366 Sequitur
2346 3296 2507 3353 homo
2540 3296 2629 3353 hic
2649 3297 2976 3368 deprecans,
3003 3312 3057 3358 et
3081 3306 3299 3375 exponit
3332 3322 3447 3363 mo-

1874 3405 1987 3443 rem
2020 3388 2207 3461 :cgroti
2230 3388 2416 3447 dicens
2438 3409 2450 3444 :

1948 3483 2088 3538 Nam
2113 3499 2247 3554 saepe
2270 3483 2406 3562 cadit
2430 3483 2486 3541 in
2516 3474 2706 3557 ignem,
2742 3488 2918 3543 crebro
2953 3489 3007 3543 in
3029 3507 3255 3562 aquam;
3285 3501 3331 3545 et
3356 3492 3448 3545 ob-

1876 3573 1972 3628 tuli
1997 3559 2406 3645 eunt—discipulis
2434 3576 2561 3642 tuis,
2593 3586 2641 3632 et
2673 3590 3073 3650 non‘potuerunt
3096 3570 3281 3636 curare
3309 3600 3448 3638 eum.

1878 3663 2146 3738 (Ηίετοη.)
2186 3665 2313 3721 Mihi
2364 3666 2575 3725 videtur
2610 3668 2762 3739 juxta
2800 3668 3148 3746 tropologiam
3189 3675 3453 3730 lunaticus

1878 3772 2018 3824 esse,
2042 3758 2133 3827 qui
2156 3773 2252 3827 per
2270 3758 2526 3814 horarum
2548 3772 2822 3817 momenta
2850 3771 3084 3818 mutatur
3107 3765 3174 3819 ad
3196 3766 3322 3819 vitia
3351 3780 3452 3821 nec

1876 3836 2131 3921 persistit
2153 3844 2207 3906 in
2248 3862 2459 3923 empto,
2505 3853 2599 3907 sed
2638 3854 2834 3923 crescit
2873 3864 3035 3925 atque
3071 3855 3353 3912 decrescit.
3386 3856 3453 3929 Et

1878 3956 2026 3997 nunc
2065 3941 2119 3995 in
2162 3941 2339 4011 ignem
2372 3940 2614 4015 libidinis
2656 3942 2855 4009 fertur,
2892 3950 3002 4013 quo
3045 3944 3456 4001 adulterantium

1876 4034 2036 4088 corda
2069 4020 2324 4088 succensa
2349 4004 2496 4099 sii'nt,
2522 4050 2664 4089 nunc
2696 4035 2749 4088 in
2780 4049 2948 4109 aquas
2975 4036 3304 4105 cupiditatis,
3334 4054 3455 4108 quas

1877 4136 1985 4176 non
2010 4121 2189 4177 valent
2210 4121 2553 4193 exstinguere
2576 4121 2916 4177 charitatem.
2932 4122 3084 4191 Quod
3107 4134 3286 4180 autem
3307 4128 3455 4194 dicit,

1880 4211 2059 4266 Obtuli
2096 4230 2213 4267 eum
2252 4212 2524 4285 discipulis
2562 4213 2697 4278 tuis,
2735 4223 2782 4267 et
2822 4230 2926 4267 non
2962 4223 3237 4284 potuerunt
3270 4213 3457 4271 curare

1878 4320 2026 4369 eum,
2062 4302 2291 4359 latenter
2325 4310 2546 4359 accusat
2573 4302 2872 4373 apostolos,
2900 4318 3022 4357 cum
3053 4303 3453 4373 impossibilitas

1878 4395 2102 4452 curandi
2134 4394 2408 4450 interdum
2446 4408 2553 4449 non
2580 4392 2644 4446 ad
2682 4382 3098 4448 imbecillitatem
3125 4394 3453 4455 curantium,

1879 4487 1972 4543 sed
1999 4486 2065 4541 ad
2088 4500 2274 4541 eorum
2302 4464 2398 4555 qui
2432 4482 2657 4538 curandi
2699 4490 2823 4539 sunt
2856 4480 3014 4537 fidem
3055 4480 3341 4547 referatur,
3372 4483 3455 4537 di-

1880 4584 2035 4631 cente
2056 4574 2283 4629 Domino
2315 4591 2327 4625 :
2365 4571 2485 4626 Fiat
2508 4572 2601 4626 tibi
2625 4572 2908 4626 secundum
2933 4572 3089 4640 fidem
3108 4582 3272 4626 tuam.

1951 4654 2285 4735 Respondent
2322 4660 2480 4717 Jesus
2518 4662 2647 4731 ait;
2690 4657 2735 4715 0
2776 4660 3040 4731 generatio
3096 4660 3367 4731 incredula
3405 4672 3453 4715 et

1880 4771 2137 4825 perversa,
2159 4768 2423 4823 usquequo
2440 4768 2529 4807 ero
2552 4752 2829 4814 vobiscum,
2856 4761 3117 4826 usquequo
3133 4752 3310 4821 patiar
3331 4767 3416 4806 vos
3432 4754 3457 4805 ?

1876 4846 1996 4901 Non
2023 4846 2165 4917 quod
2195 4846 2353 4901 taedio
2376 4851 2691 4916 superatus,‘
2707 4850 2798 4897 aut
2822 4828 2971 4897 initis
2997 4842 3087 4912 qui
3112 4858 3217 4897 non
3244 4843 3457 4914 aperuit

1879 4952 1941 4992 os
1974 4952 2159 5001 suum,
2190 4944 2249 4989 ut
2284 4950 2456 5007 agnus
2489 4932 2963 4989 eoram’tondente
2986 4946 3072 5013 se,
3106 4933 3161 4987 in
3189 4933 3352 4988 verba
3380 4933 3458 4989 fu-

1880 5028 2020 5083 roris
2056 5026 2324 5096 eruperit,
2362 5024 2455 5079 sed
2496 5038 2603 5094 quo
2634 5022 2687 5076 in
2729 5016 3133 5101 similitudinem
3169 5023 3361 5079 medici
3407 5026 3454 5080 si

1879 5124 2138 5188 aegrotum
2167 5117 2345 5170 videat
2383 5122 2571 5169 contra
2610 5128 2706 5171 sua
2736 5122 3001 5185 prrecepta
3030 5129 3235 5191 gerere,
3266 5117 3410 5173 dicat
3439 5137 3455 5178 -.

1885 5206 2176 5274 Usquequo
2214 5203 2466 5258 accedam
2505 5202 2571 5256 ad
2598 5203 2815 5257 domum
2853 5203 3034 5259 tuam?
3059 5200 3348 5271 Quousque
3372 5219 3458 5261 ar-

1885 5298 1955 5352 tis
1983 5297 2201 5367 perdam
2228 5293 2574 5358 industriam,
2603 5308 2690 5370 me
2718 5292 2858 5348 aliud
2874 5291 3124 5363 jubente,
3150 5301 3204 5347 et
3228 5280 3285 5347 te
3308 5294 3451 5351 aliud

1886 5392 2246 5458 perpetrante.
2274 5383 2331 5437 In
2356 5391 2563 5437 tantum
2591 5392 2767 5437 autem
2798 5396 2901 5437 non
2930 5390 3009 5435 est
3032 5382 3201 5437 iratus
3226 5382 3450 5450 homini,

1886 5478 1978 5533 sed
2002 5476 2131 5548 vitio
2152 5517 2166 5541 ,
2198 5484 2252 5529 et
2280 5490 2376 5544 per
2406 5466 2579 5528 unum
2598 5473 2865 5530 hominem
2892 5470 3101 5525 Judacos
3130 5472 3307 5543 arguit
3333 5471 3455 5533 inde

1887 5568 2143 5635 delitatis,
2170 5576 2230 5622 ut
2251 5567 2431 5621 statim
2464 5565 2735 5620 intulerit:

2939 5632 3017 5713 32
