3922 6332
412 227 415 230 ⁴
470 255 607 315 tvvs

1104 250 1164 305 Β.
1206 247 1457 305 RABANI
1500 245 1717 302 MAURI
1755 242 2069 299 ARClllEl‘.
2109 240 2416 298 MOGlTNT.
2457 240 2735 297 OPEBUM
2778 245 2953 301 PARS
2992 247 3031 302 Ι.
3118 318 3121 321 λ

3596 242 3737 298 1005

529 372 723 441 ΑΙῙενΙε
755 384 870 421 eum
901 369 1002 418 huc
1038 363 1104 416 ad
1140 380 1239 416 me.
1268 361 1333 415 Et
1365 360 1642 430 increpavit
1675 357 1821 411 illum
1854 355 2031 419 Iesus,
2063 360 2108 418 Α
2139 358 2330 426 capitis
2368 356 2721 411 saluberrime
2762 360 3008 426 prodest;
3057 376 3178 413 nam
3216 362 3259 415 si
3290 362 3501 428 optime
3544 358 3742 411 tritum

458 476 506 520 et
536 460 660 517 exiit
685 456 748 513 ab
768 472 826 510 eo
850 455 1189 510 dwmonium.
1217 448 1505 523 (M.\UBUS.)
1530 448 1626 503 llic
1651 455 1873 525 apparet
1895 447 2037 516 quod

2138 458 2192 502 et
2221 449 2512 501 cribratum
2543 448 2719 518 tepide
2755 449 2936 520 pingui
2981 453 3152 507 mulso
3186 455 3498 509 admisceas
3539 463 3602 506 et
3642 451 3743 505 hoc

416 540 423 547 λ’
460 567 600 622 srepe
644 532 927 603 traduntur
970 543 1216 599 homines
1252 547 1472 611 propter
1508 545 1727 615 peccata
1768 531 1897 600 sua,
1946 544 2039 590 aut
2130 537 2361 608 jejunus,
2387 534 2573 593 contra
2613 538 2777 593 solem
2810 538 3040 594 calidum
3082 552 3137 595 et
3174 544 3225 597 in
3257 545 3453 609 balneo
3482 541 3743 615 gargari—

462 651 744 715 parenlum
771 652 991 694 suorum
1029 636 1098 691 ad
1124 630 1485 688 invadendum
1520 627 1811 682 immundis
1834 625 2038 695 spiriti-

465 736 581 789 bus.
610 730 669 787 Si
705 730 847 786 enim
888 727 1045 782 nullis
1080 719 1506 798 praicedcntihus
1534 715 1690 771 noxis
1717 716 1923 798 daemon
1954 714 2037 767 in-

463 806 695 880 vaderet
717 823 861 877 hunc
886 792 1336 891 lunatieum,'non
1369 809 1457 864 ille
1480 808 1572 879 qui
1600 792 1919 887 patiebatur,
1949 802 2042 858 sed

465 917 675 971 dmmon
711 888 933 969 deberet
964 924 994 963 a
1021 906 1248 968 Domino
1287 899 1573 977 increpari.
1609 884 1716 952 Sed
1749 894 2065 967 increpavit

465 1020 712 1077 puerum,
747 1012 802 1073 et
824 1002 951 1069 exiit
984 998 1051 1054 ab
1078 1011 1143 1052 eo
1164 995 1368 1051 dzemon
1396 1010 1407 1044 :
1432 990 1555 1059 quia
1580 994 1798 1059 propter
1820 993 2042 1056 peccata

466 1113 585 1161 sua,
611 1103 699 1151 aut
728 1100 1015 1165 parentum
1039 1100 1257 1143 suorum
1288 1100 1317 1137 a
1348 1082 1591 1136 daemone
1626 1078 1799 1134 fuerat
1824 1091 2037 1147 oppres-

382 1248 387 1249 ,
466 1205 580 1244 sus.
612 1186 725 1243 Nec
752 1180 1013 1243 silendum
1041 1178 1273 1233 arbitror
1302 1172 1443 1244 quod
1477 1165 1771 1227 secundum
1806 1168 2046 1239 Marcum

468 1269 569 1334 iste
599 1276 961 1341 dmmoniacus
1000 1283 1122 1326 cum
1161 1254 1379 1320 vidisset
1406 1256 1707 1317 Dominum
1732 1259 1907 1314 statim
1936 1259 2041 1328 spi-

470 1375 603 1425 ritus
632 1364 954 1421 conturbavit
982 1351 1120 1425 eum,
1142 1367 1189 1412 et
1215 1356 1372 1417 elisus
1402 1356 1454 1408 in
1494 1364 1688 1408 terram
1719 1350 2049 1405 volutabatur
2080 1414 2081 1417 η

474 1472 757 1529 spumans;
784 1461 839 1508 et
867 1459 987 1522 post
1008 1436 1301 1520 iussionem
1332 1442 1543 1499 Domini
1568 1450 1627 1517 ιιι
1647 1433 1849 1504 exiret,
1878 1438 2049 1494 excla-

470 1566 619 1605 mans
660 1545 914 1609 multum,
947 1531 996 1597 et
1024 1540 1315 1604 discernens
1354 1542 1481 1612 eum‘
1504 1536 1629 1589 exiit
1666 1533 1730 1587 ab
1761 1548 1820 1587 eo
1854 1530 2045 1603 (Marc.

471 1640 571 1711 ix).
603 1636 835 1691 Allatum
856 1647 986 1704 ergo
1010 1630 1238 1685 Domino
1261 1642 1488 1697 puerum
1513 1624 1739 1707 spiritus
1767 1612 2053 1677 conturbat

2140 643 2246 687 zes,
2275 642 2487 682 onmem
2520 630 2797 683 humorem
2826 629 3250 693 noxium,.etiam
3274 634 3319 685 si
3343 632 3603 688 crassior
3629 628 3741 684 fue-

2143 720 2231 784 rit,
2256 721 2319 775 de
2343 721 2518 789 capite
2548 727 2767 791 purgat,
2794 729 2848 775 et
2877 719 3269 777 imminentium
3298 737 3526 792 quoque
3561 721 3740 776 inibo-

2140 801 2421 865 cillitatmn
2474 810 2602 865 facit
2646 809 2881 882 pericula
2928 809 3106 863 vitari.
3158 808 3249 864 Sic
3295 812 3555 879 profecto
3608 810 3743 865 ﬁdes

2145 904 2497 959 tentationum
2523 903 2723 973 pistillo
2751 904 2991 973 probata,
3024 901 3093 956 ab
3118 902 3262 956 omni
3292 903 3492 958 levium
3528 904 3743 975 cogita-

2143 990 2676 1065 tionum'superficie
2721 994 2899 1069 cribro
2946 984 3286 1069 discretionis
3328 995 3643 1065 castigata,
3691 1002 3743 1047 et

2144 1084 2394 1154 perfecta:
2418 1084 2715 1140 dilectionis
2736 1083 2893 1138 melle
2922 1068 3216 1145 dulcorata,
3240 1098 3433 1138 omnes
3455 1084 3523 1137 de
3550 1083 3739 1145 corde,

2145 1176 2287 1246 quod
2318 1183 2401 1230 est
2427 1174 2697 1245 interioris
2732 1174 2963 1229 hominis
2994 1181 3172 1244 caput,
3196 1173 3454 1245 vitiorum
3487 1172 3739 1225 seutinas

2146 1281 2252 1320 non
2286 1265 2454 1320 solum
2487 1268 2552 1319 ad
2581 1247 2818 1334 praesens
2844 1263 3128 1326 exhaurit,
3163 1264 3255 1317 sed
3298 1247 3349 1316 et
3393 1263 3449 1316 in
3487 1260 3737 1315 futurum

2147 1372 2213 1411 ne
2236 1356 2469 1426 recolligi
2488 1350 2696 1425 valeant
2716 1368 3002 1426 praecavet,
3020 1356 3202 1425 sicque
3225 1365 3463 1411 mentem
3487 1364 3738 1410 nostram

2147 1460 2402 1515 capacem
2431 1444 2584 1498 donis
2613 1444 2924 1513 coelestibus
2952 1446 3100 1513 facit,
3124 1430 3195 1500 ita
3220 1456 3277 1511 ut
3307 1462 3411 1506 non
3444 1444 3739 1513 difﬁculter

2147 1549 2371 1607 quaeque
2396 1535 2642 1601 velimus,
2674 1536 2764 1591 sed
2794 1536 3045 1593 facillime
3073 1553 3103 1591 a
3128 1528 3267 1594 tideli
3296 1537 3534 1594 Domino
3562 1538 3733 1607 impe—

2150 1638 2294 1684 trare
2321 1628 2872 1700 possimus..Undeet
2904 1631 3144 1700 Sequitur
3176 1650 3188 1684 :

472 1702 738 1792 ci'elidu,
768 1725 893 1797 quia
924 1702 1065 1794 saepe
1094 1721 1217 1776 dum
1244 1713 1491 1774 converti
1513 1702 1591 1770 ‘ad
1621 1714 1904 1769 Dominum
1931 1719 2052 1782 post
2080 1705 2126 1763 Β
2222 1721 2290 1774 Et
2326 1719 2454 1775 nihil
2485 1722 2796 1793 impossibile
2832 1724 2948 1776 erit.
2972 1722 3131 1776 vobis.
3174 1722 3326 1778 Unde
3358 1724 3488 1778 alibi
3529 1723 3731 1778 dictum

472 1825 694 1891 peccata
720 1828 1003 1877 conamur,
1035 1809 1330 1881 majoribus
1358 1806 1619 1892 novisque
1647 1803 1852 1873 antiqui
1882 1803 2051 1857 hostis

473 1890 752 1983 pulsamur
788 1903 1039 1961 insidiis:
1077 1899 1220 1971 quod
1259 1899 1328 1953 ob
1358 1898 1411 1953 id
1447 1890 1634 1966 utique
1669 1895 1893 1949 callidus
1922 1890 2051 1946 facit

477 1981 838 2063 adversarius,
863 2004 920 2065 ut
937 1994 1019 2049 vel
1046 1993 1226 2047 odium
1250 1989 1463 2044 virtutis
1493 1987 1738 2058 incutiat,
1764 1983 1845 2039 vel
1868 1981 2052 2051 expul-

479 2091 647 2147 siouis
684 2103 794 2144 sua)
826 2084 1060 2140 vindicet
1100 2080 1371 2152 iujuriam.
1409 2077 1547 2131 Hinc
1579 2082 1663 2131 est
1699 2074 1873 2138 enim,
1903 2081 1969 2125 ut
1986 2070 2053 2125 de

480 2183 657 2253 specie
697 2169 1036 2235 transeamus
1066 2175 1141 2244 ad,
1169 2186 1365 2243 genus,
1384 2170 1536 2248 quod
1576 2167 1828 2223 Ecclesiae
1856 2170 2053 2221 saneta:

478 2272 787 2342 primordiis
815 2277 895 2325 tot
921 2266 1237 2340 gravissima
1264 2261 1526 2317 inferebat
1549 2259 1844 2325 certamina
1871 2272 2052 2327 perse-

479 2356 785 2425 cutionum,
818 2366 949 2428 quot
979 2371 1074 2411 suo
1107 2368 1271 2424 regno
1297 2352 1513 2407 dolebat
1545 2349 1723 2405 subito
1755 2348 2051 2402 animarum

478 2457 624 2511 illata
662 2453 826 2508 fuisse
864 2449 1164 2519 diSpendia.
1206 2447 1461 2501 Exituros
1496 2446 1693 2515 quippe
1732 2445 1799 2497 ab
1837 2443 2053 2511 homine

477 2548 701 2620 spiritus
740 2542 1049 2600 immundus
1070 2581 1083 2605 ,
1111 2537 1395 2607 discerpsit
1427 2551 1546 2590 eum
1567 2576 1581 2601 ,
1616 2550 1679 2589 ac
1710 2533 1904 2588 furenti
1941 2532 2050 2587 cla-

480 2650 631 2692 more
653 2632 841 2689 terruit
864 2632 1160 2694 intuentes;
1180 2627 1303 2697 quia
1320 2625 1632 2696 plerumque
1652 2622 1915 2688 diabolus,
1932 2637 1994 2676 cu
2004 2638 2052 2675 ιιι

482 2728 551 2782 de
574 2724 737 2780 corde
763 2719 1077 2790 expellitur,
1108 2718 1344 2771 acriores
1372 2716 1424 2793 in
1452 2730 1517 2769 eo
1544 2713 1867 2769 tentationes
1898 2727 2055 2782 gene-

484 2818 571 2872 rat
594 2826 754 2887 quam
783 2812 932 2884 prius
959 2808 1307 2872 excitaverat,
1336 2806 1549 2876 quando
1569 2803 1905 2874 hoc-quietus
1935 2817 2055 2871 pos-

484 2907 713 2962 sidebat.

555 2999 623 3053 Et
656 3006 867 3051 curatus
897 3002 970 3049 est
996 3009 1124 3063 puer
1150 3007 1215 3061 ea
1242 2988 1335 3043 illa
1360 2989 1508 3044 hora.
1534 2988 1703 3055 Quem
1729 2985 1871 3040 enim
1899 2998 2057 3039 verus

486 3087 741 3141 inedieus'
763 3090 947 3146 curat,
985 3053 1131 3135 recte
1168 3093 1330 3133 sanus
1364 3077 1615 3146 deinceps
1648 3074 1764 3128 ﬁeri
1802 3073 2060 3128 describi-
2087 3053 2130 3114 (ἶ

488 3184 575 3227 tur
604 3194 616 3229 :
655 3172 783 3242 quia
817 3169 959 3225 nulla
990 3160 1071 3222 ibi'
1094 3172 1336 3222 remanet
1362 3163 1681 3229 infirmitas,
1713 3163 1803 3217 ubi
1831 3161 2058 3217 salutem

484 3264 747 3332 integram
769 3258 1110 3328 omnipotens
1133 3263 1354 3325 priestat
1375 3250 1634 3323 potestas.

560 3351 704 3405 Tunc
732 3357 1055 3404 accesserunt
1091 3345 1335 3417 discipuli
1366 3345 1434 3398 ad
1454 3344 1635 3399 Jeium
1661 3354 1875 3408 secreto,
1906 3352 1953 3397 et
1980 3344 2057 3396 di-

430 3433 437 3439 ’
483 3448 670 3493 a'erunt
712 3441 759 3491 ei
799 3451 817 3488 :
860 3436 1036 3502 Quare
1080 3451 1172 3488 nos
1205 3451 1309 3488 non
1346 3435 1611 3504 potuimus
1645 3434 1832 3503 ejicere
1866 3433 2063 3489 illum?

485 3528 621 3581 Dicit
648 3525 792 3580 illis:
839 3523 1059 3594 Propter
1099 3510 1513 3577 incredulitatem
1549 3532 1789 3576 vestram.
1832 3520 1943 3575 Hoc
1982 3529 2064 3576 est

485 3617 627 3687 quod
658 3617 712 3670 in
742 3614 847 3671 alio
869 3614 985 3670 loco
1005 3615 1202 3669 dicitur
1235 3632 1246 3667 :
1283 3612 1616 3682 Qutecunque
1634 3613 1689 3667 in
1716 3613 1922 3666 nomine
1952 3628 2061 3664 meo

484 3706 733 3777 petieritis
757 3707 1042 3770 credentes,
1064 3704 1325 3774 accipietis
1346 3702 1561 3772 (Matth.
1584 3702 1667 3774 ιι).
1694 3687 1833 3772 Ergo
1854 3700 2064 3770 quoties

488 3776 595 3851 non
637 3795 968 3865 accipimus,
1014 3809 1118 3847 non
1155 3791 1463 3861 praestantis
1507 3776 2061 3860 est‘impossibilitas,

488 3887 581 3940 sed
613 3887 765 3956 culpa
793 3884 1212 3953 deprecantium.

562 3975 724 4027 Amen
746 3974 929 4044 quippe
966 3972 1081 4025 dico
1106 3971 1247 4024 vobis
1279 3985 1296 4020 :
1326 3969 1385 4025 Si
1420 3969 1704 4024 habueritis
1741 3970 1898 4039 ﬁdem
1931 3971 2063 4025 sicut

488 4080 709 4136 granum
739 4064 958 4139 sinapis,
993 4063 1173 4115 dicetis
1209 4063 1371 4115 monti
1410 4062 1558 4126 huic,
1604 4061 1791 4115 Transi
1824 4064 1975 4129 hinc,
2015 4073 2062 4117 et

491 4155 751 4210 transibit.
782 4152 979 4206 Putant
1002 4151 1165 4221 aliqui
1192 4152 1347 4206 [idem
1378 4167 1547 4223 grano
1583 4154 1753 4223 sinapi
1782 4169 2061 4224 compara-

491 4256 601 4300 tam
642 4258 867 4319 parvam‘
890 4242 994 4298 dici
1018 4282 1032 4308 ,
1062 4242 1313 4312 quoniam
1357 4254 1579 4313 regnum
1611 4244 1868 4298 caelorum
1895 4260 2063 4315 grano

490 4326 693 4408 sinapis
716 4342 1080 4406 cornparatur,
1104 4348 1226 4397 cum
1254 4332 1541 4403 Apostolus
1566 4335 1709 4390 dicat
1740 4350 1753 4388 :
1782 4334 1847 4388 Et
1881 4338 1924 4390 si
1948 4346 2067 4389 tan-

490 4442 597 4484 tam
624 4429 781 4499 fidem
813 4427 1073 4490 habuero,
1099 4427 1172 4479 ita
1205 4434 1262 4478 ut
1284 4434 1483 4480 montes
1522 4426 1835 4496 transferam
1866 4426 1918 4499 (Ι
1941 4425 2060 4482 Cor.

492 4534 631 4590 XIII).
676 4520 818 4589 Ergo
852 4533 1048 4586 magna
1084 4516 1216 4572 fides
1255 4532 1424 4586 grano
1461 4519 1661 4588 sinapis
1702 4531 2059 4590 comparatur.

492 4611 689 4668 Montis
731 4609 1009 4664 translatio
1048 4624 1154 4663 non
1197 4607 1315 4676 ejus
1345 4608 1677 4680 signiﬁcatur
1705 4626 1863 4679 quem
1895 4612 2067 4667 oculis

495 4703 673 4757 carnis
702 4700 1027 4770 aspicimus,
1068 4700 1159 4754 sed
1201 4699 1340 4754 illius
1384 4701 1534 4769 quia
1563 4700 1788 4756 Domino
1835 4701 2064 4757 transla-

499 4804 584 4849 tus
613 4794 786 4849 fuerat
824 4808 890 4848 ex
927 4792 1180 4847 lunatico.
1209 4788 1347 4857 Quid
1372 4792 1514 4846 enim
1543 4793 1619 4847 ait
1648 4811 1660 4845 :
1697 4792 1883 4847 Dicetis
1905 4794 2067 4846 monti

500 4888 638 4953 huic,
665 4887 851 4959 Transi
874 4887 1011 4951 hinc,
1043 4893 1089 4939 et
1115 4883 1375 4938 transibit.
1408 4884 1487 4939 Ex
1508 4899 1613 4954 quo
1643 4885 1882 4939 stultitim
1912 4900 2063 4938 coar-

499 4979 692 5050 guendi
719 4978 810 5048 qui
850 4984 1197 5033 contemnunt
1223 4974 1494 5044 apostolos
1522 4990 1810 5042 omnesque
1846 4974 2064 5029 creden-

500 5078 582 5125 tes
609 5084 675 5124 ne
712 5081 931 5139 parvam
966 5066 1180 5136 quidem
1221 5054 1472 5121 habuisse
1510 5064 1701 5144 fidem,
1733 5064 1855 5133 quia
1892 5062 2067 5116 nullus

499 5168 919 5234 eontnijniontes
942 5158 1292 5223 transtulerit.
1306 5146 1490 5227 Neque
1511 5158 1654 5211 enim
1679 5165 1887 5211 tantum
1908 5149 2066 5225 prod-

499 5261 579 5307 est
605 5240 804 5306 mon‘tis
829 5250 896 5306 de
923 5248 1027 5305 alio
1056 5248 1111 5302 in
1138 5248 1302 5302 alium
1327 5247 1501 5303 locum
1528 5246 1824 5311 translatio,
1850 5255 1903 5299 et
1932 5260 2066 5298 vana

499 5344 771 5412 signorum
811 5339 1095 5410 quaerenda
1134 5339 1448 5404 ostentatio,
1489 5347 1745 5407 quantum
1770 5338 1838 5392 ob
1866 5337 2069 5391 utilita-

500 5443 605 5485 tem
635 5431 909 5485 hominum
937 5430 1038 5484 iste
1064 5444 1219 5484 mons
1247 5427 1665 5493 transferendus,
1690 5428 1778 5497 qui
1806 5444 1900 5497 per
1932 5426 2065 5480 Pro-

501 5524 715 5588 phetam
750 5518 943 5575 dicitur
981 5533 1327 5589 corrumpere
1366 5534 1576 5572 omnem
1610 5530 1826 5572 terram.
1872 5519 1977 5573 Sed
2017 5527 2071 5572 ct

507 5615 605 5669 hoc
635 5613 921 5668 notandum
958 5614 1081 5685 quia
1115 5628 1338 5685 granum
1380 5610 1574 5681 sinapis
1604 5610 1668 5665 ad
1700 5612 2067 5681 purgationem

2092 4393 2142 4451 D

2150 1819 2234 1866 est
2271 1825 2286 1865 :
2318 1809 2508 1865 Omnia
2544 1811 2812 1882 possibilia
2854 1822 2975 1866 sunt
3014 1814 3240 1867 credenti
3283 1810 3481 1883 (Marc.
3523 1831 3579 1868 ix
3603 1856 3617 1878 ,
3654 1816 3731 1881 ι).

2151 1899 2426 1967 Quomodo
2450 1909 2628 1955 autem
2661 1903 2985 1973 protervitas
3019 1902 3214 1958 diaboli
3243 1915 3533 1973 superetur
3555 1914 3735 1959 osten-

2152 1992 2229 2046 dit
2258 1982 2533 2063 Dominus,
2564 1991 2619 2047 in
2650 1992 3101 2063 subsequentibus
3126 1993 3310 2047 dicens
3342 2013 3355 2047 :

2218 2081 2337 2136 Hoc
2362 2090 2537 2137 autem'
2559 2100 2717 2154 genus
2744 2100 2847 2138 non
2873 2083 3098 2153 ejicitur,
3126 2082 3224 2136 nisi
3247 2100 3340 2154 per
3364 2083 3659 2147 orationem
3684 2094 3729 2136 et

2146 2169 2427 2243 jejunium.
2451 2173 2584 2227 Nam
2608 2173 2735 2228 dum
2760 2175 2913 2229 docet
2938 2173 3210 2242 apostolos
3231 2174 3500 2243 quomodo
3522 2174 3754 2239 damon

2139 2266 2516 2335 ,nequissimus
2536 2265 2727 2345 debeat
2746 2265 2958 2337 expelli,
2979 2281 3168 2321 onlnes
3195 2265 3423 2340 instituit
3442 2266 3511 2319 ad
3538 2265 3727 2345 vitam,

2155 2363 2213 2407 ut
2242 2353 2449 2407 scilicet
2472 2344 2778 2429 noverimus
2792 2354 3049 2424 graviora
3070 2362 3294 2424 quaeque
3310 2355 3398 2430 vel
3423 2344 3731 2409 immunda-

2155 2445 2605 2515 rum—spirituum,
2635 2444 2718 2499 vel
2748 2445 3023 2509 hominum
3057 2432 3400 2506 tentamenta,
3426 2441 3655 2513 ieiuniis
3680 2452 3731 2503 et

2153 2536 2485 2593 ora.ionibus
2537 2551 2655 2592 esse
2703 2536 3022 2607 superanda.
3073 2535 3212 2589 Iram
3260 2550 3470 2605 quoque
3514 2534 3731 2589 Domini

2154 2644 2276 2683 cum
2308 2629 2360 2683 in
2388 2623 2641 2682 ultionem
2678 2635 2981 2697 nostrorum
3023 2624 3285 2680 scelerum
3313 2623 3474 2679 fuerit
3499 2623 3724 2679 accensa

2155 2722 2258 2777 hoc
2285 2718 2521 2775 remedio
2547 2719 2801 2789 singulari
2827 2732 2983 2788 posse
3006 2716 3228 2786 placari.
3253 2714 3518 2785 Jejunium
3544 2716 3727 2783 autem

2157 2798 2405 2881 generale
2434 2818 2527 2875 est.
2557 2824 2661 2864 non
2700 2808 2871 2863 solum
2899 2808 2967 2861 ab
2995 2806 3165 2881 escis,
3196 2805 3291 2860 sed
3316 2820 3346 2858 a
3374 2805 3585 2859 cun‘ctis
3615 2803 3727 2858 ille-

2159 2900 2333 2955 cebris
2356 2898 2625 2954 abstinere
2649 2897 2975 2972 carnalibus,
2992 2898 3098 2950 imo
3121 2888 3185 2949 ab
3206 2897 3451 2951 omnibus
3472 2896 3729 2950 vitiorum

2160 2992 2434 3046 centiuere
2461 2989 2819 3060 passionibus.
2860 2988 2951 3042 Sic
2976 2996 3029 3042 et
3057 2987 3230 3043 oratio
3258 2974 3525 3058 generalis
3548 3004 3657 3042 non
3680 2986 3729 3040 in

2162 3083 2338 3139 verbis
2377 3081 2549 3137 solum
2576 3090 2655 3137 est
2676 3121 2690 3146 ,
2727 3080 2919 3150 quibus
2944 3078 3177 3150 divinam
3206 3077 3545 3133 clementiam
3573 3078 3727 3132 invo-

2162 3187 2377 3237 camus,
2406 3186 2592 3226 verum
2630 3171 2790 3225 etiam
2822 3170 2876 3223 iu
2906 3169 3165 3243 erunibus
3184 3182 3301 3237 qua-
3328 3168 3384 3221 in
3410 3168 3729 3237 obsequium

2163 3263 2333 3319 nostri
2366 3254 2808 3318 conditoris'lidei
2836 3260 3121 3331 devotione
3148 3259 3401 3330 gerimus,
3429 3270 3565 3314 teste
3589 3259 3731 3329 Apo-

2162 3354 2300 3425 stolo
2322 3353 2412 3423 qui
2436 3350 2547 3406 ait':
2573 3349 2783 3421 Semper
2803 3349 3040 3420 gaudete,
3058 3348 3168 3402 sine
3192 3348 3567 3401 intermissione
3586 3357 3731 3400 orate

2163 3443 2212 3515 (I
2245 3443 2396 3497 Thes.
2426 3442 2501 3515 v).
2526 3441 2804 3509 Quomodo
2825 3441 2966 3495 enim
2989 3440 3107 3509 quis
3130 3436 3378 3493 omnibus
3402 3439 3550 3497 horis
3571 3448 3732 3509 atque

2165 3535 2448 3590 momentis
2487 3533 2603 3588 sine
2643 3532 3037 3587 intermissione
3077 3532 3244 3585 Deum
3277 3540 3454 3600 potest
3479 3532 3733 3587 invocare

2164 3622 2543 3679 sermonibus?
2588 3620 2693 3676 Sed
2739 3630 2867 3676 tunc
2913 3622 3027 3677 sine
3075 3622 3471 3685 intermissione
3517 3638 3735 3677 oramus

2164 3728 2288 3768 cum
2314 3728 2375 3767 ea
2404 3711 2574 3789 solum
2600 3710 2761 3781 Opera
2792 3701 3053 3783 gerimus,
3079 3728 3197 3781 quze
3224 3727 3322 3767 nos
3348 3713 3537 3782 pietati
3566 3714 3733 3767 nostri

2165 3804 2541 3859 commendent
2575 3802 2826 3857 auctoris.
2860 3802 2975 3870 Quo
3016 3803 3266 3856 nimirum
3301 3802 3507 3873 jejunio
3544 3796 3601 3858 et
3630 3818 3730 3872 qua

2163 3898 2405 3953 oratione
2426 3896 2681 3965 juvante,
2711 3895 2936 3951 Domino
2960 3903 3179 3964 cunctas
3206 3895 3414 3965 antiqui
3443 3895 3614 3951 hostis
3640 3896 3730 3951 dc-

2164 3987 2479 4053 bellabimus
2505 4000 2567 4041 ac
2596 3984 3024 4057 propulsabimus
3053 3985 3294 4040 insidias.

2235 4072 2370 4149 [lV.]
2409 4070 2841 4130 Conversantibus
2879 4086 3052 4129 autem
3090 4074 3195 4127 illis
3231 4075 3284 4129 in
3316 4068 3568 4154 Galiliva,
3603 4075 3731 4127 dixit

2162 4169 2266 4222 illis
2293 4167 2454 4242 Jesus
2486 4154 2514 4217 ε’
2544 4165 2591 4217 F
2595 4166 2717 4219 ilius
2753 4166 2977 4219 hominis
3017 4164 3303 4219 tradendus
3339 4175 3416 4219 est
3458 4165 3513 4217 in
3548 4182 3731 4219 manus

2165 4252 2429 4315 hominum
2466 4268 2513 4311 et
2553 4248 2782 4310 occident
2812 4273 2961 4320 eum,
3001 4265 3050 4310 et
3084 4253 3236 4309 tertia
3272 4257 3357 4309 die
3384 4266 3633 4324 resurget.
3669 4256 3729 4309 Et

2168 4350 2458 4405 contristati
2485 4358 2603 4402 sunt
2625 4348 2955 4402 vehementer.
2985 4346 3249 4417 (Hierom)
3272 4346 3498 4417 Semper
3520 4362 3732 4414 prospe-

2169 4442 2244 4494 ris
2286 4440 2475 4494 miscet
2526 4437 2728 4501 tristia,
2781 4444 2839 4491 ut
2886 4451 3007 4491 cum
3048 4436 3583 4504 repentevenerint,
3624 4452 3729 4489 non

2168 4538 2404 4584 terreant
2430 4527 2728 4598 apostolos,
2764 4529 2855 4582 sed
2888 4543 2917 4582 a
2946 4528 3328 4597 priameditatis
3350 4527 3593 4582 ferantur
3614 4527 3729 4580 ani-

2168 4622 2289 4675 mis.
2323 4619 2377 4673 Si
2404 4619 2545 4673 enim
2572 4618 2853 4674 contristat
2876 4633 2972 4673 vos
2995 4618 3137 4688 quod
3163 4617 3485 4674 occidendus
3512 4625 3613 4681 est,
3643 4618 3731 4671 de-

2168 4713 2256 4766 bet
2294 4709 2565 4764 laatillcare
2604 4710 2744 4778 quod
2778 4709 2863 4764 die
2905 4708 3066 4763 tertia
3106 4718 3526 4764 resurrecturus.
3566 4706 3731 4761 Porio

2169 4803 2310 4872 quod
2348 4802 2732 4857 contristantur
2766 4800 3131 4868 vehementer,
3173 4814 3276 4854 non
3316 4801 3382 4856 de
3422 4799 3731 4854 inﬁdelitate

2165 4890 2338 4954 venit;
2374 4888 2607 4956 alioquin
2644 4896 2698 4942 et
2724 4887 2939 4942 Petrum
2978 4888 3218 4941 sciebant
3255 4901 3376 4942 esse
3403 4894 3726 4955 correptum,

2166 4995 2334 5049 quare
2360 4993 2469 5032 non
2500 4987 2713 5047 saperet
2736 4991 2797 5031 ea
2826 4992 2942 5047 qua:
2968 4977 3062 5032 Dei
3091 4986 3246 5040 sunt,
3279 4978 3372 5033 sed
3398 4993 3462 5032 ea
3492 4992 3610 5047 qua:
3636 4978 3729 5031 bo-

2168 5070 2400 5133 miuum;
2433 5080 2618 5124 verum
2636 5084 2732 5139 pro
2752 5070 3031 5124 dilectione
3059 5070 3301 5142 magistri
3328 5070 3459 5125 nihil
3480 5071 3546 5127 de
3573 5085 3636 5126 eo
3660 5071 3729 5125 si-

2169 5162 2396 5216 nistrum
2427 5168 2479 5214 et
2509 5160 2710 5214 humile
2739 5160 3014 5229 patiuntur
3036 5161 3239 5224 audire.

2242 5249 2308 5304 Et
2345 5266 2461 5303 cum
2501 5251 2710 5304 venisset
2748 5251 3143 5320 Capharnaum,
3179 5264 3504 5306 accesserunt
3536 5253 3622 5322 qui
3652 5252 3729 5303 di-

2171 5341 2417 5393 drachma
2450 5340 2768 5410 accipiebant
2800 5340 2869 5394 ad
2912 5337 3157 5406 Petrum,
3196 5352 3246 5394 et
3285 5343 3530 5395 dixerunt
3563 5379 3575 5392 .
3616 5337 3726 5391 Ma-

2170 5433 2326 5500 gister
2362 5440 2522 5485 vester
2551 5447 2653 5484 non
2691 5429 2839 5485 solvit
2873 5431 3217 5484 didrachma?
3254 5431 3337 5483 Ait
3377 5432 3451 5486 eis
3484 5448 3502 5486 :
3538 5430 3725 5484 Etiam.

2173 5522 2297 5577 Post
2326 5520 2619 5591 Angustum
2647 5519 2911 5575 Caesarem
2937 5520 3118 5575 Judma
3146 5529 3225 5575 est
3259 5522 3397 5575 facta
3433 5522 3727 5589 tributam.

2170 5625 2221 5668 et
2262 5629 2446 5668 omnes
2485 5615 2629 5669 censi
2670 5616 2851 5684 capite,
2882 5613 3209 5671 ferebantur.
3256 5615 3408 5669 llnde
3444 5624 3499 5668 et
3541 5608 3725 5682 Ioseph
