3922 6318
453 307 590 371 MC"!

1118 309 1178 365 Β.
1219 308 1466 364 RABA‘NI
1508 304 1723 364 MAURI
1763 302 2077 360 ARCHIEP.
2122 301 2430 359 MOGUNT.
2474 300 2758 358 OPERUM
2797 301 2977 359 PARS
3013 303 3055 358 1.

3606 303 3701 354 "(l3
3839 44 3901 379 I

3569 305 3589 352 l
3606 303 3701 354 "(l8

451 429 802 492 humilitatem
830 434 880 480 et
923 425 1320 489 innocentiam,
1352 426 1402 478 in
1430 440 1494 478 eo
1522 422 1767 478 Christus
1793 420 2014 488 suscipi-
2045 419 2092 476 A
2121 417 2442 473 titur~.Judas
2475 457 2490 483 ,
2542 417 2632 487 qui
2685 418 2974 486 proditioni
3011 418 3249 471 animum
3281 426 3698 488 praeparaverat.

449 538 556 582 tur.
589 523 656 577 Et
680 520 971 592 prudenter
1015 534 1112 581 ne,
1162 535 1282 572 cum
1326 517 1557 571 delatum
1585 513 1744 568 fuerit
1767 511 2022 583 apostolis

449 615 719 686 fastigium
750 611 994 674 honoris,
1023 624 1080 664 se
1099 615 1286 678 putent
1312 608 1606 661 honoratos
1631 644 1645 669 ,
1685 602 1882 670 adjecit
1919 605 2023 656 neu

449 706 570 760 illos
609 704 690 758 sui
723 702 916 758 merito
943 701 1036 756 sed
1065 698 1303 769 magistri
1337 698 1541 751 honore
1564 695 1948 762 suscipiendos.

522 795 626 860 Qui
645 804 817 848 autem
847 789 1272 848 scandalizaverit
1300 803 1461 842 unum
1485 789 1549 840 de
1567 785 1770 858 pusillis
1793 786 1906 840 istis
1935 787 2025 857 qui

445 885 500 940 in
527 901 608 938 me
633 884 869 946 credunt,
892 880 1092 952 expedit
1119 880 1166 932 ei
1194 887 1247 932 ut
1276 877 1625 949 suspendatur
1661 875 1799 930 mola
1847 878 2026 930 asina-

450 975 533 1026 ria
559 973 614 1026 in
637 971 770 1026 collo
814 971 929 1040 ejus
972 978 1017 1022 et
1051 967 1380 1037 demergatur
1417 984 1470 1020 ιο.
1495 965 1813 1036 profundum
1834 966 2021 1018 maris.

443 1061 764 1132 Quanquam
805 1059 1070 1132 generalis
1095 1054 1268 1127 possit
1295 1071 1420 1111 esse
1447 1057 1712 1111 sententia
1741 1057 2024 1111 adversum

448 1167 640 1209 omnes
667 1151 757 1221 qui
788 1151 1020 1219 aliquem
1070 1146 1453 1211 scandalizent,
1501 1155 1678 1201 tamen
1712 1145 1866 1216 juxta
1897 1163 2026 1200 con-

449 1243 785 1313 sequentiam
817 1240 1080 1297 sermonis
1108 1239 1268 1292 etiam
1293 1245 1482 1293 contra
1519 1238 1791 1306 apostolos
1821 1238 2024 1292 dictum

451 1335 672 1404 inti-lligi
700 1340 892 1402 potest.
934 1330 1034 1396 Qui
1080 1328 1456 1398 interrogando
1503 1329 1626 1396 quis
1671 1326 1842 1396 major
1884 1336 2028 1382 esset

451 1425 502 1479 in
532 1439 696 1494 regno
722 1421 1003 1484 caelorum,
1035 1418 1354 1473 videbantur
1393 1417 1534 1471 inter
1573 1432 1630 1473 se
1672 1418 1736 1473 de
1764 1418 2026 1488 dignitate

447 1511 802 1576 contendere;
834 1519 888 1564 et
915 1509 959 1564 si
1011 1509 1064 1562 in
1107 1508 1210 1562 hoc
1239 1506 1363 1560 vitia
1393 1507 1838 1575 permansissent,
1878 1516 2028 1575 pote-

452 1614 572 1660 rant
595 1618 690 1658 eos
718 1616 855 1672 quos
886 1599 952 1653 ad
999 1598 1156 1652 ﬁdem
1185 1598 1446 1652 vocabant
1475 1612 1571 1667 per
1609 1610 1764 1653 suum
1801 1599 2028 1652 scanda—

448 1697 558 1750 lum
610 1694 855 1765 perdere,
902 1691 1027 1746 dum
1057 1689 1328 1759 apostolos
1361 1689 1541 1744 vident
1581 1689 1723 1745 inter
1747 1703 1805 1744 sc
1831 1689 1895 1744 de
1925 1689 2024 1744 ho-

2131 508 2270 562 Dicit
2297 519 2351 563 et
2394 508 2680 578 Apostolus
2708 526 2719 559 :
2758 504 2972 576 Oportet
3011 521 3183 560 autem
3215 520 3261 561 et
3293 509 3514 562 hwrcses
3550 524 3660 560 esse
3684 547 3698 568 ,

2125 608 2181 650 ut
2211 599 2298 667 qui
2323 598 2530 667 probati
2552 607 2672 656 sunt
2704 595 2964 664 manifesti
2989 595 3116 663 ﬁant
3146 599 3200 649 in
3239 598 3402 651 vobis.
3452 597 3703 668 lmpossi-

2123 683 2229 738 bile
2252 691 2334 737 est
2355 697 2484 754 ergo
2511 692 2570 737 ut
2595 682 2730 735 alius
2755 679 3084 750 evangelista
3111 678 3261 742 dicit,
3292 682 3344 748 in
3376 683 3478 738 hoc
3505 683 3702 736 mundo

2124 773 2398 828 erroribus
2411 773 2770 842 mrumnisque
2796 771 3106 841 plenissimo
3128 772 3378 826 scandala
3409 775 3702 844 saepissime

2125 879 2231 920 non
2258 865 2462 920 venire.
2490 865 2596 920 Sed
2623 880 2703 920 vae
2735 865 2808 918 illi
2835 863 2926 932 qui
2956 862 3097 932 quod
3127 862 3458 932 impossibile
3484 875 3568 924 est
3599 881 3701 919 non

2125 959 2308 1014 venire
2330 974 2427 1014 suo
2453 956 2581 1012 vitio
2605 956 2732 1012 facit
2753 963 2812 1010 ut
2837 962 2934 1026 per
2961 968 3019 1010 se
3044 953 3244 1008 veniat.

2197 1051 2258 1107 Si
2280 1060 2452 1105 autem
2476 1066 2660 1104 manus
2697 1059 2812 1113 tua,
2854 1032 2934 1101 vel
2975 1063 3063 1114 pes
3105 1055 3226 1100 tuus
3260 1047 3590 1100 scandalizat
3606 1060 3701 1113 :te,

2125 1145 2367 1200 abscinde
2394 1161 2513 1198 eum
2538 1183 2552 1206 ,
2585 1153 2632 1196 et
2665 1142 2860 1212 projice
2908 1139 2998 1192 abs
3029 1149 3120 1192 te:
3155 1138 3346 1191 bonum
3389 1138 3481 1190 tibi
3523 1150 3597 1192 est
3638 1141 3703 1191 ad

2125 1238 2284 1289 vitam
2315 1234 2514 1304 ingredi
2538 1216 2994 1302 debilem,'quam
3036 1229 3172 1282 duas
3209 1245 3399 1282 manus
3451 1228 3527 1281 vel
3576 1230 3704 1281 ducs

2125 1330 2277 1398 pedes
2304 1329 2573 1386 habentem
2596 1329 2730 1381 mitti
2761 1329 2814 1382 in
2841 1328 3008 1397 ignem
3031 1335 3300 1380 internum.
3329 1323 3544 1395 (Beda.)
3571 1323 3702 1390 Quia

2127 1435 2288 1489 supra
2312 1420 2569 1474 docuerat
2592 1433 2658 1473 ne
2694 1406 3120 1473 scandalizemus
3150 1432 3243 1471 eos
3278 1417 3372 1486 qui
3402 1415 3632 1470 credunt
3655 1414 3706 1466 in

2128 1527 2273 1576 eum,
2304 1525 2446 1565 nunc
2474 1517 2866 1578 consequenter
2915 1510 3170 1562 admonet
3205 1517 3466 1576 quantum
3513 1519 3707 1559 cavere

2129 1599 2420 1656 debeamus
2443 1615 2537 1655 eos
2567 1600 2657 1668 qui
2685 1599 3049 1653 scandalizare
3077 1613 3204 1662 nos,
3234 1598 3285 1651 id
3305 1605 3412 1659 est,
3443 1597 3610 1649 verbo
3629 1594 3708 1648 vel

2129 1691 2392 1760 exemplo.
2418 1706 2516 1746 suo
2543 1690 2612 1744 ad
2643 1690 2852 1744 ruinam
2894 1689 3440 1759 peccati'propellere
3480 1695 3706 1741 certant.

449 1801 577 1841 nore
601 1799 859 1855 pugnare.
893 1781 1046 1848 Quod
1080 1789 1258 1835 autem
1291 1780 1425 1834 dixit
1457 1779 1730 1850 :,Expedit
1759 1780 1807 1832 ei
1835 1787 1890 1832 ut
1913 1796 2031 1833 sus-
2059 1765 2104 1822 Β
2134 1783 2348 1838 Manum
2399 1783 2594 1854 quippe
2640 1790 2884 1836 nostram
2921 1781 3154 1852 appellat
3182 1779 3553 1853 necessarium
3583 1780 3712 1831 ami-

448 1874 706 1949 pendetur
723 1871 861 1926 mola
885 1872 1122 1929 asinaria
1157 1872 1209 1923 in
1226 1869 1365 1932 colla
1389 1871 1523 1940 ejus,
1548 1860 1843 1925 secundum
1866 1869 2026 1924 ritum

447 1966 738 2038 provincia:
787 1964 1060 2033 loquitur,
1096 1962 1239 2032 quod
1289 1959 1551 2029 majorum
1601 1961 1886 2017 criminum
1922 1962 2029 2026 ista

447 2057 827 2128 apudveteres
870 2053 1083 2109 Judzeos
1130 2069 1287 2123 poena
1330 2050 1532 2117 fuerit,
1564 2061 1624 2107 ut
1653 2054 1720 2107 -in
1760 2051 2030 2124 profundo
2067 2062 2069 2064 ’

450 2150 616 2219 ligato
652 2162 786 2202 saxo
814 2139 1253 2215 demergerentur
1283 2143 1465 2216 (ΗΑΒ.)
1497 2142 1718 2214 Expedit
1755 2136 1936 2199 autem
1979 2144 2029 2197 ei

451 2241 606 2305 dicit,
635 2240 762 2308 quia
808 2237 976 2293 multo
1025 2219 1210 2290 utilius
1253 2243 1336 2290 est
1361 2236 1638 2292 innoxium
1682 2249 1841 2304 pmna
1870 2250 2029 2304 quam

450 2330 824 2392 atrocissima,
882 2325 1204 2396 temporaria
1244 2333 1423 2379 tamen
1449 2364 1464 2389 ,
1504 2325 1673 2379 vitam
1710 2324 1867 2379 [inire
1910 2339 2033 2380 cor-

450 2435 689 2494 poream,
714 2422 874 2489 quam
914 2417 1154 2471 lzedendo
1181 2414 1880 2470 fratrem~mortemanimm
1914 2430 2031 2470 me-

451 2511 555 2566 reri
591 2518 928 2580 perpetuam.
965 2505 1130 2560 Recte
1156 2514 1334 2560 autem
1362 2505 1454 2576 qui
1476 2497 1833 2566 scandalizari
1855 2513 2032 2574 potest

448 2602 672 2674 pusillus
702 2599 1028 2671 appellatur;
1061 2598 1150 2668 qui
1183 2597 1328 2652 enim
1375 2613 1603 2669 magnus
1645 2605 1746 2663 est,
1782 2613 2032 2667 quaecun-

449 2708 556 2764 que
584 2692 806 2754 viderit,
841 2681 1183 2759 quascunque
1213 2703 1400 2758 passus
1445 2687 1628 2754 fuerit,
1665 2704 1772 2744 non
1798 2687 2032 2743 declinat

451 2800 484 2839 ιι
515 2782 648 2847 fide;
678 2782 770 2852 qui
798 2789 974 2835 autem
1004 2779 1229 2849 pusillus
1269 2787 1353 2833 est
1380 2779 1562 2834 animo
1588 2788 1642 2834 et
1673 2794 1871 2849 parvus
1895 2820 1910 2845 ,
1939 2795 2034 2834 oc-

454 2874 703 2928 casiones
743 2871 942 2942 ‘qumrit
985 2869 1252 2939 quomodo
1301 2869 1714 2924 scandalizetur.
1742 2869 2034 2939 Propterea

454 2968 686 3036 denique
716 2972 930 3035 oportet
959 2977 1058 3016 nos
1083 2962 1317 3016 maxime
1343 2962 1430 3015 his
1449 2961 1729 3036 consulere
1761 2961 1852 3030 qui
1882 2961 2031 3030 parvi

454 3066 579 3113 sunt
609 3057 660 3110 in
689 3055 814 3120 ﬁde,
842 3045 927 3108 'ne
951 3053 1234 3108 occasione
1261 3051 1432 3106 nostri
1456 3032 1826 3116 oﬂ‘endantur,
1858 3059 1913 3105 et
1951 3066 2034 3123 re-

456 3149 651 3204 cedant
673 3162 701 3200 a
727 3147 848 3209 tide,
875 3160 940 3199 ac
967 3143 1217 3205 decidant
1260 3157 1290 3196 a
1317 3141 1507 3196 salute.
1549 3139 1753 3212 (Greg.)
1789 3141 1920 3196 ltem
1942 3157 2036 3211 per

459 3237 654 3291 molam
687 3235 977 3292 asinariam
1009 3232 1282 3288 saecularis
1328 3231 1451 3285 vita:
1479 3231 1737 3288 circuitus
1782 3247 1846 3286 ac
1884 3232 2036 3285 labor

457 3325 796 3396 exprimitur,
827 3329 880 3378 et
908 3339 1006 3394 per
1041 3320 1364 3392 profundum
1394 3321 1562 3375 maris
1600 3328 1843 3374 extrema
1884 3321 2036 3374 dam-

459 3420 606 3473 natio
641 3417 969 3487 designatur.
1020 3414 1120 3480 Qui
1167 3427 1296 3484 ergo
1339 3412 1404 3465 ad
1451 3411 1758 3466 sanctitatis
1800 3409 2033 3479 speciem

460 3513 719 3566 deductus
768 3507 850 3563 vel
887 3509 1050 3562 verbo
1084 3514 1310 3560 czeteros
1352 3503 1601 3568 destruit,
1645 3501 1726 3557 vel
1767 3501 2033 3570 exemplo,

462 3603 651 3658 melius
695 3600 937 3672 profecto
989 3607 1104 3654 erat
1137 3606 1195 3652 ut
1231 3597 1372 3652 hunc
1397 3595 1465 3650 ad
1492 3602 1721 3649 mortem
1760 3595 1860 3648 sub
1891 3602 2039 3647 exte-

463 3695 591 3749 riori
641 3694 824 3748 habitu
871 3700 1084 3745 terrena
1117 3697 1236 3744 acta
1263 3687 1738 3756 constringerent:
1782 3684 1906 3754 quia
1954 3683 2038 3736 ni-

463 3787 658 3841 mirum
683 3787 727 3840 si
757 3784 900 3839 solus
928 3783 1164 3845 caderet,
1216 3787 1486 3847 utcunque
1529 3778 1671 3832 hunc
1710 3775 2042 3831 tolerabilior

468 3877 663 3933 inferni
689 3891 849 3947 poena
879 3873 1162 3928 cruciaret.
1183 3867 1661 3941 (Maximus.)Sive
1681 3866 1834 3920 aliter
1861 3864 2044 3939 asinus

466 3977 549 4022 est
578 3967 644 4021 ad
669 3964 887 4028 molam,
913 3976 1086 4017 aecus
1109 3961 1176 4014 ad
1203 3959 1433 4029 lapidem
1453 3999 1467 4024 ,
1495 3957 1709 4029 gentilis
1736 3957 1803 4011 ad
1829 3971 2041 4021 saxum,

469 4055 558 4125 qui
596 4055 787 4113 adorat
812 4067 934 4106 eum
963 4063 1122 4120 quem
1160 4062 1264 4101 non
1293 4045 1460 4110 videt,
1485 4059 1584 4100 nec
1611 4044 1872 4116 agnoscit.
1906 4042 2046 4097 Deus

470 4148 612 4202 enim
663 4161 764 4198 non
816 4143 870 4196 in
902 4139 1220 4208 manufactis
1267 4137 1466 4190 habitat
1499 4135 1636 4207 (Act.
1684 4135 1815 4206 vn).
1848 4148 1948 4188 nec
1991 4133 2045 4187 in

471 4235 687 4292 metallo
711 4275 725 4300 ,
757 4241 850 4287 aut
879 4246 1009 4286 saxo
1039 4227 1398 4298 cognoscitur.
1427 4225 1525 4280 Hic
1554 4239 1683 4294 ergo
1711 4223 1927 4295 gentilis
1953 4237 2046 4292 po.

471 4327 649 4397 pulus,
681 4341 802 4381 cum
830 4320 1260 4392 persecutionem
1291 4317 1600 4372 Christiano
1643 4314 1914 4379 intulerit,
1943 4314 2047 4368 hac

471 4433 628 4489 ptena
657 4418 909 4488 plectitur
937 4422 993 4467 ut
1017 4427 1138 4465 cum
1172 4424 1266 4464 sua
1295 4408 1553 4478 sacrilega
1596 4406 1736 4461 mola
1773 4405 2046 4474 judicandi

477 4509 655 4566 seaculi
684 4507 935 4561 fluctibus
960 4503 1324 4571 admergatur.
1355 4497 1555 4570 (Creg.)
1585 4496 1885 4551 Notandum
1918 4508 2047 4550 sane

475 4601 599 4672 quia
643 4601 697 4653 in
732 4605 916 4653 nostro
944 4596 1086 4649 bono
1123 4607 1285 4662 opere
1323 4589 1610 4658 aliquando
1640 4587 1939 4641 cavendum
1967 4593 2050 4639 est

476 4687 785 4744 scandalum
820 4683 1090 4754 proximi,
1122 4679 1407 4749 aliquando
1450 4691 1578 4731 vero
1616 4691 1712 4745 pro
1737 4674 1903 4729 nihilo
1925 4689 2050 4728 con-

481 4779 844 4835 temnendum.
876 4777 932 4829 ln
965 4780 1227 4844 quantum
1258 4770 1402 4824 enim
1434 4768 1550 4822 sine
1590 4773 1814 4836 peccato
1854 4779 2050 4835 possu-

478 4885 598 4924 mus
623 4910 636 4933 ,
671 4869 842 4922 vitare
883 4864 1248 4935 proximorum
1294 4857 1606 4914 scandalum
1669 4856 1944 4911 debemus.
1995 4854 2054 4908 Si

483 4971 660 5016 autem
706 4962 770 5016 de
814 4960 1038 5013 veritate
1081 4953 1392 5010 scandalum
1426 4950 1656 5006 sumitur
1679 4990 1692 5014 ,
1723 4948 1907 5001 utilius
1933 4962 2052 5016 per-
2087 4981 2091 4987 -

483 5052 713 5106 mittitur
759 5048 1064 5104 scandalum
1095 5045 1241 5100 nasci
1275 5058 1436 5114 quam
1465 5041 1668 5097 veritas
1697 5039 2050 5107 relinquatur.

569 5159 655 5214 Va:
682 5159 875 5213 mundo
901 5176 930 5210 a
954 5156 1232 5210 scandalis.
1269 5154 1492 5208 Necesse
1512 5159 1589 5204 est
1609 5149 1745 5202 enim
1768 5156 1822 5199 ut
1848 5145 2052 5198 veniant

488 5251 778 5315 scandala;
826 5258 1172 5302 verumtamen
1201 5262 1274 5299 ea:
1322 5242 1515 5297 homini
1545 5257 1635 5311 per
1655 5254 1804 5308 quem
1834 5235 2057 5290 scanda-

489 5344 597 5396 lum
653 5344 804 5395 venit.
847 5337 1113 5411 (Ilieron.)
1151 5335 1262 5389 Non
1313 5349 1418 5404 quo
1469 5345 1690 5386 necesse
1748 5330 1821 5382 sit
1872 5327 2056 5380 venire

489 5433 739 5490 scandala
769 5431 1023 5503 (alioquin
1055 5428 1256 5496 absque
1284 5424 1434 5492 culpa
1468 5429 1649 5477 essent
1696 5420 1787 5490 qui
1833 5417 2060 5472 scanda-

493 5525 604 5583 lum
651 5523 903 5594 faciunt),
957 5521 1050 5574 sed
1100 5532 1222 5572 cum
1262 5529 1480 5569 necesse
1527 5504 1595 5566 sit
1629 5513 1681 5564 in
1712 5511 1816 5564 isto
1861 5505 2060 5561 mundo

496 5617 612 5673 ﬁeri
681 5614 931 5672 scandala
961 5652 974 5675 ,
1026 5608 1394 5677 unusquisque
1446 5619 1542 5657 suo
1605 5603 1736 5656 vitio
1791 5595 2060 5653 scandalis

499 5717 679 5775 patet;
720 5703 981 5772 simulun
1019 5716 1111 5770 per
1147 5694 1451 5766 generalem
1502 5691 1822 5747 sententiam
1870 5701 2060 5759 percu-

2130 1891 2292 1939 cum,
2336 1873 2490 1942 cujus
2525 1889 2688 1943 opera
2738 1884 2900 1943 atque
2956 1872 3157 1926 auxilio
3209 1870 3525 1940 quotidiana
3580 1883 3710 1937 opus

2129 1966 2408 2021 habemus.
2441 1964 2546 2021 Sed
2570 1964 2692 2018 talis
2715 1965 2760 2018 si
2789 1978 2886 2018 nos
2911 1963 3103 2018 lzedere
3135 1963 3186 2015 in
3221 1977 3380 2016 causa
3404 1962 3601 2014 anima:
3626 1975 3711 2011 vo-

2130 2057 2312 2121 luerit,
2342 2055 2708 2110 excludendos
2729 2063 2813 2109 est
2841 2070 2870 2107 a
2902 2061 3087 2109 nostra
3115 2053 3397 2116 societate,
3426 2067 3494 2105 ne
3520 2052 3566 2105 si
3589 2066 3708 2104 cum

2130 2148 2340 2218 perdito
2368 2148 2420 2201 in
2450 2147 2552 2201 hac
2581 2145 2689 2200 vita
2717 2152 2926 2216 partem
2950 2143 3149 2198 habere
3172 2143 3440 2206 volumus,
3475 2140 3635 2195 simul
3660 2140 3710 2192 in

2132 2240 2313 2295 future
2340 2255 2459 2294 cum
2489 2238 2578 2293 illo
2602 2253 2907 2308 pereamus.
2936 2237 3006 2290 in.
3025 2238 3179 2306 pede,
3203 2236 3348 2290 sicut
3365 2242 3420 2289 et
3450 2235 3505 2289 in
3531 2249 3708 2292 manu.

2133 2329 2783 2398 charosinemendabiles
2816 2330 2974 2398 docet
3014 2329 3327 2383 alienandos
3369 2343 3398 2380 a
3432 2327 3608 2391 nobis,
3651 2341 3711 2379 ne

2131 2437 2228 2492 per
2270 2421 2661 2475 immunditiam
2692 2434 2878 2473 eorum
2907 2433 3041 2486 quos
3070 2418 3341 2487 castigare
3389 2418 3675 2486 nequimus
3695 2455 3708 2478 ,

2130 2520 2186 2566 et
2229 2511 2328 2581 ipsi
2373 2509 2560 2580 polluti
2614 2523 2916 2578 pereamus.
2951 2508 3054 2561 Sed
3092 2521 3286 2561 manus
3321 2514 3547 2576 propter
3583 2519 3712 2574 Opus

2133 2602 2498 2672 necessarium
2544 2599 2733 2666 nobis,
2782 2599 2948 2669 pedes
3002 2605 3129 2653 sunt
3162 2597 3289 2652 dicti
3320 2597 3458 2655 tales
3496 2604 3711 2666 propter

2133 2693 2493 2749 ministerium
2517 2731 2531 2757 ,
2563 2691 2945 2759 discursu’sque
2975 2690 3028 2743 in
3056 2690 3258 2744 nostris
3274 2688 3467 2744 usibus
3503 2696 3710 2742 accom-

2135 2784 2342 2838 modos.

2207 2875 2274 2928 Et
2305 2875 2350 2928 si
2379 2873 2560 2929 oculus
2589 2884 2708 2928 tuus
2737 2872 3067 2927 scandalizat
3097 2881 3178 2936 te,
3208 2887 3331 2924 erue
3364 2886 3493 2933 "tm,
3522 2879 3569 2922 et
3594 2884 3711 2938 pro-

2129 2969 2237 3038 jice
2267 2969 2358 3022 abs
2396 2977 2445 3021 te
2471 2983 2489 3020 :
2520 2966 2709 3020 bonum
2749 2967 2844 3019 tibi
2884 2975 2958 3018 est
3000 2948 3278 3018 habentem
3312 2976 3476 3016 unum
3508 2960 3710 3014 oculum

2138 3059 2192 3110 in
2221 3058 2379 3111 vitam
2411 3057 2640 3119 intrare,
2680 3071 2837 3124 quam
2872 3053 3002 3105 duos
3043 3051 3219 3104 oculos
3258 3051 3534 3102 habentem
3579 3048 3711 3099 mitti

2064 3118 2106 3179 (ἶ
2138 3150 2191 3202 in
2219 3149 2502 3219 gehennam
2535 3118 2702 3216 ignis:
2722 3146 2779 3200 In
2810 3145 2965 3202 oculo
2991 3151 3204 3213 quoque
3229 3151 3450 3211 prepter
3483 3141 3705 3195 scanda-

2139 3239 2246 3292 lum
2270 3237 2512 3294 eruenda
2553 3237 2718 3292 iidem
2760 3236 2931 3292 nostri
2969 3234 3257 3288 carnaliter
3283 3224 3711 3299 amici,‘spiritao

2139 3331 2260 3385 liter
2284 3344 2412 3385 vero
2455 3327 2748 3385 adversarii
2801 3326 3168 3394 designantur.
3216 3322 3322 3377 Sed
3349 3337 3470 3377 cum
3503 3337 3601 3375 nos
3630 3334 3714 3372 eo-

2140 3435 2257 3478 nlm
2295 3421 2526 3478 consilio
2568 3433 2630 3475 a‘c
2675 3419 2980 3490 provisione
3019 3432 3153 3486 opus
3181 3416 3465 3478 habemus,
3492 3414 3566 3467 illi
3593 3427 3714 3466 vero

2141 3515 2366 3570 consilio
2400 3528 2498 3569 nos
2541 3527 2707 3583 pravo
2749 3511 2998 3580 decipere
3025 3550 3039 3574 ,
3087 3509 3137 3562 in
3175 3508 3283 3561 iter
3322 3506 3530 3560 erroris
3565 3503 3715 3558 delle-

2141 3601 2289 3664 ctere
2317 3615 2564 3678 quierunt
2589 3646 2603 3672 ,
2649 3605 2864 3675 penitus
2912 3603 3066 3659 nobis
3091 3602 3389 3656 omittenda
3419 3608 3506 3654 est
3536 3612 3715 3655 eorum

2143 3703 2394 3758 societas.

2216 3793 2486 3865 (Hieron.)
2525 3789 2692 3863 Igitur
2743 3789 3023 3847 Dominico
3055 3794 3324 3857 pracepto
3361 3784 3542 3840 omnis
3579 3793 3719 3838 trun-

2147 3893 2302 3939 catur
2333 3881 2587 3947 aﬂ‘ectns,
2610 3889 2665 3936 et
2691 3871 2940 3934 universa
2974 3874 3347 3945 propinquitas
3377 3880 3717 3941 amputatur,

2147 3989 2214 4029 ne
2243 3987 2338 4045 per
2362 3973 2699 4040 occasionem
2728 3968 2945 4040 pietatis
2975 3965 3345 4034 unusquisque
3388 3962 3716 4017 credentium

2147 4062 2414 4119 scandalis
2457 4069 2660 4132 pateat.
2705 4059 2807 4124 Si,
2854 4057 3068 4126 inquit",
3098 4055 3172 4108 ita
3199 4063 3282 4108 est
3309 4052 3433 4122 quis
3461 4052 3557 4105 tibi
3599 4065 3719 4105 con-

2141 4159 2380 4229 junctus,
2414 4165 2474 4210 ut
2501 4169 2712 4218 manus,
2744 4166 2861 4220 pes,
2913 4149 3120 4212 oculus,
3146 4153 3200 4201 et
3237 4156 3320 4200 est
3369 4142 3540 4207 utilis,
3571 4145 3724 4211 atque

2120 4249 2411 4306 .sollicitus
2440 4287 2452 4312 ,
2493 4253 2548 4300 et
2592 4250 2782 4298 acutus
2810 4241 2874 4294 ad
2909 4237 3340 4310 perspiciendum
3367 4275 3381 4297 ,
3414 4232 3724 4287 scandalum

2150 4348 2328 4394 autem
2349 4337 2451 4390 “tibi
2487 4335 2631 4395 facit.
2661 4340 2714 4385 ct
2742 4341 2961 4400 propter
2986 4316 3371 4381 dissonantiam
3416 4335 3629 4375 morum
3681 4329 3730 4373 te

2081 4467 2125 4528 υ
2149 4425 2415 4500 pertrahit
2441 4425 2494 4477 in
2526 4423 2830 4491 gehennam
2858 4459 2871 4483 ,
2902 4416 3095 4472 melius
3123 4423 3205 4469 est
3239 4422 3299 4467 ut
3330 4411 3730 4483 propinquitate

2356 4519 2368 4528 .
2541 4515 2573 4528 --
2685 4513 2696 4524 ο
2853 4527 2862 4528 κ
2883 4525 2995 4528 γα--
3071 4521 3219 4528 A---‘.
3255 4507 3371 4528 .l---.-
3402 4505 3481 4528 -.:..
3515 4501 3702 4528 I..-_:f.

2152 4529 2206 4575 et
2232 4515 2608 4574 emolumentis
2651 4513 2768 4583 ejus
2811 4525 3034 4575 careas,
3063 4521 3224 4579 quam
3249 4507 3375 4560 dum
3402 4505 3484 4558 vis
3515 4501 3729 4558 lucrifa-

2153 4626 2274 4666 cere
2297 4617 2552 4679 cognatos
2580 4615 2634 4660 et
2659 4602 2993 4659 necessarios
3020 4642 3033 4664 ,
3066 4614 3284 4653 causam
3316 4597 3522 4651 habeas
3554 4595 3728 4649 ruina-

2155 4720 2292 4758 rum.
2330 4700 2599 4757 Σκάνδαλον
2627 4701 2824 4772 quippe
2849 4712 3026 4751 sermo
3065 4694 3284 4750 Graecus
3310 4701 3427 4755 est,
3457 4690 3602 4759 quod
3633 4703 3729 4742 nos

2153 4795 2530 4851 oll'endiculum’
2569 4793 2651 4848 vel
2690 4793 2922 4851 ruinam,
2952 4797 3008 4843 et
3045 4787 3428 4855 impactinnem
3471 4783 3627 4854 pedis
3649 4782 3730 4836 di-

2157 4902 2279 4942 cere
2316 4900 2618 4955 possumus.
2649 4883 2761 4949 ,llle
2815 4897 2944 4949 ergo
2995 4878 3328 4934 scandalizat
3376 4873 3602 4928 fratrem
3637 4872 3731 4944 qui

2130 5044 2133 5047 Ι
2159 4979 2302 5032 dicto
2332 4975 2539 5029 factove
2569 4974 2746 5026 minus
2771 4979 2918 5024 recto
2940 4968 3280 5022 occasionem
3312 4963 3481 5017 ruina":
3503 4960 3731 5016 dederit.

2161 5067 2345 5136 Itaque
2388 5081 2492 5118 non
2540 5063 2707 5117 frater
2729 5103 2744 5126 ,
2773 5077 2882 5115 non
2910 5073 3045 5113 uxor
3071 5099 3084 5121 ,
3111 5071 3220 5111 non
3250 5055 3341 5109 ﬁlii
3362 5095 3377 5119 ,
3401 5068 3508 5108 non
3529 5053 3690 5106 amici
3716 5091 3732 5113 ,

2164 5173 2270 5211 non
2319 5156 2496 5210 omnis
2544 5150 2810 5216 affectus,
2862 5150 2953 5219 qui
3005 5162 3104 5202 nos
3149 5145 3438 5201 excludere
3479 5150 3658 5213 potest
3705 5157 3736 5195 ιι

2165 5261 2330 5319 regno
2358 5245 2616 5300 caelorum
2643 5284 2657 5307 ,
2687 5241 2858 5296 amori
2902 5238 3112 5296 Domini
3158 5243 3523 5307 praeponatur.
3578 5231 3738 5287 Novit

2166 5337 2529 5407 unusquisque
2571 5326 2904 5389 credentium
2940 5331 3070 5402 quid
3114 5329 3215 5384 sibi
3271 5333 3496 5389 noceat,
3547 5322 3634 5378 vel
3683 5322 3737 5375 in

2166 5444 2272 5500 quo
2301 5428 2618 5484 sollicitetur
2646 5425 2877 5489 animus,
2930 5437 2994 5476 ac
3045 5435 3189 5492 saepe
3237 5426 3493 5473 tentetur.
3552 5414 3739 5470 Melius

2166 5537 2294 5591 ergo
2316 5529 2399 5575 est
2423 5519 2588 5572 vitam
2619 5515 2914 5571 solitariam
2939 5513 3156 5576 ducere,
3186 5523 3349 5581 quam
3369 5508 3442 5563 ob
3463 5506 3588 5560 vitae
3605 5517 3740 5573 pra-

2167 5613 2334 5668 sentis
2361 5611 2666 5666 necessaria
2694 5610 2859 5662 vitam
2884 5615 3143 5662 azternam
3169 5603 3418 5674 perdere.

2252 5702 2425 5757 Videte
2461 5719 2523 5758 ne
2551 5699 2890 5756 contemnatis
2927 5715 3088 5753 unum
3114 5713 3180 5750 ea:
3203 5694 3282 5748 his
3304 5689 3533 5763 pusillis.
3569 5688 3744 5758 Supra

3849 379 3901 724 1
