3922 6344
226 274 360 366 tona

1195 295 1545 358 COMMENT.
1583 294 1651 351 1N
1690 292 2122 351 MATTHAEUM.
2161 324 2232 336 -—-
2267 291 2393 351 LIB.
2436 292 2498 348 γ.

3341 294 3469 355 ’0ἱο

221 423 460 478 diximus
488 433 582 491 per
612 431 848 481 manum,
878 423 934 473 et
961 415 1172 487 pedem,
1218 421 1273 468 et
1317 410 1564 471 oculum,
1606 421 1793 463 omnes
1820 406 1871 466 A
1897 414 2118 485 naginta
2153 427 2346 469 novem
2380 422 2439 468 ut
2490 421 2704 469 centum
2745 414 2871 468 sint.
2926 411 3135 469 Variari
3196 424 3323 479 ergo
3377 425 3477 478 per

200 510 657 585 propinquitates
689 518 743 564 et
768 507 1193 565 necessitudines
1222 520 1341 572 quae
1381 500 1689 557 scandalum
1720 498 1801 553 fa-

222 619 352 660 cere
379 608 631 671 poterant
664 600 1034 670 amputandas.
1059 594 1445 649 Austeritatem
1478 592 1657 658 itaque
1678 605 1801 644 sen-

224 693 408 747 tentire
434 691 670 761 subjecto
694 698 961 761 praecepto
978 693 1258 754 temperat,
1285 684 1470 737 dicens
1498 696 1514 750 _:
1548 678 1724 734 Videte
1738 696 1801 733 ne

224 785 566 855 contemnatis
590 801 749 853 unum
777 784 840 836 de
864 779 1068 853 pusillis
1094 779 1227 831 istis.
1256 774 1373 841 Sic,
1393 775 1586 845 inquit,
1611 774 1802 844 praeci-

224 874 319 944 pio
344 875 683 929 severitatem
712 873 1046 928 eommistam
1097 866 1427 930 clementiae;
1458 874 1715 934 quantum
1746 864 1800 918 in
1877 892 1883 896 -

226 954 384 1020 vobis
412 973 494 1020 est
524 964 687 1019 nolite
719 971 1064 1016 contemnere
1091 959 1112 1022 ,’
1141 958 1234 1013 sed
1262 972 1359 1026 per
1380 962 1614 1010 vestram
1661 953 1808 1008 saln—.

225 1062 339 1108 tem
365 1053 574 1108 illorum
598 1050 825 1121 quaerite
856 1049 1165 1102 sanitatem.
1196 1047 1262 1101 Et
1299 1061 1421 1100 cum
1457 1052 1802 1116 perseveran-

225 1154 312 1201 tes
352 1146 405 1200 in
453 1142 686 1213 peccatis
724 1139 965 1193 videritis
993 1146 1045 1194 et
1074 1138 1220 1192 vitiis
1248 1136 1542 1191 servientes
1570 1175 1583 1199 ,
1614 1133 1805 1188 melius

222 1244 311 1303 est
338 1235 480 1290 solos
509 1233 686 1288 salvos
714 1230 827 1285 ﬁeri
852 1245 1012 1301 quam
1042 1230 1228 1300 perire.
1247 1244 1367 1283 cum
1394 1226 1658 1297 pluribus.

299 1326 428 1379 Dico
458 1324 594 1378 enim
623 1322 781 1385 vobis,
808 1321 932 1391 quia
953 1320 1123 1391 angeli
1148 1337 1325 1373 eorum
1354 1320 1408 1373 in
1438 1318 1576 1373 ctelis
1606 1334 1806 1388 semper

223 1417 397 1473 rident
428 1415 613 1483 faciem
641 1399 955 1466 Patris'mei’
975 1413 1144 1485 quiin
1165 1412 1303 1466 ca'zlis
1326 1420 1420 1465 est.
1450 1410 1521 1465 Ut
1549 1424 1805 1478 unaquae-

224 1523 333 1578 que
360 1506 428 1560 ab
455 1514 576 1561 ortu
599 1506 899 1564 nativitatis
926 1506 977 1559 in
1012 1502 1313 1578 custodiam
1342 1503 1686 1574 suilegatum
1712 1503 1807 1558 ba-

170 1584 179 1591 ,
222 1597 355 1652 beat
379 1596 653 1667 angelum,
679 1610 874 1665 magna
899 1594 1132 1665 dignitas
1170 1601 1254 1649 est
1293 1593 1615 1647 animarum.
1640 1590 1808 1647 .Unde

224 1690 456 1760 legimus
494 1689 547 1742 in
570 1686 895 1757 Apocalypsi
910 1684 1132 1741 Joannis
1153 1704 1166 1747 ;
1184 1685 1386 1756 Angelo
1412 1684 1810 1755 Ephesi~Thya-

1900 505 2221 560 brevitatem
2268 513 2323 560 et
2358 505 2781 576 magnitudinem
2826 506 3034 559 numeri
3083 513 3304 575 possunt
3360 502 3477 571 qni-

1900 594 2002 648 bus
2032 610 2196 649 unum
2226 595 2396 660 deest,
2421 603 2479 649 ut
2509 594 2859 665 perﬁciantur
2887 614 2899 648 :
2932 596 3103 664 ipsum
3133 609 3258 650 vero
3289 608 3476 656 unum,

1901 685 2018 740 sine
2046 686 2306 741 varietate
2336 687 2389 741 in
2416 702 2474 742 se
2500 702 2745 755 manens,
2777 704 2897 743 cum
2926 690 3216 743 accesserit
3257 696 3482 743 czeLeros

1901 774 2131 846 perlicit.

1971 869 2039 923 Et
2064 870 2108 922 si
2131 870 2401 939 contigerit
2441 880 2495 923 ut
2534 872 2759 925 inveniat
2804 888 2941 926 eam.
2995 888 3145 924 amen
3180 870 3295 923 dico
3343 870 3481 926 vobis

1902 962 2023 1032 quia
2048 960 2290 1031 gaudebit
2320 977 2476 1031 super
2496 977 2608 1014 eam
2647 962 2809 1030 magis
2832 977 2987 1030 quam
3011 977 3165 1030 super
3199 960 3482 1029 nonaginta

1903 1066 2083 1104 novem
2127 1066 2243 1121 qua:
2292 1067 2393 1104 non
2434 1060 2758 1105 erraverunt.
2810 1048 3068 1123 (Didgm.)
3111 1049 3211 1103 Alii
3259 1064 3388 1103 vero
3426 1050 3477 1103 in

1904 1140 2192 1211 nonaginta
2226 1155 2414 1199 novem
2464 1141 2654 1196 ovibus
2692 1142 2958 1212 justorum
2988 1150 3177 1211 putant
3201 1126 3480 1195 numerum

1904 1229 2147 1299 intelligi,
2192 1238 2245 1284 et
2294 1230 2347 1284 in
2390 1246 2493 1285 una
2541 1231 2749 1285 ovicula
2793 1240 3158 1302 peccatorum,
3189 1231 3483 1287 secundum

1904 1320 2045 1390 qu'od
2078 1321 2130 1374 in
2158 1321 2264 1375 alio
2292 1320 2408 1377 loco
2437 1322 2647 1377 dixerat
2676 1341 2688 1374 :
2720 1322 2841 1377 Non
2870 1323 3007 1377 enim
3036 1324 3151 1377 veni
3182 1339 3363 1377 vocare
3385 1324 3482 1393 ju-

1905 1421 2033 1476 stos,
2062 1412 2150 1465 sed
2189 1424 2512 1482 peccatores;
2543 1430 2643 1467 non
2677 1431 2711 1467 e.
2748 1414 2812 1467 ’νη
2851 1431 2978 1485 opus
3008 1413 3193 1468 habent
3228 1414 3347 1468 sani
3378 1432 3485 1468 me-

1905 1501 2043 1565 dico,
2067 1501 2155 1555 sed
2184 1502 2275 1572 qui
2296 1502 2428 1556 male
2454 1503 2637 1557 habent
2672 1504 2881 1576 (Matth.
2912 1504 3008 1574 ix).
3053 1504 3157 1559 Sed
3185 1505 3481 1577 notandum

1908 1593 2133 1661 quodin
2165 1592 2309 1647 Luca
2345 1592 2496 1661 juxta
2551 1594 2691 1650 hanc
2740 1596 3047 1665 parabolam
3096 1597 3353 1665 scriptum
3401 1579 3509 1650 est.

1909 1682 2051 1752 quod
2088 1683 2160 1736 ita
2208 1684 2456 1753 gaudium
2493 1685 2589 1738 erit
2631 1686 2686 1739 in
2729 1684 2855 1739 cazlo
2887 1703 3042 1757 super
3077 1703 3181 1739 uno
3218 1696 3487 1756 peccatore

228 1780 347 1834 lira:
376 1821 390 1844 ,
450 1787 503 1833 et
557 1777 749 1847 angelo
787 1776 1167 1844 Philadelphia:
1195 1816 1209 1840 ,
1245 1785 1299 1834 et
1344 1774 1546 1845 angelis
1578 1783 1809 1845 quatuor
1836 1762 1885 1822 B
1910 1771 2261 1842 paenitentiam
2293 1781 2493 1840 agente,
2521 1788 2675 1842 quam
2700 1789 2857 1843 super
2888 1775 3169 1845 nonaginta
3197 1792 3371 1829 novem
3391 1775 3484 1844 ju-

223 1869 557 1936 reliquarum
602 1865 966 1920 ecclesiarum
1003 1864 1180 1919 scribe
1234 1865 1350 1918 haec
1398 1862 1579 1934 (Apoc.
1626 1880 1677 1929 ι,
1720 1863 1802 1934 ιι).

225 1957 522 2029 Apostolus
550 1970 763 2026 quoque
790 1954 1046 2024 praecepit
1090 1953 1257 2007 velari
1289 1954 1464 2023 capita
1489 1954 1543 2007 in
1565 1953 1808 2008 ecclesiis

225 2051 551 2105 feminarum
602 2056 822 2119 propter
850 2048 1086 2117 angelos.
1123 2036 1416 2119 (ΜΑοιιυέ.)
1447 2048 1633 2120 Angeli
1664 2048 1806 2102 enim

224 2139 572 2209 parvulorum
598 2180 612 2204 ,
645 2138 696 2192 id
733 2146 815 2192 est
860 2137 1166 2202 humilium,
1210 2137 1263 2190 in
1296 2137 1449 2191 caelis
1478 2137 1810 2209 sempervi-

225 2229 361 2284 dent
393 2227 590 2301 faciem
632 2227 810 2281 Patris
836 2267 851 2291 ,
879 2227 983 2281 hoc
1008 2233 1094 2280 est
1126 2213 1573 2294 contemplatione
1603 2224 1698 2279 Dei
1726 2240 1811 2280 as-

225 2316 787 2385 sidua-perfruuntur.
815 2315 1051 2371 .Faciem
1114 2331 1326 2385 quoque
1380 2331 1533 2370 more
1574 2310 1810 2373 humano

224 2408 383 2480 ponit
409 2423 506 2477 pro
531 2408 739 2461 visume
763 2416 816 2459 et
836 2407 1108 2475 agnitione
1132 2408 1453 2471 certissima.

310 2498 462 2553 Venit
514 2501 669 2579 enim.
699 2498 870 2553 Filius
899 2501 1122 2555 hominis
1149 2500 1352 2555 salvare
1394 2502 1545 2571 quod,
1564 2502 1807 2573 perierat.

228 2591 311 2645 Ac
367 2590 412 2644 si
458 2591 705 2655 diceret,
739 2589 885 2644 venit
939 2590 1104 2645 Filius
1165 2591 1261 2646 Dei
1328 2600 1633 2648 restaurare
1671 2593 1812 2663 quod

229 2680 527 2733 contritum
571 2694 633 2732 ac
684 2678 947 2745 dejectum
1006 2688 1140 2733 erat.
1184 2681 1252 2734 Et
1285 2681 1403 2736 ideo
1452 2683 1715 2737 salvatum
1745 2686 1814 2739 ab

231 2784 301 2824 eo
334 2768 501 2823 nolite
523 2768 766 2837 perdere.
795 2767 923 2823 Sine
947 2769 1090 2823 enim
1122 2770 1310 2839 grandi
1341 2770 1582 2839 periculo
1619 2786 1684 2826 ac
1726 2772 1815 2827 de—

234 2858 500 2912 trimento
551 2858 631 2912 sui
677 2872 783 2912 non
818 2867 996 2927 potest
1028 2860 1149 2928 quis
1174 2874 1306 2930 opus
1335 2859 1430 2916 Dei
1471 2861 1769 2917 dissolvere
1800 2902 1814 2927 ,

234 2966 339 3007 nec
392 2960 477 3007 est
524 2952 742 3022 dignum
801 2961 862 3006 ut
922 2953 1082 3007 homo
1143 2953 1406 3022 despiciat
1464 2953 1609 3022 quod
1677 2953 1819 3009 Deus

235 3043 417 3114 elegit.
475 3043 629 3099 Unde
687 3042 831 3098 aliud
876 3043 941 3099 de
972 3042 1156 3098 eadem
1197 3059 1256 3099 re
1309 3042 1583 3116 subjungit
1632 3060 1817 3100 exem—

192 3158 195 3161 λ
236 3136 406 3207 plum.

313 3225 428 3299 [IL]
464 3226 603 3291 Quid
639 3227 781 3281 vobis
817 3225 1063 3280 videtur?
1092 3218 1150 3281 Si
1190 3225 1385 3296 fuerint
1417 3225 1577 3280 alicui
1610 3236 1814 3281 centum

236 3331 374 3379 oves,
422 3325 468 3368 et
499 3317 745 3369 erraverit
779 3332 881 3373 una
906 3332 977 3376 ea:
1007 3315 1079 3369 eis
1106 3356 1120 3382 ,
1158 3331 1328 3368 nonne
1363 3314 1604 3387 relinquit
1658 3332 1818 3370 nona-

233 3405 383 3477 ginta
424 3421 599 3458 novem
641 3406 694 3458 in
724 3405 1016 3470 montibus,
1063 3415 1111 3459 et
1137 3405 1281 3459 vadit
1308 3421 1539 3475 quaerere
1564 3422 1679 3459 eam
1704 3422 1819 3477 qua:

236 3494 472 3546 erravit?
500 3493 770 3563 (Hieron.)
802 3492 1205 3563 Consequenter
1229 3494 1297 3546 ad
1324 3492 1665 3559 clementiam
1691 3510 1817 3564 prs-

238 3590 396 3653 vocat
424 3582 515 3651 qui
540 3584 876 3651 praemiserat
902 3582 1088 3637 dicens
1120 3597 1136 3634 -:
1179 3579 1355 3636 Videte
1392 3599 1454 3635 ne
1483 3584 1822 3637 contemnatis

241 3687 410 3725 unum
430 3688 494 3725 ea:
515 3671 719 3737 pusillis
746 3672 878 3725 istis.
906 3671 974 3725 Et
995 3670 1268 3739 subjungit
1305 3672 1614 3740 parabolam
1656 3687 1823 3727 nona-
1865 3715 1869 3718 ρ

241 3762 396 3833 ginta
428 3777 617 3816 novem
642 3761 821 3814 ovium
846 3761 898 3814 in
928 3760 1200 3814 montibus
1228 3759 1556 3823 relictarum,
1583 3769 1637 3814 et
1667 3762 1826 3816 unius

252 3866 501 3907 erronere
525 3890 539 3915 ,
559 3859 736 3919 quam
776 3858 963 3919 pastor
1003 3850 1175 3904 bonus
1204 3848 1326 3917 quia
1354 3858 1574 3920 prepter
1606 3850 1826 3904 nimiam

245 3939 618 3994 infirmitatem
649 3937 923 3991 ambulare
952 3952 1057 3991 non
1090 3944 1319 4005 poterat,
1352 3937 1593 3991 humeris
1627 3938 1738 3991 suis
1759 3937 1828 3991 ad

246 4042 466 4100 gregem
491 4027 1035 4103 reliquum'reportet.
1055 4026 1281 4094 Quidam
1303 4033 1493 4095 putant
1524 4027 1682 4080 istum
1711 4040 1828 4080 esse

246 4126 522 4188 pastorem
552 4158 567 4182 ,
614 4117 842 4187 qui-cum
868 4112 923 4170 in
954 4116 1122 4185 forma
1142 4115 1247 4175 Dei
1268 4123 1428 4180 esset,
1459 4131 1563 4169 non
1591 4115 1826 4184 rapinam

249 4209 537 4262 arbitratus
571 4216 648 4262 est
673 4223 729 4260 se
754 4222 863 4261 esse
905 4205 1157 4277 aqualem
1177 4194 1307 4270 Deo,
1342 4203 1430 4259 sed
1455 4202 1733 4258 exinani‘vit
1756 4221 1825 4268 se,

249 4298 478 4367 formam
526 4298 659 4351 servi
701 4297 983 4366 accipiens,
1032 4295 1201 4365 factus
1228 4294 1467 4348 obediens
1498 4292 1647 4348 Patri
1672 4311 1831 4364 usque

1909 1861 1999 1914 stis
2022 1860 2110 1931 qui
2131 1877 2231 1913 non
2261 1860 2488 1930 indigent
2517 1862 2813 1931 pwnitentia
2836 1862 3099 1936 (Luc.tx).
3120 1861 3486 1936 (Greg.)Unde

1910 1952 2351 2006 considerandum
2396 1960 2478 2009 est
2519 1967 2617 2007 cur
2654 1954 2909 2009 Dominus
2950 1955 3070 2025 plus
3111 1955 3177 2010 de
3216 1955 3488 2011 conversis

1909 2040 2280 2112 peccatoribus
2293 2057 2452 2112 quam
2466 2043 2531 2097 de
2545 2044 2810 2099 stantibus
2823 2044 2984 2115 justis
3003 2045 3056 2099 in
3078 2045 3216 2101 coelo
3238 2045 3488 2118 gaudium
3538 2048 3541 2051 λ

1910 2130 2029 2185 eSse;
2073 2131 2303 2185 fateatur
2334 2149 2346 2185 :
2378 2132 2481 2186 nisi
2530 2133 2631 2188 hoc
2669 2133 2813 2202 quod
2859 2133 2958 2204 ipsi
2989 2150 3087 2204 per
3118 2136 3485 2204 quotidianum

1913 2219 2134 2276 visionis
2178 2223 2598 2291 experimentum
2635 2223 2902 2290 novimus,
2926 2225 3051 2293 quia
3075 2224 3390 2297 plerumque
3430 2224 3487 2280 hi

1914 2312 2004 2381 qui
2028 2310 2187 2365 nullis
2217 2327 2276 2367 se
2310 2327 2596 2382 oppressos
2626 2321 2987 2385 peccatorum
3027 2314 3254 2372 molibus
3271 2312 3485 2380 sciunt,

1914 2409 2058 2454 stant
2086 2400 2297 2469 quidem
2328 2401 2382 2455 in
2411 2402 2496 2455 via
2518 2402 2760 2472 justitite,
2788 2403 2929 2457 nulla
2950 2403 3133 2459 illicita
3157 2412 3487 2474 perpetrant,

1915 2492 2007 2547 sed
2039 2501 2215 2547 tamen
2241 2492 2310 2546 ad
2338 2492 2614 2548 caelestem
2640 2493 2868 2563 patriam
2892 2494 3052 2550 anxie
3073 2509 3182 2549 non
3207 2493 3481 2559 anhelant,

1915 2568 2169 2651 tantoque
2196 2581 2297 2637 sibi
2326 2582 2378 2636 in
2408 2584 2567 2638 rebus
2598 2583 2759 2639 licitis
2795 2599 2951 2640 usum
2985 2583 3249 2653 prebeat,
3286 2590 3489 2652 quanto

1916 2685 1975 2725 se
2007 2679 2318 2741 perpetrare
2343 2672 2526 2727 illicita
2564 2672 2711 2727 nulla
2748 2674 3140 2737 meminerunt;
3167 2680 3221 2727 et
3252 2670 3489 2742 plerum-

1919 2776 2021 2829 que
2045 2761 2181 2829 pigri
2210 2770 2491 2833 remanent
2518 2761 2581 2815 ad
2611 2762 2910 2818 exercenda
2937 2761 3078 2818 bona
3105 2776 3267 2832 opera
3295 2762 3488 2832 pracci-

1919 2864 2048 2918 pua,
2074 2850 2200 2918 quia
2237 2850 2395 2906 valde
2422 2853 2597 2907 securi
2626 2861 2751 2907 sunt
2786 2854 2928 2923 quod
2958 2852 3100 2908 nulla
3125 2852 3492 2909 commiserint

1922 2938 2063 2994 mala
2088 2940 2354 3010 graviora.
2408 2941 2480 2996 At
2501 2950 2687 2998 contra
2711 2957 3093 3012 nonnunquam
3118 2942 3173 2995 hi
3197 2941 3288 3011 qui
3312 2955 3371 2996 se
3397 2940 3493 2994 ali-

1922 3047 2027 3101 qua
2066 3032 2248 3089 illicita
2276 3032 2424 3105 eglm-
2488 3034 2868 3101 meminerunt,
2911 3048 2977 3087 ex
3020 3032 3134 3102 ipso
3179 3046 3277 3087 suo
3313 3031 3492 3087 dolore

1843 3122 1890 3186 C
1921 3122 2226 3188 compuncti
2266 3113 2610 3179 inardescunt
2650 3124 2717 3177 ad
2752 3136 2992 3177 amorem
3030 3120 3146 3186 Dei,
3179 3133 3404 3189 seseque
3439 3119 3490 3173 in

1919 3210 2124 3280 magnis
2168 3209 2453 3266 virtutibus
2503 3219 2775 3266 exercent.
2826 3210 3002 3281 Majus.
3033 3224 3160 3279 ergo
3198 3209 3265 3263 de
3300 3223 3491 3278 pecca-
3549 3229 3553 3232 ν

1918 3310 2035 3357 tore
2075 3317 2334 3358 converso
2385 3318 2545 3373 quam
2584 3305 2648 3360 de
2677 3311 2850 3358 stante
2871 3301 3018 3372 justo
3044 3299 3295 3371 gaudium
3335 3298 3395 3353 llt
3438 3298 3492 3353 in

1920 3393 2087 3458 eaalo;
2113 3395 2235 3463 quia
2267 3403 2322 3449 et
2344 3395 2448 3449 dux
2474 3396 2526 3449 in
2547 3395 2730 3465 praelio
2756 3395 2874 3465 plus
2899 3410 3021 3449 eum
3053 3392 3274 3447 militem
3300 3390 3491 3470 diligit,

1920 3475 2156 3550 qui‘post
2175 3481 2352 3551 fugam
2369 3498 2616 3539 reversus
2631 3484 2837 3539 hostem
2863 3481 3072 3537 fortiter
3092 3479 3307 3550 premi.,
3332 3494 3493 3548 quam

1923 3570 2070 3625 illum
2110 3572 2201 3642 qui
2243 3588 2516 3643 nunquam
2548 3580 2696 3645 terga
2736 3573 2980 3645 praebuit,
3010 3581 3064 3627 et
3086 3586 3358 3641 nunquam
3394 3570 3493 3624 ali—

1924 3664 2051 3736 quid
2077 3662 2286 3720 fortiter
2314 3665 2459 3721 fecit.
2497 3665 2604 3721 Sed
2629 3667 2769 3725 inter
2791 3666 2907 3722 haec
2934 3663 3209 3720 sciendum
3239 3671 3321 3717 est
3355 3661 3496 3733 quod

1925 3762 2051 3810 sunt
2078 3754 2317 3825 plerique
2341 3754 2490 3823 justi,
2515 3755 2569 3809 in
2593 3770 2819 3825 quorum
2855 3755 2964 3809 vita
3007 3760 3211 3808 tantum
3245 3762 3331 3808 est
3370 3766 3502 3823 gau-

1927 3847 2094 3912 dium,
2133 3854 2193 3900 ut
2236 3846 2317 3902 eis
2363 3846 2615 3916 quaelibet
2654 3854 2999 3921 peccatorum
3033 3844 3350 3915 paenitentia
3373 3860 3502 3914 pra:-

1926 3937 2050 4006 poni
2080 3936 2377 3991 nullatenus
2402 3936 2590 4006 possit.
2647 3933 2779 3989 Nam
2826 3934 2977 3988 multi
3017 3943 3071 3989 et
3104 3932 3366 3987 nullorum
3396 3932 3499 3989 sibi

1928 4024 2188 4078 malorum
2206 4032 2329 4079 sunt
2354 4026 2577 4091 conscii,
2602 4034 2657 4080 et
2687 4034 2861 4080 tamen
2887 4025 2940 4078 in
2971 4025 3103 4078 tanti
3126 4023 3335 4079 ardoris
3370 4021 3499 4078 aﬂli-

1929 4115 2159 4169 ctionem
2190 4130 2248 4170 se
2277 4100 2519 4179 exerunt,
2560 4130 2625 4169 ac
2671 4116 2714 4170 si
2762 4116 2999 4184 peccatis
3047 4114 3298 4170 omnibus
3336 4129 3507 4185 augu-

1930 4211 2156 4259 stentur.
2204 4202 2405 4258 Cuncta
2430 4206 2592 4259 etiam
2619 4205 2761 4259 licita
2790 4213 3068 4275 reSpuunt,
3098 4204 3164 4259 ad
3194 4205 3501 4275 despectum

1930 4295 2113 4349 mundi
2137 4294 2439 4350 sublimiter
2464 4296 2836 4366 accinguntur,
2873 4295 3123 4355 lamentis
3155 4296 3408 4367 gaudent,
3449 4295 3504 4351 in

250 4387 324 4441 ad
356 4394 596 4453 mortem,
626 4382 842 4439 mortem
863 4394 1036 4438 autem
1064 4382 1512 4455 crucis'(Philipp.
1537 4382 1599 4455 ll)
1638 4393 1737 4459 :et
1765 4382 1833 4437 ob
1932 4385 2139 4439 cunctis
2168 4386 2482 4456 semetipsos
2510 4386 2795 4440 humiliant
2814 4427 2829 4452 ,
2855 4394 2908 4441 et
2933 4387 3075 4442 sicut
3108 4386 3347 4446 nonnulli
3381 4402 3504 4457 pec-

248 4477 309 4531 id
345 4476 412 4531 ad
440 4487 655 4532 terrena
682 4474 1047 4540 descenderit,
1086 4479 1146 4527 ut
1192 4472 1395 4527 salvam
1435 4473 1637 4528 faceret
1665 4488 1827 4527 unam
1852 4462 1905 4521 D
1930 4467 2047 4528 cata
2070 4488 2314 4543 operum,
2338 4475 2420 4554 sic
2443 4475 2541 4544 ipsi
2564 4484 2781 4543 peccata
2804 4477 3185 4547 cogitationum
3208 4476 3504 4552 deplorant.

182 4602 185 4605 ν
248 4567 542 4632 oviculam,
575 4582 694 4636 quae
743 4565 999 4634 perierat,
1045 4563 1099 4618 id
1152 4572 1253 4639 est,
1312 4565 1604 4641 humanum
1640 4580 1829 4636 genus.

248 4657 391 4721 Nam
417 4656 561 4727 quod
590 4656 678 4721 hic
699 4653 1026 4725 evangelista
1050 4652 1183 4708 dicit
1209 4653 1424 4708 relictas
1444 4669 1571 4709 oves
1594 4653 1648 4708 in
1681 4670 1832 4710 mon-

250 4748 415 4813 tibus,
442 4749 494 4803 id
515 4754 596 4802 est
621 4747 675 4800 in
707 4740 956 4811 exCelsis,
981 4745 1118 4800 alius
1140 4744 1272 4799 dicit
1296 4745 1349 4799 in
1372 4746 1604 4808 deserto.
1627 4746 1830 4817 (Greg.)

252 4837 366 4901 Cur
396 4844 574 4891 autem
605 4835 800 4891 coelum
832 4834 1103 4889 desertum
1134 4845 1378 4900 vocatur,
1424 4834 1531 4890 nisi
1565 4836 1707 4905 quod
1742 4837 1831 4891 de-

250 4940 463 4987 sertum
485 4927 684 4983 dicitur
718 4927 1029 4982 derelictum
1062 4966 1076 4991 ,
1128 4926 1323 4981 coelum
1378 4934 1556 4982 autem
1598 4930 1835 4984 deseruit

253 5017 445 5082 humo,
485 5030 606 5071 cum
646 5016 908 5085 peccavit.
954 5013 1013 5068 ln
1064 5015 1275 5069 deserto
1313 5022 1491 5069 autem
1542 5016 1831 5087 nonaginta

256 5120 457 5162 novem
486 5120 616 5160 oves
644 5116 1035 5171 remanserant,
1080 5107 1296 5175 quando
1324 5107 1377 5160 in
1406 5113 1552 5179 terra
1577 5106 1835 5161 Dominus

257 5214 424 5253 uuam
456 5197 732 5266 quaerebat
760 5237 774 5261 ,
803 5198 929 5266 quia
970 5194 1304 5253 rationabilis
1338 5204 1601 5253 creaturae
1643 5212 1835 5253 nume-

258 5300 382 5355 rus,
411 5288 721 5358 angelorum
748 5286 998 5343 videlicet
1040 5297 1093 5343 et
1145 5289 1423 5347 hominum
1447 5328 1462 5353 ,
1512 5303 1631 5357 quae
1660 5289 1725 5344 ad
1758 5292 1837 5345 vi-

261 5377 497 5436 dendum
524 5375 693 5431 Deum
714 5378 927 5432 condita
957 5377 1149 5445 fuerat,
1188 5374 1444 5448 pereunte
1475 5380 1691 5435 homine
1720 5392 1838 5437 erat

262 5455 601 5533 imminutus,
619 5474 674 5522 et
698 5476 756 5521 ut
782 5467 1018 5538 perfecta
1045 5483 1248 5522 summa
1264 5468 1444 5523 ovium
1472 5469 1839 5541 integraretur

268 5552 327 5609 in
351 5556 510 5623 caelo,
540 5554 702 5612 homo
728 5557 968 5626 perditus
998 5558 1336 5626 quaerebatur
1386 5559 1437 5613 in
1487 5569 1652 5614 terra.
1700 5561 1836 5617 Nota

267 5644 412 5713 quod
442 5638 607 5702 uirum
628 5646 777 5702 deest
809 5650 874 5703 ad
901 5662 1088 5702 novem
1113 5659 1172 5703 ut
1204 5648 1389 5705 decem
1416 5651 1537 5717 sint,
1569 5660 1616 5707 et
1650 5652 1716 5709 ad
1744 5670 1839 5710 no-

1934 4563 2069 4620 llinc
2097 4578 2224 4634 ergo
2250 4564 2605 4634 colligendum
2628 4574 2708 4619 est
2728 4576 2988 4635 quantum
3014 4567 3122 4622 Deo
3145 4568 3393 4638 gaudium
3423 4565 3505 4622 fa-

1933 4648 2041 4712 ciat
2067 4658 2277 4728 quando
2303 4657 2577 4712 humiliter
2605 4659 2805 4729 plangit
2826 4659 3020 4729 justus,
3056 4660 3103 4714 si
3134 4659 3260 4713 facit
3289 4660 3342 4714 in
3371 4658 3507 4715 caelo

1934 4748 2208 4819 gaudium,
2239 4733 2453 4818 quando
2478 4748 2580 4802 hoc
2606 4750 2747 4818 quod
2772 4749 2908 4804 male
2938 4749 3101 4827 gessit
3122 4764 3217 4819 per
3242 4750 3509 4820 pmniten-

1935 4838 2062 4893 tiam
2103 4837 2319 4891 damnat
2351 4836 2601 4908 injustns.
2633 4837 2888 4908 Sequitur
2907 4838 3162 4893 Dominus
3187 4848 3243 4893 et
3266 4839 3392 4894 dicit
3419 4857 3433 4895 :

2007 4924 2096 4981 Sic
2125 4942 2227 4981 non
2250 4936 2325 4981 est
2352 4926 2584 4982 voluntas
2614 4930 2733 4981 ante
2760 4927 2971 4983 Patrem
2993 4939 3216 4983 vestrum
3236 4931 3325 5001 qui
3345 4930 3397 4985 in
3412 4928 3511 4985 Ea:-

1934 5016 1999 5071 lis
2024 5026 2121 5083 est,
2153 5029 2208 5071 ut
2230 5028 2405 5088 pereat
2435 5035 2570 5073 unus
2598 5018 2661 5072 de
2681 5016 2885 5089 pusillis
2911 5020 3045 5073 istis.
3089 5016 3354 5091 (Hieron.)
3400 5019 3507 5076 Rc-

1937 5106 2043 5162 fert
2086 5106 2152 5161 ad
2195 5107 2440 5176 superius
2466 5108 2816 5177 propositum,
2846 5109 2911 5164 de
2934 5124 3040 5179 quo
3068 5109 3294 5173 dixerat,
3332 5107 3512 5181 Videte

1939 5219 2001 5256 ne
2029 5202 2365 5255 contemnatis
2397 5218 2553 5255 unum
2579 5202 2643 5256 de
2660 5200 2863 5272 pusillis
2890 5202 3022 5267 istis,
3052 5210 3102 5255 et
3130 5201 3285 5256 docet
3309 5200 3509 5255 idcirco

1941 5294 2246 5365 parabolam
2277 5293 2627 5363 propositam,
2660 5301 2719 5347 ut
2747 5291 2920 5361 pusilli
2942 5306 3044 5344 non
3076 5297 3507 5361 contemnantur.

1942 5382 2001 5436 In
2024 5397 2091 5461 eo
2124 5388 2304 5435 autem
2348 5381 2488 5450 quod
2524 5381 2652 5435 dicit
2684 5400 2695 5435 :
2731 5381 2849 5433 Non
2878 5389 2950 5432 est
2990 5377 3222 5460 voluntas
3252 5385 3373 5431 ante
3398 5372 3509 5439 Pa-

1943 5458 2070 5527 trem
2099 5484 2341 5538 vestrum,
2374 5483 2427 5527 ut
2456 5483 2628 5543 pereat
2658 5490 2790 5527 unus
2814 5472 2877 5525 de
2905 5470 3106 5540 pusillis
3132 5452 3264 5528 istis.
3302 5471 3510 5539 quoties

1946 5562 2140 5632 aliquis
2174 5562 2391 5631 perierit
2426 5564 2489 5616 de
2520 5562 2743 5631 pusillis,
2785 5558 3084 5613 ostenditur
3109 5558 3249 5629 quod
3276 5572 3385 5612 non
3413 5569 3509 5614 v0-

1947 5640 2148 5708 luntatc
2180 5651 2631 5741 Ρειιέῖεφριοίρῆ-ίμ
2678 5672 2685 5723 η.
2954 5662 2959 5663 κ
3126 5648 3139 5665 ς
3184 5654 3189 5663 ,
3224 5660 3229 5731 Γ
3392 5636 3397 5647 η
3426 5642 3453 5731 .j
