3922 6340
517 350 637 403 filii

1169 344 1227 397 Β.
1270 343 1519 397 RABANI
1557 342 1773 399 MAURI
1812 298 2124 398 AliClllEP.
2162 343 2465 400 MOGUNT.
2503 343 2785 401 OPERUM
2823 346 3001 403 PARS
3036 351 3076 403 l.

3602 359 3735 413 10ιέ

572 453 703 527 [Ill]
742 452 798 508 Si
825 462 994 506 autem
1023 454 1303 522 peccaverit
1342 454 1395 506 in
1430 462 1477 506 te
1511 452 1673 521 frater
1700 462 1840 517 mus,
1870 452 1997 507 vade
2021 463 2069 531 et
2098 458 2143 516 Α
2174 462 2417 510 testatem
2448 458 2629 512 tribuit
2657 459 2910 529 apostolis
2937 471 2995 515 ut
3019 464 3190 519 sciant
3216 470 3307 536 qui
3339 485 3369 523 a
3403 469 3594 526 tabulis
3611 486 3737 526 mu—

502 560 701 614 corrlpe
725 560 840 597 eum
868 544 1002 597 inter
1029 552 1077 598 te
1106 552 1155 598 et
1192 546 1359 613 ipsum
1396 543 1583 596 satum.
1625 542 1686 597 Si
1734 552 1782 596 te
1823 540 2065 608 audierit,

502 635 734 688 lucratus
764 634 867 688 eris
894 633 1111 707 fratrem
1133 642 1296 688 tuum.
1338 632 1396 688 Si
1423 634 1730 703 peccaverit
1756 634 1809 688 in
1836 649 1935 688 nos
1958 633 2066 688 fra-

503 735 587 784 ter
616 727 818 789 noster,
846 719 902 780 et
933 725 1165 795 qualibet
1190 739 1355 779 causa
1385 739 1482 779 nos
1519 724 1737 790 laeserit,
1766 724 2068 779 dimittendi

501 804 765 871 habemus
792 823 1129 886 potestatem,
1169 814 1276 867 imo
1312 812 1706 877 necessitatem,
1744 814 2071 882 quapropter

506 912 570 958 ut
594 903 924 960 debitoribus
951 903 1149 958 nostris
1190 888 1365 958 debita
1402 901 1751 957 dimittamus.
1793 899 1850 955 Si
1887 898 2066 956 autem

502 994 559 1055 lu
588 994 760 1049 Deum
778 995 897 1065 quis
923 993 1243 1065 peccaverit,
1270 1008 1374 1047 non
1401 992 1482 1046 est
1507 990 1676 1046 nostri
1702 992 1929 1057 arbitrii.
1979 991 2067 1045 Di-

502 1087 578 1141 cit
607 1086 749 1141 enim
779 1084 1053 1155 Scriptura
1080 1084 1255 1139 divina
1282 1101 1295 1136 :
1330 1082 1391 1138 Si
1412 1082 1697 1151 peccaverit
1720 1083 1872 1135 homo
1898 1082 1952 1135 in
1982 1082 2067 1135 Ilo-

502 1176 713 1241 minem,
752 1177 948 1247 rogabit
975 1193 1069 1247 pro
1106 1191 1165 1229 eo
1192 1174 1449 1254 sacerdos.
1500 1171 1560 1226 Si
1586 1181 1755 1226 autem
1786 1173 2065 1252 peccaverit

500 1270 556 1320 in
581 1267 767 1331 Deum,
799 1268 912 1337 quis
943 1278 1031 1335 rog
1052 1265 1139 1317 .bit
1164 1279 1256 1333 pro
1283 1278 1342 1316 eo
1366 1262 1417 1333 (Ι
1438 1262 1562 1333 Reg;
1588 1261 1695 1335 lt)?
1742 1264 1849 1318 Nos
1874 1278 1903 1317 e
1933 1278 2065 1318 con-

505 1358 669 1411 trario
692 1357 744 1410 in
776 1356 866 1409 Dei
900 1354 1091 1423 injuria
1117 1352 1328 1422 benigni
1357 1341 1584 1417 sumus,’
1606 1352 1665 1405 in
1702 1352 1900 1406 nostris
1940 1338 2068 1407 con-

500 1444 735 1503 tumeliis
772 1461 1081 1503 exercemus
1112 1444 1271 1500 odia.
1326 1442 1707 1514 Corripiendus
1752 1452 1837 1498 est
1885 1454 2066 1499 autem

499 1540 669 1599 frater
695 1537 958 1604 seorsum,
1002 1553 1069 1592 ne
1111 1537 1155 1591 si
1197 1536 1359 1591 semel
1402 1535 1657 1605 pudorem
1703 1550 1767 1590 ac
1809 1552 2066 1592 verecun-

500 1631 641 1685 diam
674 1623 935 1693 amiserit,
960 1635 1269 1697 permaneat
1296 1627 1347 1681 in
1371 1633 1612 1696 peccato.
1661 1625 1727 1678 Et
1764 1624 1808 1679 si
1847 1626 2063 1695 quidem

495 1720 749 1785 au-lierit,
776 1720 1133 1774 lucriﬁcamus
1177 1717 1423 1772 animam.
1447 1715 1584 1785 ejus,
1621 1722 1808 1787 et,per
1845 1717 2067 1780 alterius

2171 545 2509 612 demnantur,
2558 548 2845 603 humanam
2888 554 3208 608 sententiam
3248 558 3427 612 divina
3476 562 3735 615 sententis

2169 634 2529 703 corroborari,
2560 640 2625 707 etj
2640 639 2993 709 quodcunque
3020 631 3237 711 ligatum
3272 644 3436 703 fuerit
3474 649 3530 703 in
3571 658 3731 717 terra,

2167 728 2321 800 ligari
2351 717 2557 802 pariter
2585 740 2639 788 et
2670 734 2724 787 in
2751 735 2904 789 caelo.

2239 820 2437 875 Iterum
2465 822 2581 877 dico
2608 825 2765 889 vobis,
2795 826 2918 896 quia
2944 826 2990 880 si
3013 826 3115 880 duo
3136 844 3200 882 ea:
3223 830 3363 884 vobis
3387 836 3736 891 consenserint

2167 929 2321 983 super
2348 922 2557 981 terram,
2590 915 2653 969 de
2682 914 2820 970 omni
2857 933 2920 980 re
2959 928 3315 988 quamcunque
3353 922 3610 990 petierint,
3648 926 3717 994 βε

2166 1005 2272 1060 illis
2299 1022 2331 1058 a
2360 1002 2515 1060 Patre
2534 998 2762 1077 meo'qui
2798 1008 2852 1060 in
2894 1006 3032 1062 cozlis
3065 1017 3159 1062 est.
3210 1008 3308 1063 Ubi
3345 1013 3482 1064 enim
3522 1015 3626 1067 duo
3662 1017 3736 1068 rel

2166 1106 2269 1151 tres
2293 1101 2592 1177 congregati.
2612 1101 2802 1171 fuerint
2827 1104 2881 1155 in
2910 1103 3114 1155 nomine
3146 1119 3277 1168 meo,
3309 1104 3379 1157 ibi
3408 1122 3523 1158 sum
3553 1108 3606 1158 in
3632 1125 3734 1160 rue-

2164 1185 2254 1240 dio
2283 1204 2481 1241 eorum.
2518 1188 2716 1245 Omnes
2748 1205 2909 1260 supra
2939 1192 3185 1269 sermone
3210 1194 3417 1246 monuit
3436 1204 3495 1247 ut
3516 1194 3585 1246 ad
3611 1208 3735 1248 cou-

2166 1278 2403 1332 cordiam
2439 1292 2774 1360 provocarat.
2825 1282 2990 1361 Igitur
3027 1294 3079 1338 et
3116 1285 3395 1352 praemium
3430 1286 3732 1353 pollicetur,

2165 1374 2225 1419 ut
2259 1367 2539 1424 sollicitius
2567 1370 2901 1435 festinemus,
2932 1387 3053 1426 cum
3090 1388 3147 1428 se
3176 1374 3322 1429 dicat
3350 1376 3492 1428 inter
3524 1376 3658 1429 duos
3680 1387 3733 1429 et

2166 1464 2279 1511 tres
2325 1460 2555 1513 medium
2603 1460 2734 1515 fore.
2786 1458 3009 1531 (Πὶιατ.)
3056 1462 3180 1531 lpse'
3218 1464 3361 1519 enim
3406 1479 3514 1533 pax
3574 1472 3732 1531 atQue

2166 1547 2406 1603 Charitas
2423 1555 2533 1613 est,
2562 1546 2740 1605 sedem
2767 1558 2924 1619 atque
2952 1551 3336 1611 habitationem
3364 1552 3437 1607 in
3484 1555 3640 1612 bonis
3680 1564 3732 1608 et

2164 1632 2402 1708 paciﬁcis
2438 1639 2801 1695 voluntatibus
2841 1640 3155 1695 collocavit:
3185 1639 3283 1694 Ubi
3310 1643 3449 1695 enim
3484 1651 3605 1695 sunt
3630 1642 3727 1694 duo

2164 1727 2242 1782 vel
2267 1740 2370 1782 tres
2398 1730 2690 1799 congregati
2731 1730 2786 1783 in
2824 1731 3030 1784 nemine
3050 1744 3194 1796 meo,
3232 1730 3301 1784 ibi
3336 1747 3454 1785 sum
3483 1732 3537 1783 in
3566 1731 3727 1783 medio

494 1809 725 1871 salutem
758 1808 914 1863 nobis
940 1822 1151 1877 quoque
1174 1806 1470 1887 acquiritur
1515 1804 1681 1861 saltis-
1737 1799 1853 1872 συθ
1902 1805 2065 1874 igitur
2094 1831 2137 1888 Β
2165 1836 2360 1873 eorum.
2401 1819 2496 1874 Vel
2538 1821 2605 1875 ad
2654 1821 3014 1889 recipiendum
3061 1805 3317 1876 humilem
3362 1821 3721 1892 paenitentan

494 1898 687 1958 ordine
711 1900 955 1958 scandala
986 1896 1272 1963 declinare,
1308 1906 1363 1954 et
1408 1913 1488 1952 vze
1534 1905 1869 1967 perpetuum
1892 1897 2063 1959 vitare

495 1992 762 2070 possimus
781 1991 1049 2047 insinuat:
1076 1990 1119 2044 si
1146 1990 1213 2043 ad
1230 2003 1329 2043 nos
1350 1988 1597 2043 videlicet
1625 1988 1787 2058 ipsos,
1812 2003 1879 2041 ne
1902 2003 2061 2057 quem

495 2082 752 2138 laedath
776 2082 1117 2157 attendimus,
1144 2081 1190 2134 si
1218 2087 1531 2148 peccantem
1560 2078 1675 2153 zelo
1696 2077 1917 2148 justitite
1946 2072 2063 2132 cor-

498 2174 746 2244 ripimus,
772 2173 816 2228 si
846 2188 909 2227 ex
944 2172 1105 2227 corde
1137 2170 1414 2240 ptenitenti
1436 2164 1845 2226 misericordiae
1886 2168 2059 2238 pieta«

496 2263 672 2331 lisque
700 2261 903 2327 viscera
924 2261 1226 2331 pandimus.
1624 2262 1630 2273 '

567 2351 631 2406 Si
655 2361 825 2406 autem
861 2367 963 2405 non
990 2350 1237 2414 audierit,
1273 2340 1459 2402 adhibe
1487 2358 1655 2401 tecum
1690 2347 1860 2400 adhuc
1902 2349 2061 2400 ῡηαιη

493 2441 738 2508 perditos,
768 2450 821 2494 ut
847 2442 903 2493 in
928 2455 1015 2493 ore
1036 2439 1259 2506 duorum
1281 2437 1356 2492 vel
1374 2438 1535 2491 trium
1558 2438 1764 2489 testium
1791 2426 1887 2503 stet
1912 2451 2061 2489 omne

494 2520 735 2597 uerbum;
770 2532 908 2602 quod
941 2532 986 2585 si
1021 2536 1130 2585 non
1162 2528 1384 2582 audierit
1418 2544 1525 2591 eos,
1566 2526 1650 2581 die
1697 2521 1978 2591 Ecclesiae:
2010 2527 2059 2579 si

493 2634 668 2681 autem
692 2622 977 2677 Ecclesium
1004 2639 1105 2675 non
1140 2620 1382 2684 audierit,
1418 2621 1485 2674 sit
1521 2620 1613 2674 tibi
1651 2620 1785 2673 sicut
1823 2619 2057 2692 ethnicus

494 2726 545 2769 et
587 2712 909 2785 publicanus.
963 2711 1020 2766 Si
1059 2719 1237 2765 autem
1277 2720 1330 2765 te
1363 2710 1547 2765 audire
1595 2695 1862 2774 noluerit,
1910 2710 2061 2763 adhi-

496 2807 689 2862 beatur
719 2804 916 2869 frater;
946 2802 1086 2872 quod
1112 2803 1155 2856 si
1188 2812 1290 2857 nec
1315 2801 1430 2856 illos
1467 2798 1717 2866 audierit,
1735 2794 2063 2853 adhibeatur

494 2896 707 2958 tertius,
747 2894 832 2949 vel
869 2891 1166 2964 corrigendi
1214 2892 1407 2956 studio,
1458 2890 1541 2945 vel
1581 2889 1929 2959 conveniendi
1964 2888 2065 2944 sub

496 2988 740 3043 testibus.
772 2985 940 3041 Porro
968 2985 1011 3039 si
1039 2997 1140 3039 nec
1166 2983 1284 3037 illos
1305 2982 1490 3037 audire
1515 2981 1761 3049 voluerit,
1790 2989 1901 3035 tum
1929 2978 2065 3033 mul-

497 3078 575 3130 tis.
598 3075 879 3130 dicendum
914 3080 1018 3136 est,
1059 3079 1118 3125 ut
1156 3069 1495 3125 detes'tat'ioni
1542 3069 1687 3123 illum
1730 3068 1981 3147 habeant,
2010 3074 2065 3120 et

2164 1911 2243 1965 vel
2285 1910 2351 1991 ad
2388 1911 2773 1980 proﬁciendum
2819 1914 3103 1982 superbum
3144 1921 3199 1969 et
3240 1920 3632 1991 contumacem,
3671 1920 3723 1964 et

2164 1988 2420 2072 quidquid
2451 2001 2523 2072 illi
2555 2001 2828 2056 llumilit‘er
2859 1990 3148 2073 judicando
3188 1988 3518 2059 ad'sallltem
3557 2004 3723 2059 bolni-

2164 2106 2288 2144 num
2346 2098 2509 2160 agunt
2562 2090 2613 2144 in
2664 2099 2825 2157 terra,
2872 2092 3101 2162 desuper
3138 2092 3340 2162 judicio
3395 2093 3637 2147 firmatur
3672 2093 3723 2146 iu

2163 2178 2318 2233 ctelo.
2352 2176 2641 2233 Possumus
2671 2177 2774 2233 hoc
2800 2186 2855 2232 et
2887 2176 3202 2255 spiritaliter
3231 2179 3550 2249 intelligere,
3590 2179 3723 2249 quod

2163 2268 2255 2322 ubi
2295 2267 2529 2336 Spiritus
2578 2276 2634 2323 et
2676 2268 2874 2333 anima,
2922 2282 3219 2338 corpusque
3253 2270 3641 2346 consenserint,
3674 2276 3725 2321 et

2163 2359 2269 2411 non
2296 2358 2435 2412 inter
2471 2373 2530 2412 se
2556 2350 2757 2412 bellum
2791 2358 3119 2419 diversarum
3163 2358 3449 2429 habuerint
3478 2346 3726 2427 voluptao

2164 2457 2294 2511 tum,
2327 2463 2488 2503 carne
2518 2449 2930 2517 coneupisccnte
2956 2449 3216 2503 adversus
3239 2448 3512 2518 spiritum,
3538 2456 3593 2503 et
3617 2448 3722 2518 spi-

2161 2536 2266 2593 ritu
2305 2538 2560 2593 adversus
2595 2553 2822 2609 carnem.
2845 2539 2910 2593 de
2942 2539 3090 2605 omni
3133 2553 3193 2594 re
3240 2543 3400 2608 quam
3444 2540 3724 2608 petiveriut

2162 2627 2449 2696 impetrent
2477 2641 2506 2679 a
2533 2626 2709 2689 Patre,
2751 2626 2988 2695 nullique
3031 2627 3249 2681 dubium
3297 2628 3427 2695 quin
3471 2627 3721 2680 bonarum

2163 2723 2356 2770 rerum‘
2373 2715 2660 2784 postulatio
2691 2715 2780 2780 sit,
2809 2716 2899 2771 ubi
2928 2730 3121 2784 corpus
3145 2730 3209 2770 ea
3236 2714 3349 2769 vult
3379 2715 3576 2769 habere
3611 2731 3721 2785 que

2163 2804 2403 2875 spiritus.
3020 2832 3021 2835 η
3403 2852 3411 2863 .

2236 2893 2371 2968 υἱ]
2410 2882 2565 2948 Tunc
2611 2895 2859 2949 accedens
2903 2893 3092 2950 Petrus
3116 2888 3210 2950 ’σά
3248 2913 3364 2950 eum
3413 2897 3546 2951 dixit
3570 2909 3591 2949 :
3619 2896 3718 2968 De:

2154 2979 2321 3065 mine,
2347 2964 2544 3054 quoties
2566 2984 2792 3053 peccabit
2814 2985 2869 3037 in
2894 2984 3162 3053 rne’frater
3193 2992 3356 3051 meus,
3393 2996 3442 3039 et
3472 2964 3723 3041 dimittam

2163 3075 2210 3128 ei
2236 3091 2395 3144 usque
2420 3075 2655 3144 septies?
2686 3073 2821 3127 Dicit
2849 3073 2930 3127 illi
2956 3073 3115 3128 Jesus‘
3144 3088 3163 3126 :
3194 3074 3316 3130 Non
3349 3072 3473 3130 dico
3512 3078 3605 3129 tibi
3643 3093 3723 3131 its-

495 3167 589 3235 qui
624 3163 948 3247 uenfpotuit
984 3160 1184 3231 pudore
1231 3158 1422 3215 salvari
1467 3156 1701 3213 salvetur
1739 3154 2056 3226 opprobriis.

2167 3182 2259 3235 que
2302 3160 2504 3234 septies,
2547 3164 2636 3218 sed
2682 3160 2843 3249 usque
2887 3166 3177 3245 septuagies
3220 3167 3419 3236 septies.
3462 3166 3723 3237 (lberam)

496 3255 721 3323 Quando
746 3262 926 3311 autem
947 3252 1161 3316 dicitur,
1185 3249 1251 3303 Et
1272 3250 1337 3303 sit
1356 3248 1446 3303 tibi
1467 3249 1599 3302 sicut
1618 3248 1873 3311 ethnicus,
1900 3256 1945 3301 et
1964 3263 2062 3316 pu-

494 3344 749 3407 blicanus,
792 3340 1094 3397 ostenditur
1134 3336 1353 3408 majoris
1394 3350 1511 3392 esse
1554 3332 1923 3389 detestationis
1969 3333 2077 3403 qui.

496 3432 598 3490 sub
628 3432 845 3499 noniine
880 3429 1051 3486 ﬁdelis
1084 3436 1208 3500 agat
1242 3440 1403 3496 opera
1440 3421 1735 3479 infidelium
1759 3464 1775 3488 ,
1810 3438 1971 3494 quam
2007 3422 2062 3478 hi

495 3504 589 3590 qui
616 3518 851 3591 perfecte
874 3518 1100 3591 gentiles
1134 3525 1258 3572 sunt
1289 3515 1473 3576 εἴθνος“
1499 3514 1643 3569 enim
1686 3512 1876 3568 Graiae
1916 3530 2060 3583 gens,

498 3614 684 3679 {haec
726 3610 937 3684 gentiles
972 3598 1238 3667 dicuntur.
1287 3608 1563 3663 Publicani
1615 3610 1759 3664 enim
1804 3606 2064 3665 vocantur

497 3703 790 3765 secundum
814 3700 1184 3771 tropologiam,
1218 3700 1308 3769 qui
1356 3699 1536 3754 saeculi
1578 3702 1855 3755 sectantur
1892 3700 2062 3765 lucra,

496 3804 555 3850 et
576 3794 793 3866 exigunt
821 3794 1098 3863 vectigalia
1137 3788 1233 3860 per
1280 3791 1689 3862 negotiationes,
1730 3801 1785 3847 et
1823 3792 2062 3857 fraudes,

502 3901 567 3943 ac
593 3885 755 3949 furta,
790 3883 1155 3950 scelerataque
1182 3880 1433 3953 pcrjuria.
1480 3881 1579 3939 Hic
1601 3888 1779 3936 tamen
1798 3891 1952 3937 caute
1979 3882 2063 3937 in-

504 3970 756 4029 tuendum
799 3980 900 4035 est.
944 3958 1067 4040 quia
1110 3986 1213 4023 non
1248 3971 1444 4039 passim
1481 3970 1722 4040 peccanti
1769 3962 2062 4043 dimitteris,

503 4064 597 4119 sed
626 4061 954 4126 audienti,-id
985 4072 1067 4116 est
1103 4061 1393 4125 obedienti,
1419 4067 1472 4115 et
1489 4061 1858 4130 paenitentiam
1886 4063 2063 4131 agenti

504 4150 775 4211 dimittere
794 4144 1061 4219 jubemur.
1108 4149 1174 4203 Et
1201 4150 1371 4218 primo
1395 4150 1607 4220 quidem
1630 4162 1939 4219 peccantem
1964 4151 2065 4205 mi-

2162 3250 2343 3308 ffmret
2370 3252 2472 3307 sibi
2496 3266 2672 3307 sermo
2709 3242 3035 3315 Dominicus,
3078 3242 3225 3325 etin
3261 3256 3477 3311 modum
3508 3254 3722 3310 funiculi

2164 3342 2389 3411 triplicis
2412 3341 2587 3411 rumpi
2616 3357 2720 3397 non
2746 3350 2939 3412 potest.
3176 3345 3385 3400 dixerat
3411 3365 3422 3398 :
3458 3345 3638 3399 Videte
3663 3363 3722 3399 ne

2162 3430 2499 3485 contemnatis
2538 3447 2700 3483 unum
2741 3447 2805 3485 ea:
2843 3431 2923 3485 Itis
2964 3431 3198 3502 pusillis;
3238 3442 3293 3489 et
3330 3434 3599 3505 adjecerat
3629 3452 3640 3487 :
3670 3432 3726 3489 Si

2161 3520 2444 3589 peccaverit
2475 3521 2526 3572 in
2560 3528 2609 3573 te
2638 3519 2802 3587 frater
2828 3529 2964 3585 tuus,
2994 3522 3123 3575 uade
3173 3532 3219 3576 et
3260 3524 3476 3598 corripe.
3497 3540 3614 3578 eum
3650 3526 3727 3577 in-

2162 3619 2241 3663 ter
2284 3617 2334 3662 te
2370 3618 2418 3662 et
2456 3610 2661 3679 ipsum;
2693 3617 2747 3663 et
2784 3610 3060 3678 pragmium
3098 3611 3477 3680 repromiserat
3504 3612 3721 3667 dicens:

2166 3697 2227 3753 Si
2256 3698 2360 3750 duo
2386 3714 2449 3751 ea:
2474 3697 2617 3777 vobis
2651 3699 2999 3752 consenserint
3038 3690 3192 3770 super
3234 3709 3447 3765 terram,
3486 3696 3553 3754 de
3593 3704 3725 3755 omisi

2164 3804 2219 3841 re
2238 3788 2580 3857 impetrabunt
2607 3776 2761 3859 quant
2780 3776 3038 3858 pbtierint,
3059 3800 3106 3843 et
3135 3783 3227 3860 ego
3253 3790 3433 3844 eroin
3450 3793 3620 3843 medio
3646 3807 3725 3843 eo-

2164 3893 2299 3931 rum.
2354 3876 2681 3931 Provoéatus
2726 3892 2854 3932 vero
2896 3878 3168 3947 apostolus
3208 3878 3401 3933 Petrus
3432 3879 3726 3951 interrogat

2163 3970 2374 4037 quoties
2420 3968 2572 4022 fratri
2619 3968 2673 4022 in
2721 3983 2779 4024 se
2822 3970 3067 4038 peccanti
3106 3969 3377 4033 dimittere
3421 3970 3633 4033 debeat,
3674 3978 3724 4024 et

2163 4073 2284 4113 cum
2309 4043 2728 4128 interrogatione
2757 4058 2959 4128 profert
2984 4053 3304 4113 sententiam
3329 4057 3725 4130 αὶᾳιιςηεεριίαέ

2162 4148 2259 4203 Cui
2291 4134 2566 4217 respondit
2590 4148 2846 4203 Dominus
2876 4167 2890 4203 :
2922 4149 3044 4203 Non
3082 4166 3242 4220 usque
3274 4150 3482 4220 septies,
3529 4151 3621 4204 sed
3656 4167 3728 4204 se-

502 4242 847 4305 sericorditer
881 4242 1179 4309 increpare,
1209 4246 1266 4293 ut
1295 4240 1362 4294 sit
1384 4239 1467 4294 cui
1497 4243 1834 4309 postmodum
1861 4241 2061 4296 habea—
2158 4240 2393 4309 pluagies
2440 4239 2651 4309 septies,
2670 4239 2723 4293 id
2748 4248 2829 4293 est
2852 4232 3255 4309 quadringenth
3275 4239 3567 4310 nonaginta
3600 4242 3724 4295 viei-

504 4348 625 4395 mus
655 4331 800 4400 justo
840 4330 1123 4407 dimittere.
1162 4328 1260 4396 Qui
1310 4344 1436 4399 ergo
1473 4320 1692 4384 fratrem
1719 4330 1909 4413 videns
1937 4345 2062 4400 pec-

503 4421 905 4483 earetacuerit,
938 4434 1044 4473 non
1080 4419 1255 4473 minus
1294 4419 1553 4474 bominici
1591 4421 1843 4489 praecepti
1882 4428 2060 4475 trans-

2162 4330 2281 4390 bus.
2318 4338 2377 4383 ut
2408 4329 2565 4384 toties
2588 4329 2833 4397 peccanti
2869 4317 3354 4383 fratri'dimitteret
3378 4329 3433 4381 in
3462 4327 3569 4393 die,
3594 4343 3726 4407 quo-

2167 4422 2267 4475 ties
2295 4421 2383 4488 ille
2408 4434 2630 4490 peccare
2651 4422 2849 4489 posset.
2904 4418 3091 4491 (ΗΑΒ.)
3108 4412 3378 4482 .Peceanti
3403 4419 3572 4490 igitur
3600 4422 3651 4474 in
3679 4430 3725 4476 te

500 4526 719 4591 gressor
756 4520 863 4576 est,
908 4526 1064 4581 quam
1114 4510 1161 4565 is
1202 4510 1289 4578 qui
1328 4509 1497 4563 eidem
1534 4511 1813 4579 pmnitenti
1850 4510 2059 4563 veniam
2095 4529 2142 4585 ι)
2169 4512 2319 4566 fratri
2356 4512 2401 4566 si
2435 4498 2805 4581 paenitentiam
2836 4512 3027 4581 egerit,
3056 4512 3358 4568 dimittendi
3390 4512 3562 4567 habes
3586 4518 3725 4593 pete:

504 4604 634 4659 llare
680 4594 930 4664 noluerit.
976 4599 1109 4666 Quia
1150 4599 1239 4667 qui
1286 4597 1543 4655 dixit:Si
1588 4599 1933 4667 paenituerit,
1981 4599 2063 4654 di—

506 4694 676 4759 mitte,
700 4691 955 4761 pratmisit
983 4708 995 4744 :
1023 4689 1077 4743 Si
1102 4690 1423 4765 peccaverit,
1446 4689 1682 4759 increpa.
1706 4690 1896 4758 Itaque
1913 4689 2065 4743 venia

506 4782 659 4845 fratri
695 4789 820 4851 post
846 4780 1261 4850 increpationem
1298 4779 1571 4849 largienda
1602 4788 1707 4843 est,
1730 4778 1833 4834 sed
1861 4779 1935 4832 illi
1966 4778 2068 4832 uti-

502 4886 611 4941 que
644 4872 737 4948 qui
778 4884 837 4925 se
868 4870 1177 4939 paenitendo
1213 4868 1281 4925 ab
1313 4882 1498 4923 errore
1536 4870 1799 4923 collvertit
1823 4908 1838 4934 ,
1881 4883 1947 4923 ne
1983 4868 2067 4923 vel

507 4958 733 5020 uiﬂicilis
753 4961 905 5015 venia
929 4961 1010 5013 vel
1040 4960 1261 5015 remissa
1288 4958 1357 5013 sit
1385 4957 1725 5031 indulgentia.

579 5052 737 5109 Antea
757 5050 871 5107 dico
891 5050 1044 5113 vobis,
1070 5066 1383 5121 quiscunque
1418 5048 1755 5118 alligaueritis
1784 5064 1939 5117 super
1966 5055 2065 5101 ter-

509 5162 641 5212 ram,
678 5134 1015 5216 erunt‘ligata
1039 5154 1085 5197 et
1107 5146 1161 5196 in
1184 5144 1338 5208 caelo;
1374 5152 1422 5197 et
1455 5155 1771 5212 quiscunque
1814 5140 2068 5194 solveritis

504 5254 661 5298 culter
689 5222 904 5303 terram,
942 5244 1091 5290 eruat
1115 5222 1282 5289 soluta
1316 5245 1362 5288 et
1392 5236 1444 5287 in
1465 5234 1608 5288 cizlo.
1650 5233 1783 5300 Quia
1820 5233 2065 5287 dixerat:

507 5326 569 5389 βξ
596 5337 762 5385 autem
789 5324 1076 5381 Ecclesium
1105 5342 1207 5381 non
1230 5324 1471 5387 audierit,
1510 5323 1573 5376 sit
1612 5322 1701 5375 tibi
1731 5321 1862 5375 sic‘dt
1899 5321 2064 5375 ethni-

506 5435 601 5485 cus
648 5429 697 5475 et
735 5403 1082 5495 publicamin,
1113 5427 1167 5474 et
1205 5424 1431 5487 poterat.
1461 5415 1844 5486 contemptoris
1887 5415 2072 5469 fratris

512 5514 627 5575 limo
657 5508 865 5583 occulta
900 5523 1020 5567 esse
1049 5507 1326 5579 responsio
1369 5506 1451 5579 vel
1490 5506 1649 5561 tacita
1696 5506 1985 5576 cogitatio:
2010 5502 2069 5559 Si

511 5586 601 5663 tlte
627 5600 855 5673 despicis
880 5609 938 5661 et
969 5615 1068 5671 ego
1104 5609 1155 5655 te
1191 5598 1510 5669 despiciam;
1558 5596 1603 5651 si
1641 5604 1693 5651 tu
1742 5596 2069 5671 condemnas

512 5707 617 5765 tm.
656 5707 686 5758 ε
724 5691 991 5755 contrario
1027 5703 1144 5753 mea
1182 5687 1447 5746 sententia
1478 5685 1934 5753 condemnaberis,
1971 5700 2070 5758 po-

2165 4608 2375 4664 statem,
2408 4600 2516 4653 imo
2542 4598 2934 4663 necessitatem,
2964 4606 3025 4652 ut
3048 4606 3105 4653 et
3129 4599 3224 4673 tibi
3245 4600 3531 4670 plenius-nti
3553 4614 3618 4655 ac
3635 4615 3722 4655 ve-

2166 4693 2309 4745 niam
2342 4689 2600 4759 ﬂagitanti
2627 4688 2786 4745 Pater
2820 4689 2910 4759 qui
2953 4697 3037 4744 est
3076 4689 3128 4744 in
3169 4690 3321 4745 malis
3358 4686 3623 4761 ignOScat.
3662 4689 3726 4744 At

2167 4781 2212 4834 si
2240 4780 2545 4849 increpatus
2569 4779 2806 4855 converti
2850 4786 2905 4831 et
2949 4778 3318 4848 paenitentiam
3352 4794 3513 4850 agere
3548 4780 3721 4850 negle

2171 4874 2329 4937 xerit,
2354 4872 2481 4940 quid
2503 4886 2661 4941 super
2686 4872 2786 4925 hoc
2811 4871 3054 4925 veritatis
3082 4865 3353 4925 sententia
3374 4868 3632 4926 decernat
3657 4872 3725 4925 in-

2172 4972 2342 5016 tuere.
2388 4961 2559 5015 Aliter
2586 4975 2715 5015 sane
2741 4956 2953 5014 veniam
2979 4958 3136 5014 fratri
3166 4963 3398 5031 petenti,
3438 4962 3598 5017 aliter
3630 4962 3726 5017 ini-

2148 5049 2152 5052 ⁴
2176 5048 2315 5103 mico
2335 5048 2675 5118 persequenti
2692 5048 2831 5137 dare
2852 5048 3209 5117 preclpimur.
3245 5047 3379 5127 [illic
3403 5051 3650 5107 videlicet
3670 5059 3731 5104 ut

2169 5144 2387 5211 accepta
2417 5134 2731 5193 remissione
2757 5139 2961 5209 peccati
2987 5153 3095 5207 quo
3115 5136 3269 5210 nobis
3305 5139 3607 5196 lnsontibus
3630 5154 3723 5195 no-

2168 5231 2278 5285 cuit
2302 5229 2446 5285 socia
2477 5228 2631 5283 nobis
2655 5228 2921 5285 charltate
2948 5228 3342 5294 communicet;
3387 5228 3466 5283 illi
3501 5244 3633 5284 vero
3679 5234 3730 5282 ut

2167 5335 2290 5375 cum
2319 5320 2472 5374 nobis
2499 5318 2699 5372 malum
2725 5318 2856 5383 vult,
2891 5327 2947 5372 et
2979 5320 3023 5374 si
3051 5328 3228 5389 potest
3249 5319 3379 5384 facit
3398 5306 3500 5376 nos
3520 5333 3724 5391 semper

2169 5413 2366 5467 bonum
2400 5407 2644 5475 velimus,
2691 5408 3054 5478 faciamusque
3096 5410 3236 5478 quod
3272 5424 3584 5479 possumus.
3630 5408 3726 5461 Pie-

2169 5517 2273 5572 qlre
2296 5502 2437 5556 enim
2459 5501 2626 5555 David
2650 5498 2893 5573 eumdem
2918 5501 3088 5555 veniae
3119 5500 3333 5555 modum
3363 5494 3723 5571 persecutori-

2169 5593 2269 5646 bus
2303 5592 2428 5654 suis,
2469 5590 2797 5660 pmnitentize
2827 5589 3059 5662 remedio
3084 5589 3328 5659 privatis,
3356 5589 3608 5659 quamvis
3636 5582 3725 5638 mi.

2168 5684 2508 5739 sericorditcr
2532 5696 2623 5736 eos
2648 5682 2830 5752 lugens
2856 5691 3111 5751 pnestare
3138 5681 3329 5755 patuit,
3363 5695 3521 5749 quem
3555 5676 3723 5735 fratri-
