3922 6338
254 370 393 428 i313

1185 363 1532 443 ῼΟΜΜΕΝΤ.
1575 360 1640 416 iN
1681 352 2111 412 ιιΑΤΤιιιΕυιι.
2140 383 2205 393 -——
2242 353 2367 427 ιλιι.
2437 360 2463 399 ’.

3359 348 3495 405 iiiis

244 487 352 541 bus
371 480 573 541 salubri
606 480 1012 549 compunctione
1042 480 1317 552 castigatis
1334 476 1529 547 Josepb
1560 468 1817 533 benevole
1844 473 1892 538 Α
1993 467 2238 523 Misertus
2274 478 2447 523 autem
2488 466 2740 521 Dominus
2778 468 2909 520 servi
2940 467 3101 552 illius,
3134 466 3331 534 dimisit
3360 481 3499 529 cunt,

242 570 653 650 cognoscendus
678 568 943 624 exhibuit.
1030 638 1031 641 η
1428 633 1439 640 ξ

315 660 814 729 Ideoassimilatum
836 669 907 714 est
932 676 1145 730 regnum
1189 659 1432 735 cmlorum
1475 657 1672 711 homini
1713 655 1820 724 regi

240 758 335 829 qui
350 754 517 811 soluit
551 755 806 831 rationem
840 770 1026 824 ponere
1051 769 1167 807 cum
1192 753 1357 818 servis
1381 745 1510 821 suis.
1550 746 1818 823 (Hierom)

242 828 539 909 Familiam
557 828 818 917 est‘S'yris
847 853 902 900 et
927 845 1159 921 maxiem
1187 832 1483 899 Palaéstinis
1512 842 1579 897 ad
1604 854 1817 895 omnem

243 950 555 1002 sermonem
597 952 751 991 suum
800 924 1085 1006 parabolas
1123 932 1387 1010 iungere,
1430 938 1497 1009 ut
1536 930 1677 1000 quod
1722 943 1821 997 per

242 1028 475 1098 simplex,
497 1037 820 1099 praeceptum
848 1026 1016 1103 teneri
1039 1027 1106 1092 ab
1132 1022 1465 1079 auditoribus
1486 1036 1592 1085 non
1619 1027 1815 1090 potest,

239 1134 341 1188 per
388 1110 794 1180 similitudinem
847 1116 1199 1192 exemplaque
1234 1104 1502 1171 teneatur.
1560 1111 1819 1181 Praecepit

238 1209 427 1282 itaque
466 1209 627 1283 Petro
660 1202 759 1265 hac
800 1209 1055 1279 parabola
1100 1207 1359 1263 Dominus
1398 1205 1498 1259 sub
1536 1218 1817 1273 compara-

238 1301 391 1356 tione
436 1284 577 1373 regis
618 1294 819 1357 domini
846 1309 899 1355 et
934 1300 1096 1365 servi,
1121 1299 1211 1369 qui
1243 1297 1452 1353 debitor
1476 1283 1667 1357 decem
1696 1292 1816 1348 mil-

238 1388 390 1443 lium’
408 1389 733 1446 talentorum
768 1407 797 1445 a
828 1390 1047 1445 domino
1086 1404 1279 1460 rogans
1310 1388 1521 1458 veniam
1568 1386 1819 1456 impetra-

236 1488 417 1545 verat,
445 1489 505 1535 ut
529 1480 641 1550 ipse
667 1496 879 1550 quoque
899 1480 1132 1537 dimittat
1166 1479 1440 1537 conservis
1468 1476 1581 1533 suis
1608 1476 1818 1530 minora

233 1570 611 1639 peccantibus.
659 1569 871 1641 Nosque
899 1571 1059 1627 simul
1085 1571 1340 1631 admonet
1370 1578 1447 1635 ut,
1464 1557 1665 1625 nostris
1692 1570 1840 1625 (ξοπι-⁵

234 1664 415 1718 servis
442 1664 656 1734 benigni
696 1671 751 1719 et
786 1663 1163 1720 misericordes
1189 1662 1385 1718 simus.
1437 1660 1495 1725 Si
1538 1646 1679 1716 enim
1729 1660 1817 1730 ille

234 1771 334 1810 rex
362 1765 419 1813 et
447 1756 703 1812 Dominus
734 1771 888 1811 servo
928 1750 1157 1817 debitori
1195 1766 1459 1829 summam
1487 1753 1671 1829 decem
1702 1751 1817 1806 mil-

234 1846 371 1899 lium
420 1846 740 1900 talentorum
787 1856 893 1919 tam
930 1844 1099 1906 facile
1124 1844 1359 1909 dimisit,
1401 1853 1603 1914 quanto
1645 1844 1815 1921 magis

231 1935 516 1989 conservis
541 1936 652 1989 suis
676 1935 1041 2009 unusquisque
1070 1942 1316 1987 nostrum
1344 1948 1521 1987 noxas
1543 1933 1815 1987 dimittere

231 2024 444 2090 debet?
476 2024 627 2091 Quod
652 2032 710 2077 ut
736 2022 1073 2079 manifestius
1092 2023 1193 2079 ﬁat
1232 2012 1471 2084 dicamus
1502 2024 1600 2079 sub
1628 2037 1816 2086 exem-

230 2117 328 2187 plo
360 2134 375 2170 :
401 2115 457 2170 Si
482 2116 603 2185 quis
634 2124 877 2170 nostrum
903 2114 1234 2170 commiserit
1268 2097 1614 2179 adulterium,
1640 2113 1817 2168 homi-

231 2206 460 2271 cidium,
495 2205 855 2274 sacrilegium,
895 2187 1099 2274 majoFa
1137 2204 1371 2261 crimina.
1414 2204 1598 2259 decem
1648 2203 1813 2257 millia

230 2284 909 2375 talentorum’rogantibus
948 2295 1309 2374 dimittuntur,
1337 2296 1382 2373 si
1415 2303 1469 2349 et
1499 2294 1814 2364 ipsi‘dimit—

232 2399 358 2444 tant
384 2390 591 2443 minora
616 2387 985 2459 peccantibus.
1030 2386 1125 2442 Sin
1159 2396 1340 2444 autem
1366 2386 1435 2443 ob
1460 2386 1654 2444 factam
1684 2388 1813 2441 coni

234 2477 513 2533 tumeliam
553 2478 721 2533 simus
768 2476 1155 2546 implacabiles,
1204 2486 1258 2540 et
1302 2486 1521 2549 propter
1566 2493 1809 2540 amarum

228 2570 737 2645 verbumperpetes
766 2568 1059 2645 habeamus
1095 2567 1412 2632 discerdias,
1444 2564 1619 2624 nonne
1655 2570 1810 2628 nobis

227 2644 481 2713 videmur
506 2667 651 2713 recte
678 2654 951 2729 redigendi
984 2658 1037 2712 in
1064 2674 1364 2723 carcerem,
1384 2652 1454 2715 et
1474 2660 1591 2716 sub
1631 2674 1810 2715 exem-

228 2747 323 2820 plo
343 2748 523 2818 operis
543 2747 715 2801 nostri
747 2740 849 2801 hoc
880 2757 1147 2819 agere,_ut
1174 2748 1435 2817 majorum
1474 2749 1628 2802 nobis
1670 2746 1807 2803 deli-

227 2846 451 2907 ctenim
478 2828 633 2892 uenia
678 2851 783 2890 non
823 2836 1138 2903 relaxetur?
1188 2828 1477 2908 (M.\URUS.)
1528 2835 1585 2890 Si
1632 2847 1808 2892 autem

228 2910 760 3010 allegoriamin‘bac
778 2925 1031 2999 parabola
1067 2918 1195 3007 quis
1222 2935 1445 3011 quaerat,
1494 2935 1669 3005 potest
1711 2927 1811 2993 hos
1860 2920 1863 2923 ’

228 3018 371 3101 duos
386 3004 660 3072 debitores
684 3017 783 3071 sub
805 3022 933 3086 typo
958 3004 1520 3087 duorum‘po'puiorum
1544 3018 1807 3101 accipere.

230 3098 407 3163 Homo
426 3120 555 3177 ergo
585 3105 671 3177 hic
695 3112 750 3165 et
774 3120 872 3159 rex
898 3106 984 3162 cui
1008 3120 1227 3182 regnum
1257 3106 1515 3161 cmiorum
1546 3098 1809 3162 assimila-

230 3209 343 3264 tur,
369 3188 463 3268 qui
489 3198 749 3264 rationem
777 3212 901 3252 cum
929 3196 1098 3252 servis
1112 3182 1453 3268 suis-posuit,
1478 3186 1599 3267 quis
1618 3194 1814 3262 melius

227 3308 395 3364 quam
434 3282 759 3359 Redemptor
796 3279 977 3343 noster
1015 3267 1363 3368 intelligitur?
1408 3289 1482 3343 De
1527 3278 1634 3358 quo
1672 3288 1806 3351 Pro-,-

227 3383 392 3453 pbeta
430 3379 559 3436 dicit
596 3398 609 3434 :
649 3379 718 3433 Et
754 3381 906 3446 homo
942 3388 1053 3443 est,
1090 3379 1202 3448 quis
1251 3379 1514 3447 cognoscit
1550 3391 1699 3453 eum;
1753 3386 1809 3434 et

228 3450 548 3534 Dsalmista;
578 3467 742 3535 Deus,
784 3469 976 3538 inquit,
1006 3468 1265 3537 judicium
1303 3476 1449 3521 tuum
1492 3468 1599 3539 regi
1635 3450 1729 3534 da,
1758 3478 1806 3523 et

230 3559 486 3627 iustitiam
514 3568 657 3611 tuam
681 3556 792 3627 ﬁlio
821 3560 955 3628 regis
980 3555 1151 3628 (Psal.
1183 3556 1373 3629 Lxxu).
1414 3557 1514 3624 Qui
1546 3574 1668 3614 cum
1694 3574 1808 3615 sera

230 3650 316 3703 vis
340 3648 453 3704 suis
486 3648 747 3702 rationem
782 3646 933 3712 facit,
962 3647 1177 3716 quando
1204 3647 1623 3718 uniuscujusque
1648 3650 1811 3714 meri-

231 3748 348 3793 tum
396 3739 637 3794 districte
677 3740 995 3795 examinans
1038 3738 1338 3809 perpendit.
1389 3739 1464 3803 De
1502 3740 1622 3810 ipsa
1664 3726 1807 3796 enim

228 3832 493 3900 scriptum
515 3836 599 3883 est
626 3848 638 3882 :
663 3828 933 3887 ludicabit
955 3830 1126 3883 orbem
1144 3840 1293 3885 terrw
1312 3831 1366 3900 in
1388 3834 1632 3902 (equitate
1649 3843 1697 3887 et
1715 3851 1810 3904 ρο·
1830 3862 1835 3867 ~

222 3921 381 3993 pulos
406 3921 703 3974 in'oert‘tate
738 3937 835 3973 sua
861 3918 1030 3991 (Psal.
1067 3921 1223 3993 xcv)-

301 4007 372 4066 Et
410 4024 529 4062 cum
572 4009 801 4079 cepisset
844 4010 1097 4069 rationem
1134 4026 1351 4080 ponere,
1401 4012 1601 4075 oblatus
1643 4010 1715 4071 est
1758 4003 1806 4073 ei

229 4116 366 4153 unus
410 4097 750 4177 quidebebat
791 4097 965 4151 decem
1010 4092 1178 4153 millia
1211 4100 1424 4177 talenta.
1467 4101 1601 4161 Cum
1632 4116 1803 4160 autem

229 4206 338 4245 tum
378 4188 585 4241 haberet
625 4188 761 4241 unde
797 4188 1063 4254 redderet,
1083 4188 1245 4263 jussit
1271 4207 1388 4245 eum
1418 4194 1723 4263 venundati,
1755 4202 1831 4251 et‘

230 4298 446 4343 tutorem
470 4270 603 4351 ejus,
631 4291 678 4343 et
697 4280 856 4349 ﬁlios,
880 4290 929 4337 ct
956 4283 1128 4338 omnia
1155 4300 1271 4354 quae
1293 4284 1529 4353 habebat,
1556 4297 1603 4343 et,
1632 4262 1823 4343 reddi.

230 4376 431 4435 Servus
471 4376 558 4436 hic
589 4376 681 4446 qui
721 4376 904 4430 decem
942 4376 1106 4443 millia
1145 4376 1467 4440 talentorum
1506 4378 1803 4449 ἁθιιιιίιιιμτ

1833 3158 1882 3224 C

1920 573 1967 621 et
1996 563 2223 619 debitum
2251 562 2447 618 dimisit
2479 562 2545 615 ei.
2584 560 2717 628 Quia
2746 560 2887 614 sicut
2914 551 2989 614 de
3007 574 3070 613 eo
3100 561 3356 629 scriptum
3384 570 3497 612 est:

1922 657 2218 714 Misericors
2247 664 2293 710 et
2315 655 2591 707 miserator
2615 663 2713 717 est,
2741 651 2940 721 patiens
2970 659 3016 703 et
3044 648 3262 702 multum
3293 650 3498 702 miseri-

1921 767 2034 806 cors
2063 746 2233 821 (Psal.
2262 746 2369 817 ιιι),
2396 745 2712 800 alllictorum
2740 757 2929 813 preces
2953 741 3253 810 suscipiens
3282 756 3389 795 non
3416 756 3502 795 so-

1921 839 2341 905 lumJudaicam
2384 836 2745 906 captivitatem
2788 831 3036 897 absolvit,
3068 830 3175 886 sed
3221 831 3383 885 etiam
3410 844 3503 885 ve.

1921 933 2065 993 niam
2104 911 2419 995 delictorum
2447 925 2687 980 omnium
2730 924 2785 977 in
2822 916 3026 979 Christi
3062 922 3293 976 adventu
3331 934 3389 976 se
3436 921 3501 976 iis

1919 1024 2050 1079 dare
2075 1017 2340 1093 promisit,
2380 1017 2425 1071 si
2456 1016 2811 1087 persisterent
2848 1013 2901 1068 in
2936 1013 3173 1083 incoepta
3189 1012 3246 1067 et
3270 1027 3377 1069 non
3405 1011 3501 1066 l'al«

1919 1114 2091 1175 lerent
2118 1119 2274 1176 voto;
2313 1110 2456 1163 unde
2484 1117 2539 1163 et
2568 1123 2633 1161 ex
2662 1103 2891 1176 persona
2918 1104 3130 1163 Domini
3165 1105 3233 1160 ad
3274 1100 3503 1175 promis-

1918 1218 2100 1259 sorum
2136 1202 2349 1256 illorum
2379 1198 2789 1267 evpmnitentiae
2834 1196 3149 1272 memoriam
3178 1210 3273 1253 eos
3302 1190 3495 1266 provo-

1919 1293 2091 1358 cantis
2126 1292 2229 1346 rite
2255 1304 2351 1360 per
2381 1272 2570 1344 Isaiam
2598 1287 2798 1344 dicitur
2831 1305 2844 1340 :
2876 1285 3137 1340 Memento
3168 1282 3372 1350 horum,
3407 1284 3505 1339 Ja-

1918 1364 2031 1444 cob,
2062 1370 2308 1452 (inanium
2356 1396 2536 1441 servus
2576 1392 2721 1439 meus
2762 1394 2813 1437 es
2852 1380 2949 1441 tu,‘
2972 1376 3195 1446 formati
3228 1388 3297 1442 te,
3328 1391 3502 1430 servus

1920 1476 2138 1528 menses
2163 1465 2241 1527 tu:
2258 1471 2456 1537 Israel,
2491 1488 2594 1528 non
2628 1469 2943 1525 Oblivisceris
2970 1470 3071 1525 mei
3090 1487 3109 1536 ;
3137 1468 3299 1524 delevi
3325 1480 3380 1523 ut
3408 1486 3502 1523 nu-

1921 1562 2030 1617 bem
2054 1553 2350 1640 iitiquitates
2380 1571 2519 1627 tuas,
2547 1562 2699 1633 quasi
2729 1560 2968 1615 nebulam
3004 1570 3215 1635 peccata
3253 1570 3378 1625 tua;
3422 1559 3499 1615 re-

1919 1649 2123 1706 vertere
2146 1653 2214 1707 ad
2248 1669 2351 1715 me,
2391 1653 2639 1728 quoniam
2677 1651 2869 1720 redemi
2904 1661 2953 1706 te
2987 1650 3147 1723 (lsai.
3177 1652 3341 1724 κων).
3394 1652 3500 1706 Sed

1922 1745 2049 1817 quid
2072 1744 2263 1815 servus
2292 1745 2383 1817 hic
2406 1744 2653 1817 pertinax
2696 1751 2753 1797 et
2802 1744 3045 1814 ingratus
3086 1754 3273 1814 postea
3314 1744 3502 1799 fecerit

1912 1837 2222 1896 audiamus.
2305 1832 2308 1835 ’

1959 1938 1963 1941 ⁷
1986 1928 2239 2000 Egressus
2261 1938 2436 1989 autem
2466 1947 2642 1986 servus
2670 1931 2776 1997 ille,
2805 1931 2994 1986 invenit
3022 1946 3182 1984 unum
3207 1930 3279 1999 de
3302 1947 3504 1984 conser-

1914 2025 1989 2080 vis
2009 2024 2120 2084 suis
2141 2025 2233 2095 qui
2253 2023 2466 2080 debebat
2486 2024 2532 2077 ei
2557 2032 2760 2078 centum
2781 2024 3047 2089 denarios,
3070 2033 3118 2077 et
3140 2033 3317 2077 tenens
3338 2023 3503 2092 su/fo-

1914 2113 2063 2170 cabat
2080 2130 2219 2187 eum,
2238 2114 2424 2186 ,dicens
2444 2131 2465 2168 :
2491 2114 2668 2169 Redde
2688 2114 2825 2185 quod
2855 2114 3028 2168 debes.
3068 2112 3357 2179 Procidens
3380 2131 3504 2168 con-

1914 2188 2097 2280 servus
2124 2205 2237 2274 ejus
2275 2204 2489 2274 rogabat
2525 2221 2646 2257 eum
2682 2204 2857 2257 dicens
2885 2218 2903 2255 :
2933 2201 3252 2257 Patientiam
3286 2204 3416 2261 habe
3447 2204 3501 2277 in

1917 2311 1998 2349 me
2024 2280 2070 2349 et
2103 2294 2276 2353 omnia
2304 2285 2519 2349 reddam
2552 2293 2664 2349 tibi.
2698 2292 2795 2346 Ille
2821 2303 2993 2346 autem
3016 2292 3206 2357 noluit,
3234 2291 3326 2347 sed
3351 2292 3500 2355 abiit,

1880 2396 1883 2399 '
1914 2384 2126 2439 et‘misit
2146 2379 2265 2453 eum
2294 2383 2347 2448 in
2371 2398 2650 2447 carcerem,
2678 2382 2840 2436 donec
2864 2380 3095 2436 redderet
3120 2381 3368 2439 debitum.
3412 2379 3500 2433 Li-

1914 2476 2137 2543 beratus
2173 2488 2304 2544 ergo
2338 2475 2413 2531 de
2458 2473 2769 2553 captivitate
2816 2470 3069 2553 Iudaicus
3102 2470 3351 2542 p0pulus,
3391 2486 3496 2525 non

1911 2569 2083 2634 solum
2110 2564 2455 2636 Redemptori
2475 2548 2574 2627 suo
2597 2566 2803 2637 gratias
2824 2548 3044 2637 minime
3064 2565 3194 2638 egit,
3214 2564 3309 2623 sed
3328 2561 3493 2627 etiam

1911 2659 2435 2733 peccatispriStinis
2475 2668 2695 2729 peccata
2750 2673 2885 2733 nova
2927 2646 3385 2728 superadjiciens,
3441 2655 3495 2710 iu

1912 2732 2275 2821 contemptum
2317 2750 2530 2819 Domini
2576 2752 2660 2805 sui
2707 2732 3028 2819 conservum
3076 2764 3251 2813 suum,
3315 2747 3369 2807 id
3416 2756 3500 2804 est

1914 2845 2167 2916 gentilem
2196 2832 2472 2913 populnm,
2501 2843 2654 2911 quasi
2678 2843 2779 2897 sibi
2806 2838 3097 2897 obnoxium
3133 2839 3359 2912 fatigare
3388 2855 3496 2900 non

1914 2932 2139 2991 distulit.
2177 2929 2349 3005 .Qu‘asi
2386 2918 2515 3003 ergo
2543 2932 2644 2987 sibi
2682 2932 2979 3003 debitorem
3009 2932 3236 2987 credens
3256 2922 3492 2985 circum—

1912 3022 2177 3101 cisionem
2220 3030 2275 3083 et
2316 3018 2667 3101 caeremonias
2710 3020 2861 3091 legis
2888 3005 2955 3077 ab
2999 3026 3064 3077 e'o
3111 3006 3400 3090 expetivit,
3444 3027 3501 3074 et

1896 3097 2114 3190 {lliristi
2158 3112 2385 3183 gratiam
2432 3098 2575 3181 quod
2622 3112 2690 3169 ad
2730 3110 2955 3185 salutem
3007 3110 3113 3165 illis
3146 3110 3493 3190 'idoneandn

1913 3179 2467 3275 esset,‘calumnian_s_
2491 3201 2713 3269 respuit.
2748 3179 2920 3256 'Unde
2947 3179 3206 3258 Aestilidd
3243 3201 3386 3272 quod
3416 3201 3499 3255 est

1911 3297 1964 3352 in
1997 3297 2217 3375 Actibus
2247 3294 2610 3366 apostolorum
2640 3313 2652 3349 :
2678 3287 2929 3364 Quidam'
2951 3298 3018 3351 de
3063 3298 3255 3375 haeresi
3308 3296 3493 3353 Phari-

1871 3372 1876 3377 ’
1910 3373 2322 3468 smorutn‘Pauli
2358 3394 2415 3441 et
2444 3386 2700 3463 Barnabas
2732 3372 3100 3465 praedicationi
3136 3388 3494 3465 impedimen-

1904 3460 2025 3532 tum
2044 3460 2329 3542 iacientes,
2357 3460 2757 3532 aﬂirmaverunt
2782 3492 2876 3531 eos
2899 3478 2991 3546 qui
3021 3491 3084 3531 ex
3110 3462 3359 3547 gen-tibus
3383 3462 3498 3534 ere-

1909 3568 2413 3624 diderunt‘debere
2474 3568 2825 3631 circumcidi,
2881 3575 2945 3623 et
2980 3567 3269 3624 observare
3321 3568 3492 3640 legent

1910 3658 2102 3729 Moysi,
2141 3666 2197 3714 et
2240 3676 2345 3714 non
2389 3658 2562 3714 solum
2606 3660 2706 3714 hoc
2742 3675 3028 3729 persuasu,
3061 3660 3153 3715 sed
3185 3662 3347 3727 etiam
3385 3671 3495 3716 tur-

1910 3748 2109 3803 mentis
2131 3734 2557 3817 liericogebant.
2610 3746 2761 3802 Sicut
2792 3756 2846 3802 et
2886 3748 3175 3819 praedictus
3222 3749 3493 3819 apostolus

1910 3838 2109 3917 Paulus
2156 3837 2723 3893 Thessalonicensibus
2761 3839 3004 3894 scribens
3050 3848 3167 3893 ait:
3208 3839 3311 3894 Vos
3351 3842 3487 3895 enim

1907 3928 2197 3982 imitatores
2220 3928 2347 3997 facti
2368 3929 2487 3982 estis
2518 3927 2707 3997 fratres
2734 3928 3066 3983 ecclesiarum
3092 3930 3204 3996 Dei,
3232 3948 3348 4001 qua:
3369 3945 3489 3986 sunt

1906 4018 1960 4071 in
1989 4008 2204 4082 Iudico,
2232 4019 2286 4072 in
2312 4016 2518 4072 Christo
2538 4017 2666 4083 Jesu
2695 4032 2713 4070 :
2738 4021 2859 4090 quia
2894 4021 3073 4075 eadem
3102 4022 3245 4091 passi
3284 4023 3406 4075 estis
3444 4035 3490 4076 et

1882 4122 1994 4179 vos
2031 4123 2079 4159 a-
2099 4106 2473 4161 contribulibus
2506 4110 2707 4173 vestris,
2743 4112 2876 4167 sicut
2903 4112 3074 4181 etipsi
3115 4130 3147 4164 a
3174 4112 3377 4183 Juda’is
3401 4115 3492 4183 qui

1904 4204 1953 4249 et
1980 4194 2262 4259 Dominum
2298 4196 2594 4255 occiderunt
2620 4194 2803 4252 Iesum
2849 4209 2897 4252 et
2938 4201 3243 4269 prophetas,
3292 4186 3341 4256 et
3394 4220 3487 4257 nos

1901 4286 2155 4356 persecuti
2182 4292 2323 4349 sunt,
2349 4295 2399 4338 et
2422 4284 2530 4340 Deo
2565 4302 2668 4339 non
2692 4287 3022 4354 placuerunt,
3051 4298 3100 4342 et
3137 4291 3375 4343 omnibus
3398 4290 3489 4344 ho.

1901 4375 2127 4441 minibus
2152 4374 2515 4441 adversantur,
2549 4376 2873 4446 prohibentes
2908 4394 3001 4431 nos
3040 4379 3276 4449 gentibus
3322 4380 3483 4451 loqui,

221 4465 416 4560 (laicus
440 4473 522 4522 est
545 4464 790 4535 populus,
840 4465 931 4560 qui
981 4466 1236 4560 decalogo
1280 4466 1413 4560 legis
1459 4470 1798 4536 constrictus,
1828 4500 1881 4560 Ι)
1906 4468 2153 4524 utsalva:
2182 4468 2335 4537 ﬁant,
2362 4477 2419 4521 ut
2452 4468 2697 4538 impleant
2721 4479 2930 4539 peccata
2958 4472 3054 4533 sua
3082 4486 3283 4541 semper
3309 4484 3327 4522 :
3352 4488 3487 4541 prte—

227 4555 520 4612 multarum
544 4556 1030 4626 transgressionum
1071 4556 1267 4613 debitis
1301 4556 1480 4621 fuerat
1513 4558 1798 4635 obnoxius.
1828 4555 1867 4560 ⁷
1905 4561 2038 4616 venit
2083 4558 2221 4615 enim
2267 4573 2423 4627 super
2465 4556 2583 4613 illos
2636 4558 2718 4612 ira
2776 4558 2869 4640 Dei
2922 4576 3081 4630 usque
3130 4562 3185 4615 in
3226 4560 3382 4629 ﬁnem
3430 4562 3481 4634 (Ι

228 4644 398 4712 Quem
436 4644 691 4705 Dominus
720 4660 849 4701 suus
870 4645 1032 4716 jussit
1054 4647 1454 4713 venundari,,et
1478 4653 1725 4716 uxorem,
1751 4658 1807 4705 et

226 4734 387 4801 illius,
415 4743 471 4796 et
499 4735 823 4820 omniaquae
846 4737 1095 4803 habebat,
1126 4745 1181 4793 et
1198 4738 1384 4820 reddi:
1408 4740 1534 4808 quia
1571 4755 1677 4805 non
1714 4757 1804 4796 so-

227 4835 338 4891 lum
383 4818 697 4904 populum,
726 4826 819 4882 sed
863 4827 1027 4882 etiam
1071 4818 1415 4899 sinagogam'
1451 4826 1757 4891 indecorum
1784 4872 1800 4897 ,

226 4919 477 4993 praelatos
504 4918 663 4979 simul
692 4927 748 4974 et
771 4918 1013 4991 subditos
1046 4934 1167 4973 cum
1202 4926 1319 4985 tota
1363 4919 1663 4981 substantia
1701 4937 1797 4977 eo-

224 5029 347 5068 rum
374 5019 592 5082 propter
618 5011 933 5069 delictorum
962 5013 1382 5083 magnitudinem
1410 5002 1795 5091 institutarum

226 5109 547 5173 potestatem
566 5102 785 5165 tradidit
806 5104 1104 5170 nationum,
1126 5106 1343 5175 utquod
1366 5106 1653 5169 noluerunt
1673 5119 1796 5166 voto

227 5189 533 5262 persolvere
555 5186 875 5261 cogerentur
898 5199 1187 5255 tormento.
1360 5232 1367 5235 τ
1440 5252 1445 5261 ,

302 5276 582 5337 Procidens
602 5295 777 5336 servus
793 5279 901 5345 ille,
923 5282 1106 5344 orabat
1122 5267 1237 5346 eum
1258 5280 1431 5341 dicens
1444 5300 1462 5338 :
1476 5282 1793 5341 Patientiam

222 5365 435 5425 habete
457 5382 559 5432 me,
589 5377 639 5423 et
667 5369 842 5427 omnia
866 5368 1081 5431 reddam
1104 5372 1215 5425 tibi.
1259 5371 1350 5429 Sic
1377 5382 1434 5428 et
1458 5366 1682 5444 populus
1705 5376 1793 5433 ille

219 5457 434 5532 legalis,
460 5466 745 5528 postquam
769 5474 829 5515 se
856 5470 1100 5517 senserat
1136 5462 1291 5523 malis
1325 5464 1712 5527 circumdatum
1738 5477 1793 5522 et

222 5550 668 5618 coangustatum,
687 5548 903 5609 tandem
925 5548 1305 5617 pmnitentiam
1332 5552 1457 5621 egit,
1476 5554 1568 5628 ,ad
1603 5570 1791 5623 preces

223 5648 521 5693 conversus
538 5644 643 5697 est.
670 5635 843 5702 IQuod
887 5636 1035 5706 prius
1068 5646 1256 5708 sponte
1294 5640 1483 5707 noluit,
1521 5653 1705 5713 postea
1736 5644 1787 5699 vi

223 5732 443 5780 emotus
462 5737 520 5779 se
542 5721 807 5791 iacturum
827 5726 1089 5796 promisit.
1570 5744 1573 5745 '

1908 4648 2085 4719 Thess.
2131 4649 2231 4719 tt).-
2284 4699 2293 4705 .
2342 4706 2351 4715 ,
2542 4703 2547 4709 ,
2688 4700 2689 4703 η

1910 4759 1937 4789 r
1977 4736 2226 4815 'Yidentes
2254 4750 2433 4795 autem
2469 4739 2698 4796 conservi
2743 4739 2858 4809 ejus
2884 4754 3002 4811 qua?
3026 4738 3241 4807 ﬁebant,
3285 4744 3483 4797 contri-

1906 4828 2031 4884 stati
2057 4838 2181 4895 ssmt
2211 4824 2389 4894 valde;
2415 4838 2463 4885 et
2489 4838 2751 4893 venerunt,
2788 4838 2835 4883 et
2880 4838 3223 4899 narraverunt
3268 4830 3478 4886 domino

1906 4936 2004 4976 suo
2033 4920 2209 4981 omnia
2247 4935 2367 4991 qua
2394 4920 2535 4990 facta
2569 4919 2792 4989 fuerant.
2817 4982 2822 4989 υ
2843 4918 2941 4987 Qui
2978 4928 3105 4974 sunt
3140 4929 3321 4975 autem
3350 4938 3480 4977 con-

1904 5009 2046 5065 servi
2098 5009 2191 5081 isti
2241 5009 2334 5081 qui
2390 5010 2717 5081 proterviam
2764 5009 2907 5067 servi
2960 5026 3191 5081 nequam
3259 5013 3477 5075 domino

1902 5098 2235 5163 renuntiant,
2262 5098 2364 5153 nisi
2405 5098 2631 5169 apostoli
2666 5106 2721 5153 et
2764 5099 3148 5169 prmdicatores
3176 5102 3471 5175 Evangelii,

1900 5189 1992 5259 qui
2038 5189 2275 5261 quotidie
2320 5190 2421 5261 pro
2463 5189 2635 5249 salute
2680 5192 3016 5248 credentium
3060 5185 3247 5250 contra
3291 5195 3472 5251 dolum

1900 5288 2305 5352 persecuturum
2352 5278 2635 5334 Dominum
2682 5280 3006 5352 imploranti
3048 5282 3201 5355 Sicut
3238 5292 3476 5356 etspo-

1899 5369 2023 5425 stoli
2064 5370 2120 5424 in
2144 5367 2367 5439 Actibus
2404 5368 2771 5438 apostolorum
2804 5371 3301 5441 fecisseieguntur,
3346 5388 3469 5433 cum

1898 5459 2223 5527 sacerdotes,
2247 5465 2302 5513 et
2337 5458 2686 5529 magistratus
2728 5457 2931 5531 templi,
2972 5470 3026 5515 et
3074 5461 3351 5521 Sadducsei
3381 5464 3471 5518 do-

1896 5549 2067 5605 lentes
2108 5550 2249 5618 quod
2294 5550 2550 5606 docerent
2592 5549 2842 5627 populum
2879 5560 2934 5605 et
2989 5554 3372 5611 annuntiarcut
3414 5558 3465 5613 in

1894 5636 2077 5694 Jesum
2124 5638 2579 5700 resurrectionem
2629 5654 2697 5696 ev
2742 5640 2984 5704 mortuis,
3035 5638 3256 5711 ﬂagellis
3314 5628 3470 5698 casis

1895 5728 2343 5785 denuntiaverunt
2370 5744 2437 5785 nc
2464 5728 2605 5791 ultra,
2645 5728 2989 5803 loquerentur
3026 5720 3078 5786 in
3124 5734 3342 5788 nomine
3373 5729 3464 5785 .le-
