3922 6334
508 370 644 425 1015

1151 375 1210 428 Β.
1252 374 1502 431 RABANI
1541 374 1760 433 MAUR!
1797 372 2111 430 AllClllEP.

2154 371 2459 428 MOGUNT.
2497 371 2789 430 OPERUM-
2818 373 2997 430 PARS
3034 377 3074 431 l.
3619 373 3763 431 {Old

500 497 566 537 su
605 478 694 535 ulli
725 479 1018 534 hominum.
1061 479 1130 536 At
1155 482 1253 551 ipsi
1288 485 1355 538 ad
1393 499 1518 539 suos
1559 484 1759 540 reversi
1787 483 2077 538 levaverunt
2106 483 2156 542 Α
2181 491 2308 550 ergo
2352 495 2512 535 verus
2541 480 2797 536 Dominus
2839 498 3066 552 pravum
3119 493 3174 540 et
3219 474 3608 560 blaSphemum
3667 502 3769 559 po-

502 587 673 626 rocem
711 568 778 622 ad
823 567 1009 635 Deum,
1037 580 1084 624 et
1105 571 1374 636 dixerunt,
1429 570 1526 637 Tu,
1557 573 1775 626 Domine
1802 570 1962 636 Deus,
1989 572 2076 640 qui

503 657 672 726 fecisti
720 658 902 712 calum
951 669 996 713 et
1040 671 1233 714 terram
1271 670 1318 714 et
1352 660 1525 714 omnia
1563 675 1679 730 quae
1716 661 1771 713 in
1810 660 1886 715 eis
1933 647 2075 734 sunt,

500 750 587 816 qui
637 746 837 819 Spiritu
870 760 1048 803 sancto
1088 737 1273 820 per-os
1313 751 1476 820 patris
1507 751 1670 804 nostri
1720 750 1884 806 David
1929 751 2076 820 pueri

502 843 584 895 tui
632 843 858 900 dixisti:
899 842 1071 908 Quare
1114 843 1431 913 fremuerunt
1467 853 1639 914 gentes
1670 851 1718 898 et
1762 841 1940 914 pepuli
1965 827 2075 894 me?

501 931 656 984 ditati
684 944 803 988 sunt
837 934 1054 987 inania?
1091 934 1362 988 astiterunt
1416 951 1555 1004 rcges
1587 927 1754 1002 terrte'
1779 940 1825 987 et
1876 932 2076 1003 princi-

503 1041 590 1093 pes
643 1021 986 1078 convenerunt
1039 1026 1098 1100 in.
1140 1042 1299 1079 unum
1347 1026 1592 1082 adversus
1641 1026 1918 1098 Dominum
1954 1066 1967 1089 ,
2030 1034 2077 1077 et

503 1115 748 1168 adversus
818 1111 1080 1175 Christum
1158 1107 1290 1188 ejus.
1375 1111 1734 1170 Convenerunt
1807 1114 1942 1169 enim
2021 1113 2076 1164 in

502 1205 707 1258 civitate
764 1205 864 1258 ista
923 1206 1168 1259 adversus
1225 1213 1459 1265 sanctum
1510 1221 1729 1275 puerum
1785 1217 1930 1259 tuum
1989 1203 2076 1257 Je-

501 1313 616 1350 sum
649 1338 663 1361 ,
708 1313 856 1366 quem
901 1295 1093 1348 auxisti
1119 1336 1132 1360 ,
1199 1293 1430 1366 Herodes
1495 1305 1541 1348 et
1599 1294 1820 1350 Pontius
1873 1292 2079 1349 Pilatus

504 1401 619 1437 cum
677 1384 910 1454 gentibus
962 1392 1009 1436 et
1046 1381 1250 1454 populis
1299 1383 1469 1462 Israel
1514 1382 1705 1462 facere,
1751 1401 1867 1452 qua?
1895 1401 2079 1440 manus

501 1486 605 1528 tua:
633 1482 679 1527 et
725 1473 990 1549 consilium
1019 1473 1348 1549 decreverunt
1376 1457 1513 1542 fieri.
1546 1471 1612 1528 Et
1639 1454 1810 1541 'nunc,
1839 1475 2077 1543 Domine,

501 1564 691 1632 respice
729 1563 782 1615 in
810 1564 975 1616 minas
1027 1579 1226 1628 eorum,
1269 1572 1316 1616 et
1344 1564 1411 1616 da
1440 1566 1599 1619 servis
1643 1567 1747 1621 tuis
1785 1582 1901 1621 cum
1941 1569 2080 1622 omni

498 1656 691 1721 ﬁducia
740 1654 878 1725 loqui
945 1654 1150 1734 uerbum
1210 1663 1359 1708 tuum
1408 1657 1463 1710 in
1527 1673 1625 1726 eo,
1696 1676 1814 1714 cum
1867 1677 2078 1714 manum

499 1758 641 1798 mam
676 1746 923 1799 extendas
982 1747 1049 1799 ad
1107 1733 1532 1812 sanitates'tuas,
1579 1759 1626 1803 et
1673 1748 1823 1820 signa
1876 1761 1924 1805 et
1960 1767 2105 1820 pro--

497 1839 636 1908 digia
673 1840 789 1907 ﬁeri
843 1857 934 1908 per
987 1855 1170 1906 nomen
1217 1840 1384 1891 sancti
1432 1841 1581 1908 pueri
1632 1841 1709 1909 tui
1761 1839 1911 1905 Iesu,
1971 1850 2075 1896 etc.
2110 1835 2154 1894 Β
2184 1837 2289 1892 fine
2324 1836 2541 1915 aeternis
2585 1835 2914 1903 cruciatibus

500 1931 637 1998 (Act.
673 1946 721 1983 IV
749 1931 788 1998 ).

571 1938 637 1984 ct.
673 1946 721 1983 Iv
777 1969 788 1981 .

571 2018 713 2073 Tunc
749 1930 947 2075 locavit
993 2034 1110 2072 eum
1141 2010 1386 2077 dominus
1416 2010 1547 2091 suus
1579 2012 1639 2075 et
1675 2017 1747 2074 ait
1782 2019 1891 2073 illi:
1922 2020 2078 2076 Serve

499 2126 739 2180 nequam,
785 2125 934 2162 omne
959 2108 1187 2164 debitum
1232 2098 1408 2174 dimisi
1443 2109 1534 2167 tibi
1582 2107 1829 2186 quoniam
1877 2106 2108 2190 ‘rogasti'

496 2218 595 2264 me,
631 2216 797 2254 nonne
828 2211 874 2253 et
917 2208 964 2253 te
995 2192 1232 2271 'oportuit
1253 2266 1255 2269 ι
1276 2199 1511 2256 misereri
1561 2200 1793 2255 conservi
1821 2199 1916 2263 tui,
1942 2199 2074 2252 sicut

493 2303 542 2344 et
579 2308 669 2362 ego
727 2294 805 2344 tui
880 2292 1120 2345 misertus
1185 2291 1341 2345 sum?
1387 2290 1601 2346 Dimisit
1631 2305 1759 2361 ergo
1807 2289 2072 2345 Dominus

492 2381 636 2450 genti
691 2379 993 2435 intimorum
1065 2381 1260 2452 smpius
1331 2381 1531 2452 debita,
1582 2383 1812 2452 quando
1880 2382 1932 2436 in
1983 2398 2077 2436 an-

491 2470 680 2541 gustiis
727 2469 1005 2525 constituti
1029 2479 1082 2522 et
1114 2469 1487 2538 pmnitentiam
1535 2480 1756 2540 agentes
1785 2471 1928 2525 illius
1969 2469 2074 2530 ml,-

490 2559 836 2615 scrieordiam
890 2558 1346 2629 deprecabantur;
1389 2560 1482 2614 sed
1522 2559 1736 2614 liberati
1776 2560 1842 2615 ab
1877 2552 2076 2632 angus-

488 2653 582 2706 tiis
617 2649 815 2703 nullam
848 2658 1032 2719 postea
1063 2649 1494 2718 compassionem
1527 2648 1608 2704 vel
1648 2649 2073 2706 misericordiam

489 2757 616 2810 erga
654 2740 929 2814 proximos
953 2752 1216 2809 pauperes
1250 2740 1549 2805 habebant;
1582 2742 1709 2811 quin
1753 2742 1932 2812 potius
1957 2755 2076 2797 om-

488 2847 586 2888 nes
629 2829 901 2886 debitores
956 2844 1102 2894 suos,
1159 2837 1215 2883 ut
1254 2831 1515 2899 scriptum
1557 2838 1657 2896 est,
1691 2829 1946 2887 atrociter
1992 2846 2077 2886 re-

487 2922 760 2991 petebant.
817 2919 1037 2990 lnsuper
1075 2920 1239 2975 ctiam
1285 2930 1339 2975 et
1382 2920 1671 2990 prophetas
1733 2929 1894 2990 atque
1948 2936 2076 2992 apo—

488 3009 654 3064 stolos
688 3009 779 3077 qui
828 3009 908 3064 eis
949 3015 1173 3068 verbum
1228 3003 1684 3071 reconciliationis
1746 3006 2068 3078 adserebant,

489 3103 698 3172 ingrate
733 3110 1047 3171 spernentes
1090 3101 1380 3158 crudeliter
1427 3099 1788 3154 trucidabant.
1843 3100 1995 3156 Unde
2021 3110 2076 3155 et

489 3200 806 3248 meruerunt
846 3192 976 3246 illud
1023 3192 1224 3246 sentire
1248 3190 1391 3259 quod
1445 3187 1717 3245 subditur.

557 3283 626 3337 Et
668 3286 832 3337 iratus
877 3282 1118 3335 dominus
1166 3268 1726 3360 ejusltradiditi'enm‘
1768 3282 2070 3346 tortoribus,

486 3374 659 3446 quoad
697 3390 858 3450 usque
894 3369 1131 3427 redderet
1185 3372 1484 3426 universum
1537 3360 1786 3427 debitum.
1834 3371 2079 3427 Tradidit

2178 573 2359 639 pulum
2393 569 2696 625 Judzeorum
2725 571 2794 625 ob
2836 571 3118 639 perﬁdiam
3151 590 3302 631 suam
3331 580 3385 633 in
3422 592 3630 635 atauus
3659 565 3789 636 H0?

2179 676 2481 736 manorum,
2523 660 2718 736 quibus
2763 660 2961 730 partim
3002 660 3144 715 fame
3179 669 3464 738 exstinctis
3489 709 3506 734 ,
3553 666 3760 738 partim

2158 739 2354 825 'gladio
2382 734 2597 814 occisis,
2643 750 2836 819 partim
2872 752 3038 807 etiam
3063 751 3116 806 in
3145 734 3514 823 captivitatem
3556 734 3765 822 ductis,

2177 843 2250 896 ita
2297 849 2463 918 totam
2520 849 2718 896 terram
2771 849 3136 908 vastaverunt,
3183 851 3242 897 ut
3288 846 3497 902 scilicet
3560 856 3766 903 metro—

2176 932 2322 1000 polin
2365 945 2551 986 eorum
2587 931 2918 986 Hierusalem
2956 926 3370 996 a‘fundamento
3417 945 3760 1000 everterent,

2180 1025 2547 1095 templumque
2597 1025 3011 1090 succenderent,
3052 1011 3366 1083 et‘omnem
3415 1019 3628 1082 cultum
3675 1043 3764 1082 eo—

2180 1131 2296 1184 rum
2346 1116 2689 1186 dissiparcnt.
2739 1116 3067 1186 Factumque
3106 1123 3189 1170 est
3251 1125 3377 1172 tunc
3430 1119 3578 1189 quod
3655 1121 3765 1189 ipse

2182 1193 2429 1260 Salvator
2461 1215 2586 1266 ante
2614 1205 2694 1260 eis
2722 1203 3010 1277 praedixit:
3069 1204 3205 1272 Quia
3250 1206 3323 1260 ita
3381 1207 3766 1264 deStruebatur

2181 1303 2292 1351 tota
2328 1296 2588 1351 habitatio
2625 1294 3190 1366 Hierosolymitarum,
3217 1304 3277 1352 ut
3319 1312 3426 1351 non
3483 1297 3764 1367 relinque-

2181 1393 2331 1441 retur
2368 1380 2503 1456 lapis
2534 1399 2694 1457 super
2739 1386 2969 1455 lapidem
3004 1388 3034 1460 '(
3078 1384 3266 1441 Matth.
3319 1403 3448 1442 xxxv
3478 1389 3522 1459 ).
3567 1389 3640 1444 Et
3683 1405 3762 1444 se—

2181 1467 2424 1533 eondum'
2453 1473 2692 1549 Danielis
2740 1477 3074 1550 prophetiam
3106 1477 3366 1534 desolatio
3409 1486 3760 1550 permaneret

2180 1582 2351 1637 usque
2400 1567 2454 1620 in
2508 1564 2688 1620 tinem.
2744 1565 2870 1621 Sive
2921 1567 3130 1645 alitem,
3159 1557 3478 1634 Tortoribus
3523 1573 3759 1642 tradidit

2181 1671 2292 1718 eos,
2323 1655 2377 1709 id
2403 1663 2486 1709 est
2531 1648 2778 1722 malignis
2822 1645 3118 1722 spiritibus,
3147 1645 3236 1725 qui
3263 1657 3464 1713 invidia
3493 1662 3757 1730 nequissi-

2181 1762 2324 1822 mam
2353 1745 3045 1818 animaminalitiosamque
3088 1741 3145 1802 ei
3176 1747 3619 1821 incorrigibilem,
3649 1741 3760 1806 sine

2957 1833 3224 1909 punirent.
3258 1837 3426 1906 Quod
3460 1831 3646 1896 autem
3678 1857 3760 1896 se-

2179 1917 2365 1999 q'uitur
2390 1945 2401 1980 :
2676 1921 2684 1931 “
2861 1990 2866 1996 _
2901 1925 2907 1934 ’
3048 1983 3061 1989 ,
3200 1979 3206 1984 .
3499 1993 3512 1996 _
3559 1945 3562 1947 ·

2250 2015 2342 2072 Sic
2367 2010 2416 2071 et
2449 2015 2608 2071 Pater
2634 2021 2784 2078 meus
2823 2017 3040 2072 caelestis
3083 2018 3240 2087 faciet
3269 2019 3434 2085 nobis,
3468 2020 3519 2072 si
3547 2036 3655 2073 non
3683 2039 3760 2074 re-

2177 2105 2422 2188 ntisé'ritis
2459 2106 3002 2178 unusquisque‘fratri
3037 2122 3132 2161 suo
3169 2107 3234 2161 de
3270 2108 3517 2186 cordibus
3560 2111 3754 2164 uestri).

2181 2187 2378 2268 (Hier.
2415 2197 2435 2269 )
2470 2194 2835 2252 Formidolosa
2893 2196 3048 2252 valde
3085 2187 3350 2252 sententia
3379 2207 3486 2262 est,
3525 2199 3573 2251 si
3609 2196 3756 2264 juxta

2178 2296 2416 2342 nostram
2463 2294 2696 2342 mentem
2736 2282 3005 2341 sententia
3055 2287 3148 2341 Dei
3186 2285 3426 2342 ﬂectitur
3454 2297 3620 2358 atque
3645 2305 3757 2343 mu-

2175 2375 2342 2430 tatur.
2399 2374 2456 2428 Si
2494 2390 2659 2444 parva
2696 2374 2951 2430 fratribus
2992 2391 3098 2430 non
3161 2376 3516 2439 dimittamus,
3570 2383 3755 2447 magna

2175 2460 2334 2531 nobis
2366 2480 2405 2518 a-
2436 2465 2546 2519 Deo
2575 2454 2691 2519 non
2717 2464 3074 2519 dimittentur.
3106 2465 3172 2519 Et
3209 2465 3352 2535 quia
3377 2475 3562 2535 potest
3598 2482 3757 2521 unus-

2176 2555 2403 2625 quisque
2436 2551 2646 2610 dicere:
2698 2554 2839 2610 Nihil
2873 2556 3047 2610 habeo
3076 2565 3266 2634 coutra
3319 2571 3466 2621 eum,
3509 2557 3626 2626 ipse
3666 2563 3758 2611 no.-

2176 2646 2252 2701 vit
2285 2663 2299 2710 ;
2333 2647 2493 2720 habet
2517 2646 2685 2702 Deum
2713 2645 2969 2717 judicem,
3003 2663 3107 2701 non
3152 2647 3282 2702 mihi
3329 2638 3460 2703 cura
3511 2657 3594 2703 est
3635 2650 3757 2718 quid

2175 2738 2303 2794 velit
2324 2752 2502 2807 agere,
2527 2752 2626 2807 ego
2653 2735 2830 2806 ignovi
2857 2737 2927 2801 ei,
2952 2736 3236 2792 confirmat
3261 2739 3586 2792 sententiam
3609 2750 3757 2792 suam

2174 2815 2466 2881 ctomnem
2510 2826 2905 2904 simulationem
2955 2826 3275 2895 uetat-pacis
3297 2827 3516 2899 evertit,
3541 2827 3754 2882 dicens:

2178 2917 2240 2976 Si
2274 2936 2378 2973 non
2408 2919 2710 2973 rentiseritis
2738 2919 3091 2990 unusquisque
3113 2918 3266 2989 fratri
3304 2935 3400 2971 suo
3435 2919 3498 2972 de
3520 2919 3756 2976 cordibus

2176 3010 2375 3066 uestris.
2410 3008 2428 3080 (
2457 3007 2610 3079 (ἔτερ.
2642 3009 2660 3081 )
2706 3005 2796 3062 Ex'
2817 3008 3012 3077 quibus
3055 3007 3308 3066 videlicet
3343 3009 3504 3063 dictis
3526 3019 3755 3074 consent,

2177 3102 2320 3172 quod
2357 3100 2400 3156 si
2432 3087 2535 3155 hoc
2564 3100 2704 3170 quod
2738 3100 2792 3153 in
2833 3114 2934 3154 nos
2960 3100 3298 3169 delinquitur
3321 3115 3387 3156 ex
3443 3103 3607 3158 corde
3654 3117 3757 3157 non

2104 3193 2148 3253 C
2180 3190 2535 3256 dimittamus,
2578 3198 2632 3250 et
2669 3173 2798 3245 illud
2848 3204 3038 3246 rursus
3066 3206 3096 3246 a
3126 3191 3280 3246 nobis
3325 3191 3575 3262 exigitur,
3617 3195 3758 3264 quod

2178 3280 2335 3336 nobis
2363 3280 2474 3358 jam
2503 3294 2601 3351 per
2626 3280 3001 3350 pmnitentiam
3037 3280 3318 3336 dimissum
3359 3280 3524 3339 fuisse
3559 3283 3754 3354 gaude.

2183 3370 2394 3426 bamus.

1739 3636 2039 3721 LIBER
2115 3634 2528 3726 SEXTUS.

1090 3905 1322 3965 CAPUT
1366 3893 1512 3962 XIX.

494 4030 716 4085 Uxorem
763 4043 866 4081 non
909 4026 1091 4080 debere
1131 4023 1326 4077 dimitti
1368 4021 1535 4083 docet,
1567 4029 1614 4073 et
1662 4018 1748 4082 de_
1773 4015 2070 4084 eunuchis;

560 4100 783 4168 infantes
807 4113 837 4149 a
866 4094 1216 4168 benedictione
1259 4110 1360 4146 non
1398 4106 1508 4168 esse
1532 4088 1783 4168 arcendos
1807 4104 1831 4159 ί
1862 4086 2072 4168 divitem

557 4156 1091 4239 (liﬁicileintraturum
1112 4165 1165 4218 in
1182 4178 1394 4239 regnum
1414 4159 1658 4239 caelorum
1673 4175 1692 4239 ς
1707 4167 1756 4212 et
1775 4156 2072 4239 cfentuplum

559 4224 899 4308 recepturum,
940 4234 1029 4305 qui
1078 4224 1258 4289 omnid
1295 4231 1483 4286 deserit
1534 4238 1744 4299 prOpter
1781 4224 2067 4284 Christum.

563 4350 853 4420 Explicatis
904 4361 1034 4418 ergo
1073 4346 1413 4401 sermonibus
1456 4341 1666 4398 Domini
1698 4355 1834 4411 quos
1866 4341 1921 4394 in
1961 4337 2071 4393 Gao

485 4448 622 4501 Maca
660 4454 780 4515 post
814 4443 1111 4512 expetitum
1149 4442 1218 4495 ab
1264 4454 1329 4494 eo
1382 4439 1639 4493 tributum
1679 4436 1746 4490 ad
1797 4432 2068 4502 apostolos

487 4535 551 4588 de
586 4524 886 4586 innocentia
916 4539 970 4585 et
997 4528 1299 4582 humilitate
1337 4528 1452 4596 ipse
1496 4525 1744 4579 Salvator
1781 4523 2067 4585 habuerat,

486 4633 672 4678 vetans
706 4637 800 4677 eos
828 4635 894 4674 ne
937 4618 1368 4674 scandalizarent
1402 4616 1621 4688 pusillos
1648 4616 1896 4685 adjlmcta
1924 4625 2073 4683 para-

486 4718 627 4782 bola,
657 4725 710 4771 et
738 4722 921 4785 postea
953 4728 1073 4781 quae
1100 4712 1165 4766 de
1195 4713 1533 4780 correptione
1561 4709 1786 4762 fratrum
1819 4717 1871 4764 et
1903 4707 2074 4762 indul-

487 4807 662 4876 gentia
713 4804 1095 4861 convenienter
1135 4802 1357 4867 docens,
1395 4800 1554 4854 Petro
1599 4799 1966 4870 interrogante
2009 4799 2075 4853 de

490 4899 803 4953 remissione
857 4903 1230 4967 peccatorum,
1282 4910 1389 4950 non
1447 4902 1655 4947 tantum
1711 4894 1931 4964 septies,
1981 4893 2075 4948 scd

489 4991 653 5043 ctiam
694 4990 994 5059 scptuagics
1021 4989 1221 5058 septies
1261 4987 1666 5050 remittendum,
1699 4986 2072 5054 responderat,

489 5081 542 5135 id
566 5081 738 5151 ipsum
768 5081 1121 5148 comprobans
1156 5079 1402 5148 sequenti
1448 5077 1738 5147 parabola;
1789 5084 2074 5145 postquam

489 5170 604 5225 ba‘c
633 5167 877 5223 videlicet
909 5168 1084 5222 omnia
1114 5168 1395 5222 Matthmus
1424 5168 1494 5221 ita
1534 5166 1897 5236 explicuisset,
1926 5178 2075 5217 more

489 5275 590 5316 suo
627 5260 778 5329 quasi
807 5258 872 5312 ad
921 5257 1024 5312 alia
1054 5272 1111 5312 se
1153 5257 1477 5313 conferendo
1519 5259 1785 5312 narranda
1830 5259 1910 5324 sic
1955 5270 2077 5325 pro-

490 5354 733 5423 sequitur
760 5358 814 5407 et
841 5351 972 5406 dicit
997 5365 1011 5404 :

560 5443 651 5518 IL]
708 5445 772 5498 Et
816 5444 1013 5515 factum
1045 5454 1122 5498 est
1155 5458 1272 5497 cum
1303 5454 1706 5497 consummasset
1756 5443 1912 5495 Iesus
1963 5457 2074 5494 ser-

490 5551 661 5589 monet
707 5535 853 5597 istos,
890 5532 1132 5603 migravit
1177 5551 1207 5586 a
1255 5531 1498 5593 Galiltra,
1551 5543 1598 5585 et
1655 5533 1796 5586 venit
1843 5533 1898 5584 in
1948 5532 2076 5600 ﬁnes

490 5626 695 5684 Juda'a'
734 5637 878 5679 trans
915 5625 1221 5679 Iordanem.
1254 5623 1418 5695 (ΚΑΒ.
1447 5621 1482 5692 ).
1539 5621 1674 5677 llinc
1724 5639 1853 5694 ergo
1886 5609 2076 5693 incipit

496 5729 556 5771 ca
587 5729 806 5773 narrare
855 5730 975 5786 rpuc
1023 5714 1278 5769 Dominus
1308 5714 1377 5768 in-
1408 5711 1590 5778 tum
1614 5711 1764 5775 fecit,
1814 5713 1989 5767 decuit
2021 5723 2074 5768 cl

2177 3911 2370 3969 passus
2419 3887 2524 3954 est.
2570 3899 2636 3952 Et
2683 3900 2859 3969 primo
2905 3891 3120 3969 quidem
3167 3906 3320 3954 trans
3357 3898 3752 3977 Jordanem,ad

2174 3988 2458 4068 orientem,
2495 3987 2687 4043 deinde
2722 3988 2893 4043 etiam
2914 3988 2994 4043 cis
3019 3986 3346 4062 .lordanemr
3360 3990 3579 4058 quando
3608 3995 3752 4048 venit

2175 4072 2232 4133 in
2280 4077 2515 4144 Iericho,
2561 4077 2874 4148 Bethphage
2901 4086 2954 4132 et
2991 4077 3453 4149 Hierosolymam;
3484 4071 3757 4138 nam-Iom-

2172 4170 2256 4225 nis
2315 4168 2634 4225 Iudaeorum
2685 4169 2964 4240 provincia
3023 4168 3646 4239 quamvisgeneraliter
3691 4175 3751 4227 ad

2175 4262 2573 4316 distinctionem
2600 4261 2827 4314 aliarum
2854 4250 3092 4331 gentium
3127 4259 3310 4318 Judzea
3346 4254 3485 4316 dicta
3518 4262 3610 4327 sit.
3640 4279 3753 4334 spe-

2175 4353 2364 4409 cialius
2391 4362 2572 4407 tamen
2603 4353 2902 4409 meridiana
2932 4351 3050 4420 ejus
3080 4352 3236 4422 plaga
3265 4352 3638 4421 appellabatur
3670 4353 3752 4408 Ju-

2097 4399 2149 4458 D
2172 4447 2309 4509 deea,
2338 4399 2409 4498 ad
2439 4399 2841 4499 distinctionem
2871 4399 3149 4506 Sadnaﬁiie,
3169 4399 3432 4507 Baliare,
3478 4399 3751 4514 Daca-polis

2171 4541 2226 4587 et
2255 4541 2576 4587 cauet-arum
2607 4533 2662 4587 in
2691 4533 2877 4588 eadem
2907 4532 3187 4603 provincia
3210 4532 3510 4602 regionum.
3548 4579 3550 4584 ,

2242 4624 2311 4677 Et
2336 4632 2528 4678 secuta:
2553 4632 2674 4677 sunt
2697 4641 2814 4677 eum
2840 4623 3006 4678 turbae
3029 4623 3229 4688 multae,
3257 4633 3308 4678 et
3337 4625 3540 4680 curauit
3561 4641 3652 4680 eos
3664 4626 3732 4680 ibi

2173 4713 2434 4786 (Hilam)
2480 4713 2728 4772 Galilmos
2765 4717 2818 4769 in
2846 4713 3290 4790 Judamiﬁnibus
3334 4726 3515 4773 curat.
3557 4716 3751 4774 Potue-

2175 4813 2263 4861 rat
2325 4806 2541 4875 quidem
2585 4814 2917 4876 aegrotorum
2981 4808 3172 4861 turbas
3238 4823 3345 4862 non
3407 4807 3652 4878 fatigare,
3697 4815 3784 4862 et'

2175 4898 2317 4951 intra
2353 4899 2525 4967 ipsam
2585 4897 2862 4952 Galilaeam
2911 4911 3069 4965 opem
3127 4897 3269 4952 ferre
3325 4883 3622 4962 debilibus,
3657 4899 3752 4953 sed

2176 4990 2355 5058 typica
2404 4989 2542 5042 ratio
2593 4989 2758 5044 etiam
2811 4989 3050 5043 locorum
3103 4996 3222 5042 erat
3267 4988 3548 5057 explenda.
3591 4973 3750 5059 privic

2177 5078 2344 5147 legiis'
2369 5087 2429 5132 ut
2473 5087 2693 5148 peccata
2745 5079 2981 5148 gentium
3013 5078 3068 5134 in
3103 5093 3223 5134 eam
3259 5077 3476 5136 veniam
3509 5095 3630 5148 quae
3659 5079 3746 5136 Ju-

2177 5169 2304 5224 daeae
2344 5168 2660 5240 parabatur,
2705 5170 3028 5224 admitteret.
3094 5195 3097 5198 -

2249 5261 2315 5315 Et
2347 5272 2673 5315 accesserunt
2704 5261 2775 5314 ad
2803 5277 2922 5314 eum
2953 5261 3210 5316 Pharisari
3246 5271 3506 5317 tentantes
3539 5273 3654 5316 cum
3701 5273 3744 5314 et

2157 5350 2433 5404 dicentes:
2471 5349 2529 5406 Si
2580 5351 2698 5405 licet
2752 5351 2950 5404 homini
2997 5352 3256 5406 dimittere
3296 5367 3548 5406 uxorem.
3581 5368 3747 5414 cunni,

2177 5457 2482 5512 quacunque
2505 5457 2570 5495 ex
2601 5442 2791 5496 causa?
2827 5441 3020 5496 Et'hic-
3057 5443 3645 5506 uomat-montium...
3671 5443 3747 5500 tl;-

2179 5532 2374 5584 stantia
2423 5533 2476 5586 in
2510 5532 2679 5586 turbis
2721 5539 2776 5586 et
2817 5531 3134 5590 Pharismis:
3169 5531 3268 5585 .hte
3319 5534 3668 5587 conveniunt
3691 5540 3744 5584 ut

2143 5637 2146 5640 ‘
2178 5622 2492 5689 doceantur,
2522 5634 2578 5679 et
2601 5624 2691 5678 sui
2710 5636 2968 5682 sanentur
2997 5624 3226 5688 infirmi;
3247 5625 3387 5678 sicut
3423 5623 3742 5691 evangelista

2185 5713 2464 5768 Matthzrus
2523 5724 2703 5783 apcrte
2749 5721 3184 5772 commemorat:
3243 5714 3342 5768 illi
3370 5712 3646 5772 accedunt
3688 5729 3736 5763 ιιι
