3922 6326
290 372 425 430 ΙΟΠ

1240 374 1589 433 COMMENT.
1630 373 1696 429 IN
1737 372 2163 432 MATTIUEUM.
2205 404 2275 415 —
2310 373 2436 430 LIB.
2477 374 2563 431 Vl.

3380 370 3517 426 ΗΠΒ

283 483 621 541 Salvatorem
679 496 743 537 ac
798 457 1069 539 doctorem
1125 484 1387 538 veritatis-
1430 482 1687 539 tentando
1756 483 1849 537 dc-
1881 483 2237 543 Aliomicidia
2297 496 2660 553 perseverare.
2725 480 3002 549 Simulque
3070 479 3345 537 considera
3378 479 3519 548 quod

282 568 504 645 cipiant.
551 571 735 642 Neque
769 573 870 629 hoc
927 574 1271 638 mirandum;
1314 587 1436 626 nam
1496 573 1597 626 has
1642 571 1852 627 devotio

281 662 523 728 pietatis,
550 661 667 715 illos
712 660 961 717 ‘stimulus
997 656 1219 718 adduxit
1257 662 1463 716 livoris.
1507 664 1525 731 (
1569 660 1788 716 Hieron.
1833 663 1851 732 )

282 748 623 820 luterrogant
651 766 777 822 ergo
800 768 923 807 eum
951 762 1130 808 utrum
1156 755 1315 807 liceat
1352 754 1555 807 homini
1586 754 1856 819 dimittere

285 853 514 898 uxorem
569 857 718 897 suam
776 843 1014 913 qualibet
1063 858 1249 906 causa,
1306 850 1367 896 ut
1423 844 1575 909 quasi
1631 854 1856 897 cornuto

290 940 509 989 teneant
533 933 857 1005 syllogismo,
886 940 941 988 et
987 933 1340 1002 quodcunque
1391 932 1727 1000 responderit
1767 948 1858 988 ca-

287 1025 527 1099 ptionem
554 1009 805 1093 patiatur.
848 1025 905 1080 Si
940 1024 1137 1079 dixerit
1164 1024 1539 1077 dimittendam
1562 1038 1682 1081 esse
1723 1040 1857 1081 uxo-

291 1128 409 1171 rem
458 1114 695 1184 qualibet
726 1130 790 1169 ex
827 1129 1011 1179 causa,
1061 1122 1111 1168 et
1159 1112 1435 1167 ducendas
1493 1112 1650 1179 alias,
1701 1114 1859 1183 pudi-

292 1205 433 1263 citia
477 1207 796 1278 praedicator
843 1207 944 1277 sibi
1002 1205 1269 1259 videbitur
1325 1204 1522 1269 docere
1564 1206 1855 1259 contraria.

292 1296 389 1353 Sin
418 1304 598 1353 autem
644 1298 977 1367 responderit
1015 1313 1119 1352 non
1165 1288 1378 1351 omnem
1407 1296 1477 1352 ob
1506 1312 1723 1352 causam
1744 1350 1749 1353 κ
1773 1299 1861 1353 dc-

289 1389 421 1447 bere
450 1391 649 1446 dimitti
673 1389 852 1460 quasi
883 1374 1141 1459 sacrilegii
1183 1384 1308 1443 rcus
1356 1388 1643 1453 tenebitur,
1668 1396 1749 1465 .et
1772 1390 1865 1443 ad-

289 1495 481 1537 vsrsus
510 1479 808 1539 doctrinam
842 1478 1030 1551 Moysi,
1061 1494 1124 1534 ac
1151 1493 1249 1550 per
1276 1477 1516 1555 Moysen,
1549 1479 1641 1543 Dei
1665 1477 1864 1534 faéere.

196 1614 209 1623 .
290 1558 462 1644 Igitur
504 1556 763 1627 Dominus
789 1570 869 1625 sic
912 1569 1313 1639 responsionem
1353 1556 1637 1638 temperat,
1679 1576 1739 1624 ut
1776 1568 1869 1624 de-

293 1662 526 1734 cipulum
550 1670 815 1727 transeat,
855 1660 1189 1738 scripturam
1215 1668 1457 1717 sanctam
1497 1660 1767 1717 adducens
1813 1662 1868 1716 in

296 1753 687 1819 testimonium,
713 1760 770 1809 et
814 1753 1111 1833 naturalem
1156 1752 1327 1833 legem
1384 1753 1728 1831 primamque
1772 1753 1866 1830 Dei

1957 573 2122 647 dixit:
2151 572 2375 641 Propter
2423 571 2678 626 duritiam
2724 569 2902 625 cordis
2931 570 3089 623 vestri
3134 586 3236 625 non
3283 569 3525 637 permisit

1958 665 2107 720 vobis
2140 666 2280 726 Deus
2312 666 2404 720 sed
2430 664 2678 735 .Moyses,
2713 672 2773 717 ut
2817 662 2969 732 juxta
3019 661 3348 729 Apostolum,
3398 676 3526 718 con-

1956 754 2134 809 silium
2164 749 2235 810 sit
2272 750 2521 819 hominis,
2552 769 2656 808 non
2698 752 2979 822 imperium
3018 750 3135 806 Dei.

2033 847 2157 900 Dico
2186 855 2357 914 autem
2386 846 2547 909 vobis,
2574 846 2696 915 quia
2724 845 3013 913 quicunque
3041 840 3293 896 dimiserit
3313 860 3527 897 uxorem

1959 956 2109 993 suam
2142 939 2241 993 nisi
2275 937 2335 993 ob
2385 936 2803 1007 fornicationem,
2827 944 2875 988 et
2931 936 3091 988 aliam
3130 935 3355 997 duxerit,
3401 951 3524 987 mw-

1959 1030 2162 1091 chatur,
2188 1039 2234 1082 et
2259 1028 2347 1102 qui
2375 1028 2641 1080 dimissam
2676 1025 2899 1088 duxerit,
2944 1025 3244 1077 mtrchatur.
3274 1022 3395 1079 Sola
3428 1024 3532 1077 for-

1962 1116 2159 1173 nicatio
2203 1126 2286 1173 est
2325 1132 2445 1187 qua:
2475 1116 2656 1170 uxoris
2699 1114 2883 1169 vincat
2925 1112 3191 1168 allectum.
3244 1113 3355 1167 lmo
3407 1128 3528 1167 cum

1963 1198 2244 1262 illa‘una’m
2280 1222 2505 1262 carnem,
2526 1206 2580 1260 in
2620 1206 2844 1259 alteram
2889 1204 3176 1266 dimiserit.
3224 1214 3278 1258 et
3312 1219 3370 1258 se
3426 1203 3534 1257 for—

1964 1297 2236 1361 nicatione
2263 1297 2591 1367 separaverit
2627 1306 2663 1350 a’
2690 1296 2903 1360 marito,
2933 1310 3037 1349 non
3070 1294 3225 1350 debet
3254 1295 3445 1356 teneri,
3471 1310 3538 1349 ne

1965 1390 2139 1444 virum
2167 1405 2375 1460 quoque
2423 1390 2523 1445 sub
2567 1389 2851 1444 maledicto
2904 1386 3083 1449 faciat,
3127 1387 3335 1441 dicente
3389 1385 3536 1447 Scri-

1967 1490 2166 1550 ptura:
2220 1480 2321 1547 Qui
2378 1480 2669 1535 adulteram
2723 1487 2875 1542 tenet,
2916 1478 3104 1532 stultus
3136 1488 3183 1531 et
3226 1478 3417 1547 impius
3458 1484 3533 1528 est

1970 1571 1989 1643 (
2026 1570 2396 1642 Prov.'xvut).
2448 1571 2615 1642 [gitur
2661 1570 2963 1637 ubicunque
3017 1555 3300 1622 l'ornicatio
3333 1575 3386 1621 et
3428 1567 3538 1623 for-

1974 1664 2255 1719 nicationis
2317 1664 2547 1733 suspicio
2591 1672 2692 1727 est,
2733 1662 2897 1716 libere
2946 1677 3079 1715 uxor
3116 1660 3419 1715 dimittitur.
3470 1658 3534 1714 Et

1975 1756 2097 1825 quia
2121 1763 2329 1825 poterat
2362 1756 2625 1818 accidere,
2656 1762 2715 1807 ut
2743 1753 2932 1822 aliquis
2976 1752 3294 1807 calumniam
3338 1752 3543 1807 faceret

294 1845 638 1927 sententiam.
686 1816 932 1901 Secundo
973 1828 1247 1914 opponens
1280 1816 1402 1914 quae
1436 1860 1542 1899 non
1596 1822 1868 1900 voluntate
1898 1816 1942 1874 Β
1972 1845 2262 1927 innocenti,
2295 1858 2359 1916 et~
2382 1848 2456 1903 ob
2500 1848 2789 1903 secundam
2835 1846 3076 1915 copulam
3109 1846 3412 1915 nuptiarum
3445 1860 3538 1897 vc-

267 1916 413 2001 7Dei,
444 1936 540 1992 sed
577 1937 910 2005 peccantium
952 1929 1269 1992 necessitate
1314 1951 1571 2006 concessa
1611 1941 1713 2014 esti.

365 2024 471 2092 Qui
493 2025 801 2099 respondens
839 2028 911 2080 ait
939 2018 1047 2103 eis:
1078 2027 1203 2081 Non
1236 2016 1430 2101 legistis
1462 2020 1605 2098 quia
1630 2028 1719 2095 qui
1748 2028 1869 2097 fecit

293 2117 362 2188 eo
400 2108 581 2196 initio.
609 2115 911 2179 musculum
936 2125 984 2172 et
1040 2115 1307 2186 feminam
1338 2116 1458 2196 fecit
1500 2133 1605 2171 eos.
1664 2116 1776 2181 Hoc
1814 2117 1868 2180 in

290 2192 521 2274 exordio
579 2203 853 2263 Geueseos
902 2208 1163 2279 scriptum
1220 2215 1323 2285 est.
1370 2192 1631 2286 'Dicendo
1683 2218 1867 2263 autem

292 2295 593 2350 masculum
644 2303 699 2352 ct
749 2295 1039 2361 féminam,‘
1082 2297 1337 2353 ostendit"
1366 2297 1605 2353 secunda
1648 2297 1867 2373 vitanda

292 2387 571 2465 conjugia;
601 2402 707 2442 non
748 2388 894 2442 enim
927 2389 1002 2443 ait
1027 2380 1325 2443 masculum
1350 2394 1405 2442 et
1441 2387 1689 2453 feminas,
1724 2390 1868 2460 quod

290 2493 358 2533 ex
388 2479 629 2555 priorum
666 2477 887 2548 repudio
923 2476 1282 2559 quaerebatur,
1327 2477 1420 2533 sed
1472 2478 1769 2535 masculum
1813 2488 1868 2534 et

289 2564 569 2631 feminam,
614 2574 672 2620 ut
722 2568 879 2623 unius
919 2564 1162 2639 conjugis
1195 2569 1467 2623 consortia
1498 2566 1861 2624 necterentur.

370 2654 440 2709 Et
495 2657 661 2733 dixit:
705 2655 921 2728 Propter
947 2658 1050 2713 hoc
1108 2658 1329 2712 dimittet
1365 2648 1518 2713 homo
1568 2669 1769 2729 patrem
1819 2671 1865 2715 et

296 2753 536 2810 matrem,
581 2754 631 2806 et
663 2746 945 2801 adhmrebit
988 2737 1141 2802 uxori
1166 2764 1297 2802 suae.
1350 2746 1642 2819 Signanter
1669 2749 1745 2804 ait
1789 2750 1865 2805 si-

292 2835 514 2901 militer,
545 2834 699 2890 uxorii
731 2853 861 2902 sure,
896 2826 1308 2892 nonuxOribus.
1412 2826 1419 2830 ’
1637 2847 1646 2853 ·
1780 2852 1789 2862 ·

368 2924 437 2978 Et
457 2933 614 2989 erunt
645 2924 749 2978 duo
785 2928 1035 2980 iit-carne
1064 2938 1190 2981 una.
1230 2925 1418 2998 Itaque
1447 2926 1564 2997 jam
1602 2943 1707 2983 non
1747 2936 1869 2984 sunt

291 3014 424 3080 duo,
463 3015 553 3069 sed
581 3014 686 3069 una
722 3032 863 3069 caro.
895 3014 915 3087 (
944 3014 1162 3088 Hilor.)
1214 3016 1499 3071 Praemium
1555 3018 1866 3089 nuptiarum

290 3110 466 3158 estex
498 3103 706 3159 duobus
748 3107 912 3158 unam
964 3118 1183 3160 carnem
1227 3103 1367 3161 ﬁeri.
1407 3105 1642 3162 Castitas
1680 3108 1865 3178 juncta
1894 3159 1939 3183 η

294 3194 517 3266 spiritui
556 3211 695 3251 unus
748 3194 975 3259 edicitur
1045 3197 1286 3267 spiritus.
1335 3197 1865 3271 Omnipotentis‘Dei

293 3293 477 3342 actum
512 3295 595 3344 est
618 3296 821 3344 aeterno
852 3302 917 3343 ac
950 3288 1150 3345 salubri
1185 3288 1434 3355 consilio,
1466 3298 1529 3346 ut
1568 3291 1867 3360 portionem

292 3378 377 3447 sui
405 3380 646 3455 corporis
665 3379 748 3435 vir
768 3364 1179 3451 amplecteretur
1203 3382 1259 3438 in
1284 3380 1505 3448 femina,
1527 3390 1625 3438 nec
1643 3398 1671 3438 a
1692 3398 1749 3439 se
1767 3399 1867 3454 pu-

293 3479 436 3526 taret
494 3485 616 3528 esse
663 3472 953 3537 diversum,
1001 3472 1143 3543 quod
1200 3474 1264 3527 de
1312 3486 1370 3527 se
1417 3480 1767 3543 cognOsceret
1792 3473 1870 3528 fa-

293 3558 589 3623 bricatum.
618 3593 623 3597 ο

364 3648 546 3715 “Quod
591 3659 724 3720 ergo
773 3649 1238 3721 Deusiconjunxit,
1278 3652 1430 3705 homo
1484 3668 1588 3710 non
1644 3662 1867 3730 separet.

296 3740 316 3811 (
343 3736 559 3816 Hieron.
589 3738 608 3809 )
633 3738 784 3806 Quod
805 3753 931 3808 ergo
959 3738 1101 3794 Deus
1127 3738 1405 3809 conjunxit
1437 3757 1602 3807 unam
1626 3740 1873 3809 faciendo

295 3842 515 3883 carnem
555 3828 657 3881 viri
692 3836 748 3883 et
794 3827 1024 3893 feminae,
1049 3828 1190 3884 hanc
1225 3826 1385 3885 h‘omo
1436 3846 1544 3886 non
1582 3840 1759 3902 potest
1775 3849 1873 3890 lse-

262 3931 505 3997 -parare,
559 3915 663 3970 nisi
720 3915 944 3972 forsitan
993 3915 1138 3973 solus
1208 3917 1372 3972 Deus.
1425 3918 1599 3977 Homo
1656 3904 1872 3991 separat

293 4008 511 4079 quando
542 4016 761 4078 propter
800 4008 1122 4065 desiderium
1150 4010 1400 4075 secundae
1433 3998 1619 4073 uxoris
1638 4000 1870 4083 primam

294 4098 644 4153 dimittimus:
679 4098 822 4154 Deus
851 4108 1063 4169 separat
1095 4100 1185 4169 qui
1216 4092 1281 4155 et’
1300 4100 1675 4173 conjunxerat,
1701 4118 1871 4173 quan-

293 4188 365 4249 do
406 4203 473 4244 ex
506 4202 771 4243 consensu
806 4196 1026 4261 propter
1078 4188 1402 4245 servitutem
1438 4190 1559 4258 Dei,
1595 4204 1661 4248 eo
1724 4194 1870 4263 quod

292 4276 506 4353 tempus
548 4282 601 4335 in
642 4290 868 4352 angusto
912 4281 1005 4346 sit,
1032 4270 1117 4335 sic
1159 4278 1420 4359 Habemus
1461 4268 1680 4351 uxores,
1711 4286 1869 4355 quasi

291 4388 399 4428 nou
437 4370 714 4427 habentes.
861 4359 873 4370 ³

1970 1932 2069 1993 teri
2096 1939 2296 1993 crimen
2340 1938 2677 2009 impingeret,
2715 1938 2793 1992 sic
2820 1937 3053 2007 priorem
3082 1936 3350 1990 dimittere
3383 1933 3538 2002 jubet

1969 2047 2214 2093 uxorem,
2253 2040 2311 2086 ut
2366 2030 2652 2087 secundam
2692 2030 2866 2099 prima
2924 2030 3135 2083 vivente
3164 2043 3269 2083 non
3324 2026 3537 2079 habent.
3594 2022 3597 2025 ’

1969 2120 2119 2190 Quod
2146 2123 2287 2177 enim
2333 2122 2462 2177 dicit
2489 2104 2603 2176 tale.
2631 2129 2710 2176 est
2738 2121 2827 2174 :'si
2860 2135 2964 2175 non
2992 2127 3207 2189 propter
3244 2117 3539 2176 libidinem.

1971 2214 2063 2268 sed
2117 2220 2338 2283 propter
2380 2196 2638 2280 'injuriam
2700 2211 2924 2266 dimittis
2961 2225 3206 2273 uxorem,
3238 2222 3403 2276 quare
3452 2222 3545 2261 cx-

1970 2310 2154 2373 pertus
2207 2298 2446 2355 infelices
2496 2300 2703 2369 priores
2745 2298 2973 2369 nuptias,
3030 2312 3289 2353 novarum
3335 2305 3387 2351 te
3447 2296 3547 2351 im-

1970 2390 2142 2447 mittis
2184 2387 2593 2458 periculolNec
2633 2404 2737 2443 non
2774 2380 2899 2457 quia
2944 2397 3155 2457 poterat
3202 2386 3438 2451 evenire,
3486 2393 3545 2439 ut

1932 2479 2115 2548 tjuxta
2158 2479 2400 2535 eamdem
2428 2478 2505 2548 lef
2519 2476 2615 2534 em
2650 2494 2784 2533 uxor
2805 2494 3016 2547 quoque
3046 2479 3238 2532 marito
3266 2478 3415 2531 daret
3451 2490 3539 2531 re-

1967 2570 2207 2640 pudium,
2237 2570 2424 2624 eadem
2460 2568 2669 2625 cautela
2712 2569 3019 2639 praecipitur
3048 2586 3113 2623 ne
3139 2568 3431 2623 secundum
3456 2583 3546 2622 ao-

1968 2659 2132 2729 cipiat
2186 2659 2379 2713 virum.
2424 2654 2442 2730 (
2484 2657 2673 2730 Ritu.)
2723 2658 2791 2712 Et
2842 2659 2967 2727 quia
3022 2657 3282 2712 meretrix
3318 2665 3371 2712 et
3426 2672 3547 2725 qua}

1966 2749 2137 2805 semel
2163 2747 2337 2804 fuerat
2374 2749 2613 2803 adultera
2656 2748 3003 2817 opprobrium
3043 2764 3150 2815 non
3183 2748 3423 2813 timebat,
3462 2762 3549 2803 δεη-

1970 2837 2144 2894 eundo
2200 2839 2504 2908 prmcipitur
2541 2839 2680 2903 viro,
2708 2837 2849 2907 quod
2890 2838 2935 2892 si
2966 2838 3124 2892 talem
3176 2838 3407 2901 duxerit,
3448 2840 3547 2893 sub

1972 2928 2223 2983 adulterii
2269 2928 2497 2983 crimine
2536 2928 2640 2992 sit;
2671 2943 2776 2982 una
2804 2943 2934 2998 ergo
2961 2928 3292 2983 solummodo
3314 2928 3549 2984 mrnalis

1971 3026 2263 3082 estcausa,
2308 3018 2362 3072 id
2396 3025 2500 3083 est,
2535 3016 2843 3083 fomieatio,
2874 3034 2978 3073 una
3029 3017 3305 3087 spiritalis,
3340 3019 3391 3072 id
3440 3028 3546 3084 est,

1971 3106 2135 3161 timor
2185 3107 2405 3171 Deiput
2440 3122 2595 3162 mxor
2650 3107 2973 3172 dimittatur,
3025 3107 3165 3163 sicut
3218 3107 3367 3161 multi
3408 3109 3540 3163 reli-

1970 3194 2144 3265 gionis
2172 3210 2329 3256 causa
2357 3194 2549 3251 fecisse
2586 3196 2853 3266 leguntur.
2899 3195 3051 3251 Nulla
3082 3205 3259 3252 autem
3282 3212 3441 3253 causa
3467 3207 3552 3254 cst

1970 3281 2064 3339 Dei
2107 3282 2224 3353 le‘ge
2266 3274 2578 3354 p‘raascripta
2604 3292 2663 3338 ut
2706 3285 2918 3340 vivente
2960 3300 3022 3340 ea
3068 3301 3186 3357 quae
3238 3286 3423 3341 relicta
3468 3299 3553 3342 est

1970 3357 2088 3427 alia.
2123 3373 2349 3428 ducatur
2622 3374 2630 3377 ’

1953 3474 1959 3482 “
2039 3465 2231 3520 Dicunt
2263 3466 2311 3520 ei
2350 3467 2595 3537 discipuli
2623 3467 2735 3536 ejus
2767 3481 2785 3518 :
2819 3464 2877 3522 Si
2912 3467 2985 3520 ita
3013 3476 3087 3521 est
3129 3484 3288 3522 causa
3320 3468 3544 3523 hominis

1970 3572 2088 3609 cum
2114 3550 2297 3633 uicere,
2328 3573 2431 3611 non
2467 3557 2673 3625 expedit
2714 3557 2923 3612 nubere.
2968 3558 2986 3629 (
3029 3558 3249 3614 Hieran.
3303 3559 3322 3631 )
3368 3558 3550 3616 Grave

1968 3639 2179 3715 pondus
2227 3660 2455 3700 uxorum
2488 3655 2571 3701 est
2606 3646 2672 3711 si,
2699 3654 2920 3717 excepta
2957 3663 3118 3703 causa
3148 3647 3547 3717 fornicationis,

1971 3745 2066 3792 eas
2108 3752 2215 3793 non
2280 3735 2407 3793 licet
2452 3737 2744 3793 dimittere.
2806 3737 2945 3806 Quid
2988 3740 3130 3795 enim
3161 3740 3205 3795 si
3258 3742 3551 3797 temulenta

1972 3827 2156 3894 fuerit,
2197 3829 2243 3884 si
2288 3828 2570 3895 iracunda,
2604 3829 2649 3885 si
2694 3830 2850 3886 malis
2885 3832 3144 3897 moribus,
3176 3834 3221 3887 si
3252 3834 3548 3901 luxuriosa,

1973 3920 2017 3976 si
2046 3921 2250 3992 gulosa,
2279 3921 2325 3975 si
2353 3935 2509 3991 vaga,
2546 3921 2590 3976 si
2612 3920 2902 3991 iurgatrix,
2934 3930 2988 3977 et
3014 3921 3287 3987 maledica,
3322 3926 3550 3980 tenenda

1971 4011 2077 4071 erit
2118 4010 2417 4081 ejusmodi,
2473 4010 2699 4066 velimus
2757 4011 2985 4067 nolimus
3028 4013 3358 4071 sustinenda.
3418 4012 3548 4071 Cum

1970 4104 2112 4159 cnim
2153 4119 2393 4160 essemus
2430 4104 2603 4168 liberi,
2640 4104 2941 4159 voluntarie
2965 4121 3062 4162 nos
3087 4104 3411 4174 subiecimus
3441 4122 3554 4162 ser-

1971 4194 2146 4249 vituti.
2195 4194 2449 4253 Videntes
2479 4209 2609 4265 ergo
2648 4194 2873 4264 apostoli
2899 4210 3059 4265 grave
3087 4211 3313 4250 uxorum
3338 4196 3546 4267 jugum,

1971 4285 2252 4358 proferunt
2286 4292 2489 4341 motum
2532 4276 2695 4341 animi
2744 4286 2849 4351 sui,
2895 4294 2950 4340 et
2990 4288 3221 4342 dicunt:
3252 4286 3313 4342 Si
3361 4277 3551 4343 ita'est

1974 4376 2132 4430 causa
2172 4375 2392 4429 hominis
2423 4391 2543 4429 cum
2576 4391 2771 4439 uxore,
2812 4392 2913 4429 non
2950 4376 3153 4443 expedit
3197 4376 3406 4430 nubere.

362 4461 557 4562 Picum
591 4460 721 4562 illius
752 4435 1040 4562 Qruidergo
1078 4460 1293 4562 Moyses
1318 4444 1321 4447 Δ
1343 4465 1616 4562 ἠιᾳηάαυίι
1651 4464 1771 4562 dari
1810 4466 1872 4521 li-
1897 4504 1949 4562 Β
2046 4464 2149 4562 Qui
2185 4464 2314 4519 dixit
2337 4480 2355 4518 :
2377 4463 2497 4518 Non
2512 4464 2716 4562 limites
2756 4435 2976 4562 cupiunt
3008 4435 3216 4562 uerbum
3255 4465 3432 4562 istud,
3459 4466 3547 4562 sed

290 4550 481 4604 bellum
519 4549 741 4618 repudii,
772 4558 821 4602 et
854 4548 1112 4604 dimittere
1136 4551 1161 4603 3’
1196 4544 1459 4620 Aperiunt
1521 4553 1866 4619 calumniam,

280 4641 453 4712 quam
481 4628 821 4719 paraverant.
866 4640 930 4696 Et
957 4650 1103 4698 certe
1136 4642 1396 4699 Dominus
1450 4660 1557 4700 non
1599 4647 1869 4716 propriam

226 4746 231 4749 ‘
288 4733 611 4787 sententiam
646 4731 961 4799 protulerat,
999 4731 1092 4786 sed
1119 4733 1317 4787 veteris
1353 4734 1593 4790 historize
1624 4730 1686 4791 et
1724 4751 1873 4791 man-

272 4822 533 4881 datorum
577 4821 753 4877 fuerat
788 4822 1103 4878 recordatus
1127 4823 1242 4879 Dei.

362 4913 445 4971 Ait
488 4912 594 4967 illis
632 4926 651 4963 .'
697 4913 959 4978 Quoniam
1000 4900 1205 4983 Moyses
1261 4914 1331 4967 ad
1391 4914 1643 4969 duritiam
1691 4917 1865 4970 cordis

268 5004 441 5061 ‘resrri
479 5005 713 5077 permisit
771 5004 911 5058 vobis
970 5004 1228 5080 dimittere
1281 5016 1469 5059 uxores
1529 5016 1757 5059 vestras:
1803 5008 1867 5060 ab

226 5106 229 5109 '
287 5095 437 5149 initio
466 5106 639 5150 autem
680 5113 782 5150 non
807 5095 911 5163 fuit
940 5098 1034 5149 sic.
1070 5095 1225 5163 Quod
1262 5097 1391 5151 dicit
1420 5097 1733 5152 istiusmodi
1762 5106 1863 5152 est:

220 5178 255 5213 (⁷
288 5183 539 5256 Nunquid
578 5193 751 5256 potest
784 5186 925 5241 Deus
971 5187 1073 5241 sibi
1104 5203 1223 5242 esse
1268 5189 1589 5253 contrarius,
1622 5197 1679 5242 ut
1722 5189 1867 5243 aliud

218 5292 249 5299 λ’
290 5282 417 5331 ante
469 5275 712 5347 jusserit,
764 5262 819 5329 et
869 5277 1191 5330 sententiam
1249 5292 1401 5345 suam
1459 5261 1598 5331 novo
1656 5276 1872 5347 frangat

248 5354 517 5441 “imperio
538 5354 698 5417 ?’Non
736 5364 813 5416 ita
850 5360 1187 5417 sentiendum
1216 5372 1318 5439 est.
1359 5363 1464 5418 Sed
1501 5364 1710 5437 Moyses
1743 5381 1869 5421 cum

238 5440 505 5511 “videret
539 5463 761 5525 propter
801 5440 1127 5510 desiderium
1174 5458 1526 5511 Secundarum
1577 5458 1868 5529 conjugum

216 5534 237 5557 ’“
289 5538 410 5615 ῆιιῶ
431 5542 515 5599 vel
540 5542 783 5607 ditiores,
804 5545 891 5597 vel
908 5544 1169 5613 juniores,
1187 5545 1275 5599 vel
1298 5546 1635 5614 pulchriores
1659 5557 1867 5612 essent,

214 5620 717 5707 "primas-uxores
743 5638 836 5688 aut
880 5630 1132 5699 interﬁci,
1185 5646 1275 5689 aut
1315 5636 1509 5691 malam
1565 5639 1729 5692 vitam
1764 5639 1866 5692 du-

240 5712 681 5800 i'cl'i‘e,”maluit
723 5716 998 5801 indulgere
1046 5722 1369 5784 discordium
1419 5743 1580 5800 quam
1630 5730 1759 5784 odia
1814 5738 1867 5784 et

1972 4555 2155 4627 quibus
2185 4556 2365 4609 datum
2390 4563 2487 4630 est.
2512 4552 2681 4608 Nemo
2714 4544 2867 4623 putet
2895 4552 2997 4607 sub
3024 4553 3127 4607 hoc
3155 4554 3321 4608 verbo
3351 4553 3435 4608 vel
3466 4552 3545 4607 fa-

1975 4644 2216 4704 tum.vel
2253 4642 2518 4697 fortunam
2560 4642 2847 4717 introduci,
2874 4642 3017 4711 quod
3066 4641 3117 4694 hi
3161 4641 3270 4695 sint
3313 4642 3550 4710 virgines

1973 4734 2168 4804 quibus
2193 4750 2223 4787 a
2250 4732 2359 4786 Deo
2396 4732 2579 4785 datum
2617 4731 2717 4795 sit,
2742 4738 2835 4785 aut
2861 4721 3119 4801 quosdam
3146 4732 3212 4785 ad
3244 4732 3347 4786 hoc
3388 4748 3549 4789 casus

1974 4823 2275 4879 adduxerit.
2311 4821 2415 4881 Sed
2444 4822 2527 4877 bis
2557 4822 2739 4876 datum
2763 4829 2847 4875 est
2873 4821 2966 4890 qui
3008 4822 3302 4890 petierunt,
3332 4823 3423 4892 qui
3450 4840 3549 4878 vu-

1974 4915 2217 4977 luerunt,
2242 4912 2331 4981 qui
2360 4920 2421 4965 ut
2448 4911 2753 4981 acciperent
2777 4910 3172 4993 laboraverunt.
3220 4910 3375 4967 Omni
3404 4913 3547 4968 enim

1976 5003 2441 5076 petenti'dabitur,
2467 5012 2522 5058 et
2548 5015 2796 5071 quaerens
2816 5001 3051 5055 inveniet
3076 5008 3133 5056 et
3160 5002 3395 5073 pulsanti
3422 5019 3546 5075 apo-

1977 5096 2163 5149 riet‘ur.

2049 5185 2181 5240 Sunt
2204 5185 2337 5238 enim
2359 5182 2578 5237 eunuchi
2603 5184 2690 5253 qui
2715 5183 2779 5237 de
2799 5185 2981 5238 matris
3004 5194 3146 5238 utero
3166 5182 3239 5236 sic
3271 5184 3380 5235 nati
3401 5193 3541 5249 sunt,

1976 5286 2022 5330 et
2053 5285 2171 5330 sunt
2216 5275 2436 5328 eunuchi
2461 5275 2551 5344 qui
2580 5273 2706 5343 facti
2747 5284 2866 5329 sunt
2896 5276 2959 5329 ab
3004 5275 3317 5339 hominibus,
3344 5285 3390 5328 et
3421 5280 3542 5327 sunt

1974 5364 2195 5420 eunuchi
2222 5364 2308 5433 qui
2339 5364 2531 5433 seipsos
2556 5372 2907 5418 castrarerunt
2926 5373 3131 5433 propter
3161 5379 3369 5433 regnum
3392 5366 3541 5417 caelo.

1975 5476 2110 5512 rum.
2141 5457 2352 5528 Triplex
2376 5472 2543 5526 genus
2569 5459 2956 5521 cunuchorum,
2986 5456 3210 5511 duorum
3242 5456 3536 5512 carnalium

1970 5557 2025 5603 et
2053 5549 2265 5603 tertium
2295 5548 2555 5617 spiritale.
2586 5547 2688 5602 Alii
2720 5547 2953 5615 suntqui
2975 5546 3041 5600 de
3063 5554 3216 5601 utero
3247 5547 3433 5601 matris
3462 5547 3537 5603 sic

1970 5646 2292 5702 nascuntur;
2324 5636 2411 5691 alii
2461 5637 2542 5692 vel
2570 5652 2704 5705 quos
2741 5636 3081 5705 captivitates
3110 5631 3311 5690 faciunt
3342 5636 3419 5689 vel
3440 5637 3535 5691 »ιη-

1970 5727 2104 5805 licia:
2129 5728 2485 5793 matronales;
2521 5726 2661 5781 tertii
2686 5733 2809 5797 sunt
2831 5726 2922 5795 qui
2943 5726 3145 5797 scipsos
3166 5734 3538 5783 castraverunt
