3922 6326
238 354 283 407 ,1
300 355 399 409 02!

1204 354 1549 410 COMMENT.
1589 353 1655 408 IN
1695 352 2124 412 MATTHA‘ZUM.
2162 389 2233 400 -—
2270 360 2392 416 LIB.
2435 365 2513 421 VL

3334 377 3472 434 1029,

248 476 316 518 et
340 479 439 533 per
465 462 782 518 exteriorem
824 462 1123 529 hominem,
1151 466 1290 533 quod
1318 474 1400 519 est
1426 481 1644 535 corpus,
1676 482 1811 521 sem-
1836 468 1887 525 Α
1912 467 2043 522 alios
2070 470 2349 525 hortatur:
2374 473 2577 528 Divitia:
2603 478 2648 528 si
2673 480 2903 548 amaant,
2931 483 3084 539 nolite
3106 501 3195 540 cor
3220 504 3476 557 apponere

246 569 359 622 per
381 555 593 609 studeat
620 555 813 607 bonum
844 570 1091 609 exercere
1110 570 1261 624 opus,
1288 563 1342 609 et
1366 571 1460 624 per
1482 557 1812 621 interiorem,

241 646 405 714 quod
430 654 513 699 est
554 645 748 710 anima,
782 661 971 701 vacare
1002 647 1211 701 studeat
1250 634 1705 715 contemplationi.
1736 647 1816 702 Ad

245 734 493 791 activam
518 735 681 789 vitam
711 726 973 805 pertinet:
1000 736 1118 790 Non
1149 738 1481 791 homicidium
1511 736 1692 805 facies,
1714 753 1815 790 non

244 823 608 889 adulterabis,
632 841 733 878 non
760 826 917 893 facies
958 826 1175 894 furtum,
1202 834 1255 879 et
1284 834 1478 879 caetera
1504 825 1639 894 legis
1668 841 1817 878 mau-

242 912 404 967 data.
426 912 518 968 -Αά
537 915 999 984 contemplativam
1025 932 1036 968 :
1064 914 1119 987 Si
1145 917 1217 967 vis
1242 915 1495 983 perfectus
1517 921 1643 977 esse,
1665 914 1814 978 vade,

243 1013 305 1056 et
334 1004 490 1058 vende
511 1006 684 1058 omnia
703 1022 816 1075 quw
837 1005 1012 1068 habes,
1036 1014 1082 1057 et
1103 1004 1169 1057 da
1190 1004 1520 1073 pauperibus,
1540 1014 1586 1056 et
1608 1003 1815 1057 habebis

244 1092 555 1145 thesaurum
579 1094 632 1145 in
666 1091 823 1155 ccelo;
846 1102 891 1145 et
925 1093 1055 1155 veni,
1092 1106 1296 1160 sequere
1323 1106 1422 1143 me.

329 1178 459 1234 Cum
480 1182 707 1234 audisset
726 1192 897 1233 autem
919 1180 1210 1233 adolescens
1234 1180 1461 1244 verbum,
1476 1181 1600 1233 abiit
1626 1182 1811 1234 tristis.

243 1268 388 1323 Erat
421 1275 556 1323 enim
582 1270 773 1323 habens
803 1269 988 1323 multas
1016 1270 1375 1339 possessiones.
1403 1267 1665 1340 (Hierom)
1694 1270 1816 1325 Hinc

244 1366 340 1411 cst
367 1349 582 1412 tristitia
609 1374 727 1426 qua:
766 1358 909 1427 ducit
942 1358 1012 1411 ad
1049 1367 1291 1412 mortem.
1323 1357 1603 1426 Causaque
1649 1359 1817 1412 tristi-

242 1448 345 1501 tiae
373 1446 633 1512 redditur,
662 1446 802 1516 quod
844 1446 1086 1509 habuerit
1123 1446 1493 1515 possessiones
1523 1431 1737 1509 multas,
1766 1446 1817 1499 id

242 1546 340 1590 est
379 1537 559 1607 spinas
608 1545 664 1591 et
712 1535 953 1600 tribulos,
985 1551 1103 1605 quae
1146 1544 1437 1590 sementem
1485 1530 1817 1600 Deminicam

242 1626 673 1681 suﬂ'ocaverunt.
715 1674 722 1679 .
1464 1683 1473 1688 λ

322 1718 477 1773 Iesus
510 1729 681 1772 autem
718 1719 847 1771 dixit
887 1718 1153 1787 discipulis
1180 1718 1305 1782 suis,
1338 1701 1501 1771 Amen
1521 1718 1635 1771 dico
1673 1717 1811 1771 vobis

240 1808 375 1875 quia
414 1808 551 1885 dives
590 1808 791 1877 difficile
833 1809 1042 1875 intrabit
1092 1809 1144 1861 in
1196 1825 1406 1877 regnum
1437 1808 1701 1887 cmlo‘rum.
1749 1808 1813 1861 Et
1842 1787 1887 1845 Β

241 1898 521 1965 quomodo
546 1889 832 1959 Abraham,
860 1898 1005 1957 lsaac
1021 1938 1035 1959 ,
1068 1897 1231 1951 Iacob
1256 1888 1463 1952 divites
1484 1898 1817 1951 intraverunt

244 1985 309 2041 in
339 2000 562 2055 regnum
591 1986 881 2051 oculorum?
898 1996 957 2067 et
999 1989 1054 2041 in
1083 1988 1362 2058 Evangelio
1390 1988 1685 2050 btatthaens,
1711 1988 1813 2047 Za-,

243 2080 436 2135 Charus
478 2076 676 2145 divitiis
712 2079 979 2149 derelictis
1023 2081 1230 2135 Domini
1274 2081 1579 2157 testimonio
1626 2080 1813 2149 pradi-

241 2177 467 2225 cautur.
492 2169 596 2245 sed
620 2172 1065 2227 considerandum
1091 2166 1314 2241 quodeo
1340 2180 1577 2240 tempore
1603 2186 1709 2240 quo
1736 2172 1816 2225 in-

248 2267 553 2323 traverunt,
606 2258 797 2315 divites
848 2273 965 2315 esse
995 2254 1525 2326 desierantu'fandiu
1552 2274 1680 2330 ergo
1709 2274 1813 2313 non

246 2349 552 2414 intrabunt,
596 2351 827 2418 quandiu
871 2351 1061 2406 divites
1095 2350 1309 2404 fuerint.
1350 2352 1421 2406 Et
1452 2360 1644 2410 tamen
1689 2352 1815 2421 quia

246 2438 537 2494 ditliculter
574 2441 771 2494 divitias
807 2448 1242 2505 contemnuntur,
1264 2455 1369 2493 non
1412 2440 1544 2495 dixit
1572 2436 1817 2509 impossi-

252 2528 365 2583 bile
388 2537 474 2599 est
514 2528 706 2592 divites
740 2529 792 2582 in
821 2544 980 2599 regna
1011 2529 1269 2584 calorum
1298 2522 1641 2595 intrare,.sed
1678 2529 1811 2597 (li/ﬁ-

250 2618 386 2681 cile;
412 2618 502 2672 ubi
538 2618 748 2674 difﬁcile
780 2621 1015 2689 ponitur,
1039 2635 1141 2674 non
1171 2620 1571 2689 impossibilitas
1600 2620 1815 2675 demon-

252 2716 485 2773 stratur,
512 2710 605 2763 sed
633 2712 828 2765 raritas
860 2712 1219 2779 prmtenditur.
1245 2710 1423 2781 (ΒΑΕ.)
1452 2710 1603 2777 Quod
1638 2719 1814 2764 autem

251 2795 414 2863 Iesus
451 2799 636 2853 videns
677 2800 894 2854 divitem
940 2800 1142 2859 tristem
1195 2798 1412 2860 factum,
1436 2797 1589 2866 juxta
1616 2798 1816 2856 Lucam

254 2885 434 2942 dixit:
460 2885 626 2953 Quam
670 2886 870 2956 difﬁcile
903 2887 991 2958 qui
1016 2888 1256 2956 pecunias
1293 2886 1505 2950 habent,
1529 2887 1583 2939 in
1606 2901 1818 2954 regnum

253 2976 359 3042 Dei
409 2978 673 3031 intrabunt
700 2978 863 3049 (Luc.
897 2976 1059 3047 mu)
1083 3018 1098 3042 ,
1129 2978 1295 3033 claret
1338 2977 1553 3047 quidem
1596 2977 1652 3030 in
1692 2977 1813 3041 hoc,

256 3068 384 3137 quia
411 3069 617 3137 quihie
654 3065 1065 3138 multiplicandis
1101 3069 1299 3123 divitiis
1329 3070 1659 3133 incumbunt,
1686 3068 1819 3123 alte-

256 3146 375 3233 rius
400 3158 521 3212 vitm
544 3157 735 3227 gaudia
765 3171 1003 3225 quaerere
1037 3165 1401 3211 contemnunt.
1431 3156 1535 3211 Sed
1558 3157 1699 3211 inter
1726 3173 1817 3226 pe-

253 3232 449 3314 cunias
490 3248 693 3321 habere
709 3255 767 3313 et
795 3232 1256 3317 pecuniasamare
1286 3247 1815 3307 nonnulla-distantia

257 3347 364 3395 est.
396 3338 542 3395 Multi
564 3340 706 3393 enim
730 3339 983 3394 habentes
1004 3351 1109 3392 non
1136 3346 1343 3403 amant;
1374 3341 1497 3395 item
1526 3322 1613 3393 alii
1641 3346 1695 3393 et
1718 3340 1829 3392 ha-.

256 3424 421 3494 bent,
449 3438 504 3483 et
522 3437 742 3493 amant;
771 3429 859 3481 alii
888 3444 985 3484 nec
1012 3430 1235 3494 habere,
1267 3444 1366 3484 nec
1392 3443 1573 3485 amare
1601 3444 1660 3484 se
1685 3430 1819 3483 divi-

257 3518 369 3575 tias
401 3518 577 3573 saeculi
604 3520 851 3587 gaudent.
895 3518 1331 3584 Quorumtutior
1370 3527 1542 3573 status
1574 3526 1657 3573 est
1696 3533 1819 3573 cum

253 3607 518 3680 Apostolo
540 3609 827 3669 dicentium
852 3627 863 3661 :
896 3608 1073 3683 Nobis.
1102 3610 1320 3663 mundus
1345 3608 1624 3677 cruciﬁxus
1663 3618 1735 3664 est
1770 3618 1818 3663 et

257 3715 361 3753 nos
383 3699 575 3753 mundo
603 3698 743 3770 (Gal.
774 3698 866 3767 vt).
915 3698 1064 3753 Unde
1087 3696 1415 3753 et-Salomon
1434 3710 1552 3753 non
1582 3699 1657 3754 ait
1680 3716 1695 3752 δ
1719 3698 1820 3771 Qui

258 3789 448 3854 habet,
478 3790 569 3843 sed
610 3790 698 3858 qui
740 3798 878 3841 amat
916 3788 1139 3851 divitias,
1171 3789 1373 3856 fructus
1413 3804 1517 3841 non
1553 3789 1713 3857 capiet
1757 3804 1822 3861 ea;

254 3880 338 3933 eis
368 3876 532 3947 (Eccl.
574 3877 649 3946 v).
694 3876 760 3930 Et
799 3877 911 3945 ipse
956 3877 1208 3930 Dominus
1256 3877 1543 3930 secundum
1582 3875 1820 3931 Marcum

252 3966 761 4035 obstupescentihus
802 3966 852 4019 in
888 3966 1064 4019 verbis
1102 3966 1318 4035 hujusce
1356 3966 1633 4020 sententiae
1656 3967 1819 4021 disci-

251 4058 407 4135 ptrh's.
428 4058 743 4127 exponendo
772 4056 1042 4125 Subiunxit
1066 4072 1079 4110 :
1103 4040 1301 4120 Filioli,
1327 4072 1481 4127 quam
1505 4056 1707 4124 diﬁicile
1745 4062 1819 4109 est

254 4132 575 4223 conﬁdentes
597 4147 650 4214 in
674 4146 903 4216 pecuniis
926 4162 1137 4227 regnum
1168 4144 1263 4197 Dei
1287 4144 1498 4198 introire
1521 4142 1721 4214 (Mane.
1740 4141 1815 4213 x);

255 4236 352 4290 ubi
376 4220 663 4291 notandum
686 4236 929 4291 similiter
952 4220 1115 4309 quod,
1128 4236 1275 4305 sicut
1293 4251 1452 4305 supra
1465 4234 1816 4299 ostendimus,

254 4338 368 4378 non
397 4323 471 4376 ait
497 4324 839 4392 impossibile,
868 4325 959 4378 sed
985 4322 1221 4388 difficile,
1246 4324 1297 4377 id
1326 4333 1411 4379 est
1428 4324 1647 4378 maximi
1674 4324 1820 4395 labo-

1911 554 2085 627 (Psal.
2119 560 2250 632 LXI).
2298 560 2472 619 Credo
2516 579 2620 619 non
2655 580 2816 622 ausus
2855 570 3028 625 dicere
3052 590 3065 626 :
3088 554 3263 629 Nolite
3288 554 3469 631 susci-

1913 666 2060 719 pere.
2092 652 2338 723 Nunquid
2360 654 2631 710 Abraham
2656 658 2879 714 Domino
2908 662 3254 720 substantiam
3281 676 3478 736 prmtu-

1915 738 2040 795 lisse
2078 743 2329 797 credibile
2354 752 2458 809 est,
2480 761 2577 813 pro
2605 762 2709 814 quo
2741 748 2955 802 unicum
2996 750 3157 807 ferire
3185 769 3287 808 non
3318 757 3476 811 dubi-

1916 830 2046 882 tavit
2081 831 2363 886 hreredem.
2394 831 2573 903 (Aug.)
2616 836 2803 890 Altiori
2847 845 3024 891 autem
3064 834 3247 894 sensu~
3267 841 3476 899 facilius

1915 924 1997 970 est
2027 916 2293 974 Christum
2325 924 2433 990 pati
2464 938 2562 991 pro
2589 923 2930 979 dilectoribus
2955 928 3133 981 saaculi
3157 970 3171 994 ,
3203 946 3364 999 quam
3397 935 3481 987 di-

1915 1006 2141 1064 lectores
2168 1011 2343 1065 szeculi
2374 1012 2438 1065 ad
2487 1012 2758 1067 Christum
2779 1030 2949 1083 posse
2976 1020 3235 1073 converti.
3274 1019 3478 1075 Cameli

1915 1100 2054 1153 enim
2082 1103 2291 1156 nomine
2317 1117 2373 1155 se
2402 1102 2619 1171 intelligi
2649 1104 2833 1167 voluit,
2858 1106 2982 1174 quia
3009 1118 3195 1175 sponte
3226 1110 3477 1164 humilia-

1915 1198 1999 1245 tus
2035 1192 2359 1246 lnfirmitatis
2399 1204 2594 1248 nostra:
2631 1210 2796 1248 onera
2830 1196 3075 1261 sustulit;
3111 1197 3162 1251 in
3194 1214 3298 1267 quo
3331 1201 3473 1254 enim

1917 1282 2245 1335 manifestius
2269 1282 2600 1353 intelligitur,
2636 1300 2794 1352 quam
2828 1284 2877 1337 in
2908 1284 3024 1354 ipso
3047 1287 3190 1354 quod
3216 1288 3474 1355 scriptum

1915 1375 2033 1421 est:
2058 1367 2263 1431 Quanto
2302 1387 2518 1439 magnus
2548 1388 2599 1425 es
2641 1372 2857 1427 humilia
2882 1384 2929 1426 te
2957 1376 3010 1427 in
3040 1375 3274 1428 omnibus
3305 1375 3473 1444 (Eccl.

1916 1456 2018 1521 ιιι).
2056 1456 2158 1510 Per
2189 1473 2339 1511 aeum
2369 1466 2544 1514 autem
2572 1463 2884 1529 punctiones
2909 1464 3188 1532 significat,
3220 1479 3315 1532 per
3342 1480 3479 1534 pun-

1917 1546 2121 1600 ctiones
2144 1544 2352 1601 dolores
2378 1549 2426 1601 in
2459 1550 2704 1618 passione
2747 1561 3038 1621 susceptos.
3075 1553 3347 1624 (Venaut.)
3375 1554 3478 1608 Fo-

1918 1649 2100 1687 ramen
2121 1650 2246 1703 ergo
2270 1651 2394 1690 acus
2418 1636 2547 1691 dicit
2574 1641 2845 1707 angustias
2867 1642 3149 1707 passionis,
3173 1660 3277 1712 qua
3307 1645 3475 1699 scissa

1916 1732 2112 1777 nostrae
2134 1725 2289 1792 quasi
2314 1728 2627 1780 vestimenta
2660 1738 2865 1783 mturae
2886 1734 3271 1798 quodammodo
3296 1746 3475 1790 resar-

1917 1815 2047 1878 cire,
2077 1815 2127 1868 id
2170 1823 2251 1868 est
2296 1830 2610 1885 recuperare
2655 1818 2903 1888 dignatus
2921 1829 3031 1883 est,
3060 1806 3321 1892 quatenus
3360 1833 3481 1894 post

1918 1902 2124 1972 lapsum
2148 1903 2336 1957 melius
2364 1904 2645 1970 reformari
2670 1909 2992 1975 gaudeamus
3021 1911 3085 1963 ad
3108 1912 3474 1967 testimonium

1918 1994 2159 2062 apostoli,
2203 1993 2476 2048 dicentes:
2503 1995 2805 2067 Quicunque
2832 2000 2965 2051 enim
2996 2001 3046 2053 in
3079 1999 3282 2056 Christo
3312 2003 3478 2073 bapti-

1916 2082 2023 2137 zati
2047 2083 2189 2146 estis,
2217 2080 2479 2164 Christum
2505 2084 2746 2140 induistis
2771 2083 2907 2158 (Gal.
2928 2091 3042 2159 tu).
3084 2088 3095 2109 '

1986 2172 2189 2235 Auditis
2222 2183 2395 2226 autem
2438 2174 2518 2227 his
2560 2174 2801 2245 discipuli
2831 2177 3157 2232 mirabantur
3188 2180 3360 2247 valde,
3393 2182 3479 2236 di-

1916 2259 2271 2329 centes_:Quis
2310 2276 2429 2330 ergo
2472 2264 2659 2331 poterit
2702 2263 2875 2319 salvus
2912 2268 3195 2334 csse?Quo
3241 2271 3479 2340 pertinet

1917 2348 2018 2403 ista
2043 2350 2362 2419 responsio!
2377 2364 2498 2406 cum
2522 2351 3008 2422 incomparabiliter
3031 2358 3201 2427 major
3224 2361 3293 2414 sit
3319 2362 3474 2417 turba

1915 2454 2226 2508 pauperum,
2264 2454 2387 2508 qum
2429 2440 2686 2495 divitibus
2721 2442 2943 2511 perditis
2982 2451 3215 2515 potuvrit
3252 2449 3473 2517 salvari,

1912 2527 2015 2583 nisi
2058 2530 2183 2598 quia
2225 2528 2603 2584 intellexerunt
2633 2545 2819 2585 omnes
2858 2534 2949 2601 qui
2998 2535 3217 2591 divitias
3269 2548 3473 2605 amant,

1900 2619 2077 2692 etiam
2110 2618 2156 2672 si
2189 2617 2410 2687 adipisci
2442 2627 2729 2687 nequeant,
2760 2620 2814 2675 in
2844 2609 3066 2677 divitum
3114 2641 3337 2682 numero
3381 2630 3475 2684 de-

1918 2708 2117 2775 putari.

1976 2793 2250 2865 Aspiciens
2273 2807 2445 2851 autem
2470 2795 2625 2849 Iesus
2646 2796 2778 2850 dixit
2799 2798 2873 2852 eis
2896 2814 2913 2853 :
2935 2802 3085 2869 Apud
3124 2803 3352 2875 homines
3378 2806 3475 2865 hoc

1918 2885 2227 2955 impossibile
2269 2896 2366 2952 est,
2396 2886 2533 2957 apud
2565 2885 2728 2955 Deum
2774 2897 2944 2943 autem
2986 2894 3159 2947 omnia
3210 2896 3475 2964 possibilia

1917 2986 2057 3032 sunt.
2102 2976 2211 3031 Hoc
2235 2986 2411 3041 autem
2442 2993 2545 3031 non
2584 2977 2659 3031 ita
2694 2978 3058 3048 accipiendum
3088 2989 3191 3046 est,
3215 2984 3363 3052 quod
3388 3000 3479 3039 cu-

1918 3062 2028 3135 pidi
2053 3075 2108 3121 et
2152 3066 2367 3136 superbi
2398 3066 2511 3135 (qui
2555 3066 2769 3122 nomine
2810 3067 2952 3122 illius
2975 3069 3154 3123 divitis
3182 3068 3475 3138 significati

1918 3153 2065 3227 sunt)
2108 3155 2162 3207 in
2212 3170 2433 3227 regnum
2473 3154 2731 3211 cmlorum
2776 3157 2882 3211 sint
2909 3157 3178 3223 intraturi,
3209 3172 3329 3213 cum
3365 3147 3480 3215 suis

1917 3245 2293 3314 cupiditatibus
2334 3252 2389 3299 et
2432 3247 2716 3315 superbia;
2763 3249 2854 3301 sed
2901 3248 3152 3315 possibile
3176 3258 3258 3302 est
3282 3250 3391 3304 Deo
3418 3258 3479 3303 ut

1914 3349 2011 3403 per
2034 3336 2274 3399 verbum,
2298 3336 2434 3391 sicut
2454 3337 2615 3390 etiam
2642 3336 2837 3391 factum
2864 3353 2982 3392 esse
3002 3346 3054 3391 et
3086 3338 3325 3407 quotidie
3358 3338 3477 3395 fieri

1916 3424 2176 3489 videmus,
2221 3440 2251 3479 a
2294 3426 2585 3495 cupiditate
2630 3425 2997 3496 temporalium
3042 3429 3109 3483 ad
3153 3428 3477 3484 charitatem

1916 3521 2257 3589 aeternorum,
2282 3509 2337 3569 et
2365 3531 2395 3569 a
2418 3516 2717 3584 perniciosa
2753 3518 2999 3585 superbia
3027 3518 3091 3571 ad
3123 3518 3476 3573 humilitatem

1918 3604 2321 3661 saluberrimam
2352 3615 2749 3662 convertantur.
2780 3605 3002 3677 (Μλυι.)
3022 3606 3158 3683 Legi
3181 3616 3235 3662 et
3264 3608 3317 3661 in
3343 3622 3478 3677 quo-

1920 3694 2160 3749 rumdam
2190 3698 2605 3779 expositionibus
2633 3698 2791 3752 istum
2818 3696 3037 3753 divitem
3074 3697 3353 3753 Iudaicum
3383 3715 3477 3768 po-

1919 3785 2098 3854 pulum
2127 3786 2495 3855 interpretari,
2522 3787 2613 3857 qui
2640 3786 2773 3842 falso
2797 3788 3125 3857 gloriabatur
3147 3789 3199 3841 in
3227 3789 3477 3842 observa-

1921 3876 2063 3930 tione
2092 3875 2242 3943 legis.
2269 3892 2389 3931 cum
2417 3875 2795 3946 perfectionem
2822 3878 3175 3947 evangelieam
3204 3886 3478 3947 respueret

1920 3974 1975 4019 et
2004 3965 2233 4021 terrenis
2275 3966 2434 4020 rebus
2464 3966 2698 4021 intentus
2724 3966 2981 4035 spiritalia
3010 3967 3145 4021 dona
3191 3968 3474 4037 refugeret,

1921 4054 1989 4108 de
2007 4054 2201 4123 quibus
2225 4055 2483 4123 scriptum
2512 4063 2593 4109 est
2620 4073 2632 4107 :
2669 4055 2968 4109 Dilexerunt
2992 4058 3137 4113 enim
3168 4058 3329 4125 magis
3370 4056 3481 4125 glo-

1921 4145 2052 4196 riam
2090 4144 2356 4197 hominum
2379 4162 2535 4213 quam
2573 4146 2790 4215 gloriam
2837 4145 2931 4199 Dei
2958 4144 3134 4219 (Joan.
3164 4150 3281 4215 xu).
3330 4138 3482 4207 Unde

1919 4240 1974 4286 et
1999 4232 2050 4286 in
2078 4233 2323 4301 passione
2353 4234 2559 4288 Domini
2599 4235 2969 4303 conspirantes
2994 4222 3284 4292 dixerunt:
3312 4235 3369 4290 Si
3399 4238 3479 4289 di-

1919 4324 2182 4383 m‘iitamus
2224 4340 2340 4377 eum
2376 4324 2470 4389 sic,
2500 4339 2672 4387 omnes
2712 4323 2916 4377 credent
2950 4325 3003 4377 in
3028 4340 3163 4385 eum,
3193 4335 3238 4377 et
3279 4328 3478 4379 venient

258 4412 339 4465 ris
366 4426 484 4465 esse
513 4412 763 4483 pecunias
792 4412 1067 4475 habentes,
1090 4412 1173 4467 vel
1197 4413 1250 4467 in
1275 4413 1527 4487 pecuniis
1548 4411 1817 4467 conﬁden-
1840 4453 1894 4513 Β
1923 4413 2160 4477 Romani,
2186 4423 2245 4497 et
2273 4412 2447 4489 tollent
2490 4423 2719 4467 nostrum
2768 4412 2936 4466 locum
2977 4422 3023 4489 et
3059 4424 3254 4482 gentem
3294 4413 3474 4483 (Joan.

256 4510 362 4567 tes,
378 4502 566 4559 exutis
584 4504 919 4574 philargyria:
942 4503 1265 4568 retinaculis,
1283 4503 1457 4557 aulam
1483 4502 1627 4573 regni
1654 4502 1812 4565 coele-

250 4592 357 4647 stis
384 4592 606 4647 intrare.
1332 4646 1335 4647 ,

334 4684 397 4738 Et
425 4684 749 4738 iterum-dico
781 4684 916 4738 vobis
939 4698 956 4735 ε
982 4682 1213 4738 Facilius
1244 4684 1711 4754 est‘camelumper
1735 4685 1814 4753 fo—

254 4790 437 4829 ramen
472 4789 595 4828 acus
621 4774 861 4843 transire,
889 4788 1043 4843 quam
1074 4772 1277 4839 divitem
1299 4774 1494 4833 intrare
1516 4772 1568 4825 in
1601 4789 1812 4842 regnum

249 4862 522 4920 (telorum.
555 4862 611 4917 Si
642 4861 850 4916 facilius
883 4871 966 4916 est
1002 4861 1279 4924 camelum,
1310 4863 1612 4932 ingentibus
1645 4878 1812 4916 mem-

252 4954 371 5007 bris
402 4968 706 5015 enormem,
735 4961 1023 5024 angustum
1059 4969 1153 5021 per
1197 4952 1433 5010 foramen
1480 4970 1609 5008 acus
1654 4969 1813 5024 pene-

252 5051 408 5110 trare
443 5059 602 5111 quam
633 5044 849 5097 divitem
892 5044 1092 5097 intrare
1128 5044 1176 5096 in
1226 5060 1445 5113 regnum
1486 5043 1607 5108 Dei,
1638 5045 1813 5100 nullus

247 5146 405 5200 ergo»
422 5132 569 5186 dives
605 5132 822 5186 intrabit
850 5133 1153 5202 inregnum
1196 5133 1304 5187 Dei.
1347 5132 1414 5186 Et
1438 5135 1700 5202 quomodo
1728 5135 1810 5189 vel

252 5224 310 5273 in
340 5219 622 5290 Evangelia
650 5221 731 5274 vel
757 5221 809 5273 in
840 5217 1015 5275 Veteri
1047 5222 1387 5277 Testamento
1411 5238 1569 5292 quam
1596 5223 1807 5294 plurimi

244 5308 447 5375 divites
492 5310 582 5364 Dei
632 5309 963 5365 intraverunt
1007 5316 1059 5365 in
1103 5327 1343 5385 regnum,
1373 5313 1471 5365 nisi
1521 5312 1657 5368 forte
1686 5316 1809 5382 quia

250 5396 468 5454 divitias
494 5398 575 5453 vel
603 5414 699 5468 pro
742 5398 907 5452 nihilo
937 5400 1129 5473 habere
1157 5400 1238 5455 vel
1265 5416 1327 5455 ex
1366 5413 1477 5456 toto
1512 5403 1813 5472 relinquere

250 5485 479 5546 Donan
514 5486 806 5556 inspirante
832 5487 1160 5543 didicerunt?
1186 5489 1432 5560 Nunquid
1458 5492 1599 5545 enim
1641 5492 1812 5546 David

252 5578 307 5632 iu
335 5577 481 5648 regni
504 5577 700 5632 divitiis
722 5578 1021 5632 confidebat
1042 5580 1128 5647 qui
1157 5590 1211 5634 et
1238 5581 1302 5635 de
1321 5581 1607 5651 semetipso
1632 5584 1806 5637 canit:

251 5664 517 5737 (lett-mium
546 5667 728 5725 unicus
768 5676 813 5719 et
855 5683 1048 5736 pauper
1086 5685 1194 5721 sum
1225 5685 1312 5737 ego
1345 5668 1512 5739 (Psal.
1542 5672 1705 5743 μιν).
1749 5674 1807 5727 ΕΙ

1918 4500 2011 4575 x1).
2043 4506 2178 4561 Huic
2202 4492 2329 4577 ergo
2355 4507 2545 4563 merito
2572 4505 2852 4575 praefertur
2880 4506 3135 4569 camelus.
3164 4508 3217 4561 id
3244 4516 3327 4561 est
3349 4522 3477 4577 gen-

1919 4596 2024 4649 tilis
2050 4596 2296 4666 populus,
2325 4596 2636 4651 tortitudiue
2658 4604 2995 4666 peccatorum
3018 4604 3074 4650 ct
3097 4596 3348 4651 vitiorum
3379 4598 3475 4651 de-

1912 4685 2250 4755 formis;qui
2289 4684 2497 4741 facilius
2524 4687 2746 4757 arripuit
2772 4686 2991 4740 arduam
3028 4686 3169 4739 viam
3201 4686 3476 4740 mandato-

1916 4790 2033 4830 rum
2078 4777 2171 4831 Dei
2215 4777 2439 4846 ingredi,
2470 4776 2594 4844 quia
2625 4777 2783 4831 citius
2819 4776 2981 4845 cmpit
3007 4774 3309 4851 evangelica
3337 4790 3476 4843 Drm-

1914 4875 2067 4936 cepta
2096 4868 2363 4935 venerari,
2386 4876 2440 4921 et
2478 4867 2684 4931 Domini
2729 4867 2813 4921 sui
2845 4866 3063 4936 vestigia
3092 4864 3366 4933 subseirui.
3402 4862 3477 4920 De
3532 4928 3537 4931 _

1914 4959 2032 5013 istis
2070 4959 2263 5028 quippe
2303 4960 2521 5014 camelis
2562 4960 2614 5013 in
2661 4959 2794 5013 Isaia
2842 4958 3065 5027 lcgimus
3098 4952 3243 5027 quod
3283 4956 3474 5013 cameli

1915 5048 2123 5103 Madian
2168 5058 2224 5103 et
2268 5050 2415 5118 Epha
2470 5058 2651 5118 portas
2694 5047 3022 5103 Hierusalem
3060 5057 3182 5103 cmu
3228 5046 3384 5103 donis
3420 5056 3477 5101 et

1917 5140 2222 5193 muneribus
2249 5140 2616 5208 ingrediuntur
2640 5137 2774 5207 (Isa.
2797 5138 2907 5209 ιι).

1986 5230 2115 5300 [ill]
2151 5229 2290 5282 Tunc
2332 5228 2639 5298 respondens
2684 5226 2872 5283 Petrus
2918 5228 3049 5282 dixit
3095 5227 3340 5283 ei:Ecce
3380 5244 3474 5281 nos

1915 5320 2213 5389 reliquimus
2259 5319 2452 5381 omnia,
2475 5327 2522 5371 et
2569 5318 2730 5372 secuti
2763 5334 2939 5371 sumus
2970 5328 3036 5380 te,
3062 5316 3185 5384 quid
3228 5332 3347 5384 ergo
3377 5318 3473 5369 erit

1916 5411 2096 5463 nobis?
2136 5406 2425 5479 (Hieron.)
2473 5407 2705 5463 Grandis
2748 5408 2936 5461 ﬁducia
2963 5422 2977 5460 :
3008 5405 3197 5460 Petrus
3238 5406 3469 5475 piscator

1913 5507 2046 5564 erat,
2078 5499 2223 5553 dives
2245 5514 2349 5551 non
2376 5498 2567 5561 fuerat,
2598 5498 2748 5553 cibos
2770 5513 2925 5551 manu
2950 5509 3002 5550 et
3030 5505 3142 5549 arte
3165 5494 3431 5565 qumrebat
3454 5515 3468 5552 ;

1913 5597 1965 5641 et
2012 5598 2187 5641 tamen
2235 5586 2471 5655 loquitur
2518 5586 2887 5641 eoufldentec:
2924 5584 3237 5652 Iieliqutmus
3271 5586 3465 5643 omnia.

1913 5678 1977 5731 Et
2008 5677 2126 5745 quia
2158 5660 2482 5731 uou‘sullicit
2524 5683 2727 5729 tantum
2776 5674 3089 5744 relinquere,
3112 5671 3284 5743 jungit
3328 5677 3469 5750 quoq
