3922 6334
490 245 630 329 ‘1025
1157 259 1216 313 Β.
1260 261 1516 341 ηΑιιιΝι
1553 269 1769 325 ΜΑΠΒΙ
1803 266 2120 328 ARCHIEP.

473 360 767 443 perfectum
808 373 924 420 est:
952 367 1016 422 Et
1065 373 1228 427 secuti
1268 392 1447 432 sumus
1489 388 1554 433 te.
1595 380 1673 455 Ac
1711 381 1754 434 si
1800 382 2036 438 diceret:
2067 383 2115 443 Α

472 440 720 527 Fecimus
749 456 891 523 quod
924 455 1135 524 iussisti
1159 481 1171 516 :
1196 465 1323 520 ouid
1358 468 1521 536 igitur
1549 448 1703 526 nobis
1731 471 1884 527 dabis
1908 489 2066 544 ιιι-τευ·

472 524 565 593 inii
587 540 611 594 ι
980 588 981 591 γ
1201 600 1205 605 .

536 630 693 686 Iesus
727 645 901 691 autem
945 640 1078 696 dixit
1119 646 1193 698 eis
1215 662 1232 699 :
1254 647 1417 702 Amen
1455 650 1570 705 dico
1601 653 1739 707 vobis
1775 655 1915 725 quod
1953 672 2039 711 vos

464 721 556 784 qui
580 727 743 779 secuti
765 731 885 785 estis
916 749 995 787 me
1023 735 1078 788 in
1105 742 1508 808 regeneratione,
1539 760 1656 797 cum
1678 746 2039 815 sederitﬁlius

464 809 691 869 hominis
720 817 776 871 in
804 821 923 874 sede
951 824 1238 893 maiestatis
1265 845 1400 895 sum,
1430 833 1670 889 sedebitis
1699 844 1746 889 et
1774 852 1857 890 vos
1884 854 2041 912 super

464 903 611 957 sedes
652 906 954 976 duodecim,
978 913 1276 981 iudicantes
1324 919 1596 977 duodecim
1641 925 1805 980 tribus
1846 903 2033 982 Israel.

465 990 580 1049 Non
604 997 773 1052 dixit:
799 1000 897 1067 Qui
932 1005 1219 1074 reliquistis
1238 1011 1415 1064 omnia
1440 1031 1451 1065 :
1474 1015 1575 1069 hoc
1600 1016 1743 1071 enim
1768 1028 1823 1073 et
1847 1018 2038 1075 Socra-

465 1091 547 1137 tes
567 1083 692 1140 fecit
708 1090 1075 1161 philosophus,
1099 1103 1152 1148 et
1174 1098 1327 1154 multi
1354 1099 1439 1153 alii
1463 1102 1679 1160 divitias
1702 1115 2039 1179 contempse-

462 1182 622 1240 runt;
657 1180 749 1233 sed
776 1182 864 1250 qui
884 1184 1045 1235 secuti
1072 1186 1191 1239 estis
1216 1202 1314 1252 me,
1348 1192 1488 1259 quod
1507 1197 1733 1263 proprie
1760 1200 2036 1267 apostolo—

462 1279 583 1319 rum
625 1276 716 1341 ,est
763 1280 921 1338 atque
969 1274 1319 1331 credentium.
1353 1277 1435 1333 Ιηο
1470 1288 1876 1355 regeneratione,
1919 1308 2037 1345 cum

462 1353 650 1408 sederit
683 1355 827 1416 ﬁlius
853 1360 1077 1417 hominis
1117 1366 1171 1419 in
1196 1367 1314 1422 sede
1339 1370 1627 1439 majestatis
1662 1392 1795 1442 sine,
1824 1382 2039 1447 quando

461 1447 516 1494 et
548 1454 614 1497 ex
640 1447 867 1503 mortuis
895 1449 960 1504 de
995 1452 1339 1525 corruptione
1390 1471 1673 1532 resurgent
1716 1466 2035 1539 incorrupti.

458 1528 720 1593 audebitis
747 1544 802 1597 et
830 1552 924 1593 vos
952 1539 1007 1594 in
1037 1542 1186 1599 soliis
1207 1528 2038 1616 iudicantium,'condemnarites

460 1615 742 1688 duodecim
769 1627 947 1683 tribus
979 1629 1163 1711 Israel,
1194 1637 1318 1705 quia
1359 1640 1511 1695 vobis
1546 1615 1891 1703 credentibus
1919 1665 2037 1705 ere-
2113 1714 2116 1717 Α

459 1705 588 1764 dere
611 1710 916 1784 noluerunt.
947 1705 1127 1794 (Βιιι.)
1152 1723 1207 1777 In
1231 1726 1332 1780 hac
1352 1728 1545 1799 quippe
1566 1733 1674 1787 vita
1696 1750 1794 1804 pro
1823 1740 2035 1795 nomine
2070 1726 2113 1785 Β

460 1795 578 1866 ejus
614 1799 928 1885 laborantes
958 1808 1010 1864 in
1055 1810 1158 1865 alia
1200 1795 1495 1883 przemium—
1518 1836 1736 1892 sperare
1780 1828 2037 1884 Dominus

459 1887 661 1957 docuit,
694 1883 747 1949 id
776 1905 859 1953 est
886 1899 938 1954 in
968 1908 1394 1973 regeneratione,
1436 1927 1558 1967 cum
1595 1916 1927 1998 videlicetin
1957 1922 2037 1976 vi-

460 1988 572 2041 tam
624 1984 983 2045 immortalem
1032 1990 1292 2067 fuerimus
1340 2005 1683 2072 resurgendo:
1712 1992 2031 2079 regenerati,

459 2067 551 2142 qui
590 2073 645 2128 in
679 2077 843 2133 vitam
886 2082 1142 2139 caducam
1189 2088 1463 2148 fueramus
1510 2098 1809 2155 mortaliter
1847 2103 2032 2172 geniti.

462 2159 599 2230 Quia
627 2168 812 2234 procul
843 2170 1006 2228 dubio
1030 2175 1147 2232 duce
1169 2188 1293 2234 sunt
1316 2188 1765 2254 regenerationes,
1791 2192 2038 2249 similiter

457 2261 587 2308 sum
618 2256 735 2311 dua:
776 2259 1112 2331 adoptiones,
1150 2271 1267 2325 duae
1316 2282 1369 2327 et
1422 2281 1862 2338 resurrectioncs.
1918 2285 2032 2342 Una

459 2349 796 2412 regeneratio
823 2360 906 2405 est
940 2354 1006 2411 de
1035 2372 1138 2425 qua
1178 2360 1433 2418 Dominus
1462 2366 1590 2421 dicit
1617 2387 1629 2421 :
1657 2369 1779 2424 Nisi
1809 2375 2036 2443 quisre-

458 2442 613 2488 natus
636 2435 793 2504 fuerit
820 2456 884 2493 ea:
914 2459 1050 2514 aqua
1078 2458 1124 2499 et
1153 2447 1561 2519 Spiritwsancto
1596 2475 1697 2512 non
1723 2435 1954 2519 intioibit
1979 2467 2035 2520 in

440 2537 669 2601 “regnum
700 2527 943 2585 ctelorum
973 2531 1152 2605 (Joan.
1178 2538 1274 2611 iv).
1308 2540 1489 2598 Altera
1515 2546 1649 2611 haec,
1672 2549 1737 2605 de
1760 2566 1865 2625 qua
1893 2570 2036 2623 nunc

456 2608 623 2665 dicit:
654 2612 717 2667 In
752 2624 1138 2689 regeneratione
1166 2645 1281 2682 cum
1309 2632 1497 2687 sederit
1528 2636 1671 2704 ﬁlius
1713 2608 1937 2698 ltoininis
1979 2645 2043 2721 in,

456 2704 577 2758 sede
606 2709 893 2779 maiestatis
926 2731 1057 2770 suae.
1096 2718 1274 2775 Prima
1301 2725 1516 2795 adoptio
1557 2739 1641 2783 est
1667 2732 1733 2787 de
1758 2748 1863 2803 qua
1906 2737 2036 2793 dicit

456 2794 742 2865 Apostolus
770 2801 932 2860 :_Non
984 2810 1256 2880 accepistis
1295 2794 1534 2882 spiritum
1574 2794 1831 2878 servitutis
1874 2826 1930 2880 in
1972 2828 2037 2881 ti-

456 2902 615 2949 more,
646 2891 736 2944 sed
777 2896 1045 2964 accepistis
1085 2902 1322 2971 spiritum
1368 2906 1661 2978 adoptionis
1682 2912 1949 2983 -.ﬁliorum,
1981 2917 2045 2973 in

453 2991 557 3043 quo
584 2977 901 3050 clamamus,
938 2987 1076 3041 Abba
1116 3001 1265 3060 pater
1290 2977 1629 3067 (Rom.rvm).
1664 2977 1908 3059 secunda
1936 2977 2034 3062 ad-

456 3066 602 3133 Optio
624 3070 730 3123 erit
754 3071 820 3127 de
853 3091 956 3143 qua
984 3077 1121 3132 idem
1148 3083 1419 3149 apostolus
1439 3085 1548 3141 ait:
1571 3066 1684 3150 Sed
1705 3102 1750 3145 et
1773 3094 1871 3162 ipsi
1897 3095 2031 3150 inter
2058 3068 2101 3129 C

458 3169 549 3207 nos
572 3155 954 3225 iugemiscimus
979 3166 1305 3235 adoptionem
1344 3185 1695 3242 exspectantes
1726 3181 2029 3253 redemptio-

456 3260 569 3300 nem
599 3252 828 3321 corporis
858 3257 1021 3332 nostri
1053 3252 1273 3332 (Ibid.).‘
1290 3261 1468 3318 Prima
1501 3273 1824 3328 resurrectio
1853 3252 1935 3329 eSt
1963 3276 2027 3332 de

450 3348 555 3406 qua
586 3338 843 3397 Dominus
873 3326 1004 3402 dicit
1028 3365 1040 3401 :
1064 3326 1255 3404 (Veniet
1294 3356 1421 3407 hora
1461 3365 1508 3410 et
1542 3375 1680 3414 nunc
1706 3372 1789 3417 est
1817 3367 2027 3435 quando

452 3427 644 3479 mortui
668 3430 881 3509 audient
922 3451 1092 3490 vocem
1138 3437 1265 3493 Filii
1298 3441 1417 3508 Dei,
1451 3454 1499 3503 et
1518 3448 1612 3517 qui
1640 3427 1922 3521 audierint,
1953 3456 2027 3511 vi-

358 3536 361 3541 ν
453 3524 570 3569 vent
611 3516 909 3593 (Joan.1v)‘.
958 3524 1025 3581 Et
1068 3516 1129 3581 in
1160 3528 1477 3603 Apocalypsi
1504 3516 1735 3593 :Beatus
1757 3543 1847 3611 qui
1874 3516 2025 3598 habet

451 3614 650 3671 partem
678 3608 735 3661 in
774 3616 1144 3671 resurrectione
1182 3622 1461 3689 printa:in
1504 3627 1585 3680 eis
1618 3628 1847 3685 sec‘unda
1888 3650 2025 3689 mors

452 3711 556 3750 non
595 3698 799 3754 habebit
841 3714 1143 3772 potestatem
1186 3709 1368 3781 (Apoc.
1400 3714 1514 3786 xx).
1561 3716 1806 3774 Secunda
1853 3737 2029 3777 resur-

452 3787 635 3843 rectio
650 3791 753 3846 erit
773 3792 839 3847 de
864 3808 969 3864 qua
997 3795 1254 3856 Dominus
1288 3803 1418 3858 dicit
1444 3823 1457 3857 :
1487 3806 1666 3863 Nolite
1688 3812 1871 3867 mirari
1906 3815 2021 3882 hoc,

450 3878 583 3947 quia
602 3884 737 3935 venit
768 3884 897 3939 hora
920 3888 975 3941 in
999 3904 1105 3959 qua
1133 3909 1306 3949 omnes
1326 3899 1416 3966 qui
1439 3898 1493 3951 in
1523 3906 1865 3961 monumentis
1902 3918 2023 3963 sunt

428 3969 664 4026 ‘audient
704 3992 873 4031 vocem
916 3978 1031 4047 Dei,
1066 3994 1115 4037 et
1149 3989 1427 4065 precedent
1453 3994 1542 4063 qui
1566 3994 1706 4058 bona
1730 4011 1943 4069 egerunt
1967 4003 2022 4057 in

450 4066 871 4151 resurrectionem
907 4072 1022 4127 vita:
1043 4087 1061 4125 .‘
1082 4077 1171 4148 qui
1201 4095 1317 4132 vero
1353 4083 1493 4134 mala
1520 4099 1730 4155 egerunt
1758 4091 1811 4144 in
1844 4108 2018 4148 resur-

448 4137 723 4210 rectionem
742 4178 745 4179 ν
758 4159 951 4228 judicii
977 4165 1153 4236 (Joan.
1184 4169 1257 4239 v).
1284 4157 1451 4239 Quod
1480 4190 1607 4232 vero
1634 4179 1708 4233 ait
1735 4198 1747 4233 :
1775 4179 1906 4236 Cum
1935 4202 2020 4240 se-

446 4244 579 4300 derit
617 4247 758 4316 ﬁlius
799 4252 1020 4310 hominis
1050 4258 1101 4313 in
1132 4257 1250 4315 sede
1286 4264 1573 4334 majestatis
1613 4287 1753 4336 sure,
1780 4274 2018 4332 sedebitis

444 4344 492 4390 et
520 4352 608 4391 vos
629 4354 784 4410 super
804 4343 949 4423 sedes
976 4345 1267 4414 duodecim,
1292 4360 1420 4419 etc.,
1450 4370 1606 4412 nemo
1639 4368 1789 4429 putet
1818 4363 2016 4420 duode—

446 4426 552 4480 cim
598 4435 803 4483 tantum
843 4417 1131 4505 apostolos,
1163 4441 1287 4507 quia
1315 4457 1413 4512 pro
1453 4444 1588 4500 Juda
1632 4451 2019 4517 prmvaricante

448 4517 699 4574 Mattliias
726 4522 927 4579 electus
957 4534 1057 4591 est,
1086 4537 1209 4583 tunc
1232 4546 1347 4585 esse
1370 4531 1720 4603 iudicaturos,
1745 4541 1886 4596 sicut
1916 4558 2015 4599 nec

444 4608 723 4667 duodecim
751 4613 876 4669 solio
907 4626 1031 4671 sunt
1071 4618 1239 4674 tribus
1273 4620 1433 4677 lsrael
1456 4624 1776 4697 iudicanda},
1809 4631 2010 4702 alioqui

446 4701 616 4756 tribus
656 4702 805 4769 Levi,
832 4722 951 4775 qute
984 4710 1136 4762 tertia
1174 4712 1376 4767 decima
1407 4724 1520 4781 est,
1552 4718 1837 4787 iniudicata
1865 4701 2013 4779 recc-

445 4787 551 4852 det,
583 4799 636 4843 ct
683 4791 877 4847 Paulus
922 4796 1011 4864 qui
1061 4798 1300 4855 decimus
1348 4805 1535 4861 tertius
1582 4818 1665 4862 est
1707 4812 2007 4889 apostolus,

444 4892 541 4946 pro
560 4878 693 4933 Juda
712 4886 1096 4950 praevaricante
1120 4888 1373 4945 Matthias
1398 4894 1598 4950 electus
1620 4906 1722 4963 est,
1740 4888 2015 4969 iudicandi

445 4974 590 5021 sorte
619 4970 911 5038 privabitur
941 4990 1061 5029 cum
1091 4978 1204 5046 ipse
1242 4978 1385 5035 dicat
1413 5000 1424 5035 :
1457 4983 1682 5041 Nescitis
1707 4988 1829 5057 quia
1857 5005 2014 5058 ange-

444 5058 521 5111 los
548 5057 923 5128 judicabimus,
948 5078 1138 5133 quanto
1166 5073 1328 5142 magis
1358 5075 1677 5131 sireitlaria?
1703 5078 1755 5149 (Ι
1779 5057 2014 5152 Cor.

444 5147 731 5204 Sciendum
766 5167 996 5221 namque
1024 5166 1103 5210 est
1129 5176 1314 5216 omnes
1340 5165 1428 5233 qui
1458 5168 1523 5219 ad
1550 5168 1848 5237 exemplum
1886 5185 2013 5237 apo-

442 5239 700 5294 stolorum
726 5258 819 5296 sua
848 5244 1174 5313 reliquerunt
1200 5257 1394 5315 omnia,
1428 5266 1479 5309 et
1511 5259 1677 5312 secuti
1706 5270 1829 5313 sunt
1856 5259 2035 5315 Chri-'

440 5331 848 5400 stum,'iudices
892 5350 1014 5390 cum
1059 5354 1123 5391 eo
1164 5351 1436 5407 venturos,
1465 5347 1600 5399 sicut
1645 5349 1805 5402 etiam
1854 5366 2011 5405 omne

440 5419 743 5475 mortalium
773 5438 941 5493 genus
976 5443 1095 5483 esse
1132 5429 1499 5499 iudicandum.
1544 5437 1675 5503 Quia
1704 5441 1843 5493 enim
1875 5441 2008 5492 «luo-

445 5510 658 5565 denario
687 5528 827 5582 saepe
871 5533 1092 5574 numero
1121 5522 1255 5576 solet
1282 5524 1333 5577 in
1366 5524 1658 5594 Scripturis
1688 5532 2007 5586 universitas

444 5596 729 5671 designari,
756 5621 851 5675 per
878 5608 1155 5665 duodecim
1187 5615 1340 5667 sedes
1382 5620 1737 5684 apostolorum
1764 5622 2005 5690 judican-

2162 274 2301 334 uoc
2315 278 2469 336 om.
2508 280 2787 339 orsum:
2831 285 2909 340 ινΑ
2921 242 3007 343 ns
3048 288 3088 343 ι.
3628 294 3764 350 ιοὲι

2145 385 2277 442 tium
2318 392 2553 446 omnium
2598 398 2974 461 numerositas,
3010 406 3065 451 et
3088 414 3184 467 per
3216 395 3512 457 duodecim
3574 405 3762 461 tribus

2142 476 2307 532 Israel
2335 474 2655 536 universitas
2685 497 2873 558 eorum
2900 486 2990 554 qui
3019 486 3294 555 iudicandi
3327 502 3455 547 sunt
3482 495 3755 549 ostendi

2144 574 2251 619 tur.
2298 567 2448 622 Unde
2491 575 2785 629 notandum
2812 567 2953 644 quod
2980 578 3085 633 duo
3113 589 3238 634 sunt
3279 584 3508 639 ordines
3541 585 3758 642 electo-

2143 671 2261 709 rum
2284 657 2335 710 in
2350 656 2555 725 iudicio
2585 663 2777 720 futuri:
2797 670 2933 722 unus
2946 666 3303 738 iudicantium
3328 688 3453 729 cum
3474 675 3749 742 Domino,

2143 748 2207 800 de
2230 749 2423 817 quibus
2454 752 2706 830 hocloco
2743 767 3091 826 memoratur,
3126 762 3218 831 qui
3249 764 3607 834 reliquerunt
3640 781 3751 825 )m-

2142 837 2267 919 nia,
2305 846 2359 894 et
2401 844 2573 898 secuti
2634 856 2757 901 sunt
2811 848 2991 904 illum:
3037 851 3173 907 alius
3220 853 3665 923 iudicandorum
3713 875 3745 915 ι

2138 915 2388 997 Domino,
2417 934 2505 1004 qui
2534 951 2644 990 non
2670 938 2882 1009 quidem
2911 943 3089 999 omnia
3116 959 3212 1000 sua
3247 947 3454 1015 pariter
3490 940 3743 1022 relique-

2141 1029 2287 1085 runt,
2319 1023 2412 1077 sed
2455 1025 2522 1081 de
2547 1028 2631 1084 his
2659 1038 2863 1099 tantum
2892 1048 3011 1103 qua:
3056 1037 3331 1094 habebant
3374 1040 3745 1111 quotidianus

2139 1112 2268 1166 dare
2293 1114 2656 1190 eleemosynas
2678 1120 3004 1196 pauperibus
3023 1126 3225 1205 Christi
3253 1134 3542 1190 curabant.
3578 1138 3739 1197 Unde

2139 1202 2374 1258 audituri
2402 1217 2526 1262 sunt
2550 1209 2599 1264 in
2622 1212 2824 1281 judicio
2851 1232 2864 1268 ε
2897 1202 3094 1284 venite;
3110 1220 3367 1278 benedicti
3391 1222 3587 1282 Patris
3608 1230 3736 1297 uiri,

2137 1294 2393 1361 possidete
2411 1296 2654 1368 paratum
2676 1305 2815 1359 vobis
2836 1324 3048 1377 regnum
3067 1315 3491 1373 dcomtitutione

2138 1384 2328 1440 esurivi
2355 1388 2491 1442 enim
2520 1400 2567 1445 et
2594 1393 2808 1450 dedistis
2834 1399 2962 1453 mihi
2996 1404 3335 1473 manducare,
3368 1408 3515 1464 sitiui
3550 1396 3607 1464 et
3647 1412 3733 1467 de-

2138 1475 2288 1531 distis
2339 1478 2463 1533 mihi
2511 1476 2680 1538 bibere
2723 1484 2938 1557 (Matth.
2970 1492 3122 1564 xxv),
3145 1502 3199 1549 et
3226 1505 3440 1554 caetera.
3474 1494 3728 1571 Quorum

2138 1573 2192 1619 ει
2226 1567 2277 1621 in
2305 1570 2672 1639 superioribus
2702 1576 2859 1644 liuius
2885 1579 3156 1653 Evangelii
3184 1582 3445 1644 Dominus
3472 1567 3729 1648 meminit

2140 1674 2259 1714 cum
2305 1660 2548 1733 principe
2602 1668 2829 1736 quodam
2874 1670 3240 1745 interrogante
3283 1679 3415 1749 quid
3460 1667 3609 1738 boni
3652 1684 3727 1739 fa-

2140 1750 2330 1809 ciendo
2361 1752 2524 1809 vitam
2571 1770 2751 1827 posset
2800 1761 3011 1818 habere.
3037 1764 3392 1836 perpetuam“:
3418 1769 3480 1827 Si
3509 1774 3605 1838 eis,
3644 1775 3723 1829 in-

2137 1842 2271 1911 quit,
2304 1844 2374 1899 ad
2400 1847 2563 1900 ititam'
2589 1850 2806 1919 ingredi,
2834 1870 2979 1909 serva
3007 1858 3286 1916 mandato-
3324 1861 3450 1917 Non
3491 1863 3717 1920 homici-

2136 1932 2279 1986 dium
2311 1935 2493 2004 facies,
2517 1956 2618 1994 non
2646 1939 2864 2008 furtum,
2893 1962 2995 1999 non
3022 1948 3213 2015 falsum
3248 1954 3608 2013 testimOnium
3634 1960 3718 2011 di-

2136 2037 2239 2087 ces,
2278 2024 2478 2080 honora
2515 2038 2711 2097 patrem
2753 2041 2798 2084 et
2833 2040 3078 2097 matrem,
3111 2049 3158 2091 et
3185 2039 3374 2110 diliges
3417 2045 3717 2111 proximum

2137 2119 2284 2165 tuum
2308 2114 2441 2167 sicut
2470 2123 2519 2169 te
2548 2116 2718 2186 ipsum
2765 2118 3002 2190 (Supra).
3041 2125 3180 2200 Ergo
3203 2127 3295 2197 qui
3325 2132 3585 2186 mandata
3615 2133 3719 2188 Do—

2134 2202 2265 2271 mini
2312 2216 2509 2273 servat,
2535 2208 2601 2262 ad
2636 2210 2798 2266 vitam
2832 2213 3124 2284 ingreditur
3160 2226 3417 2276 :eternam
3444 2241 3457 2275 :
3485 2224 3580 2292 qui
3612 2240 3711 2279 au-

2137 2299 2246 2346 tem
2275 2308 2377 2347 non
2402 2290 2571 2351 solum
2606 2302 2852 2356 mandata
2866 2313 3084 2371 servat,
3124 2324 3306 2364 verum
3340 2313 3507 2369 etiam
3537 2318 3714 2371 consi-

2134 2382 2262 2438 lium
2292 2384 2524 2463 Domini,
2553 2393 2692 2459 quod
2722 2393 2785 2447 de
2812 2401 3211 2455 contemnendis
3239 2402 3442 2459 divitiis
3462 2420 3543 2461 ~ac
3570 2407 3710 2463 luxi-

2133 2468 2234 2549 bus
2273 2462 2497 2544 tribuit;
2527 2482 2790 2551 sequitur,
2819 2499 2925 2539 non
2980 2495 3185 2544 tantum
3233 2492 3400 2563 vitam
3442 2497 3710 2566 percipiet

2135 2564 2264 2635 ipse,
2290 2569 2395 2625 sed,
2416 2568 2577 2648 etiam
2610 2573 2675 2628 de
2705 2574 3070 2634 vita-aliorum
3096 2597 3217 2636 cum
3249 2583 3478 2642 Domino
3502 2564 3721 2658 iudica?

2132 2654 2229 2708 bit.
2259 2643 2539 2727 Atqueita
2576 2660 2634 2715 ru
2662 2662 2797 2716 utin
2828 2662 3062 2731 iudicio,
3090 2678 3151 2724 ut
3175 2670 3429 2739 diximus,
3459 2643 3566 2730 ut...
3602 2679 3706 2733 sint

2133 2743 2350 2799 Ordines
2374 2746 2657 2803 bonorum.
2690 2749 2795 2805 Sed
2826 2760 2879 2807 et
2908 2757 3256 2825 rcproborum
3287 2762 3422 2818 duos
3448 2764 3523 2819 ibi
3564 2765 3704 2823 futu-

2136 2847 2224 2887 ros
2272 2834 2507 2891 ordines.
2536 2837 2758 2907 Domino
2805 2852 3061 2901 narrante
3117 2851 3703 2920 comperimuszunum

2133 2937 2319 2979 eorum
2369 2927 2459 2997 qui
2507 2928 2629 2984 ﬁdei
2658 2930 2983 2989 Christianae?
3012 2940 3282 3008 mysteriis
3320 2942 3514 2998 initiati
3541 2962 3700 3017 opera

2134 3012 2255 3069 fidei
2295 3012 2550 3075 exercere
2578 3026 3178 3095 contemnun't:quib‘us
3215 3031 3267 3084 in
3306 3012 3699 3100 iudicioteSta-

2135 3113 2220 3159 tur
2246 3124 2258 3158 :
2287 3106 2545 3163 Discedite
2572 3128 2603 3164 a
2629 3129 2709 3165 me
2735 3112 2998 3169 maledicti
3025 3118 3080 3171 in
3108 3120 3275 3189 ignem
3320 3133 3569 3179 teternum
3610 3131 3700 3198 qui

2127 3208 2343 3267 paratus
2390 3206 2468 3253 est
2514 3201 2721 3256 diabolo
2750 3213 2797 3257 et
2836 3206 3033 3276 angelis
3078 3209 3210 3278 ejus.
3246 3209 3458 3268 Esurioi
3481 3217 3613 3269 enim
3648 3208 3707 3271 et

2127 3304 2229 3341 non
2251 3288 2464 3343 dedistis
2493 3291 2619 3345 mihi
2640 3293 2976 3361 manducare,
2999 3304 3102 3352 etc.
3130 3298 3342 3371 (Matth.
3375 3304 3538 3375 xxv);
3568 3305 3698 3362 alte-

2125 3394 2243 3433 rum
2285 3395 2471 3434 eorum
2507 3384 2598 3452 qui
2628 3399 2721 3453 per
2747 3384 2904 3441 ﬁdem
2932 3386 3192 3460 mysteria
3223 3391 3421 3449 Christi
3454 3395 3537 3451 vel
3562 3414 3695 3453 nun-

2124 3483 2285 3537 quam
2328 3484 2628 3539 suscepere,
2660 3472 2742 3526 νει
2780 3485 3025 3548 suscepta
3056 3495 3157 3549 per
3182 3484 3508 3549 apostasiam
3556 3487 3689 3558 reie-

2125 3570 2245 3610 cere
2272 3574 2284 3609 :
2308 3554 2375 3609 de
2404 3558 2595 3625 quibus
2626 3560 2783 3614 dicit:
2812 3561 2913 3627 Qui
2940 3575 3112 3621 autem
3136 3584 3237 3622 non
3259 3572 3440 3636 credit,
3465 3575 3579 3643 jam
3603 3554 3695 3645 iu-

2124 3648 2330 3701 dicatus
2360 3658 2461 3714 est,
2480 3651 2601 3720 quia
2633 3666 2735 3707 non
2759 3656 2919 3709 credit
2954 3657 3011 3711 in
3044 3653 3246 3715 nomine
3287 3664 3545 3735 unigeniti
3566 3667 3692 3723 Filii

2124 3738 2220 3792 Dei
2248 3738 2430 3807 (Joan.
2464 3740 2566 3811 ιιι).
2599 3740 2979 3812 ρυὶιιιιηηίιιιιι
3026 3763 3124 3804 nec
3159 3751 3321 3816 verbo
3350 3762 3507 3809 tenus
3537 3756 3689 3812 Chri-

2122 3834 2259 3882 stum
2285 3828 2462 3884 colet'e
2488 3829 2799 3897 voluerunt,
2830 3837 3114 3915 necverba
3142 3838 3328 3894 saltem
3360 3840 3479 3909 eius
3502 3847 3689 3915 quibus

2120 3916 2481 3986 coarguantur
2504 3919 2567 3973 in
2586 3920 2787 3989 iudicio
2811 3912 3088 3981 merentur
3127 3929 3327 3985 audire.
3362 3930 3471 3989 Sed
3496 3912 3564 3988 ad
3592 3936 3688 3991 hoc

2121 4014 2325 4061 tantum
2354 4009 2578 4065 veniunt
2610 4012 2662 4065 in
2699 4010 2959 4080 iudicium
2983 4024 3044 4071 ut
3066 4033 3188 4073 cum
3216 4020 3294 4089 eis
3320 4022 3411 4092 qui
3444 4022 3687 4091 iudican-

2120 4103 2206 4150 tur
2244 4085 2617 4167 peccatoribus
2661 4101 2715 4156 in
2765 4103 3156 4163 damnatiOnem
3203 4085 3489 4168 mittantur
3530 4124 3683 4171 icter-

2119 4200 2261 4240 nam.
2631 4223 2635 4227 ·
2700 4212 2705 4218 ⁴
3312 4218 3323 4240 ’⁵
3510 4220 3515 4225 ’

2141 4312 2151 4325 .
2185 4272 2253 4328 Et
2298 4293 2466 4332 omnis
2514 4282 2603 4351 qui
2641 4281 2905 4354 reliquerit
2948 4286 3184 4354 domum,
3212 4290 3293 4344 vel
3335 4292 3544 4360 fratres,
3586 4308 3673 4350 aut

2123 4380 2341 4431 sorores,
2383 4378 2475 4447 aut
2521 4382 2741 4441 patrem,
2786 4383 2875 4427 aut
2912 4385 3152 4445 matrem,
3197 4390 3287 4433 aut
3334 4397 3569 4447 mrem,
3595 4397 3681 4439 aut

2122 4452 2278 4521 ﬁlios,
2339 4438 2430 4511 aut
2474 4438 2647 4529 apros,
2685 4473 2893 4534 propter
2930 4481 3113 4520 nomen
3150 4484 3341 4535 meum,
3390 4474 3679 4544 centule

2122 4545 2354 4613 accipiet,
2380 4557 2427 4600 et
2455 4550 2610 4601 vitam
2632 4542 2876 4606 (sternam
2895 4556 3194 4623 possidebit.
3219 4556 3488 4633 (Ηὶει-οιι.)
3514 4542 3677 4621 Locus

2122 4632 2225 4687 iste
2258 4637 2514 4691 cum‘illa
2569 4643 2832 4711 sententia
2876 4645 3123 4716 congruit
3174 4649 3227 4703 in
3278 4666 3387 4720 qua
3437 4632 3678 4711 Salvator

2121 4720 2399 4790 loquitur:
2432 4725 2551 4781 Non
2577 4726 2690 4783 veni
2714 4747 2891 4800 pacem
2920 4735 3117 4791 mittere
3141 4739 3231 4792 sed
3265 4741 3523 4809 gladium.
3553 4743 3673 4800 Veni

2120 4812 2254 4864 enim
2277 4829 2518 4883 separare
2543 4816 2800 4871 hominem
2829 4837 2860 4873 a
2881 4831 3027 4896 patre
3046 4814 3160 4884 suo.
3180 4835 3229 4880 et
3251 4840 3467 4884 matrem
3491 4849 3523 4886 α
3542 4832 3668 4902 ﬁlia,

2120 4910 2166 4952 et
2200 4915 2385 4953 nurum
2416 4920 2448 4955 a
2484 4913 2658 4973 socru,
2682 4916 2728 4959 et
2777 4909 2974 4963 inimici
3009 4913 3231 4969 hominis
3259 4917 3531 4975 domestici
3562 4923 3667 4994 ejus

2121 4986 2333 5056 (stanti.
2359 4991 2434 5061 χ).
2460 4992 2559 5059 Qui
2589 5007 2716 5065 ergo
2740 5006 2957 5067 propter
2981 4992 3367 5061 lidem'Christi
3398 5016 3457 5063 et
3476 4986 3666 5080 praedi-

2118 5079 2383 5149 cationem
2422 5084 2679 5156 evangelii
2728 5102 2915 5144 omnes
2959 5090 3183 5150 allectus
3229 5105 3665 5169 contempserint,

2119 5179 2274 5237 atque
2309 5172 2521 5234 divitias
2569 5182 2623 5227 et
2665 5178 2843 5232 saeculi
2889 5180 3204 5252 voluptates,
3230 5187 3319 5263 isti
3366 5193 3664 5263 centuplum

2119 5262 2397 5331 recipient,
2427 5272 2478 5318 cl
2506 5266 2668 5338 vitam
2718 5278 2973 5326 :eternam
3004 5262 3371 5344 possidebunt.
3406 5280 3481 5334 Ex
3511 5262 3664 5337 occa-

2114 5351 2265 5407 sione
2305 5352 2462 5423 huius
2516 5359 2790 5413 sententia:
2842 5362 3059 5430 quidam
3116 5366 3468 5423 introducunt
3527 5371 3663 5439 mille

2112 5459 2282 5500 annos
2324 5457 2443 5515 post
2501 5452 2988 5521 resurrectionem,
3038 5456 3278 5513 dicentes
3338 5460 3493 5515 nobis
3546 5470 3663 5514 tunc

2109 5536 2412 5605 centuplum
2438 5541 2673 5595 omnium
2700 5558 2873 5598 rerum
2902 5560 3033 5615 quas
3090 5548 3409 5613 dimisimus,
3432 5559 3489 5604 et
3507 5551 3660 5603 vitam

2108 5634 2358 5683 aeternam
2408 5633 2746 5698 reddendam,
2780 5653 2881 5692 non
2936 5639 3288 5710 intelligentcs
3334 5644 3476 5710 quod
3527 5645 3568 5695 si
3614 5643 3661 5696 in
