3922 6330
225 272 360 329 H.125

1205 266 1552 326 COMMENT.
1595 262 1659 320 IN
1703 260 2136 320 MATTIMSUM.
2172 294 2242 306 —-
2275 264 2403 349 ιω.
2444 268 2530 326 γι.

3331 281 3460 337 1026

220 390 431 442 caeteris
461 388 617 456 digna
649 385 716 438 sit
751 379 1113 454 reprOmissio,
1157 400 1206 437 m
1248 382 1505 438 uxoribus
1532 384 1786 450 appareat
1811 376 1860 435 Α
1891 376 2128 432 tudinem
2180 381 2380 436 rectius
2426 389 2781 456 tenet,‘quam
2837 389 3082 444 conditor
3117 402 3322 459 noster,
3369 400 3459 467 qui

220 478 512 548 turpitudo,
544 485 599 528 ut
627 475 717 544 qui
747 490 906 535 unam
935 491 1034 545 pro
1053 475 1276 528 Domino
1303 473 1574 537 dimiserit
1604 479 1791 524 centu-

219 568 366 638 plum
407 567 629 634 recipiat
655 566 706 618 in
739 563 934 620 futuro.
965 565 1166 620 Sensus
1216 564 1378 636 igitur
1431 563 1532 616 iste
1571 569 1672 624 est,
1701 561 1790 628 qui

219 659 457 713 carnalia
486 673 583 727 pro
619 656 897 712 Salvatore
926 657 1192 711 dimiserit
1244 653 1510 724 spiritalia
1543 652 1788 721 recipiet,

217 764 338 818 qua:
386 746 786 815 comparatione
834 756 888 802 et
936 748 1130 802 merito
1174 746 1255 800 sui
1313 745 1388 798 ita
1432 751 1610 808 erunt,
1640 742 1792 811 quasi

217 851 388 907 parvo
439 849 663 891 numero
722 837 1061 892 centenarius
1117 850 1372 890 numerus
1428 821 1789 904 comparetur;

218 926 375 983 Unde
400 926 531 982 dicit
555 937 608 982 et
634 928 918 997 Apostolus
947 929 1037 998 qui
1070 944 1233 982 unam
1263 927 1714 994 tantumdomum
1737 932 1792 986 et

216 1016 382 1070 tutius
407 1017 695 1086 provincia:
720 1033 916 1088 parvos
960 1032 1118 1089 agros
1143 1016 1444 1079 dimiserat,
1471 1015 1620 1084 quasi
1666 1012 1795 1068 nihil

215 1106 458 1162 habentes
481 1117 529 1161 et
555 1109 728 1162 omnia
751 1109 1065 1178 possidentes
1092 1105 1175 1178 (II
1195 1103 1333 1176 ‘Cor.
1352 1103 1446 1174 vr).
1481 1103 1663 1174 (Ras)
1687 1103 1794 1164 Ne-

217 1201 442 1256 tandnm
479 1201 622 1271 qupd
657 1201 710 1266 in
751 1201 1039 1272 Evangelia
1082 1199 1245 1254 Marci
1284 1198 1358 1252 ita
1395 1191 1656 1267 scriptum
1679 1205 1789 1252 est:

217 1287 392 1348 Nemo
409 1292 585 1360 estqui
603 1289 863 1360 reliquerit
879 1290 1111 1353 domum,
1131 1297 1222 1342 aut
1237 1286 1448 1356 fratres,
1463 1297 1554 1340 aut
1567 1303 1790 1351 sorores,

213 1390 306 1433 aut
339 1391 564 1451 patrem,
587 1373 676 1436 aut
710 1391 950 1445 matrem,
971 1389 1062 1434 aut
1103 1364 1263 1449 ﬁlios,
1288 1387 1376 1432 aut
1398 1395 1572 1448 agros,
1589 1380 1797 1448 propter

213 1487 316 1545 me,
342 1482 391 1525 et
417 1482 626 1543 propter
650 1470 1018 1541 Evangelium,
1066 1471 1155 1540 qui
1190 1486 1292 1524 non
1339 1471 1562 1538 ac‘cipiat
1609 1469 1795 1522 centies

212 1570 424 1614 tantum
450 1553 640 1627 ‘nunc,
673 1562 728 1614 in
787 1570 1016 1630 tempore
1059 1559 1176 1631 hoc,
1206 1559 1387 1614 domos
1417 1568 1462 1612 et
1505 1559 1721 1628 fratres,
1747 1548 1796 1614 et

212 1668 445 1718 sorores,
471 1663 516 1706 et
576 1653 736 1722 ﬁlios,
768 1663 814 1707 et
872 1668 1043 1723 agros,
1091 1666 1212 1706 cum.
1258 1637 1719 1721 persecutiombus,
1747 1657 1796 1701 et

1895 466 2032 534 regit
2060 481 2195 536 quos
2223 465 2460 524 condidit
2485 477 2537 524 et
2585 472 2783 528 electos
2817 490 2942 530 suos
2969 479 3046 533 sic
3063 479 3117 534 in
3142 482 3244 537 hoc
3264 465 3470 542 mundo

1893 557 2150 644 possidet,
2210 559 2364 644 quasi
2417 561 2688 631 subjectos
2729 563 2980 620 dominus
3028 569 3083 624 in
3132 573 3321 638 domo;
3373 579 3468 645 qui

1895 645 2090 729 habeat
2134 648 2367 714 vineam,
2401 651 2709 707 universam
2739 653 2943 709 scilicet
2996 657 3310 728 Ecclesiam,
3342 668 3494 734 quia’

1894 738 1961 792 ab
1989 738 2121 793 Abel
2158 738 2308 809 justo
2351 757 2520 813 usque
2559 742 2627 798 ad
2687 745 2934 801 ultimum
2987 749 3216 807 electum
3266 758 3360 826 qui
3413 759 3469 814 in

1895 827 2000 884 line
2041 830 2224 885 mundi
2273 840 2532 890 venturus
2557 843 2658 900 est,
2696 845 2828 905 quot
2875 845 3338 909 sanctosprotulit
3363 862 3467 916 qua

1895 920 1939 973 si
1971 930 2048 975 tot
2076 923 2328 990 palmites
2355 925 2522 979 misit.
3140 980 3149 988 .

1964 1010 2311 1074 Conventione
2333 1024 2506 1070 autem
2550 1015 2690 1082 facta
2712 1035 2830 1072 cum
2879 1024 3130 1090 operariis
3155 1041 3219 1078 ea:
3256 1027 3484 1090 denario,

1894 1101 2084 1156 diurno
2127 1104 2268 1156 misit
2310 1119 2397 1157 eos
2442 1105 2496 1157 in
2544 1106 2746 1161 vineam
2791 1126 2960 1163 suam.
2988 1110 3170 1184 (Aug.)
3209 1113 3472 1185 Denarius

1897 1189 2183 1261 imaginem
2232 1193 2374 1262 regis
2424 1195 2606 1254 habet.
2657 1197 2864 1253 idcirco
2915 1201 3058 1255 enim
3107 1208 3473 1278 unusquisque

1896 1285 2103 1338 accedit
2137 1285 2204 1340 ad
2251 1286 2454 1344 cultum
2480 1287 2646 1342 divini
2695 1291 2928 1345 nominis
2966 1300 3021 1347 et
3072 1298 3472 1368 appropinquat

1897 1371 2169 1437 Ecclesiae,
2227 1390 2367 1445 quae,
2404 1391 2501 1445 per
2554 1379 2766 1438 vineam
2819 1380 3120 1451 signiﬁcata
3167 1394 3270 1451 est,
3319 1397 3378 1442 ut
3418 1389 3472 1445 in

1898 1463 2114 1548 Christo
2149 1467 2374 1536 recipiat
2404 1469 2691 1539 imaginem
2732 1471 2970 1537 deitatis,
3001 1490 3163 1544 quam
3214 1478 3268 1531 in
3314 1494 3474 1548 para-

1899 1543 2016 1642 diso
2043 1555 2348 1624 perdiderat
2375 1558 2545 1642 livore
2595 1563 2883 1628 serpentis.
2913 1562 3065 1619 Unde
3113 1543 3368 1625 denarius
3391 1581 3473 1626 est

1900 1640 2075 1699 dictus
2100 1647 2191 1716 qui
2228 1661 2327 1714 pro
2356 1640 2540 1702 decem
2566 1650 2800 1711 nummis
2830 1653 2970 1720 apud
3006 1655 3258 1725 antiquos
3294 1659 3472 1728 impu-

211 1741 268 1794 in
298 1715 494 1797 saeculo
537 1715 731 1822 futuro
759 1715 926 1797 vitam
963 1750 1213 1806 (sternam
1480 1739 1558 1810 x).
1586 1738 1793 1822 _Pot’est
1823 1715 1870 1774 Β
1900 1715 2136 1801 tabatur,
2160 1737 2498 1808 significante
2527 1741 2755 1803 ratione,
2781 1715 2923 1812 quod
2950 1715 3209 1815 quantum
3240 1715 3471 1820 quisthe

211 1845 349 1894 sane
381 1832 483 1886 hoc
529 1820 672 1900 quod
707 1830 803 1896 ait,
837 1828 1051 1901 accipiet
1098 1830 1285 1892 centies
1310 1821 1515 1906 tantum
1556 1820 1692 1882 nunc
1737 1827 1793 1880 in

211 1932 446 1991 tempore
471 1925 564 1976 hoc
602 1927 803 1988 domos,
831 1935 877 1980 et
907 1926 1116 1994 fratres,
1147 1933 1196 1978 et
1239 1939 1466 1989 sorores,
1497 1916 1545 1976 et
1572 1932 1789 1985 matres,

209 2021 262 2065 et
284 2012 446 2081 ﬁlios,
477 2022 525 2065 et
553 2030 729 2084 agros,
761 2030 878 2068 cum
906 2014 1367 2083 persecutionibus,
1399 2028 1497 2084 per
1521 2012 1793 2085 signiﬁca-

211 2105 419 2160 tionem
448 2105 606 2160 altius
634 2097 877 2176 intelligi.
926 2106 1278 2166 Centenarius
1302 2106 1512 2177 quippe.
1539 2117 1797 2166 numerus

210 2197 437 2262 delaava
463 2197 755 2252 translatus
782 2199 835 2253 in
857 2185 1154 2262 dexteram,
1177 2197 1306 2254 licet
1327 2189 1573 2252 eamdem
1600 2196 1794 2251 inflexu

209 2287 510 2355 digitorum
531 2289 774 2343 videatur
818 2297 1001 2344 tenere
1051 2290 1299 2360 figuram,
1329 2303 1489 2358 quam
1534 2288 1797 2344 habuerat

208 2379 471 2438 denarius
501 2381 552 2434 in
581 2381 740 2446 laeva,
774 2381 996 2435 nimium
1028 2391 1210 2438 tamen
1239 2381 1557 2453 quantitatis
1583 2381 1792 2452 magni-

211 2470 402 2524 tudine
427 2473 786 2541 supererescit
805 2491 816 2525 :
832 2474 959 2543 quia
989 2473 1234 2529 videlicet
1255 2489 1443 2528 omnes
1461 2474 1552 2544 qui
1575 2482 1806 2545 propter,

209 2575 442 2632 regnum
489 2561 582 2616 Dei
629 2563 944 2632 temporalia
994 2551 1273 2632 spernunt,
1323 2570 1376 2622 et
1429 2564 1484 2618 in
1531 2563 1632 2618 hac
1679 2563 1790 2633 vita

208 2655 682 2724 persecutionibus
715 2655 1024 2724 plenissima
1053 2656 1289 2726 ejusdem
1322 2655 1592 2728 gaudium
1639 2656 1789 2725 regni

210 2742 321 2798 ﬁde
340 2754 487 2798 certa
514 2745 817 2822 degustant,
860 2755 1021 2814 atque
1052 2747 1105 2799 iu
1141 2731 1555 2816 exspectatione
1602 2746 1790 2815 patriae

210 2836 473 2900 caelestis,
506 2852 626 2906 qua:
648 2838 768 2908 jure
798 2839 850 2892 in
900 2840 1120 2914 dextera
1169 2839 1521 2909 signiﬁcatur,
1549 2839 1788 2894 omnium

208 2930 421 2999 pariter
451 2931 745 2985 elcctorum
777 2931 1142 2986 sincerissima
1178 2930 1466 2986 dilectione
1515 2929 1786 2985 fruuntur.

212 3019 419 3075 Verum
449 3022 572 3090 quia
602 3022 754 3076 multi
783 3023 1041 3082 virtutum
1080 3020 1253 3076 studia
1299 3037 1406 3076 non
1451 3021 1640 3077 eadem
1677 3029 1788 3090 'qua

211 3112 479 3180 incipiunt
516 3112 810 3166 intentione
844 3111 1060 3180 pietatis
1085 3117 1479 3182 eouSummant,
1513 3110 1605 3165 sed
1637 3104 1719 3164 vel
1760 3125 1790 3163 a

213 3212 396 3271 cmpto
426 3202 684 3256 virtutum
714 3215 897 3255 amore
923 3208 1219 3271 tepescunt,
1250 3199 1333 3264 vel
1367 3214 1433 3253 ex
1490 3199 1700 3270 integro
1727 3201 1804 3256 ad.

214 3292 487 3348 scelerum
522 3291 1166 3357 volutabra‘relabuntur,
1204 3290 1462 3352 terribilis
1502 3306 1625 3344 mox
1674 3306 1796 3345 sen-

217 3385 390 3440 tentia
424 3383 773 3440 subinfertur.
1121 3454 1142 3461 ,_
1186 3442 1192 3450 κ

290 3480 449 3534 Multi
495 3485 667 3534 a‘utem
714 3471 866 3535 erunt
894 3482 1048 3550 primi
1104 3479 1389 3543 novissimi,
1435 3486 1484 3532 et
1531 3477 1794 3531 novissimi

213 3572 395 3642 primi.
424 3572 558 3630 Vide
585 3581 762 3626 autem
791 3570 983 3625 Iudam
1008 3571 1075 3626 de
1103 3569 1358 3640 Apostolo
1393 3569 1444 3622 in
1493 3575 1793 3638 apostatam

215 3676 477 3727 versum,
530 3662 657 3731 quia
704 3660 856 3715 multi
911 3657 1265 3730 eruntxprimi
1324 3659 1611 3723 novissimi.
1662 3657 1808 3710 Vide

213 3747 485 3805 latronem
533 3751 584 3805 in
621 3765 781 3805 cruce
829 3735 1050 3821 factum.
1078 3747 1466 3811 confessorem,
1499 3747 1796 3815 eodemque

217 3843 306 3898 die
342 3853 447 3916 quo
476 3858 575 3912 pro
601 3843 716 3900 suis
742 3842 1031 3898 crucifixus
1054 3851 1137 3898 est
1161 3841 1409 3916 peccatis
1444 3841 1627 3910 gratia
1674 3837 1793 3892 ﬁdei

220 3949 346 3989 cum
381 3915 601 3990 Christo
650 3936 702 3989 in
751 3928 1005 4004 paradiso
1056 3915 1409 4005 gaudentem,
1442 3940 1496 3987 et
1551 3931 1793 3986 dicitur:

219 4023 362 4090 Quia
388 4025 652 4079 novissimi
674 4033 823 4078 erunt
852 4024 1027 4094 primi.
1075 4023 1180 4083 Sed
1208 4031 1262 4076 et
1295 4021 1533 4091 quotidie
1556 4021 1799 4074 videmus

217 4116 420 4172 multos
481 4117 533 4170 in
590 4115 735 4170 laico
782 4115 971 4175 habitu
1037 4114 1360 4169 constitutos
1413 4112 1624 4183 magnis
1673 4111 1796 4167 vita

218 4206 430 4262 meritis
457 4205 744 4272 excellere,
779 4212 834 4260 et
889 4204 1047 4270 alios,
1089 4219 1118 4257 a
1157 4203 1333 4273 prima
1368 4211 1529 4258 aetate
1567 4203 1796 4272 spiritali

215 4301 402 4358 studio
425 4301 716 4366 ferventes,
759 4299 826 4354 ad
856 4309 1158 4355 extremum
1191 4300 1300 4354 otio
1348 4305 1594 4369 terpente
1637 4299 1800 4354 lasse-

1851 1855 1856 1859 -
1898 1825 2031 1911 legis
2078 1827 2392 1899 decalogum
2442 1829 2709 1887 studuerit
2769 1833 3011 1902 implere,
3046 1844 3196 1895 tanto
3238 1841 3470 1910 amplius

1901 1917 2227 1977 reformetur
2264 1921 2330 1974 ad
2359 1919 2649 1991 imaginem
2677 1921 2792 1991 ejus
2840 1926 2931 1995 qui
2981 1928 3188 1983 creavit
3233 1945 3379 1997 eum,
3418 1917 3474 1990 et

1899 2011 2319 2084 splendidiorem
2350 2015 2674 2080 mercedem,
2707 2031 2825 2084 quae
2867 2032 2965 2087 per
2995 2021 3276 2076 denarium
3306 2024 3474 2094 signi-

1900 2103 2059 2159 ﬁcata
2084 2113 2189 2170 est,
2220 2105 2448 2178 recipiat
2468 2106 2522 2160 in
2551 2105 2750 2163 futuro.
2787 2105 2988 2182 (Greg.)
3015 2110 3096 2164 Ad
3122 2115 3477 2170 erudiendmn

1897 2211 2030 2268 ergo
2079 2198 2290 2268 pltbem
2332 2198 2785 2260 suamibomiqus
2833 2200 2987 2269 quasi
3017 2201 3083 2255 ad
3123 2203 3473 2273 excolendam

1900 2285 2110 2345 vineam
2141 2302 2295 2343 suam
2332 2287 2482 2342 nullo
2527 2299 2766 2357 tempore
2809 2288 3015 2344 destitit
3039 2292 3318 2360 operarios
3348 2293 3475 2347 mit-

1899 2383 2032 2438 tere.
2065 2376 2199 2444 Quia
2231 2384 2282 2432 et
2313 2393 2466 2446 prius
2504 2394 2601 2449 per
2640 2387 2843 2448 patres,
2885 2389 2938 2435 et
2964 2389 3083 2450 post
3134 2382 3350 2436 modum
3384 2399 3478 2452 per

1898 2463 2030 2535 legis
2059 2466 2308 2522 doctores
2332 2476 2385 2520 et
2416 2468 2728 2536 prophetas,
2760 2471 2827 2523 ad
2855 2480 3157 2524 extremum
3199 2465 3329 2526 vero
3378 2487 3475 2540 per

1896 2557 2185 2626 apostolus,
2215 2558 2340 2612 dum
2369 2557 2541 2626 plebis
2568 2573 2679 2613 suae
2700 2574 2879 2628 mores
2909 2560 3170 2626 excoluit,
3197 2561 3350 2630 quasi
3379 2576 3475 2629 per

1894 2648 2170 2726 operarios
2228 2648 2284 2701 in
2330 2649 2499 2703 vinea:
2545 2648 2758 2706 cultura
2799 2648 3084 2704 laboravit.
3135 2650 3393 2718 Quamvis
3420 2652 3480 2709 in

1895 2739 2134 2807 quolibet
2167 2739 2380 2796 modulo
2403 2739 2486 2794 vel
2515 2741 3029 2810 mensuraquisquis
3053 2757 3174 2794 cum
3205 2740 3308 2796 ﬁde
3329 2748 3475 2797 recta

1895 2830 2049 2914 bonae
2077 2829 2303 2885 actionis
2328 2830 2557 2894 exstitit,
2580 2809 2742 2900 hvijus
2771 2809 2941 2890 vincte
2971 2832 3258 2901 cperarius
3283 2829 3405 2886 fuit.

1968 2939 2037 2993 Et
2066 2956 2300 3009 egressus
2328 2940 2469 2992 circa
2497 2940 2678 2993 horam
2703 2932 2907 2993 tertiam
2961 2941 3081 2995 vidit
3143 2941 3275 2996 alios
3332 2952 3476 3000 stan-

1823 3068 1866 3130 C
1900 3039 1974 3084 tes
2027 3031 2078 3083 in
2126 3030 2241 3099 foro
2289 3031 2502 3094 otiosos,
2554 3039 2602 3083 et
2648 3028 2753 3084 illis
2819 3031 2948 3084 dixit
3001 3045 3017 3082 ε
3071 3031 3152 3085 Ite
3197 3043 3244 3086 et
3291 3050 3376 3088 vos
3420 3036 3476 3090 in

1898 3125 2096 3180 vineam
2124 3137 2313 3186 meam,
2340 3132 2385 3174 et
2423 3121 2563 3191 quod
2590 3121 2792 3190 justum
2833 3121 2992 3190 fuerit
3034 3121 3167 3176 dabo
3195 3123 3354 3178 vobis.
3387 3123 3478 3182 Illi

1896 3221 2067 3265 autent
2105 3212 2366 3265 abierunt.
2391 3213 2593 3267 Iterum
2629 3225 2800 3267 autem
2830 3215 2954 3268 exiit
2981 3217 3123 3268 circa
3155 3225 3351 3272 sextam
3381 3216 3482 3270 Ito-

1896 3309 2030 3366 ram,
2057 3312 2102 3354 et
2138 3317 2355 3365 nonum,
2379 3314 2424 3354 et
2467 3302 2588 3370 fecit
2619 3302 2878 3377 similiter.
2937 3302 3089 3356 Circa
3150 3305 3480 3360 undecimam

1896 3407 2012 3444 vero
2037 3391 2183 3455 exiit,
2217 3379 2274 3444 ei
2294 3393 2488 3445 invenit
2524 3391 2656 3446 alios
2700 3402 2915 3457 stantes,
2939 3403 2984 3446 et
3013 3394 3138 3446 dicit
3163 3393 3266 3447 illis
3294 3411 3313 3448 :
3339 3393 3478 3460 Quid

1895 3483 1978 3535 hic
2019 3484 2169 3537 statis
2209 3489 2316 3537 tota
2371 3484 2454 3537 die
2507 3485 2700 3538 otiosi?
2754 3485 2944 3539 Dicunt
3002 3487 3048 3539 ei
3085 3501 3103 3538 :
3137 3484 3276 3551 Quia
3329 3504 3478 3542 nemo

1899 3591 1990 3627 nos
2039 3575 2306 3628 conduxit.
2362 3575 2510 3628 Dicit
2552 3575 2657 3629 illis
2713 3595 2732 3630 :
2793 3576 2874 3630 Ite
2944 3588 2990 3631 et
3046 3595 3130 3632 vos
3177 3580 3231 3633 in
3275 3582 3479 3635 vineam

1896 3680 2084 3718 meam.
2162 3665 2261 3720 llic
2321 3666 2502 3735 itaque
2560 3667 2948 3736 paterfamilias
3009 3669 3076 3723 ad
3125 3670 3474 3726 excolemlam

1899 3746 2111 3810 vineam
2159 3772 2311 3811 suam
2365 3770 2524 3811 mane
2580 3759 2714 3813 hora
2768 3760 2946 3824 tertia,
3005 3769 3179 3826 sexta,
3205 3777 3365 3826 nona,
3417 3772 3474 3818 et

1901 3845 2182 3900 undecima
2228 3846 2507 3915 operarios
2548 3848 2819 3912 conducit,
2869 3849 2961 3917 qui
3008 3864 3039 3902 a
3089 3851 3272 3904 mundi
3321 3849 3482 3918 hujus

1902 3938 2054 3993 initio
2081 3953 2252 4008 usque
2273 3938 2335 3992 in
2360 3937 2519 3993 finem
2543 3939 2609 3993 ad
2632 3939 2982 3993 erudiendam
3005 3939 3212 4008 plebem
3240 3939 3477 3998 ﬁdelium

1903 4031 2286 4101 praedicatores
2308 4029 2694 4101 praedestinare
2726 4047 2830 4086 non
2856 4033 3080 4087 destitit.
3108 4031 3261 4087 Mane
3279 4035 3479 4089 etenim

1904 4126 2088 4180 mundi
2118 4123 2216 4178 fuit
2239 4125 2304 4180 ab
2331 4125 2500 4179 Adam
2531 4140 2700 4194 usque
2730 4125 2797 4178 ad
2830 4123 2973 4197 Noe;
3001 4125 3131 4179 hora
3169 4139 3298 4180 vero
3322 4127 3480 4180 tertia

1905 4234 1935 4272 a
1965 4217 2074 4272 Noe
2115 4233 2286 4287 usque
2311 4217 2378 4270 ad
2406 4217 2679 4271 Abraham
2706 4235 2719 4270 :
2753 4228 2907 4271 sexta
2936 4232 3065 4272 vero
3106 4217 3173 4272 ab
3207 4217 3480 4273 Abraham

1899 4324 2072 4378 usque
2115 4309 2180 4363 ad
2231 4308 2485 4378 Moysen;
2518 4323 2656 4362 nona
2701 4317 2882 4362 autem
2914 4323 2942 4361 a
2970 4307 3151 4378 Moyse
3189 4322 3361 4377 usque
3405 4309 3476 4365 ad

215 4386 396 4459 seire,
427 4402 592 4464 atque
641 4393 800 4448 inerti
850 4393 1077 4448 stultitia
1111 4393 1253 4461 quod
1281 4391 1477 4462 spiritu
1517 4399 1794 4463 carperent

1906 4402 2192 4455 adventum
2220 4399 2461 4464 Domini;
2500 4399 2780 4453 undecima
2814 4414 2941 4454 vero
2991 4399 3058 4453 ab
3101 4390 3332 4454 adventu
3373 4400 3481 4455 Do-

216 4502 388 4542 carne
413 4499 812 4542 consummare.

815 4573 1040 4633 CAPUT
1079 4574 1198 4628 XX.

217 4675 485 4746 Parabola
512 4692 870 4761 operariorum
908 4693 963 4743 in
1004 4691 1171 4751 vinea,
1199 4690 1262 4743 de
1313 4689 1437 4761 ﬁliis
1463 4689 1720 4754 Zebedwi,
1749 4699 1798 4743 et

294 4763 542 4842 accubitis
608 4762 830 4825 primis.
865 4761 1148 4822 σιττακός
1195 4761 1395 4814 duobus
1442 4762 1592 4813 ca'cis
1647 4777 1794 4813 secus

294 4848 453 4886 vtam.

293 4943 385 5015 [1.]
430 4943 614 4999 Simile
637 4951 709 4996 est
738 4943 872 4996 enim
898 4958 1109 5013 regnum
1137 4941 1381 4996 ccelorum
1411 4943 1608 4996 homini
1631 4943 1801 5012 patri-

219 5036 455 5106 familias
475 5038 564 5106 qui
590 5037 714 5089 exiit
750 5018 1101 5105 primo'mane
1124 5035 1410 5089 conducere
1453 5036 1721 5105 operarios
1749 5037 1802 5089 in

222 5127 425 5182 vincam
453 5143 624 5179 suam.
655 5124 923 5197 (Hieron.)
955 5124 1218 5180 Parabola
1244 5125 1344 5180 ista
1391 5125 1473 5179 vel
1501 5125 1801 5180 similitudo

222 5218 376 5288 regni
401 5218 660 5272 caelorum
686 5235 747 5271 ex
772 5218 855 5271 his
871 5232 990 5286 quae
1015 5219 1293 5287 prmmissa
1314 5226 1439 5272 sunt
1465 5217 1798 5286 intelligitur.

225 5307 499 5377 Scriptum
514 5317 598 5362 est
621 5310 762 5363 enim
784 5319 974 5364 antea:
996 5308 1152 5364 Multi
1168 5320 1316 5363 erunt
1337 5311 1490 5379 primi
1513 5310 1792 5375 novissimi,

223 5409 276 5454 et
310 5399 577 5452 novissimi
619 5400 795 5468 primi,
820 5414 926 5453 non
977 5400 1205 5469 tempori
1237 5398 1510 5454 deferente
1551 5400 1798 5465 Domino,

224 5488 325 5546 sed
382 5488 526 5543 fidei.
580 5486 780 5559 (Greg.)
832 5489 1075 5559 Regnum
1125 5490 1380 5545 caelorum
1423 5490 1799 5561 patrifamilias

226 5579 407 5637 simile
453 5580 671 5643 dicitur,
723 5581 812 5649 qui
861 5582 928 5635 ad
977 5582 1322 5637 excolendam
1381 5583 1595 5638 vineam
1650 5600 1802 5640 suam

219 5665 506 5744 operarios
550 5672 815 5728 comlucit.
856 5673 988 5740 Quis
1017 5689 1142 5731 vero
1173 5674 1578 5746 patrisfamilias
1609 5678 1796 5736 simili-

1905 4489 2033 4544 mini
2073 4504 2244 4559 usque
2297 4489 2364 4543 ad
2410 4488 2570 4542 finem
2618 4489 2822 4552 mundi,
2856 4489 3045 4558 inqua
3099 4489 3482 4559 praedicatores

1905 4582 2077 4636 sancti
2107 4579 2330 4650 apostoli
2379 4580 2528 4634 missi
2575 4588 2718 4644 sunt,
2743 4581 2833 4650 qui
2866 4581 3167 4635 mercedem
3190 4581 3398 4650 plenam
3427 4588 3485 4637 et.

1908 4671 2060 4724 tarde
2099 4671 2380 4724 venientes
2419 4678 2762 4739 acceperunt.
2819 4669 3080 4739 Operator
3123 4687 3254 4742 ergo
3298 4688 3478 4738 mane,

1907 4763 2039 4816 hora
2071 4760 2249 4834 tertia,
2275 4769 2424 4814 sexta
2479 4768 2532 4814 et
2580 4775 2744 4824 nona,
2777 4763 3027 4830 antiquus
3059 4761 3145 4816 ille
3171 4772 3222 4814 et
3252 4762 3480 4818 Hebrai-

1907 4870 2002 4907 cus
2033 4853 2258 4923 populus
2305 4853 2632 4923 designatur,
2663 4853 2753 4922 qui
2786 4853 2836 4906 in
2862 4853 3046 4907 electis
3093 4855 3206 4909 suis
3244 4857 3310 4909 ab
3366 4857 3482 4925 ipso

1907 4944 2087 4998 mundi
2125 4943 2364 5006 exordio,
2393 4942 2518 4995 dum
2544 4951 2688 4996 recta
2716 4942 2816 4998 [ide
2843 4943 3009 5018 peum
3037 4945 3243 4999 studuit
3277 4947 3477 5011 colere,

1907 5034 2062 5104 quasi
2112 5048 2216 5087 non
2271 5032 2477 5087 destitit
2534 5033 2585 5086 in
2621 5034 2786 5087 vinea:
2836 5034 3047 5088 cultura
3099 5035 3368 5090 laborare.
3399 5038 3481 5092 Ad

1908 5128 2246 5183 undecimam
2306 5141 2434 5180 vero
2461 5125 2687 5195 gentiles
2715 5134 2994 5189 vocantur,
3025 5127 3221 5196 quibus
3249 5136 3304 5181 et
3345 5129 3482 5181 dici-

1909 5228 1996 5272 tur
2025 5236 2037 5272 :
2065 5216 2208 5282 Quid
2233 5215 2316 5269 hic
2339 5217 2490 5269 statis
2521 5225 2631 5273 tota
2659 5216 2743 5268 die
2779 5217 2973 5271 otiosi?
2998 5217 3099 5286 Qui
3127 5219 3268 5272 enim
3298 5227 3482 5274 trans-

1911 5316 2031 5364 acto
2077 5309 2234 5378 longo
2278 5309 2457 5362 mundi
2505 5317 2744 5378 tempore
2790 5325 2890 5379 pro
2933 5310 3040 5362 vita
3089 5325 3184 5363 sua
3234 5309 3480 5364 laborare

1911 5396 2270 5469 neglexerant,
2312 5399 2462 5467 quasi
2501 5407 2613 5452 tota
2661 5399 2747 5452 die
2787 5399 2943 5453 otiosi
2984 5398 3214 5452 stabant.
3253 5397 3481 5452 Pensate

1912 5491 2038 5562 quid
2065 5489 2301 5560 inquisiti
2333 5489 2722 5558 respondeant;
2751 5489 2935 5543 dicunt
2959 5488 3100 5543 enim
3127 5506 3138 5540 :
3172 5487 3307 5552 Quia
3331 5503 3480 5542 nemo

1912 5599 2002 5636 nos
2027 5581 2272 5634 conduxit
2302 5595 2319 5632 :
2355 5577 2541 5634 Nullus
2567 5581 2761 5650 quippe
2789 5579 2855 5633 ad
2885 5593 2977 5633 eos
3000 5577 3326 5647 patriarcha,
3357 5575 3479 5630 nul-

1911 5675 1993 5731 lus
2049 5673 2310 5744 propheta
2357 5683 2596 5728 venerat.
2651 5673 2716 5727 Et
2779 5671 2908 5743 quid
2974 5678 3058 5726 est
3115 5668 3340 5741 dicere,
3406 5667 3477 5724 ad
