3922 6316
203 254 221 311 l
236 256 338 311 0‘29

1150 242 1501 300 COMMENT.
1544 242 1607 296 IN
1649 240 2081 298 ΜΑΤΤΗΛΞΕΜ.
2124 276 2191 286 --
2230 247 2355 301 LIB.
2398 249 2480 303 V'l.

3307 254 3438 310 1030

198 375 326 429 dent
358 383 517 439 quam
543 358 635 418 tibi
661 361 1007 434 promiseram
1051 359 1341 430 imaginem
1375 366 1427 410 et
1477 354 1776 409 siniilitudi-
1806 360 1854 417 Λ
1884 357 1990 412 illic
2019 360 2287 413 numerari
2314 354 2365 413 in
2404 370 2548 415 sorte
2595 352 2828 419 ﬁdelium
2855 380 2960 419 non
2999 354 3289 419 merentur.
3332 369 3439 424 lloc

200 483 328 522 item
359 476 554 525 meam.
581 455 716 524 Quid
743 455 949 525 quaeris-
974 452 1202 523 amplius
1228 468 1240 513 ;
1270 458 1323 503 et
1368 464 1472 501 non
1522 456 1630 499 tam
1659 447 1770 515 ipse

198 559 363 614 solus.
401 549 566 623 [plus]
616 548 880 617 accipere,
932 552 1093 616 quam
1142 543 1302 595 alium
1351 539 1485 594 nihil
1530 538 1772 605 accipere

198 648 500 705 desideras,
527 656 685 711 quam
714 640 758 693 si
784 636 982 710 [quasi]
1009 634 1229 689 alterius
1263 630 1535 685 consortio
1560 629 1771 682 minua-

196 748 294 793 tur
324 733 527 806 pratmii
563 730 837 785 meritum.
874 727 1017 781 Tolle
1044 724 1180 795 quod
1230 733 1376 775 tuum
1407 730 1503 785 est,
1535 730 1580 773 et
1622 719 1769 772 vade.

196 829 420 885 Iudaeus
446 826 499 877 in
528 823 644 893 lege
669 818 999 889 non-gratia,
1018 816 1119 879 sed
1146 827 1243 882 per
1275 825 1433 879 opera
1480 809 1718 863 salvatur
1755 826 1770 860 ηε

200 918 309 985 Qui
337 931 473 970 enim
508 898 681 982 fecerit
709 927 821 964 eam
850 909 973 962 vivet
1000 907 1053 957 in
1076 921 1137 957 ea
1166 900 1343 971 (Rom.
1374 898 1456 968 ιι).

296 1008 419 1063 Volo
443 1016 611 1061 autem
637 1014 682 1059 et
704 1003 823 1056 huic
848 1000 1124 1054 novissimo
1148 995 1275 1047 dare
1296 992 1425 1045 sicut
1449 1000 1493 1043 et
1513 990 1621 1042 tibi.
1655 987 1775 1059 (Ili-

197 1100 331 1173 lar.)
365 1100 502 1154 Vere
538 1096 679 1150 enim
711 1092 880 1148 Judmi
905 1088 1117 1145 oculum
1145 1096 1393 1154 pravum,
1423 1080 1773 1161 intentionem

198 1167 368 1258 quam
424 1187 748 1246 habuerunt,
779 1181 919 1235 sicut
966 1190 1093 1242 eos;
1146 1174 1238 1229 sed
1285 1172 1460 1243 arguit
1506 1170 1775 1239 apostolus

198 1280 403 1333 Patnus
434 1277 574 1346 quod
605 1282 658 1328 et
693 1272 975 1326 Dominum
1006 1266 1196 1319 ‘Jesum
1222 1262 1544 1324 occiderunt,
1573 1270 1619 1313 et
1659 1276 1777 1329 pro-

197 1369 380 1438 phetas
411 1376 455 1420 et
487 1382 578 1417 nos
593 1360 844 1432 persecuti
866 1362 1126 1420 sunt,etc.
1159 1352 1208 1425 (l
1246 1351 1395 1403 Thes.
1436 1347 1521 1418 ιι.)
1552 1346 1773 1419 (ΜΑυιι.)

197 1457 429 1513 Collatio
459 1468 585 1523 ergo
613 1451 890 1521 regninon
921 1444 1139 1500 humani
1162 1454 1243 1497 est
1270 1441 1473 1503 meriti,-
1499 1448 1591 1492 aut
1614 1439 1779 1508 digni—

199 1547 351 1611 tatis,
380 1544 471 1599 sed
505 1542 697 1597 divina:
732 1547 815 1593 est
834 1534 1114 1607 ,prtestatio
1160 1533 1432 1587 bonitatis.
1468 1530 1602 1585 Hinc
1631 1539 1779 1584 recte

199 1633 480 1703 subiungit
504 1646 518 1684 :

1874 446 2013 500 ovile
2041 457 2240 502 sanette
2260 448 2513 519 Ecclesia:
2542 449 2720 505 haedos
2746 468 2865 507 cum
2895 457 3046 524 agnis
3106 457 3314 525 recipit,
3346 459 3438 512 sed

1877 545 2166 591 attestante
2220 538 2519 608 Evangelia
2558 554 2680 592 cum
2722 538 2888 607 judex
2936 546 3164 611 venerit,
3196 546 3363 601 bonos
3410 564 3440 602 a

1877 630 2034 683 malis
2056 640 2292 700 separat,
2329 633 2469 687 sicut
2516 640 2699 701 pastor
2737 645 2970 705 segregat
3017 654 3128 693 oves
3176 642 3240 693 ab
3279 642 3442 695 ha'dis

1878 719 2090 791 (Matth.
2125 723 2273 793 xxv).
2307 720 2491 792 Neque
2514 724 2711 777 etenim
2749 734 2990 793 possunt,
3014 728 3103 795 qui
3137 731 3223 785 hic
3266 732 3441 785 carnis

1877 827 1985 864 suae
2012 812 2378 880 voluptatibus
2404 813 2667 878 serviunt,
2703 813 2811 868 illic
2841 816 2892 868 in
2923 817 3100 877 ovium
3151 834 3308 891 grege
3347 838 3443 875 nu-

1879 903 2093 955 merari.
2150 902 2263 956 Illic
2302 917 2394 956 eos
2429 918 2457 955 a
2492 915 2639 958 sorte
2686 904 2969 958 humilium
3008 904 3170 973 judex
3211 920 3445 977 separat,

1877 993 1965 1060 qui
1997 1008 2052 1046 se
2082 993 2170 1047 bie
2195 994 2457 1061 superbiae
2479 993 2731 1048 cornibus
2760 994 3021 1048 exaltant.
3056 994 3299 1066 Regnum
3324 999 3443 1052 coeli

1876 1086 2152 1153 percipere
2179 1094 2449 1153 nequeunt
2488 1086 2579 1154 qui
2617 1084 2702 1139 hic
2733 1084 2863 1138 etin
2898 1086 3109 1140 caelesti
3141 1086 3242 1141 ﬁde
3291 1087 3446 1158 positi

1877 1182 1990 1228 toto
2019 1176 2285 1230 desideria
2313 1186 2783 1247 terramqumrunt
2814 1187 2868 1233 et
2903 1179 3102 1233 multos
3132 1181 3262 1236 tales
3310 1183 3450 1236 intra

1880 1263 2172 1317 Ecclesium
2203 1267 2493 1331 cernimus,
2527 1269 2620 1323 sed
2639 1284 2735 1325 eos
2766 1285 2866 1324 nec
2898 1270 3120 1333 imitari,
3153 1286 3249 1325 nec
3270 1265 3453 1341 despe-

1882 1370 2002 1409 rare
2029 1355 2302 1411 debemus.
2342 1355 2479 1423 Quid
2524 1360 2665 1413 enim
2707 1361 2779 1414 sit
2829 1361 2989 1415 hodie
3018 1362 3327 1430 aSpicimus,
3356 1348 3452 1417 Sed

1881 1444 2008 1513 quid
2041 1460 2159 1499 cras
2208 1445 2417 1501 futurus
2462 1450 2532 1501 sit
2577 1451 2944 1520 unusquisque
2996 1446 3289 1506 neScintus.
3333 1451 3449 1505 Ple-

1882 1551 2111 1605 rumque
2161 1544 2217 1589 et
2266 1538 2354 1605 qui
2417 1546 2538 1606 post
2597 1552 2693 1593 nos
2744 1542 2971 1605 venerit,
3004 1556 3099 1611 per
3154 1528 3450 1612 agilitatem

1882 1640 1981 1697 nos
2048 1625 2177 1700 boni
2247 1628 2426 1697 operis
2492 1631 2799 1709 antecedit,
2856 1641 2909 1687 et
2959 1633 3047 1686 vix
3117 1648 3239 1688 eum
3296 1648 3449 1688 asse-

273 1723 379 1775 Aut
424 1737 527 1774 non
569 1718 682 1771 licet
712 1716 839 1791 mihi
883 1712 1021 1785 quod
1054 1710 1186 1766 volo
1230 1704 1553 1784 facereZAn
1595 1706 1776 1763 oculus
1808 1719 2138 1793 nguimu‘r,
2203 1716 2360 1787 quem
2412 1718 2570 1774 hodie
2630 1704 2823 1789 ρι-ωίτθ
2889 1724 3222 1778 videbamur.
3292 1723 3452 1779 certe

195 1819 326 1867 tuus
356 1826 571 1880 nequam
619 1817 715 1870 est,
754 1806 877 1876 quia
909 1821 999 1875 ego
1048 1803 1209 1856 bonus
1233 1800 1388 1877 sum?
1415 1800 1590 1857 Stulta
1633 1799 1779 1859 enim

199 1898 435 1972 quaestio
468 1900 699 1953 hominis
725 1905 909 1951 contra
934 1895 1320 1965 benignitatem
1352 1892 1467 1946 Dei.
1499 1890 1614 1945 Non
1643 1905 1780 1960 que-

202 1993 435 2047 rendum
464 1990 659 2059 quippe
695 1995 971 2041 essetnon
1017 1986 1062 2040 si
1108 1985 1163 2040 id
1190 1984 1343 2038 daret
1367 1981 1507 2052 quod
1532 1980 1779 2045 deberet,

201 2082 303 2138 sed
331 2082 377 2136 si
400 2094 513 2145 non.
539 2059 693 2132 daret
722 2075 863 2145 quod
891 2076 1144 2131 deberet:
1180 2066 1449 2145 (Hierom)
1484 2070 1616 2126 Huic
1652 2070 1781 2125 loco

205 2172 384 2228 simile
411 2177 566 2225 sonat
587 2178 643 2223 et
668 2168 756 2221 illa
794 2162 953 2221 Lucae
978 2163 1233 2235 parabola
1278 2162 1367 2216 ubi
1417 2160 1590 2229 majbr
1640 2159 1781 2216 ﬁlius

203 2266 404 2322 minori
435 2263 660 2327 invidet,
687 2268 741 2316 et
776 2276 882 2315 non
906 2259 1019 2314 vult
1042 2274 1165 2315 eum
1189 2257 1353 2326 recipi
1406 2255 1778 2326 poenitentem,

203 2355 305 2410 sed
368 2340 575 2421 patrem
630 2358 848 2405 accusat
896 2348 1170 2417 injuStitiae
1214 2344 1375 2419 (Luc.
1406 2340 1779 2416 Xv).,.(Greg.‘)

206 2443 383 2499 Nemo
402 2441 581 2498 autem
608 2455 665 2495 se
688 2440 755 2495 de
798 2449 968 2510 .pere,
999 2452 1157 2493 nemo
1187 2437 1252 2491 de
1272 2443 1513 2503 tempore
1535 2431 1776 2497 extollat,

208 2550 338 2590 cum
396 2531 751 2602 hacexpleta
811 2530 1075 2587 sententia
1141 2529 1531 2601 subsequenter
1564 2523 1780 2580 Veritas

211 2627 415 2681 clamet
448 2644 461 2681 :

284 2715 373 2771 Sic
401 2702 551 2776 erunt
569 2707 829 2769 novissimi
848 2714 1024 2785 primi,
1051 2723 1099 2768 et
1119 2713 1275 2783 primi
1302 2711 1586 2791 novissimi.
1612 2706 1777 2781 (Hilz)

207 2806 401 2862 Omnis
446 2808 625 2876 itaque
666 2805 1023 2861 retrovocatio
1072 2804 1320 2874 gentibus
1373 2802 1599 2865 invidet,
1628 2809 1682 2854 et
1722 2800 1780 2853 in

207 2896 485 2967 Evangelii
532 2882 849 2964 torquentur
884 2888 1075 2964 gratia.
1115 2890 1266 2946 Unde
1297 2898 1352 2945 et
1380 2887 1626 2943 Salvator
1652 2900 1783 2970 con-

207 2986 435 3040 cludens
458 2981 765 3061 parabolam
798 2982 933 3036 dixit
960 2998 973 3034 :

1883 1825 2006 1864 eum
2079 1808 2387 1879 Stephanus
2436 1811 2571 1880 pro,
2649 1812 2754 1867 ﬁde
2835 1824 3180 1882 moreretur,
3254 1815 3453 1872 Saulus

1882 1899 2235 1969 lapidantium
2288 1892 2605 1957 vestimenta
2662 1904 2912 1958 servabat
2970 1906 3105 1976 (Act.
3150 1908 3271 1977 vn).
3319 1907 3449 1963 0m-

1883 1991 2031 2044 nium
2083 2004 2218 2061 ergo
2278 1991 2526 2056 manibus
2555 1993 2667 2062 ipse
2717 1993 3085 2065 lapidavitqui
3114 1999 3181 2051 ad
3207 2000 3454 2069 lapidan-

1887 2080 2018 2157 tium
2051 2094 2239 2135 omnes
2286 2089 2502 2135 exertos
2555 2082 2805 2148 reddidit.
2855 2082 2923 2137 Et
2984 2086 3159 2140 tamen
3206 2089 3454 2153 eumdem

1884 2161 2057 2239 ipsum
2089 2172 2143 2224 in
2170 2180 2354 2226 saneta
2384 2171 2623 2227 Ecclesia
2653 2172 2928 2230 laboribus
2955 2177 3454 2248 antecessit,'quem

1881 2265 2252 2333 persequendo
2301 2252 2593 2334 martyrem
2644 2264 2789 2320 fecit.
2838 2266 2954 2321 Duo
2998 2281 3127 2338 ergo
3172 2276 3299 2322 sunt
3340 2284 3458 2337 quze

1883 2351 2111 2405 sollicite
2136 2352 2364 2420 pensare
2396 2352 2675 2417 debemus,
2709 2354 2832 2424 quia
2863 2356 3007 2409 enim
3054 2356 3207 2421 multi
3254 2358 3452 2421 vocati,

1881 2441 2041 2510 pauci
2071 2457 2198 2497 vero
2225 2444 2381 2498 electi
2411 2453 2555 2499 sunt.
2590 2443 2829 2499 Primum
2858 2456 2963 2512 est,
3000 2455 3071 2519 ut
3116 2449 3182 2504 de
3204 2454 3263 2504 se
3311 2452 3456 2519 quis-

1880 2546 1991 2600 que
2054 2533 2277 2609 minime
2324 2544 2629 2603 praesumat,
2661 2536 2787 2605 quia
2836 2545 2889 2591 et
2941 2536 3147 2607 si'jam
3178 2538 3245 2593 ad
3293 2540 3455 2596 ﬁdem

1882 2631 2103 2676 vocatus
2127 2631 2230 2688 est,
2259 2631 2437 2677 utrum
2468 2626 2694 2693 perenni
2730 2641 2893 2695 regno
2928 2628 3121 2695 dignus
3147 2629 3218 2682 sit
3260 2630 3452 2683 nescit.

1883 2711 2188 2767 Secundum
2216 2729 2342 2769 vero
2363 2727 2446 2769 est
2477 2724 2534 2768 ut
2571 2718 2939 2785 unusquisque
2966 2719 3272 2786 proximum
3295 2736 3454 2790 quem

1884 2790 2114 2857 fortasse
2131 2804 2311 2873 jacere
2341 2805 2393 2857 in
2418 2806 2566 2858 vitiis
2591 2807 2856 2875 conspicit
2896 2808 3183 2878 desperare
3219 2828 3323 2865 non
3354 2828 3449 2865 au-

1884 2894 2025 2955 deat,
2053 2896 2178 2962 quia
2208 2894 2403 2967 divinae
2429 2897 2816 2952 misericordia:
2842 2900 3061 2957 divitias
3088 2901 3318 2970 ignorat.

1958 2982 2065 3055 [ιι]
2106 2983 2173 3036 Et
2205 2984 2486 3039 ascendens
2513 2985 2668 3041 Iesus
2700 2987 3115 3060 Hierosolymam
3135 3032 3149 3055 ,
3177 2994 3454 3055 assumpsit

281 3076 454 3129 Erunt
504 3074 767 3127 novissimi
787 3071 1045 3142 pr‘imi,et
1073 3070 1231 3146 primi
1274 3066 1559 3131 novissimi.
1608 3064 1775 3121 Judzni

1883 3075 2471 3146 duodecimdiscipulos
2498 3089 2713 3145 secreto,
2738 3091 2783 3134 et
2822 3081 2895 3134 ait
2926 3081 3031 3135 illis
3057 3096 3075 3133 :
3108 3081 3244 3137 Ecce
3272 3102 3455 3165 agapen-

206 3167 277 3222 de
300 3168 482 3235 capite
528 3150 812 3219 vertentur
838 3162 891 3215 in
944 3160 1135 3225 cauda,
1175 3168 1225 3214 et
1257 3157 1553 3229 gentes-de
1607 3155 1776 3210 cauda

204 3256 559 3311 mutabuntur
583 3255 637 3308 in
664 3252 857 3323 capite.
892 3251 983 3306 Sic
1011 3251 1153 3313 enim
1192 3249 1413 3320 Moyses
1443 3248 1496 3301 in
1518 3244 1779 3301 Dentero-

204 3346 407 3401 nomia
420 3344 537 3414 ejus
561 3327 903 3413 prophetavit
927 3360 939 3395 :
968 3342 1177 3395 Advena
1191 3341 1287 3411 qui
1328 3338 1498 3408 tecum
1520 3347 1774 3402 moratur,

204 3426 676 3504 ascendetsuperte
704 3439 722 3484 ξ
753 3432 840 3486 ille
861 3433 955 3485 erit
970 3432 1022 3484 in
1044 3424 1211 3501 capite
1235 3440 1284 3483 et
1310 3440 1364 3482 tu
1386 3429 1488 3482 eris
1512 3430 1566 3482 in
1584 3428 1772 3493 cauda,

202 3526 297 3581 ille
326 3524 647 3594 [enerabitur
672 3507 764 3577 tibi
792 3532 839 3575 et
877 3506 961 3587 A‘tp
1005 3537 1109 3574 non
1156 3510 1468 3590 feneraberis
1516 3518 1563 3571 ei
1594 3514 1773 3589 (Deut.

204 3616 423 3688 nmu).
460 3613 660 3686 (Greg.)
693 3613 829 3669 Ecce
853 3612 996 3667 enim
1019 3620 1073 3688 et
1101 3626 1147 3665 δι
1165 3608 1277 3677 jam
1313 3609 1514 3663 scimus
1546 3623 1666 3677 quae
1690 3606 1777 3662 vel

204 3686 414 3779 quanta
466 3706 606 3761 bona
661 3704 889 3774 egimus,
922 3686 1098 3756 adhuc
1141 3714 1408 3773 supernus
1457 3698 1641 3769 judex,
1671 3712 1778 3767 qua

208 3797 509 3853 subtilitate
555 3795 671 3848 haec
714 3793 1017 3858 examinet,
1066 3792 1395 3861 ignoramus.
1445 3788 1511 3843 Et
1561 3788 1777 3858 quidem

204 3886 548 3960 gaudendum
606 3884 799 3953 cuique
848 3882 1187 3950 sammopere
1232 3889 1313 3934 est
1359 3882 1411 3934 in
1461 3896 1626 3954 regnq
1684 3879 1777 3933 Dei

204 3994 331 4034 esse
359 3976 441 4032 vel
476 3976 739 4030 ultimum.
775 3973 865 4028 Sic
890 3980 1012 4043 post
1063 3973 1176 4026 haec
1210 3970 1451 4024 terribile
1492 3970 1648 4023 valde
1695 3976 1781 4024 est

204 4070 353 4138 quod
382 4067 664 4135 sequitur:
696 4063 853 4134 Multi
896 4064 1033 4117 enim
1076 4063 1240 4115 vocati
1286 4069 1426 4123 sunt,
1459 4061 1612 4129 pauci
1658 4075 1777 4112 vero

204 4160 375 4215 electi.
407 4155 541 4225 Quia
583 4157 649 4210 ad
683 4156 840 4211 ﬁdem
870 4154 1047 4224 plures
1072 4142 1315 4218 veniunt,
1344 4160 1398 4206 et
1447 4152 1512 4206 ad
1561 4151 1780 4207 cteleste

204 4264 436 4320 regnum
473 4248 629 4317 pauci
656 4235 1039 4316 perducuntur.
1078 4244 1215 4298 Ecce
1249 4244 1390 4298 enim
1446 4244 1517 4299 ad
1556 4252 1775 4297 sancto-

204 4354 329 4395 rum
360 4338 677 4392 festivitates
699 4332 857 4405 quam
912 4334 1061 4388 multi
1093 4335 1468 4398 convenimus,
1498 4341 1553 4388 et
1584 4334 1774 4389 Eccle-

1880 3164 2052 3217 dimus
2080 3164 2483 3234 Jerosolymam,
2515 3178 2562 3220 et
2586 3169 2730 3236 [ilius
2759 3170 2985 3223 hominis
3009 3172 3245 3226 tradetur
3266 3174 3459 3242 princi-

1876 3254 2025 3324 pibus
2054 3256 2404 3321 sacerdotum,
2452 3267 2499 3310 et
2539 3259 2741 3324 scribis,
2789 3269 2837 3312 et
2885 3260 3301 3316 condemnabam
3340 3280 3455 3319 eum

1864 3349 2050 3413 'rnorti.
2080 3411 2085 3416 ,
2117 3348 2446 3419 Redemptor
2501 3362 2685 3421 noster
2734 3349 3033 3425 prazvidens
3077 3369 3140 3430 es
3204 3356 3457 3424 passione

1877 3452 1973 3492 sua
2024 3439 2403 3507 discipulorum
2452 3441 2659 3495 animos
2712 3433 3126 3510 perturbandos,
3176 3445 3258 3498 eis
3297 3444 3454 3515 longe

1879 3539 2003 3585 ante
2022 3539 2077 3585 et
2105 3533 2344 3602 ejusdem
2383 3534 2648 3602 passionis
2692 3548 2930 3603 pmnant,
2956 3532 3010 3588 et
3044 3536 3455 3591 resurrectionis

1875 3623 2103 3694 gloriam
2146 3617 2418 3694 praedicit,
2463 3634 2522 3678 ut
2566 3641 2687 3680 cum
2734 3640 2858 3679 eum
2909 3627 3259 3690 morientem,
3312 3628 3452 3683 sicut

1876 3716 2193 3791 prmdictum
2240 3723 2404 3779 esset,
2450 3723 2757 3780 cernerent,
2803 3716 2967 3769 etiam
3020 3725 3451 3773 resurrecturum

1878 3821 1984 3860 non
2011 3806 2339 3860 dubitarent.
2364 3804 2631 3876 (Hierom)
2658 3804 2723 3859 Et
2751 3807 2941 3861 crebro
2964 3807 3066 3860 hoc
3092 3807 3265 3876 ipsum
3295 3807 3452 3862 disci-

1858 3893 2017 3964 pulis
2040 3895 2281 3959 dixerat;
2314 3894 2406 3948 sed
2441 3892 2597 3963 quia,
2630 3894 2814 3949 multis
2843 3894 2896 3949 in
2938 3896 3111 3950 medio
3141 3896 3450 3966 disputatis,

1876 3993 2086 4055 poterat
2109 3985 2211 4039 labi
2242 3986 2306 4039 de
2333 3986 2592 4040 memoria
2618 3987 2761 4055 quod
2791 3968 3090 4051 audierant,
3124 3987 3295 4041 iturus
3325 3987 3449 4043 [lie-

1878 4074 2200 4143 rosolymam
2230 4084 2283 4128 et
2317 4091 2499 4149 secum
2525 4076 2785 4131 ducturus
2810 4076 3079 4145 apostolos
3108 4080 3173 4130 ad
3194 4082 3450 4133 tentatioc

1878 4177 1998 4215 nem
2042 4177 2134 4215 eos
2163 4170 2337 4231 parat,
2371 4177 2439 4215 ne
2479 4177 2602 4216 eum
2632 4164 2839 4217 venerit
2867 4165 3170 4233 persecutio
3196 4168 3374 4222 crucis
3402 4176 3452 4222 et

1878 4253 2167 4322 ignominia
2198 4251 2653 4307 scandalizentur.

1947 4340 2015 4393 Et
2047 4341 2249 4394 tradent
2274 4356 2387 4393 eum
2418 4339 2650 4409 gentibus
2676 4338 2745 4391 ad
2767 4338 3115 4393 deludendum
3144 4379 3158 4405 ,
3186 4350 3232 4393 et
3262 4341 3446 4411 flag/cf-

203 4430 343 4484 siam
376 4429 577 4497 pariter
634 4402 927 4495 replentus;
954 4426 1046 4480 sed
1092 4434 1267 4479 tamen
1316 4427 1435 4495 quis
1480 4427 1581 4481 scit
1610 4442 1773 4496 quam
1801 4402 2127 4494 Dlandum,
2176 4438 2222 4482 et
2275 4402 2705 4497 cruciﬁgendum,
2753 4436 2801 4481 et
2846 4429 2999 4481 tertia
3052 4402 3153 4481 die?
3191 4402 3445 4499 regat-2m.

204 4517 387 4587 pauci
414 4524 558 4580 sunt,
583 4516 674 4585 qui
720 4516 773 4569 in
801 4515 891 4569 illo
923 4515 1211 4570 electorum
1252 4515 1343 4569 Dei
1386 4531 1546 4586 grege
1593 4533 1776 4574 nume-

205 4618 415 4663 rentur.
469 4607 606 4660 Ecce
658 4622 761 4661 vox
814 4606 1051 4663 omnium
1114 4605 1385 4661 Christum
1430 4607 1645 4671 clamat,
1678 4608 1800 4663 sed'

205 4703 319 4755 vi;a
340 4699 578 4754 omnium
606 4714 711 4753 non
734 4698 945 4752 clamat.
971 4696 1217 4767 P..—rique
1244 4698 1525 4754 Dominum
1550 4699 1773 4756 vocibus

204 4798 527 4859 sequuntur,
552 4790 789 4843 moribus
808 4786 1033 4859 fugiunt.
1060 4787 1196 4843 Hinc
1222 4789 1364 4842 enim
1387 4788 1586 4844 Paulus
1607 4790 1767 4845 dicit:

206 4880 315 4944 Qui
338 4878 647 4948 conﬁtentur
678 4895 731 4933 se
758 4893 903 4932 nosse
952 4877 1135 4941 Deum,
1160 4877 1311 4947 factis
1363 4886 1536 4933 autem
1583 4890 1770 4950 negant

138 4998 147 5003 -
203 4967 339 5038 (Tit.
373 4969 433 5037 1).
464 4966 599 5021 Hinc
627 4965 856 5021 Jacobus
880 4966 987 5019 ait:
1020 4964 1179 5019 Fides
1202 4967 1313 5019 sine
1334 4969 1574 5035 operibus
1603 4969 1769 5023 otiosa

203 5066 283 5112 est
310 5057 447 5127 (Jac.
474 5056 555 5127 ιι).
602 5057 735 5111 Hine
758 5072 853 5126 per
896 5055 1232 5111 Psalmistam
1289 5056 1547 5113 Dominus
1595 5059 1767 5135 dicit:

202 5148 549 5212 Annuntiavi,
578 5156 624 5200 et
664 5146 864 5199 locutus
910 5162 1045 5211 sum,
1078 5146 1407 5216 multiplicati
1452 5156 1573 5200 sunt
1616 5155 1773 5218 super

204 5255 478 5297 numerum
505 5236 671 5310 (Psal.
704 5238 908 5308 XXXIX).
950 5239 1184 5293 Vocante
1228 5232 1367 5293 enim
1414 5238 1659 5305 Domino,
1684 5255 1773 5293 su-

202 5345 308 5402 per
338 5344 618 5384 numerum
670 5328 1087 5397 multiplicantur
1124 5329 1324 5393 ﬁdeles,
1353 5330 1478 5398 quia
1514 5320 1771 5384 nonnun-

201 5436 371 5488 quam
400 5420 563 5474 etiam
595 5418 646 5471 lii
671 5420 735 5471 ad
768 5419 921 5473 ﬁdem
956 5420 1193 5483 veniunt,
1224 5420 1313 5487 qui
1360 5420 1427 5473 ad
1470 5419 1766 5473 electorum

206 5524 491 5567 timuerunt
514 5524 616 5562 non
643 5509 965 5577 pertiugunt.
1019 5508 1079 5561 lli
1111 5510 1251 5563 enim
1286 5509 1527 5563 ﬁdelibus
1567 5508 1772 5564 confes-

202 5616 411 5667 sionem
441 5606 650 5661 admisti
692 5615 834 5667 sunt,
878 5607 968 5659 sed
1008 5617 1225 5676 propter
1273 5608 1434 5661 vitam
1485 5608 1768 5675 reprobam

1879 4519 2101 4591 (MAUB.)
2154 4518 2396 4573 Tradidit
2435 4519 2576 4572 enim
2616 4517 2781 4573 .Iudas
2808 4518 3091 4573 Dominum
3134 4518 3351 4585 Jadteis,
3384 4533 3438 4576 et

1878 4611 1977 4679 ipsi
2018 4609 2348 4663 tradiderunt
2386 4623 2508 4663 eum
2571 4610 2846 4679 gentibus,
2893 4609 3062 4664 Pilato
3098 4619 3155 4662 et
3191 4614 3450 4679 potestati

1877 4701 2261 4755 Romanorum.
2308 4700 2459 4757 Unde
2486 4701 2743 4771 scriptum
2770 4710 2851 4754 est
2882 4716 2895 4758 :
2946 4686 3185 4769 Vinctum
3212 4704 3447 4756 aditura

1878 4801 1997 4845 runt
2028 4807 2144 4844 eum
2186 4800 2234 4844 et
2264 4790 2590 4843 tradiderunt
2628 4806 2742 4843 eum
2781 4787 2973 4842 Pontio
3008 4787 3182 4843 Pilato
3206 4792 3443 4859 prasidi.

1880 4880 2086 4936 Pilatus
2116 4891 2285 4935 autem
2308 4880 2643 4951 apprehendit
2660 4878 2848 4939 “Iesum
2874 4888 2919 4931 et
2944 4878 3249 4948 ﬂagellauit,
3273 4891 3317 4932 et
3346 4882 3443 4932 ini-

1877 4974 1991 5027 lites
2015 4973 2285 5043 plecteutes
2319 4973 2575 5025 coronam‘
2598 4971 2661 5023 de
2692 4970 2855 5039 spinis
2889 4969 3246 5038 imposuerunt
3288 4972 3444 5039 capiti

1876 5064 2009 5131 ejus,
2044 5072 2089 5117 et
2116 5072 2250 5116 veste
2275 5076 2533 5130 purpurea
2554 5058 3003 5113 circumdederunt
3034 5075 3178 5122 eum,
3195 5069 3242 5112 et
3274 5062 3441 5111 venie-

1878 5154 1999 5208 bant
2026 5153 2093 5206 ad
2118 5169 2233 5206 eum
2264 5152 2527 5204 dicentes:
2556 5149 2677 5213 Ave,
2710 5166 2801 5203 rea"
2823 5148 3154 5214 Judworum,
3182 5160 3226 5201 et
3250 5149 3443 5201 dabant

1875 5246 1922 5299 ei
1968 5243 2168 5314 palmas
2211 5240 2424 5313 (Matth.
2470 5240 2642 5309 XXVI).
2693 5239 2800 5295 Sed
2843 5240 3133 5310 ignominia
3181 5240 3295 5294 haec
3338 5248 3448 5294 tota

1876 5342 2130 5390 evawata
2160 5341 2242 5386 est
2270 5330 2478 5393 cmlesti
2508 5331 2675 5403 gloria
2705 5331 3134 5394 resurrectionis,
3165 5330 3290 5398 quia
3318 5344 3447 5383 caro

1875 5426 1990 5495 ejus
2015 5441 2117 5501 non
2140 5424 2270 5477 vidit
2296 5412 2691 5493 Corruptionem
2713 5462 2728 5486 ,
2770 5421 2861 5477 sed
2895 5420 3067 5491 palam
3108 5420 3444 5488 triiuuphans

1876 5515 2171 5572 resurrexit
2205 5515 2258 5568 in
2294 5513 2457 5586 gloria
2478 5556 2492 5583 ,
2527 5527 2797 5581 evacuans
2817 5525 3002 5566 omnes
3028 5510 3359 5582 principatus
3389 5520 3442 5567 et

1873 5614 2186 5680 potestates.
