3922 6396
402 220 534 279 1031
1065 215 1123 271 Β.
1168 215 1417 273 RABANI
1457 212 1671 272 MAURI
1709 201 2021 275 ARCiilEP.
2064 201 2372 264 MOGUNT.
2414 199 2700 260 OPERUM
2733 194 2915 257 PARS
2952 192 2992 255 ι
3528 184 3679 243 1032

474 329 617 384 Tunc
668 324 883 381 accessit
938 326 1007 379 ad
1062 340 1179 380 eum
1233 334 1399 379 mater
1453 322 1680 393 ﬁliorum
1732 316 1969 372 Zebedwi
1999 320 2044 383 Λ
2074 321 2249 368 morte
2276 313 2440 367 vitam
2466 308 2718 365 liniverit.
2769 307 2877 365 Sed
2906 305 2952 363 si
2982 306 3218 378 legamus
3244 296 3683 360 ecclesiasticas

403 438 517 476 cmn
566 417 688 487 filiis
730 416 870 480 suis,
923 414 1151 469 adorans
1192 425 1251 468 et
1299 409 1473 484 petens
1501 408 1723 487 aliquid
1770 408 1834 483 ab
1886 422 1965 485 eo.
2070 402 2345 466 historias,
2374 401 2427 455 in
2457 400 2651 470 quibus
2675 397 2848 487 fertur
2866 398 3007 487 quod
3033 406 3099 487 et
3118 398 3235 487 ipse
3260 402 3503 487 propter

404 474 509 578 Qui
560 474 691 561 dixit
744 504 792 558 ei
921 500 1061 578 Quid
1113 503 1237 558 eis?
1289 474 1375 556 dit
1425 480 1506 555 illi
1553 514 1573 553 :
1613 474 1725 552 'Dic
1779 474 1837 551 ut
1886 484 1969 552 se-
2070 492 2267 563 tyrium
2296 488 2365 545 sit
2394 490 2593 544 missus
2630 489 2684 541 in
2712 474 2971 578 ferventis
2999 485 3104 578 olei
3135 485 3333 578 dolium
3359 490 3419 539 et
3448 474 3693 578 inde?!

401 566 559 655 deant
596 598 651 653 Ιιὶ
684 596 789 650 duo
829 566 1067 667 ﬁlii‘vmei
1118 610 1252 648 unus
1292 592 1360 646 ad
1402 590 1669 646 dexteram
1723 596 1889 654 tuam,
1924 594 1972 641 et
2073 578 2469 667 suscipiendam
2516 591 2770 633 coronam
2810 574 3012 629 Christi
3059 574 3257 629 athleta
3302 566 3694 667 processerit,

406 675 541 741 unus
591 685 671 739 ad
709 659 1079 751 sinistramﬂi'n
1134 696 1290 751 regno
1336 688 1450 734 tua.
1501 676 1771 755 (Ηὶετοη.)
1822 672 1976 754 Unde
2074 661 2365 740 statimque
2397 669 2665 737 relegatus
2705 667 2758 719 in
2789 665 3075 730 Pathmum
3102 665 3336 719 insulam
3374 659 3490 729 sit,
3520 659 3694 714 vide-'-

406 767 710 848 opinionem
738 759 959 831 haberet
991 755 1143 845 regnis
1166 778 1340 826 mater
1368 750 1891 830 ﬁliorum‘Zebedxei,
1917 750 1977 818 ut
2074 760 2253 814 bimus
2300 754 2560 828 martyrio
2604 757 2842 811 animum
2892 766 2998 809 non
3043 753 3309 819 defuisse,
3360 764 3420 809 et
3452 750 3699 848 bibi-sse

406 841 531 924 cum
557 864 811 921 Deminns
832 859 1045 925 dixerit,
1073 841 1248 931 Filius
1268 859 1491 914 hominis
1520 861 1756 913 tradetur
1776 856 1975 927 princi-
2076 848 2338 905 Joannem
2369 848 2589 904 calicem
2613 846 2989 912 confessionis,
3018 857 3175 917 quem
3205 855 3260 901 et
3286 855 3399 901 tres
3428 841 3605 917 pueri
3642 841 3705 896 in

332 968 335 971 ’
407 959 557 1029 pibus
596 942 939 1017 sacerdotum,
986 960 1033 1005 et
1078 931 1284 1024 scribtis,
1316 958 1385 1003 et.
1410 939 1822 1002 condemnabam
1860 959 1977 997 eum
2078 941 2291 1017 camino
2328 940 2466 1011 ignis
2496 939 2777 1003 biberunt,
2806 938 2931 993 licet
2970 945 3285 1019 persecutor
3322 954 3439 993 non
3468 936 3699 993 fuderit

408 1028 594 1118 marte,
621 1046 680 1099 et‘
696 1037 1070 1098 tradent'illum
1092 1028 1326 1112 gentibus
1344 1039 1421 1094 ad
1440 1034 1784 1100 illudendum,
1805 1045 1852 1118 et
1877 1035 1979 1105 ﬂa-

408 1115 732 1207 gellandum,
763 1141 811 1186 et
832 1118 1279 1207 cruciﬁgendum;
1309 1136 1364 1183 et
1398 1127 1743 1199 ignominiam
1771 1115 1980 1207 passio-

411 1195 496 1279 nis
532 1195 851 1278 timentibus
882 1195 1163 1289 discipulis
1198 1195 1490 1282 nuntiaret,
1519 1216 1608 1269 illa
1636 1195 1857 1286 gloriam
1882 1228 1984 1284 po.

412 1312 576 1369 stulet
618 1293 1038 1381 triumphantis?
1070 1307 1200 1372 Hac,
1235 1294 1294 1362 ut
1336 1311 1478 1372 rear,
1519 1312 1585 1361 ex
1613 1320 1774 1363 causa
1806 1297 1986 1359 ortum

412 1410 517 1469 est,
542 1402 664 1472 quia
695 1392 822 1470 post
846 1397 1030 1452 omnia
1055 1396 1267 1467 dixerat
1290 1394 1581 1472 Dominus,
1616 1386 1677 1448 et
1712 1394 1867 1447 tertia
1905 1393 1988 1448 die

413 1468 661 1561 resurget.
701 1468 924 1546 l’utavit
960 1489 1105 1543 enim
1147 1468 1498 1558 mblier‘post
1537 1488 1988 1553 resurrectionem

412 1595 541 1641 eum
558 1581 700 1635 illico
730 1588 1096 1651 regnaturum,
1122 1586 1184 1634 et
1211 1580 1314 1633 hoc
1341 1566 1485 1650 quod
1527 1578 1850 1654 in'secundo
1893 1578 1990 1632 ad-

2081 1030 2429 1104 sanguinem;
2461 1030 2602 1100 quod
2633 1035 2813 1084 antem
2842 1028 3119 1100 subjungit
3147 1043 3162 1082 :
3190 1032 3195 1035 “
3301 1094 3305 1098 _

2155 1124 2349 1195 Sedere
2375 1134 2547 1178 autem
2572 1122 2642 1177 ad
2665 1122 3145 1196 dexterammea'm,
3176 1128 3225 1174 et
3254 1118 3540 1173 sinistram
3581 1133 3701 1171 non

2034 1269 2040 1273 ,
2084 1224 2159 1269 est
2186 1230 2359 1285 meum
2388 1213 2516 1268 dare
2543 1211 2708 1278 vobis,
2738 1210 2827 1267 sed
2861 1210 3045 1283 quibus
3072 1221 3312 1281 paratum
3342 1201 3425 1263 est
3452 1226 3485 1261 α
3514 1206 3700 1260 Patre

2085 1320 2222 1368 meo,
2247 1303 2429 1375 (llam)
2458 1303 2536 1373 sic
2560 1300 2961 1373 intelligendum
2984 1293 3066 1356 est
3096 1318 3108 1354 :
3143 1301 3395 1380 Regnum
3407 1289 3700 1353 ctizlorum

2103 1413 2211 1452 non
2240 1406 2325 1452 est
2349 1396 2548 1461 dantis,
2574 1396 2668 1453 sed
2697 1385 3028 1465 accipientis.
3056 1392 3281 1458 Non-eSt
3307 1391 3456 1445 enim
3485 1403 3700 1466 perso-

2089 1480 2285 1543 narum
2314 1487 2556 1558 acceptio
2584 1486 2725 1556 apud
2748 1484 2935 1548 Deum,
2980 1485 3072 1538 sed
3097 1483 3403 1553 quicunque
3430 1481 3608 1535 talem
3637 1492 3698 1532 se

2090 1578 2479 1653 prtebuerit,.ut
2500 1592 2663 1646 regno
2688 1576 2947 1631 cmlorum
2968 1573 3159 1645 dignus
3188 1573 3279 1636 sit,
3302 1573 3395 1627 hic
3423 1572 3695 1643 accipiet,

414 1675 575 1727 ventu
600 1670 932 1745 promittitur
961 1670 1138 1740 primo
1169 1680 1290 1725 esse
1330 1662 1738 1743 complendum;
1774 1669 1847 1723 ita
1877 1671 1991 1723 ενὶε
2016 1659 2062 1717 Β
2092 1672 2232 1745 quod
2255 1686 2360 1728 non
2387 1666 2650 1742 personas,
2686 1669 2780 1724 sed
2803 1668 2927 1722 vita:
2952 1675 3316 1736 comparatum
3346 1667 3452 1719 est.
3488 1663 3547 1719 Si
3582 1663 3695 1717 ita-

416 1759 584 1818 (litate
609 1759 837 1814 feminea
859 1759 1339 1833 prmsentiacupit,
1359 1759 1643 1813 immemor
1670 1757 1990 1813 futurorum.

344 1880 345 1883 η
417 1850 569 1920 Quod
626 1860 801 1904 autem
848 1850 1144 1919 interrogat
1189 1850 1478 1913 Dominus,
1526 1855 1584 1902 et
1641 1847 1729 1901 illa
1781 1854 1997 1925 petente

419 1941 694 2012 respondit
740 1928 865 2012 quid
914 1939 1034 1993 vis?
1079 1954 1183 1993 non
1222 1940 1371 1993 venit
1415 1941 1481 1994 de
1530 1924 1865 2009 ignorantia,
1902 1924 1996 2005 sed

419 2049 487 2087 ex
533 2032 964 2103 dispensatione,
1006 2038 1065 2084 ut
1103 2030 1243 2085 illius
1275 2031 1535 2099 petitione
1561 2037 1615 2084 et
1646 2030 1827 2084 auditu
1859 2028 1995 2083 alio—

420 2139 548 2191 rum.
568 2123 792 2194 prolata,
836 2123 949 2192 ipse
994 2120 1334 2176 occasionem
1366 2120 1609 2175 haberet
1642 2110 1996 2188 respondendi

423 2223 584 2284 atque
615 2213 868 2278 docendi;
918 2212 1187 2282 quomodo
1223 2212 1274 2265 in
1316 2211 1600 2266 numerosa
1638 2203 2006 2274 multitlidine,

428 2304 557 2371 Quis
591 2321 671 2359 me
706 2304 868 2375 tetigit
900 2303 1112 2376 (Matth.
1143 2304 1258 2376 Ix)?
1296 2304 1368 2357 Et
1407 2304 1471 2359 de
1512 2303 1754 2368 Lazaro,
1795 2302 1885 2356 ubi
1910 2318 2002 2372 po-

425 2394 599 2447 suistis
633 2409 749 2446 eum
781 2392 961 2463 (Joan.
1002 2394 1115 2464 x1)?
1166 2392 1411 2448 Postulat
1442 2402 1620 2461 autem
1668 2403 1840 2447 mater
1870 2392 2005 2446 lilio-

427 2501 543 2539 rum
591 2484 829 2539 Zebedtei
879 2500 1063 2539 errore
1114 2476 1400 2551 muliebri,
1445 2496 1500 2541 et
1539 2486 1757 2556 pietatis
1808 2483 2000 2538 affectu

426 2576 672 2631 nesciens
698 2575 823 2645 quid
866 2584 1091 2645 peteret.
1131 2575 1239 2631 Nec
1278 2577 1473 2630 mirum
1512 2576 1558 2630 si
1606 2576 1709 2629 ista
1749 2582 2005 2646 arguatur

428 2664 742 2734 imperitia,
783 2676 906 2720 cum
946 2666 1012 2720 de
1054 2666 1215 2721 Petro
1252 2666 1465 2721 dicatur
1504 2665 1719 2736 Quando
1750 2664 1852 2729 trla
1894 2662 2006 2719 vult

430 2757 609 2814 facere
638 2758 991 2813 tabernacula
1021 2798 1035 2824 ,
1091 2759 1350 2837 nesciens
1378 2758 1507 2829 quid
1552 2759 1751 2814 diceret
1791 2754 2004 2829 (Matth.

431 2846 589 2919 xvn).
1803 2903 1805 2905 .
1894 2908 1903 2911 Α

394 2924 398 2928 Δ
502 2938 829 3009 Respondeas
869 2947 1041 2992 autem
1070 2938 1244 3005 Iesus,
1274 2938 1407 2992 dixit
1437 2952 1455 2990 :
1494 2937 1730 2994 Nescitis
1759 2938 1883 3010 quid
1915 2943 2008 3009 pe-

432 3031 575 3085 tatis.
612 3029 782 3083 Mater
802 3029 1060 3100 postulat,
1089 3039 1142 3084 et
1164 3029 1424 3084 Dominus
1443 3028 1722 3100 discipulis
1751 3030 2019 3121 loquitur,»

434 3117 733 3188 intelligens
762 3132 950 3186 preces
978 3116 1091 3186 ejus
1114 3133 1180 3173 ex
1209 3117 1437 3171 ﬁliorum
1473 3118 1800 3172 descendere
1828 3117 2014 3171 volun-

436 3215 566 3261 tate.
600 3206 780 3277 (llam)
811 3205 1066 3261 Nesciunt
1108 3206 1233 3274 quid
1262 3212 1451 3273 petant
1490 3205 1580 3274 qui
1613 3204 1793 3260 sedem
1835 3220 1885 3258 ac
1908 3205 2014 3259 Do-

436 3296 582 3352 mino
613 3296 812 3366 gloriae,
849 3310 1009 3364 quam
1036 3297 1270 3349 nondum
1308 3296 1661 3349 merebantur
1688 3292 2009 3364 inquirunt;

430 3386 541 3456 jam
567 3388 709 3441 enim
740 3385 1039 3443 delectabat
1068 3400 1161 3439 eos
1186 3384 1396 3440 culmen
1436 3384 1689 3450 honoris,
1734 3384 1826 3439 sed
1866 3383 2047 3454 prius'

437 3477 521 3531 via
553 3477 781 3531 habebat
810 3490 1064 3531 exercere
1089 3475 1317 3531 laboris.
1344 3474 1526 3548 (Joan.
1559 3474 1770 3548 Chrys.)
1801 3474 2017 3530 Deside:

439 3567 631 3621 rabant
669 3576 901 3637 regnare
950 3566 1250 3623 sublimiter
1277 3567 1409 3637 fcum
1458 3566 1697 3641 Christo,
1727 3567 1824 3629 sed
1868 3568 2019 3637 prius

438 3666 556 3713 erat
600 3658 707 3727 pati
759 3657 1032 3713 humiliter
1074 3674 1172 3728 pro
1212 3658 1429 3714 Christo
1472 3677 1485 3711 :
1539 3656 1741 3712 bonum
1801 3659 2019 3726 quidem

440 3749 802 3815 desiderium,
853 3749 945 3804 sed
1003 3749 1398 3820 inconsiderata
1436 3744 1646 3819 petitio.
1696 3738 1823 3802 lile‘o‘
1870 3754 1924 3803 et
1974 3748 2019 3802 si

442 3837 733 3908 impetrare
767 3852 870 3891 non
903 3837 1212 3902 debebant,
1250 3836 1566 3905 simplicitas
1601 3845 1778 3891 tamen
1810 3837 2023 3905 petitio-

445 3926 531 3980 nis
567 3941 752 3980 eorum
790 3924 1044 3980 confundi
1088 3941 1192 3979 non
1232 3926 1558 3980 merebatur.
1592 3925 1885 3994 Propterea
1916 3939 2022 3979 non

444 4013 771 4067 voluntatem
807 4028 979 4082 neque
1025 4014 1358 4083 propesitum
1389 4030 1573 4069 eorum
1615 4003 1881 4084 culpavit,
1929 4015 2021 4069 sed

450 4104 618 4159 solam
666 4105 1023 4174 ignorantiam
1082 4105 1463 4176 reprehendit,
1512 4107 1695 4162 dicens
1735 4122 1749 4160 :
1793 4107 2021 4162 Nescitis

445 4211 508 4265 qa
518 4194 571 4246 id
599 4196 801 4262 petatis.
845 4193 848 4195 “
1283 4206 1303 4213 “

520 4280 741 4357 Potestis
769 4283 936 4337 bibere
980 4300 1196 4338 cattcem
1240 4280 1389 4356 quem
1431 4295 1523 4355 ego
1567 4285 1820 4341 bibiturus
1858 4288 2023 4342 sum?

446 4371 640 4427 Dicunt
691 4374 741 4427 ei
774 4391 787 4427 :
839 4372 1144 4429 Possumus.
1176 4376 1357 4448 (ΗΑΒ.)
1394 4376 1619 4432 Nomine
1661 4378 1804 4433 enim
1839 4379 2022 4434 calicis

447 4464 559 4538 sive
607 4464 857 4533 baptismi
894 4466 1207 4533 passionem
1256 4467 1498 4537 designat
1542 4468 1784 4538 martyrii
1828 4485 1932 4538 qua
1967 4478 2022 4523 et

451 4549 648 4623 ipsum,
670 4562 722 4607 et
749 4552 869 4607 illos
893 4553 1116 4607 decebat
1137 4557 1518 4610 consummari.
1546 4555 1700 4612 Unde
1726 4566 1776 4612 et
1805 4557 1930 4611 alibi
1960 4559 2025 4613 de

452 4661 547 4700 sua
574 4646 824 4714 passione
850 4645 1087 4714 loquitur
1117 4665 1129 4699 :
1164 4645 1431 4716 Baptisma
1458 4659 1631 4702 autent
1659 4650 1822 4703 habeo
1853 4649 2022 4719 bapti-

455 4738 604 4801 zari,
658 4745 708 4789 et
756 4736 1011 4806 quomodo
1057 4747 1292 4791 coarctor
1343 4756 1500 4810 usque
1544 4741 1668 4793 dum
1722 4741 2026 4811 perﬁciatur

456 4826 613 4898 (Luc.
642 4827 754 4899 xx),
796 4837 850 4881 et
881 4827 1053 4880 cidem
1085 4828 1323 4896 passioni
1358 4831 1797 4899 appropinquans
1835 4832 2026 4885 orabat

457 4918 678 4972 dicens:
718 4916 897 4984 Pater,
930 4918 975 4971 si
1002 4920 1098 4985 vis,
1134 4921 1364 4991 transfer
1400 4920 1612 4974 calicem
1653 4922 1810 4975 istum
1855 4939 1886 4975 tt
1928 4938 2025 4976 me.

460 5007 548 5061 Ait
573 5006 676 5062 illis
706 5022 720 5060 :
898 5010 905 5019 ’

530 5096 755 5151 Calicem
802 5098 1006 5167 quidem
1062 5088 1244 5155 meum
1273 5102 1452 5155 bibetis
1504 5102 1653 5174 (Luc.
1682 5103 1840 5173 χχιι).
1882 5102 2033 5176 (Ilic—

464 5188 601 5257 ron.)
627 5186 894 5254 Quaeritur
936 5195 1200 5259 quomodo
1229 5194 1449 5249 calicem
1501 5196 1743 5266 martyrii
1790 5195 2033 5250 Zelsedwi

465 5278 575 5344 lilii,
610 5278 836 5335 Jacobns
864 5282 1111 5337 videlicet
1139 5292 1193 5339 et
1219 5272 1478 5352 Joannes,
1503 5288 1758 5354 biberint,
1777 5296 1869 5341 aut
1900 5303 2033 5355 quo-

467 5372 623 5425 modo
654 5372 915 5440 baptismo
942 5373 1150 5429 Domini
1190 5374 1387 5431 fuerint
1416 5379 1701 5452 baptizati,
1734 5394 1857 5433 cum
1889 5377 2035 5433 Seri-

470 5472 621 5534 ptura
651 5472 831 5518 narret
859 5463 1120 5521 Jacobnm'
1148 5475 1354 5522 tantum
1386 5461 1684 5538 apostolum
1722 5472 1789 5524 ab
1824 5469 2036 5525 llerodc

475 5556 646 5622 rapite
696 5560 1027 5621 truncatum,
1086 5552 1320 5612 Joannes
1387 5566 1563 5612 autem
1616 5557 1758 5627 quod
1818 5557 2036 5628 propria

2093 1777 2197 1833 que
2232 1762 2367 1817 tales
2405 1761 2537 1815 estis
2558 1760 2658 1831 'qui
2697 1758 3102 1828 consequamini
3132 1764 3359 1828 regnum
3388 1756 3691 1818 caelorum,

2097 1852 2234 1922 quod
2279 1849 2443 1921 Pater
2486 1864 2637 1904 meus
2680 1848 3133 1919 triumphantibus
3176 1848 3527 1917 praeparavit,
3588 1860 3695 1909 vos

2096 1959 2309 2017 quoque
2337 1943 2616 2013 accipietis
2644 1942 2790 1997 illud.
2823 1941 2955 1995 item
2989 1959 3003 1995 :

2170 2019 2396 2093 Non‘est
2421 2050 2594 2089 meum
2623 2034 2751 2087 dare
2774 2032 2934 2099 vobis,
2966 2032 3056 2087 sed
3089 2034 3278 2102 quibus
3306 2039 3555 2101 paratum
3581 2036 3690 2085 est.

2099 2125 2279 2201 (Aug.)
2305 2126 2421 2182 Non
2444 2133 2528 2180 est
2558 2140 2738 2179 meum
2764 2123 2892 2199 dare
2913 2123 3187 2194 superbis;
3217 2124 3319 2179 hoc
3339 2123 3489 2178 enim
3508 2122 3694 2185 adhuc

2100 2213 2284 2283 erant,
2320 2216 2414 2271 sed
2456 2215 2501 2271 si
2530 2214 2691 2270 vultis
2732 2213 2859 2269 illud
2889 2214 3164 2283 accipere,
3191 2213 3357 2268 nolite
3387 2226 3511 2269 esse
3541 2214 3691 2283 quod

2102 2308 2253 2362 estis.
2283 2304 2416 2360 Aliis
2453 2312 2701 2375 paratum
2727 2310 2830 2367 est,
2879 2310 2935 2357 et
2956 2317 3063 2358 vos
3092 2298 3399 2367 aliiestote,
3430 2311 3487 2356 et
3530 2301 3690 2358 vobis

2102 2405 2348 2466 paratum
2377 2394 2621 2461 est.Quid
2642 2400 2755 2458 est,
2782 2392 2885 2446 Alii
2909 2392 3119 2455 estote?
3152 2391 3689 2462 priusbumiliamirj

2103 2488 2193 2557 qui
2221 2487 2334 2556 jam
2356 2485 2517 2541 vultis
2537 2483 2788 2540 exaltari.
3058 2496 3059 2499 ‘

2176 2576 2245 2632 Et
2275 2576 2544 2632 audientes
2582 2576 2758 2631 decem
2794 2574 3053 2646 indignati
3078 2582 3197 2629 sunt
3229 2573 3294 2628 de
3330 2568 3543 2629 duobus
3570 2573 3689 2641 [re-

2106 2668 2291 2725 tribus.
2346 2666 2615 2740 (Hierone)
2670 2667 2867 2722 Decem
2910 2666 3136 2736 apostoli
3179 2680 3286 2720 non
3340 2665 3693 2737 indignantur

2108 2762 2269 2829 matri
2298 2761 2526 2815 ﬁliorum
2553 2758 2863 2824 Zebedaeos,
2880 2771 2982 2811 nec
3007 2756 3073 2811 ad
3098 2756 3377 2818 mulierem
3408 2755 3692 2829 audaciam

2113 2852 2353 2908 referunt
2387 2848 2761 2920 postulationis
2783 2888 2798 2913 ,
2830 2846 2924 2903 sed
2951 2846 3016 2900 ad
3047 2834 3185 2900 ﬁlios
3208 2844 3351 2915 quod
3380 2846 3695 2915 ignorantes

2114 2956 2425 2998 mensuram
2472 2954 2625 2995 suam
2669 2934 2956 3011 immodica
3006 2937 3297 3011 cupiditate
3341 2936 3692 3007 exarserint,

2117 3032 2310 3101 quibus
2336 3028 2592 3083 Dominus
2617 3026 2827 3081 dixerat
2860 3040 2874 3077 :
2912 3008 3136 3078 Nescitis
3160 3023 3287 3092 quid
3306 3021 3515 3092 petatis.
3548 3020 3693 3077 Sub—

2117 3123 2432 3193 intelligitur
2453 3128 2632 3175 autem
2667 3118 2750 3175 vel
2783 3133 2848 3173 ex
2874 3116 3222 3187 responsione
3247 3115 3491 3181 Domini,
3515 3115 3603 3170 vel
3628 3130 3697 3170 ex

2114 3211 2482 3282 indignatione
2520 3208 2904 3278 apostolorum,
2949 3205 3092 3279 quod
3124 3204 3217 3259 ﬁlii
3246 3213 3478 3260 matrem
3511 3202 3698 3259 immi-

2114 3309 2300 3357 serunt
2334 3299 2399 3354 ad
2425 3299 2646 3371 grandia
2676 3296 3017 3369 postulanda.

2183 3388 2338 3448 Iesus
2367 3402 2540 3446 autent
2572 3392 2770 3446 vocavit
2804 3407 2890 3446 eos
2927 3389 2997 3443 a‘d
3035 3405 3089 3443 se
3108 3430 3123 3454 ,
3152 3397 3200 3442 et
3229 3388 3304 3441 ait
3334 3404 3353 3440 :
3384 3385 3544 3442 Scitis
3568 3386 3700 3459 quia

2115 3483 2372 3555 principes
2395 3481 2625 3552 gentium
2660 3463 3002 3534 dominantur
3026 3493 3204 3533 eorum
3223 3517 3239 3542 ,
3271 3486 3318 3531 et
3345 3476 3436 3547 qui
3466 3476 3704 3545 majores

2117 3582 2238 3627 sunt
2259 3581 2559 3643 potestatem
2581 3580 2813 3624 exercent
2842 3570 2896 3624 in
2920 3584 3006 3623 eos
3028 3582 3046 3619 :
3078 3584 3179 3622 non
3208 3568 3279 3620 ita
3308 3566 3403 3620 erit
3431 3567 3569 3620 inter
3587 3575 3700 3629 eos;

2076 3730 2077 3733 η
2118 3665 2207 3719 sed
2231 3664 2523 3734 quicunque
2543 3662 2919 3735 voluerit‘inter
2939 3677 3024 3714 vos
3054 3660 3225 3730 major
3250 3659 3389 3728 ﬁeri,
3412 3661 3491 3735 sit
3534 3666 3709 3713 uester

2120 3755 2375 3809 minister.
2425 3751 2491 3806 Et
2527 3751 2617 3823 qui
2643 3746 2856 3805 voluerit
2900 3750 3034 3803 inter
3062 3765 3149 3803 vos
3186 3750 3384 3819 primus
3426 3764 3561 3812 esse,
3602 3744 3713 3800 erit

2120 3830 2287 3899 vester
2309 3859 2505 3897 servus.
2544 3840 2772 3895 Humilis
2808 3841 3065 3910 magister
3090 3848 3146 3893 et
3180 3838 3326 3909 mitis
3354 3852 3457 3893 nec
3493 3835 3709 3908 cupidi-

2122 3933 2249 3986 tatis
2292 3929 2589 3986 immodicae
2617 3931 2752 3984 duos
2783 3928 2959 3998 arguit
2992 3926 3342 3997 postulantes,
3383 3941 3487 3983 nec
3509 3925 3703 3983 decem

2122 4024 2356 4093 reliquos
2404 4020 2786 4093 indignationis
2820 4020 3063 4099 increpat
3101 4026 3156 4073 et
3197 4017 3411 4083 livoris,
3460 4015 3557 4072 sed
3594 4014 3706 4072 tale

2122 4116 2272 4185 ponit
2299 4113 2601 4183 exemplum
2620 4151 2638 4179 ,
2668 4126 2776 4181 quo
2810 4111 2998 4165 doceat
3024 4124 3144 4164 eum
3174 4102 3434 4177 majorem
3462 4122 3584 4164 esse
3605 4109 3707 4177 qui

2123 4207 2301 4261 minor
2338 4202 2518 4266 fuerit,
2563 4210 2618 4256 et
2663 4201 2811 4255 illum
2856 4200 3139 4254 Dominum
3174 4200 3290 4254 fieri
3326 4200 3419 4268 qui
3456 4190 3699 4255 omnium

2048 4330 2099 4388 Β
2125 4311 2312 4351 servus
2340 4295 2429 4349 sit.
2478 4291 2703 4346 Frustra
2738 4291 2899 4361 igitur
2927 4298 3019 4345 aut
3052 4290 3127 4362 illi
3166 4288 3521 4346 immoderata
3559 4303 3705 4358 qure-

2130 4384 2354 4447 sierant,
2386 4391 2479 4447 aut
2524 4381 2610 4436 isti
2656 4379 2837 4435 dolent
2885 4395 3046 4450 super
3096 4378 3360 4449 majorum
3408 4379 3701 4443 desiderio,

2131 4489 2253 4529 cum
2276 4474 2339 4528 ad
2359 4472 2721 4528 summitatem
2753 4474 3001 4528 virtutum
3019 4486 3123 4527 non
3140 4472 3397 4541 potentia,
3414 4472 3511 4527 sed
3524 4470 3701 4527 humi-

2131 4564 2279 4617 litate
2305 4560 2574 4618 veniatur.
2629 4562 2872 4633 Denique
2916 4562 3167 4632 proponit
3218 4560 3521 4633 exemplum
3558 4568 3617 4616 nt
3653 4561 3703 4619 si

2130 4655 2271 4711 dicta
2315 4652 2463 4723 parvi
2508 4653 2835 4723 penderent,
2883 4653 3262 4730 erubescerent
3298 4651 3376 4706 ‘ad
3417 4667 3604 4724 opera,
3648 4659 3703 4708 et

2131 4745 2260 4800 dicit
2296 4764 2308 4797 :

2202 4832 2348 4887 Sicut
2377 4832 2519 4901 ﬁlius
2542 4832 2765 4886 hominis
2787 4849 2889 4885 non
2920 4832 3056 4885 venit
3085 4831 3396 4897 ministrari,
3425 4832 3515 4884 sed
3542 4831 3697 4885 mini-

2131 4931 2319 4975 strare.
2352 4920 2485 4975 Nota
2512 4921 2655 4989 quod
2683 4920 2876 4975 crebro
2902 4920 3133 4974 diximus
3154 4934 3279 4982 eum
3304 4921 3397 4990 qui
3429 4921 3693 4983 ministret

2133 5011 2299 5065 lilium
2331 5008 2568 5079 appelari
2594 5009 2846 5064 hominis.
3372 5056 3385 5067 κ
3546 4992 3555 4997 ’

2206 5099 2271 5153 Et
2302 5100 2427 5152 dare
2469 5099 2699 5151 animam
2739 5114 2889 5151 suam
2930 5098 3331 5169 redemptionem
3366 5094 3476 5169 pro'
3498 5098 3689 5153 multis.

2137 5192 2359 5259 Quando
2387 5189 2778 5244 formam'servi
2800 5191 3033 5259 accepit,
3056 5198 3119 5245 ut
3146 5206 3246 5260 pro
3268 5192 3466 5246 mundo
3487 5190 3697 5262 sangui-

2137 5298 2258 5335 nem
2287 5281 2547 5335 funderet.
2591 5279 2657 5333 Et
2683 5294 2787 5333 non
2816 5278 2967 5345 dixit,
3004 5280 3130 5335 dare
3157 5280 3389 5334 animam
3427 5292 3577 5334 suam
3611 5293 3695 5332 re-

2138 5371 2478 5440 demptionem
2516 5384 2613 5439 pro
2648 5368 2916 5432 omnibus,
2957 5368 3050 5424 sed
3090 5368 3182 5436 pro
3226 5369 3405 5422 multis
3436 5384 3455 5421 :
3480 5382 3577 5439 pro
3616 5365 3697 5422 his

2138 5459 2228 5529 qui
2254 5452 2473 5513 credere
2498 5458 2781 5512 voluerint.

2210 5548 2343 5623 [HL]
2385 5548 2448 5603 Et
2479 5548 2858 5621 egredientibus
2896 5551 2968 5605 eis
3010 5549 3072 5602 ab
3102 5548 3314 5606 Iericho
3357 5559 3546 5606 secuta
3583 5552 3695 5601 satu
