3922 6328
211 329 232 383 t
244 326 348 381 uss

1144 326 1495 384 COMMENT.
1534 327 1604 383 ΙΝ
1641 326 2186 384 ΜΑΤΤΙΙᾸΕΗΜ.·-
2223 329 2350 384 LIB.
2390 330 2474 385 VI.

3316 341 3332 393 Ι
3343 339 3449 394 034

205 455 323 493 eum
359 440 524 492 turbis
561 437 760 504 multa},
787 448 834 493 et
877 456 991 494 ecce
1029 440 1132 495 duo
1175 442 1298 496 cwci
1345 440 1580 496 sedentes
1624 455 1773 494 secus
1800 454 1847 516 Α
1875 445 2155 506 poterant,
2184 438 2490 493 ‘audicrunt
2529 440 2796 507 prieconia
2845 440 3167 510 Salvatoris,
3216 455 3269 502 ct
3318 464 3448 504 con-

204 529 342 582 ciam
368 528 669 593 audierunt,
697 530 818 600 quia
841 531 996 585 Iesus
1021 533 1262 587 transiret
1278 549 1296 597 ;
1321 542 1370 587 et
1393 532 1771 597 clamauerunt,

204 618 434 672 dicentes
454 633 473 672 :
503 618 742 686 Domine,
770 624 1009 677 miserere
1035 623 1219 687 nostri,
1251 622 1330 691 ﬁli
1368 622 1558 676 David.
1588 620 1773 694 (Aug.)

204 707 319 765 iloc
345 719 404 765 et
451 709 662 768 Marcus
703 721 1107 777 commemorat,
1154 714 1247 768 sed
1279 714 1345 768 de
1384 728 1492 768 uno
1521 727 1665 769 casco
1690 711 1772 767 fa-

203 807 374 853 ctum.
403 798 532 866 Quae
559 801 631 856 ita
655 803 880 857 solvitur
905 803 1152 872 quaestio,
1183 811 1244 856 ut
1270 803 1358 857 illa
1390 804 1564 860 soluta
1594 811 1679 860 est
1707 804 1775 859 de

203 889 442 955 duobus,
471 891 560 962 qui
590 892 854 962 legionem
893 893 1193 947 daemonum
1231 893 1574 961 patiebantur
1603 895 1657 949 in
1689 908 1774 950 re-

203 979 362 1050 gione
406 980 801 1038 Gerasenorum
830 980 1022 1053 (Marc.
1062 981 1161 1053 ιι).
1193 980 1328 1035 Nam
1361 983 1585 1048 duorum
1609 983 1770 1038 etiam

93 1139 106 1146 δ
202 1081 490 1133 ancoram,
507 1083 643 1137 quos
663 1069 821 1124 modo
844 1069 1183 1139 interposuit,
1201 1083 1366 1122 unum
1381 1067 1545 1124 fuisse
1556 1070 1772 1126 notissi-

201 1172 373 1224 mum,
396 1165 452 1212 et
483 1157 538 1212 in
559 1158 651 1212 illa
676 1159 894 1214 civitate
924 1157 1362 1222 famosissimum,
1383 1172 1451 1212 ex
1480 1159 1582 1214 hoc
1606 1159 1770 1215 etiam

200 1247 335 1302 satis
361 1255 613 1318 apparet,
645 1247 788 1320 quod
820 1257 876 1303 et
901 1263 1097 1304 nomen
1125 1249 1239 1317 ejus
1258 1289 1272 1312 ,
1308 1255 1363 1302 et
1386 1262 1578 1303 nomen
1604 1250 1774 1318 patris

199 1333 320 1403 ejus
341 1335 554 1392 Marcus
573 1338 1033 1392 commemoravit.
1057 1337 1208 1405 Quod
1235 1338 1290 1392 in
1316 1346 1393 1393 tot
1417 1340 1665 1409 superius
1693 1355 1774 1394 sa-

198 1424 344 1478 natis
371 1439 402 1478 a
423 1425 649 1482 Domino
672 1441 777 1491 non
810 1425 964 1482 facile
992 1427 1244 1504 occurrit,
1284 1428 1386 1484 nisi
1415 1443 1538 1483 cum
1565 1426 1772 1482 Jairum

199 1513 684 1586 archisynagogum
761 1517 924 1572 ctiam
981 1518 1198 1573 nomine
1263 1519 1568 1588 expressit,
1620 1518 1774 1589 cujus

197 1605 369 1661 ﬁliam
416 1596 755 1665 resu'scitavit
796 1609 971 1666 Jesus.
1016 1612 1216 1689 lnquo
1259 1613 1421 1667 etiam
1461 1613 1635 1685 magis
1671 1613 1774 1669 iste

195 1711 391 1754 sensus
415 1708 657 1770 apparet,
680 1702 806 1771 quia
836 1711 892 1757 et
920 1702 1008 1756 ille
1030 1703 1484 1776 archisynagogus
1508 1705 1694 1776 utique
1716 1705 1769 1760 in

195 1787 318 1843 loco
348 1789 440 1846 illo
464 1790 660 1846 nobilis
681 1789 801 1845 fuit.
845 1792 1039 1860 Procul
1060 1793 1220 1848 dubio
1242 1795 1422 1865 itaque
1449 1794 1767 1851 Bartimaeus
1797 1799 1842 1858 Β

196 1878 289 1934 ille
322 1896 483 1950 quem
525 1881 739 1937 Marcus
777 1892 1177 1948 commemorat,
1213 1885 1383 1940 Timei
1410 1885 1550 1942 ﬁlius
1576 1902 1643 1942 ex
1670 1887 1768 1942 ali-

193 1985 304 2040 qua
331 1986 527 2042 magna
548 1972 802 2029 felicitate
827 1973 1085 2044 dejectus,
1114 1976 1412 2032 notissimae
1441 1986 1496 2033 et
1525 1977 1771 2034 famosis-

192 2061 350 2118 simae
395 2065 625 2120 miseria:
663 2065 783 2132 fuit,
829 2066 955 2137 quia
1001 2084 1106 2123 non
1145 2069 1318 2124 solum
1355 2084 1548 2137 caecus,
1583 2085 1770 2126 verum

192 2154 362 2209 etiam
388 2155 664 2212 mendicus
700 2158 937 2214 sedebat.
975 2158 1112 2215 Hinc
1138 2167 1220 2215 est
1243 2174 1390 2231 ergo,
1421 2161 1563 2230 quod
1595 2161 1769 2231 ipsum

188 2243 374 2298 solum
394 2244 562 2300 voluit
587 2261 1014 2304 commemorare
1039 2247 1250 2304 Marcus
1268 2289 1283 2316 ,
1314 2251 1466 2321 cujus
1496 2250 1768 2306 illumina-

194 2334 275 2389 tio
306 2342 417 2388 tam
461 2335 664 2392 claram
707 2336 908 2393 famam
951 2339 1078 2395 huic
1120 2339 1383 2396 miraculo
1415 2342 1766 2412 comparavit,

191 2440 361 2495 quam
390 2434 507 2481 erat
547 2427 691 2484 illius
734 2438 864 2512 nota
899 2430 1197 2486 calamitas.
1244 2431 1512 2504 (Hierom)
1553 2433 1769 2492 Iericho

191 2528 226 2566 u
236 2512 328 2568 rbs
341 2521 442 2580 est,
464 2530 624 2585 quam
635 2558 649 2583 ,
670 2514 903 2573 Iordane
926 2522 1281 2589 tranSgresso,
1302 2520 1565 2578 subvertit
1579 2520 1766 2591 Josue,

191 2617 326 2674 rege
372 2603 512 2661 illius
568 2606 850 2663 interfecto
898 2607 1033 2680 (los.
1090 2607 1189 2682 vr),
1223 2624 1321 2680 pro
1367 2625 1471 2680 qua
1501 2613 1770 2669 exstruxit

191 2693 358 2747 aliam
387 2695 541 2750 Ahiel
570 2697 636 2751 de
666 2697 852 2753 Bethel
886 2703 962 2754 ’ex
1009 2700 1153 2755 tribu
1192 2701 1446 2769 Ephraim
1485 2701 1604 2774 (III
1633 2704 1764 2776 Reg.

190 2781 332 2853 xvi),
365 2798 526 2851 quam
572 2787 830 2852 Dominus
866 2798 1026 2858 atque
1065 2790 1311 2846 Salvator
1340 2805 1438 2846 sua
1481 2796 1769 2862 praesentia

193 2875 468 2932 illustrare
497 2877 743 2948 dignatus
771 2889 873 2936 est.
909 2881 1015 2936 Sed
1052 2892 1106 2938 et
1134 2885 1248 2940 haec
1274 2899 1340 2941 eo
1370 2894 1633 2962 tempore,
1661 2901 1768 2956 quo

190 2962 492 3019 Jerusalem
533 2968 941 3038 Oppugnabatur
964 2985 994 3024 a
1030 2971 1303 3039 Romanis,
1344 2983 1561 3045 propter
1601 2973 1768 3044 perﬁ-

190 3051 342 3106 diam
370 3053 566 3108 civium
607 3065 763 3124 capta
789 3067 948 3125 atque
977 3059 1277 3124 destructa,
1314 3077 1420 3131 qua
1445 3063 1604 3117 tertia
1633 3063 1764 3117 tedi—

191 3140 358 3196 fic'ata
403 3153 486 3197 est
532 3144 740 3209 civitas,
786 3161 906 3215 quae
948 3145 1106 3202 hodie
1152 3163 1324 3219 usque
1358 3158 1658 3219 permanet,
1713 3159 1768 3206 et
1795 3138 1840 3200 C

190 3235 554 3289 ostenduntur
579 3236 856 3305 utriusque
891 3237 1040 3292 urbis
1063 3239 1285 3310 vestigia
1320 3255 1492 3309 usque
1534 3239 1590 3296 in
1627 3256 1766 3312 pra:-

193 3333 403 3380 sentem
431 3326 591 3380 diem.
619 3324 833 3381 Jericho
867 3335 1044 3382 autem
1066 3367 1081 3392 ,
1110 3343 1229 3398 quae
1258 3330 1603 3401 interpretari
1629 3331 1763 3387 dici-

193 3422 286 3468 tur
310 3413 436 3467 luna
459 3455 475 3479 ,
507 3414 771 3469 defectum
799 3424 998 3472 nostrae
1025 3419 1396 3497 mutabilitatis
1431 3435 1495 3476 ac
1523 3421 1765 3477 mortali-

191 3506 324 3561 tatis
348 3505 634 3578 signiﬁcat.
659 3507 810 3575 Quod
832 3523 899 3563 ex
929 3509 1017 3565 illa
1047 3511 1284 3566 maxime
1307 3509 1578 3582 Evangelii
1607 3527 1766 3582 para-

188 3597 317 3650 bola
349 3596 561 3663 claruit,
592 3597 681 3652 ubi
721 3598 873 3653 homo
911 3599 1221 3655 descendens
1270 3600 1335 3654 ab
1366 3599 1665 3664 Jerusalem
1709 3602 1766 3656 in

187 3682 404 3739 Jericlto
432 3687 612 3740 incidit
639 3688 693 3741 in
734 3687 961 3744 latrones
986 3689 1135 3762 (Luc.
1174 3689 1250 3762 x),
1281 3699 1335 3750 et
1365 3690 1672 3747 vulneratus
1698 3691 1767 3748 ab

189 3775 274 3829 eis
301 3789 366 3829 ac
389 3775 736 3845 dispoliatus,
777 3792 874 3848 per
908 3778 1049 3848 piam
1082 3777 1407 3834 Samaritani
1446 3780 1766 3836 industriam

192 3867 260 3921 ad
290 3865 515 3921 salutem
564 3878 845 3924 revocatus
875 3878 977 3936 est,
1010 3873 1134 3941 quia
1169 3871 1422 3926 nimirum
1464 3887 1633 3943 genus
1668 3873 1769 3928 hu-

191 3972 414 4011 manum
440 3971 470 4011 a
501 3959 702 4014 visione
743 3975 966 4016 summa:
987 3962 1140 4032 pacis
1181 3963 1233 4016 in
1274 3963 1536 4019 desideria
1582 3964 1766 4022 saeculi

144 4047 149 4050 ’
190 4042 356 4111 hujus
391 4044 510 4099 labe
539 4047 815 4102 mortifera
844 4047 1095 4104 decidens
1122 4064 1218 4119 per
1243 4049 1528 4107 Dominum
1575 4051 1764 4108 Salva-

193 4146 367 4191 torem
397 4138 464 4193 ad
494 4138 654 4193 vitam
685 4157 845 4210 quam
868 4143 1098 4198 errando
1126 4145 1448 4213 perdiderat,
1471 4147 1761 4203 reducitur.

192 4225 345 4280 Multi
389 4226 627 4284 latrones
659 4239 815 4285 erant
852 4231 906 4286 in
935 4231 1181 4300 Jericbo,
1217 4235 1315 4315 gui
1351 4237 1688 4307 egredientes
1713 4247 1769 4294 et

192 4316 582 4374 descendentes
620 4320 685 4375 de
720 4319 1103 4392 Hierosolymis
1151 4324 1454 4382 interﬁcere
1493 4335 1547 4383 et
1583 4328 1767 4384 vulne-

193 4421 320 4462 rare
371 4417 716 4464 consuerant.
779 4410 981 4466 ldcirco
1029 4403 1286 4469 Dominus
1343 4416 1490 4470 venit
1545 4415 1765 4473 Jcricho

193 4511 316 4552 cum
345 4497 620 4566 discipulis
645 4499 780 4565 suis,
807 4506 866 4554 ut
895 4499 1083 4556 liberet
1107 4503 1432 4570 vulneratos,
1458 4513 1514 4560 et
1540 4505 1764 4561 multam
1793 4480 1843 4539 D

193 4589 410 4642 turbam
437 4603 618 4643 secum
653 4590 846 4643 trahat.
889 4591 1126 4661 Denique
1153 4602 1434 4663 postquam
1461 4597 1640 4666 egredi
1667 4611 1764 4652 vo-

193 4678 294 4732 luit
322 4676 557 4743 Jericho,
585 4687 766 4733 secuta
788 4687 871 4735 est
895 4695 1016 4734 eum
1049 4683 1202 4735 turba
1239 4683 1435 4745 multa;
1465 4685 1510 4739 si
1537 4687 1767 4741 mansis-

193 4776 277 4823 set
303 4765 669 4838 Jerosolymis,
699 4777 752 4823 et
795 4785 1069 4840 nunquam
1098 4772 1166 4824 ad
1207 4772 1428 4826 humilia
1458 4774 1766 4829 descendis-

191 4869 298 4926 set,
354 4860 509 4916 turba
554 4876 723 4931 usque
777 4862 935 4918 hodie
971 4863 1182 4918 sederet
1223 4864 1278 4917 in
1325 4866 1562 4921 tenebris
1607 4874 1662 4920 ct
1710 4867 1764 4921 in

192 4953 384 5006 umbra
420 4951 626 5007 mortis.
684 4951 791 5007 Sed
834 4961 888 5008 et
925 4953 1028 5008 duo
1063 4955 1185 5008 carri
1224 4965 1371 5009 erant
1412 4956 1567 5026 juxta
1606 4959 1766 5012 viam.

190 5039 378 5095 Crecos
405 5042 657 5112 appellat,
685 5045 776 5113 qui
801 5046 1027 5100 necdum
1058 5055 1304 5116 poterant
1326 5048 1502 5123 dicgre
1533 5068 1546 5104 :
1583 5049 1652 5105 In
1687 5051 1769 5104 lu-

192 5133 331 5185 mine
364 5142 452 5185 tuo
487 5134 772 5190 videbimus
811 5136 984 5191 lumen
1021 5137 1191 5206 (Psal.
1225 5142 1406 5211 xxxv).
1438 5140 1599 5197 Secus
1631 5144 1766 5198 viam

191 5223 344 5286 dicit,
369 5223 493 5292 quia
528 5225 844 5281 videbantur
873 5230 1086 5297 quidem
1116 5231 1246 5302 legis
1272 5232 1472 5288 habere
1497 5236 1763 5301 notitiam,

192 5313 288 5367 scd
312 5313 476 5379 viam,
504 5331 624 5385 qua:
654 5315 900 5371 Christus
925 5328 1029 5386 est,
1061 5319 1404 5391 ignorabant;
1430 5339 1564 5394 quos
1599 5326 1762 5395 pleri-

191 5418 299 5471 que
333 5402 634 5460 Pharisaeos
677 5405 981 5477 intelligunt
1018 5419 1073 5464 et
1109 5411 1446 5468 Sadducmos.
1499 5415 1602 5469 Alii
1639 5432 1763 5473 vero

192 5505 481 5563 utrumque
517 5497 765 5565 populum
785 5538 799 5562 ,
835 5507 890 5553 et
922 5499 1128 5558 Veteris
1166 5503 1491 5561 Testamenti
1521 5517 1575 5562 et
1606 5508 1758 5576 Novi,

195 5589 338 5657 quod
369 5587 502 5641 alter
527 5589 782 5659 scriptam
821 5591 1010 5660 legem,
1041 5595 1177 5649 alter
1205 5598 1501 5652 naturalem
1529 5615 1762 5670 sequens

194 5682 313 5736 sine
341 5679 554 5734 Christo
591 5694 764 5735 cmeus
808 5691 943 5736 erat.
998 5683 1059 5738 lli
1090 5686 1179 5754 qui
1217 5702 1313 5758 per
1353 5703 1409 5743 se
1439 5689 1620 5745 videre
1655 5707 1760 5748 non

518 5775 788 5837 ΡΑτιιοῐ..
845 5775 1031 5839 CVII.

1875 527 2002 584 fessi
2051 539 2177 586 sunt
2234 529 2403 584 fdium
2456 530 2644 586 David.
2688 531 3066 594 Proﬁciscente
3123 539 3286 610 igitur
3342 541 3447 595 Do-

1874 619 2023 676 mino
2060 628 2114 676 et
2161 620 2433 691 discipulis
2463 620 2601 690 ejus,
2639 628 2696 676 et
2740 621 2966 691 plurima
3009 626 3346 683 multitudine
3386 631 3480 685 de‘

1873 706 2109 775 Jericho,
2143 710 2248 764 duo
2273 710 2402 765 casei
2421 708 2579 778 juxta
2602 710 2743 766 viam
2786 714 3076 781 sedebant;
3105 718 3228 785 quia
3255 734 3450 774 ascen-

1874 798 2034 855 dente
2062 799 2130 855 ad
2154 800 2323 856 caelos
2352 801 2596 865 Domino,
2625 809 2685 856 et
2711 801 2895 858 multis
2920 801 3156 859 ﬁdelium
3182 810 3451 877 sequenti-

1872 892 1994 959 bus,
2031 891 2140 948 imo
2182 894 2494 965 cunctisab
2534 894 2688 950 initio
2733 896 2920 952 mundi
2949 896 3141 954 electis
3180 915 3286 956 una
3330 916 3451 958 cum

1873 979 1964 1037 illo
1981 982 2205 1052 januam
2234 984 2386 1056 regni
2416 983 2654 1041 ctelestis
2683 985 3127 1060 ingredientibus,
3157 1007 3281 1050 mox
3309 1003 3455 1052 uter-

1872 1084 1976 1139 que
2004 1072 2231 1142 populus
2259 1073 2349 1129 diu
2378 1073 2603 1144 perﬁdia
2622 1091 2801 1132 caecus
2826 1080 3010 1135 audito
3033 1079 3329 1161 Salvatoris
3354 1087 3454 1142 ad-

1871 1171 2034 1217 ventu
2070 1173 2351 1233 coeperunt
2385 1173 2442 1221 et
2471 1166 2574 1237 ipsi
2608 1182 2720 1223 suae
2757 1169 2947 1226 salutis
2981 1179 3142 1243 atque
3182 1175 3456 1233 illumina-

1873 1252 2034 1309 tionis
2065 1269 2216 1324 spem
2255 1254 2485 1323 habere,
2512 1265 2674 1328 atque
2703 1259 3051 1331 inquisitione
3083 1264 3336 1321 desiderii
3361 1283 3450 1322 sa-

1871 1341 2060 1400 lutaris
2098 1344 2167 1399 ad
2203 1346 2307 1402 hoc
2345 1350 2630 1418 pervenire
2679 1351 3030 1420 studuerunt,
3058 1363 3120 1410 ut
3157 1357 3278 1427 quis
3313 1369 3455 1416 esset

1874 1445 2032 1488 verus
2059 1435 2337 1507 religionis
2358 1439 2533 1494 cultus
2566 1440 2941 1514 investigando
2968 1448 3365 1516 perquirerent.

1946 1563 2119 1620 Turba
2131 1579 2304 1624 autem
2321 1572 2738 1642 increpabateos,
2762 1585 2820 1630 ut
2835 1586 3082 1634 tacerent.
3105 1579 3173 1634 At
3190 1580 3272 1636 illi
3284 1566 3450 1654 magis

1874 1650 2188 1721 clamabant,
2215 1656 2440 1714 dicentes
2460 1675 2479 1712 :
2506 1660 2744 1728 Domine,
2767 1665 3008 1721 miserere
3028 1669 3214 1734 nostri,
3237 1670 3318 1738 ﬁli
3338 1650 3449 1725 Da-

1873 1744 1979 1798 vid.
1994 1744 2477 1815 Oportebatautem
2495 1761 2555 1808 ut
2570 1761 2677 1809 tam
2687 1755 2778 1810 diu
2800 1756 3116 1826 clamarent,
3130 1761 3301 1818 donec
3321 1762 3456 1819 resi-

1870 1835 2062 1890 stentis
2101 1836 2208 1892 sibi
2252 1839 2422 1896 turbas
2462 1844 2746 1914 strepitum
2782 1847 3090 1909 vincerent.
3115 1849 3168 1905 id
3205 1861 3306 1917 est,
3341 1861 3450 1906 tam
3520 1872 3533 1877 ’

1866 1935 2278 1997 perseveranter
2300 1930 2639 1990 intenderent
2662 1937 2901 1993 animum
2921 1943 3125 1997 orando
3147 1949 3308 2012 atque
3332 1945 3452 2015 pul-

1869 2017 2057 2085 sando,
2088 2033 2368 2092 quousque
2409 2027 2796 2084 consuetudine
2829 2029 3218 2087 desideriorum
3256 2048 3453 2089 carna-

1869 2104 2022 2172 lium,
2045 2123 2165 2179 qua:
2195 2119 2449 2183 tanquam
2477 2115 2632 2171 turba
2655 2116 2917 2189 obstrepit
2943 2122 3254 2192 cogitationi
3281 2124 3452 2182 lucem

1870 2199 2115 2257 veritatis
2140 2209 2359 2261 aeternae
2383 2206 2567 2275 videre
2592 2210 2828 2278 conanti,
2866 2212 3145 2285 velipsam
3174 2215 3451 2272 hominum

1871 2291 2166 2348 carnalium
2233 2295 2450 2352 turbam
2509 2299 2690 2355 studia
2757 2302 3021 2372 spiritalia
3077 2305 3454 2375 impedientem

1871 2378 2165 2438 fortissima
2211 2384 2511 2443 intentione
2556 2399 2896 2461 superarent.
2944 2391 3236 2452 Audientes
3267 2395 3451 2454 Jesum

1868 2469 1997 2524 caeci
2027 2472 2273 2529 misereri
2298 2476 2381 2531 sui
2411 2487 2720 2548 precantur,
2755 2493 2856 2537 nec
2876 2482 3068 2541 multis
3106 2485 3232 2542 licet
3262 2489 3451 2557 prohi-

1867 2559 2118 2618 bentibus
2139 2577 2170 2618 a
2209 2563 2490 2624 clamando
2512 2569 2810 2638 desistunt,
2836 2574 2962 2643 quia
2993 2575 3179 2648 popdli
3209 2580 3450 2649 gentium

1868 2654 2050 2724 agnita
2095 2654 2242 2712 fama
2282 2659 2518 2715 nominis
2564 2659 2767 2718 Christi
2824 2665 3114 2735 participes
3164 2664 3284 2735 ejus
3335 2668 3452 2726 ﬁeri

1869 2743 2202 2813 quaerebant.
2259 2746 2718 2806 Contradicebant
2751 2752 2908 2807 multi
2935 2771 2948 2806 :
2980 2755 3158 2824 primo
3187 2755 3358 2813 Judaei
3394 2768 3454 2814 ut

1866 2828 1924 2884 in
1961 2831 2185 2889 Actibus
2215 2829 2580 2904 apostolorum
2603 2837 2862 2910 legimus;
2900 2842 3092 2899 deinde
3123 2845 3286 2901 etiam
3315 2862 3448 2918 gen-

1871 2918 1995 2974 tiles
2021 2921 2218 2977 acriori
2261 2938 2328 2979 ac
2370 2923 2584 2981 fortiori
2614 2931 2992 2998 persecutione
3030 2933 3338 3004 frequenter
3369 2939 3448 2994 iu-

1871 3009 2110 3078 stabant,
2125 3025 2192 3067 ne
2209 3011 2592 3071 illuminandus
2612 3012 2988 3090 sanandusque
3007 3020 3279 3080 Christum
3301 3042 3455 3084 mun-

1873 3099 1973 3155 dus
2015 3101 2307 3157 invocaret.
2349 3101 2461 3159 Nec
2507 3112 2687 3162 tamen
2722 3122 2835 3175 eos,
2875 3111 2966 3181 qui
2994 3107 3062 3172 ad
3099 3113 3264 3170 vitam
3299 3130 3458 3174 erant

1869 3191 2212 3262 praeordinati
2260 3205 2541 3266 mtemam,
2583 3211 2818 3256 vesanus
2850 3201 3276 3274 impugnautium
3305 3207 3456 3267 furor

1869 3281 2128 3352 disposita
2155 3282 2363 3339 valebat
2392 3285 2565 3342 salute
2587 3288 2820 3358 privare.

1938 3430 2007 3486 Et
2036 3434 2173 3488 stetit
2200 3433 2356 3490 Jesus
2397 3444 2446 3491 et
2475 3441 2676 3494 vocavit
2711 3457 2798 3497 eos
2819 3483 2834 3509 ,
2873 3454 2921 3498 et
2955 3445 3030 3499 ait
3059 3460 3078 3498 :
3115 3447 3257 3513 Quid
3294 3451 3450 3507 vultis

1868 3535 1925 3580 ut
1957 3525 2152 3596 faciant
2196 3529 2375 3584 vobis?
2405 3529 2599 3585 Dicunt
2638 3531 2751 3586 illi:
2779 3533 3030 3603 Domine,
3056 3545 3112 3591 ut
3143 3539 3453 3608 aperiantur

1867 3615 2005 3670 oculi
2054 3620 2234 3672 nostri.
2290 3618 2557 3693 (Hieron.)
2596 3619 2735 3677 Caci
2775 3633 2952 3690 erant,
3003 3639 3111 3696 quo
3157 3638 3450 3700 pergerent

1868 3705 2222 3776 ignorabant,
2266 3709 2418 3779 sequi
2445 3725 2553 3765 non
2579 3720 2827 3782 poterant
2866 3714 3222 3773 Salvatorem.
3274 3719 3478 3777 Multas.

1868 3795 2034 3852 fovea
2064 3797 2118 3852 in
2150 3797 2398 3866 Jericho,
2444 3801 2627 3857 multa:
2655 3817 2818 3874 rupes
2844 3813 2900 3860 et
2925 3816 3215 3879 prmrupta.
3247 3807 3450 3865 Idcirco

1867 3885 2125 3942 Dominus
2153 3894 2295 3954 stat,
2326 3897 2388 3944 ut
2417 3890 2603 3946 venire
2627 3893 2866 3961 possint,
2894 3903 2951 3952 et
2972 3898 3154 3952 vocari
3179 3897 3350 3968 jubet,
3381 3913 3451 3954 ne

1869 3975 2038 4031 turbae
2081 3975 2407 4046 prohibeant
2451 3997 2463 4032 :
2519 3988 2574 4034 et
2617 3981 2936 4055 interrogat,
2989 3985 3147 4055 quasi
3197 3987 3451 4059 ignorans

1866 4066 1995 4136 quid
2029 4067 2226 4134 velint,
2264 4077 2326 4123 ut
2361 4083 2428 4125 ex
2473 4070 2815 4129 confessione
2856 4089 3123 4131 caecorum
3165 4078 3450 4139 manifesta

1866 4155 2113 4212 debilitas
2141 4166 2341 4228 pateat,
2391 4168 2447 4214 et
2490 4160 2666 4216 virtus
2694 4177 2762 4218 ex
2800 4165 3040 4221 remedio
3067 4177 3441 4236 cognoscatur.

1868 4244 2071 4319 (Greg.)
2123 4248 2261 4304 Ecce
2295 4258 2400 4305 stat
2427 4251 2519 4319 qui
2549 4259 2673 4307 ante
2715 4255 2997 4310 transibat.
3027 4255 3142 4323 Qua
3178 4257 3232 4311 in
3261 4273 3320 4313 re
3352 4259 3450 4313 ali-

1867 4339 1994 4411 quid
2020 4340 2175 4395 nobis
2207 4339 2463 4396 Dominus
2489 4341 2696 4408 innuit,
2736 4345 2877 4414 quod
2908 4346 3132 4418 intelligi
3161 4348 3226 4403 de
3257 4350 3448 4404 huma-

1869 4430 2037 4485 nitate
2071 4439 2233 4500 atque
2259 4432 2539 4488 divinitate
2574 4433 2719 4489 illius
2747 4436 2951 4492 utiliter
2976 4439 3162 4508 possit.
3196 4439 3446 4496 Claman-

1871 4530 1976 4576 tem
2016 4523 2446 4578 etenimeecum
2495 4526 2761 4581 transiens
2790 4528 3012 4593 audivit,
3049 4529 3140 4584 sed
3175 4538 3325 4587 stans
3356 4533 3450 4587 mi-

1869 4609 2109 4665 raculum
2168 4611 2571 4668 illuminationis
2622 4615 2883 4670 exhibuit.
2948 4617 3085 4684 Quid
3143 4629 3225 4675 est
3269 4630 3445 4676 autem

1869 4701 2196 4756 transeundo
2252 4700 2456 4766 audire,
2511 4704 2703 4758 stando
2755 4704 2933 4761 lumen
2985 4707 3295 4776 restituere,
3343 4712 3447 4766 nisi

1869 4792 2010 4858 quod
2033 4807 2128 4862 per
2152 4792 2536 4849 humanitatem
2562 4811 2715 4851 suam
2741 4797 2997 4854 misertus
3017 4807 3117 4866 est,
3141 4802 3231 4873 qui
3253 4818 3349 4872 per
3369 4805 3448 4859 di-

1870 4883 2107 4939 vinitatis
2135 4886 2429 4955 potentiam
2458 4903 2488 4941 a
2519 4889 2675 4944 nobis
2717 4891 2912 4945 mentis
2949 4899 3148 4948 nostra:
3190 4897 3446 4951 tenebras

1870 4974 2130 5029 exclusit?
2158 4975 2308 5043 Quod
2331 4977 2475 5032 enim
2497 4988 2714 5048 propter
2734 4995 2832 5034 nos
2857 4988 3016 5036 natus
3045 4990 3097 5036 et
3127 4997 3318 5052 passus
3341 4995 3444 5051 est,

1869 5064 2010 5132 quod
2062 5067 2375 5132 resurrexit,
2427 5069 2670 5122 ascendit
2722 5069 2774 5122 in
2829 5069 3048 5136 caelum,
3091 5072 3189 5152 qui
3235 5075 3448 5129 transiit

1867 5151 2044 5221 Jesus,
2073 5156 2200 5223 quia
2237 5158 2350 5211 hazc
2385 5158 2636 5212 nimirum
2673 5161 2817 5216 actio
2846 5163 3159 5232 temporalis
3197 5173 3318 5230 est;
3349 5170 3442 5222 sed

1866 5250 2018 5297 stans
2043 5259 2240 5298 aecum
2278 5246 2624 5314 illuminavit,
2663 5250 2788 5320 quia
2810 5266 2915 5306 non
2943 5253 3082 5306 sicut
3111 5252 3198 5307 illa
3224 5255 3440 5326 dispen-

1869 5335 2006 5389 satio
2047 5337 2378 5404 temporalis,
2424 5337 2498 5392 ita
2537 5341 2686 5395 verbi
2733 5342 3008 5397 aeternitas
3044 5345 3288 5410 transiit,
3320 5361 3441 5414 quae

1869 5422 1922 5476 in
1962 5439 2018 5479 se
2046 5441 2265 5481 manens
2294 5429 2508 5484 innovat
2535 5433 2736 5486 omnia.
2770 5431 2927 5486 Stare
2956 5433 3097 5487 enim
3122 5433 3218 5488 Dei
3246 5445 3328 5489 est
3351 5437 3436 5489 in-

1868 5519 2230 5573 commutabili
2259 5520 2584 5591 cogitatione
2612 5524 2885 5579 mutabilia
2907 5534 3101 5580 cuncla
3131 5526 3434 5593 disponere.

1869 5607 1968 5673 Qui
2001 5624 2127 5678 ergo
2153 5626 2314 5666 voces
2341 5623 2585 5684 petentes
2615 5618 2881 5674 transiens
2910 5618 3140 5684 audivit,
3170 5627 3318 5672 stans
3352 5619 3434 5673 lu-

1867 5712 1986 5753 men
2013 5700 2273 5768 reddidit,
2313 5705 2437 5775 quia
2464 5708 2562 5762 etsi
2599 5716 2814 5777 propter
2838 5724 2938 5764 nos
2964 5708 3272 5779 temporalia
3313 5723 3428 5779 per-

2923 5799 2999 5859 33
