3922 6326
456 271 610 332 ,θυιιίῦ

471 391 622 453 tulit,
651 390 702 445 in

472 478 844 532 mutabilitatis
876 479 1160 532 transitum
1196 481 1386 532 nescit.

542 567 786 622 .lliscrtus
812 579 982 622 autem
1011 586 1187 621 eorum
1217 569 1369 622 Jcsus
1394 609 1407 634 ,
1441 570 1600 638 tetigit
1630 569 1802 622 oculos
1830 585 2031 633 eorum,

468 671 514 713 ct
545 659 815 726 confestim
846 659 1104 723 uiderunt,
1147 667 1192 712 ct
1230 658 1390 711 secuti
1434 668 1551 712 sunt
1586 675 1721 712 eum.
1766 656 2031 728 (llicron.)

469 748 667 818 Tangit
711 747 913 812 oculos,
947 755 1001 802 et
1031 755 1250 816 praestat
1287 746 1476 802 artifex
1514 746 1653 817 quod
1689 754 1883 800 natura
1928 761 2032 802 nou

469 836 710 890 dederat.
761 835 867 889 Aut
905 844 1050 890 certe
1085 836 1226 905 quod
1256 836 1502 891 debilitas
1531 836 1756 901 tulerat,
1789 836 1952 890 donat
1980 836 2032 890 in

471 929 856 983 misericordia.
912 926 1211 997 Statimque
1257 927 1540 994 viderunt,
1592 936 1646 984 et
1693 927 1862 982 secuti
1911 935 2036 983 sunt

469 1033 613 1073 erunt.
648 1019 746 1084 Qui
780 1027 903 1074 ante
939 1019 991 1072 in
1033 1017 1246 1074 Jericho
1267 1058 1280 1082 ,
1317 1018 1406 1087 qui
1437 1026 1559 1072 ante
1589 1018 1848 1074 contracti
1885 1017 2034 1072 sede-

469 1108 619 1172 bant,
650 1117 704 1161 et
731 1108 962 1162 clamare
988 1116 1193 1162 tantum
1222 1116 1493 1168 noverant,
1526 1116 1709 1177 postea
1739 1116 2037 1177 sequuntur

405 1245 414 1252 .
467 1199 669 1266 Jesum,
718 1218 824 1255 non
869 1210 976 1255 tam
1013 1201 1234 1270 pedibus
1276 1214 1436 1268 quam
1483 1196 1789 1252 virtutibus.
1830 1194 2033 1268 (Greg.)

471 1289 626 1345 Videt
652 1299 706 1344 et
731 1292 970 1359 sequitur
988 1288 1192 1352 Jesum,
1219 1289 1310 1358 qui
1340 1286 1557 1351 bonum,
1584 1287 1726 1356 quod
1764 1285 2028 1353 intelligit,

466 1387 737 1447 operatur.
769 1377 924 1455 Yidet
950 1385 1151 1440 autem,
1179 1377 1271 1431 sed
1300 1390 1403 1430 non
1432 1376 1694 1443 sequitur,
1720 1373 1811 1442 qui
1837 1371 2034 1426 bonum

465 1470 677 1540 quidem
714 1467 994 1538 intelligit,
1037 1467 1130 1522 sed
1156 1466 1291 1520 bene
1321 1465 1530 1535 operari
1557 1463 1853 1518 contemnit
1891 1479 1905 1516 :
1947 1459 2036 1516 Jev

467 1572 586 1612 sum
636 1556 780 1610 enim
827 1557 1106 1624 sequitur,
1159 1554 1250 1623 qui
1297 1553 1556 1606 imitatur.
1617 1549 1754 1604 lliuc
1805 1564 2037 1618 namque

465 1647 627 1704 dicit:
659 1645 716 1700 Si
733 1648 849 1717 quis
883 1646 1009 1699 mihi
1033 1645 1314 1709 ministrat,
1343 1659 1423 1697 me
1445 1650 1690 1711 sequatur
1713 1638 1892 1712 (Ioan.
1917 1639 2034 1710 xu).

1104 270 1158 321 Β.
1205 270 1452 323 Mlti.“
1496 267 1704 322 .\l.\lil‘tl
1746 263 2060 320 AlllllllEl’.
2107 265 2407 335 HUCUNT.
2452 266 2731 323 Ol’EllUM
2771 269 2947 325 PARS
2987 272 3024 324 Ι.

813 397 988 442 tamen
1029 389 1182 443 nobis
1218 390 1386 443 lucem
1419 389 1632 452 tribuit,
1672 389 1811 442 unde
1846 388 2043 441 habere
2071 389 2118 446 Α
2144 400 2339 456 ponunt
2369 406 2481 442 eam
2520 390 2612 442 sub
2645 390 2816 442 modio
2858 389 3070 458 (.llattlt.
3099 395 3181 460 v);
3213 391 3336 460 quia
3375 390 3520 443 idem
3553 406 3715 445 mons

3569 278 3707 332 103ἱί

2137 475 2343 540 Oliveti,
2393 477 2444 530 id
2480 486 2562 533 est
2599 492 2840 531 summus
2874 478 3188 545 spiritalium
3237 480 3564 534 distributor
3589 493 3713 546 grao

2134 568 2328 620 tiarum
2365 607 2380 632 ,
2412 569 2500 636 qui
2546 569 2817 622 civitatem
2848 583 3035 630 suam,
3075 577 3133 620 ut
3179 571 3443 636 emineat,
3474 569 3709 633 exaltat,

2133 657 2271 712 hanc
2299 673 2510 727 quoque
2528 659 2644 714 oleo
2678 659 3068 721 exsultationis,
3099 667 3158 712 ut
3189 658 3366 715 lucere
3393 660 3594 732 possit,
3632 660 3713 713 in-

2133 749 2391 814 tlammat,
2426 754 2482 805 et
2509 750 2637 819 quia
2688 751 2828 806 idem
2877 750 3056 804 lumen
3088 751 3188 804 sub
3234 753 3412 807 modio
3447 753 3584 823 poni
3618 767 3711 808 no-

2134 835 2250 900 luit,
2273 837 2529 893 continuo
2551 839 2876 909 evangelista
2904 837 3176 907 subiunxit

2208 927 2350 981 Tunc
2383 929 2536 984 Jesus
2576 931 2716 985 misit
2745 930 2876 984 duos
2907 927 3190 998 discipulos
3211 969 3226 994 ,
3264 929 3441 985 dicens
3473 933 3553 984 eis
3580 949 3600 986 :
3632 930 3713 985 Ite

2134 1019 2189 1070 in
2223 1018 2493 1072 castellum
2521 1021 2663 1090 quod
2689 1030 2868 1075 contra
2897 1036 2982 1076 uos
3011 1030 3106 1074 est.
3142 1019 3284 1074 Misit
3310 1021 3441 1074 duos
3470 1022 3711 1089 discipu-

2134 1107 2215 1162 los
2250 1109 2303 1163 in
2343 1111 2623 1165 castellum
2648 1151 2661 1176 ,
2701 1112 2842 1182 quod
2877 1118 3062 1166 contra
3091 1124 3185 1165 eos
3209 1118 3353 1176 erat,
3406 1111 3458 1164 id
3489 1121 3579 1164 est
3613 1113 3710 1165 do-

2136 1204 2343 1262 ctores,
2382 1199 2473 1268 qui
2516 1201 2729 1255 indocta
2768 1214 2832 1255 ac
2868 1200 3096 1256 barbara
3139 1200 3301 1255 totius
3337 1200 3487 1255 orbis
3525 1199 3710 1253 littora

2135 1290 2290 1358 quasi
2320 1291 2669 1360 contrapositi
2699 1290 2901 1346 castelli
2935 1293 3132 1346 mtenia
3167 1290 3591 1360 cvangelizando
3621 1304 3702 1358 pe

2139 1386 2444 1442 netrarent,
2475 1379 2747 1434 destinare
2774 1381 3001 1435 curavit.
3035 1364 3204 1442 Recte
3232 1389 3411 1436 autem
3441 1381 3553 1435 duo
3582 1378 3710 1433 mit-

2139 1474 2348 1531 tuntur,
2381 1467 2497 1523 sive
2530 1476 2750 1538 propter
2783 1470 3065 1530 scientiam
3098 1472 3373 1537 veritatis,
3408 1480 3465 1525 et
3498 1469 3710 1524 mundi-

2140 1557 2267 1612 tiam
2305 1556 2485 1626 operis
2506 1597 2520 1622 ,
2562 1557 2676 1613 sive
2708 1568 2927 1629 propter
2963 1561 3191 1631 geminae
3225 1560 3570 1622 dilectionis,
3617 1558 3708 1612 Dei

2140 1647 2389 1703 videlicet
2414 1656 2469 1704 et
2493 1649 2747 1720 proximi,
2775 1659 3169 1705 sacramentum
3207 1657 3316 1706 toto
3349 1652 3482 1705 orbe
3517 1649 3710 1720 praedi-

464 1737 874 1794 Considcrcmus
917 1751 1044 1805 ergo
1081 1750 1185 1804 qua
1221 1732 1495 1805 graditur,
1534 1739 1593 1785 ut
1636 1730 1786 1800 sequi
1823 1745 2035 1786 met‘ea-
2072 1751 2118 1809 Β
2145 1741 2398 1795 cundum,
2428 1738 2780 1812 (Clu-gum.)
2811 1740 3036 1808 Quidam
3068 1750 3245 1797 autem
3274 1743 3408 1798 duos
3437 1743 3575 1796 istos
3615 1740 3706 1795 Po.

465 1846 603 1885 mur.
640 1830 776 1884 Ecce
803 1843 923 1882 cum
958 1828 1027 1881 sit
1058 1825 1344 1889 Dominus,
1379 1830 1434 1879 et
1457 1830 1669 1878 creator
1701 1821 2035 1892 angelorum,

439 1927 808 1990 suscepturus
853 1924 1098 1972 naturam
1150 1923 1408 1977 nostram,
1462 1927 1624 1981 quam
1675 1897 1932 1976 condidit,
1986 1910 2039 1963 in

465 2022 678 2068 uterum
717 2009 951 2081 Virginis
996 2007 1162 2063 venit.
1203 2005 1361 2060 Nasci
1411 2012 1589 2058 tamen
1630 2002 1799 2058 voluit
1845 2001 2040 2060 inboc

467 2102 666 2158 mundo
685 2141 699 2167 ,
727 2116 822 2171 per
844 2099 1035 2155 divites
1063 2097 1261 2163 noluit,
1289 2104 1541 2167 parentes
1569 2109 1832 2166 pauperes
1857 2093 2035 2164 elegit,

468 2194 610 2248 unde
631 2201 686 2247 et
708 2207 895 2260 agnus,
933 2189 1024 2259 qui
1051 2204 1149 2260 pro
1174 2187 1264 2242 illo
1289 2185 1597 2250 oll‘crretur,
1624 2184 1810 2249 defuit,
1841 2183 2042 2239 colum-

464 2284 653 2338 barum
678 2281 862 2352 ,pullos
892 2289 947 2336 ct
978 2295 1075 2350 par
1111 2288 1376 2334 turturum
1405 2276 1472 2332 ad
1502 2274 1832 2332 sacrificium
1869 2281 2043 2329 mater

462 2373 686 2427 invenit.
734 2369 1051 2439 Prosperari
1079 2369 1132 2422 in
1163 2368 1264 2423 hoc
1289 2367 1488 2423 mundo
1512 2365 1685 2420 noluit
1709 2405 1724 2430 ,
1752 2364 2041 2435 opprobria

462 2461 846 2530 irrisionesquc
892 2457 1159 2522 toleravit,
1203 2464 1380 2527 sputa,
1426 2454 1652 2527 ﬂagella,
1689 2445 1891 2524 alapas,
1932 2452 2038 2522 spi-

461 2569 618 2610 neam
658 2565 944 2616 coronam,
993 2564 1213 2605 crucem
1254 2547 1530 2603 sustinuit.
1579 2545 1646 2600 Et
1693 2545 1818 2615 quia
1858 2558 2038 2600 rerum

463 2641 820 2712 corporalium
844 2638 1196 2694 delectatione
1217 2653 1247 2692 a
1269 2637 1463 2709 gaudio
1485 2637 1697 2691 interno
1723 2633 2036 2696 cecidimus,

463 2750 586 2789 cum
615 2747 718 2802 qua
747 2729 1106 2785 amaritudine
1133 2728 1259 2783 illuc
1288 2727 1562 2790 redeatur,
1591 2723 1847 2780 ostendit.

1053 2842 1276 2898 CAPUT
1317 2841 1457 2896 XXI.

465 2961 542 3014 De
557 2962 790 3029 ingressu
811 2957 942 3029 Iesu
960 2957 1014 3010 in
1041 2953 1358 3029 Jerusalem,
1380 2963 1428 3007 et
1445 2953 1694 3029 ejectione
1719 2951 2044 3005 vendentium

535 3023 850 3098 trs-templo.
907 3026 986 3080 De
1033 3025 1402 3098 indignatione
1442 3023 2043 3098 Ιζὴατὶεφρνιιιιι-ειιρεν

2144 1838 2285 1884 trum
2318 1837 2375 1883 et
2409 1830 2710 1900 Philippum
2745 1830 3016 1900 apostolos
3042 1832 3265 1902 exponit
3293 1831 3520 1902 intelligi
3554 1845 3710 1901 opor-

2143 1928 2256 1975 tere
2273 1959 2288 1986 ,
2315 1920 2568 1990 quoniam
2595 1921 2648 1974 hi
2667 1960 2680 1984 ,
2709 1921 2944 1990 primum
2973 1923 3429 1992 transgredientes
3455 1919 3713 1976 Iudaicos

2142 2009 2310 2076 lines,
2361 2018 2548 2081 gentes
2592 2010 2933 2066 adduxerunt
2977 2012 3044 2066 ad
3091 2009 3385 2066 Christum.
3432 2010 3712 2080 Philippus

2142 2103 2358 2173 quidem
2388 2103 2723 2168 Samariam,
2761 2117 2922 2174 quam
2959 2101 3129 2174 ipsam
3167 2101 3468 2156 Samariam
3506 2102 3714 2154 asittam

2142 2208 2265 2249 esse
2312 2193 2716 2265 interpretatur.
2759 2193 2950 2249 Petrus
2993 2202 3169 2248 autem
3216 2201 3403 2262 gentes
3444 2191 3714 2261 accipiens

2142 2283 2449 2339 Cornelium
2473 2299 2540 2340 ex
2569 2284 2820 2354 gentibus
2847 2284 3000 2354 quasi
3025 2283 3283 2339 Samaria:
3307 2282 3534 2353 pullum.

2212 2377 2280 2429 Et
2318 2378 2496 2430 statim
2533 2377 2799 2431 invenietis
2837 2377 3041 2431 asinam
3073 2376 3378 2447 alligatam,
3421 2385 3469 2431 et
3512 2376 3712 2445 pullum

2141 2481 2259 2518 cum
2286 2482 2346 2519 ea
2366 2506 2381 2530 ,
2409 2465 2586 2520 solvite
2613 2475 2662 2520 et
2688 2466 2932 2520 adducite
2957 2466 3104 2521 mihi.
3131 2465 3409 2538 (Venant.)
3432 2467 3714 2522 lntroeun-

2143 2567 2224 2611 tes
2251 2556 2504 2611 mundum
2527 2556 2910 2626 praedicatores
2931 2556 3254 2612 invenerunt
3271 2556 3526 2628 populum
3549 2557 3715 2612 natio»

2143 2662 2271 2702 num
2295 2645 2532 2716 perfidize
2555 2645 2782 2702 vinculis
2809 2646 3097 2702 irretitum.
3126 2647 3400 2704 Funiculis
3421 2648 3565 2703 enim
3590 2663 3718 2718 pec-

2147 2746 2392 2791 catorum
2420 2751 2636 2791 suorum
2665 2737 3034 2808 unusquisque
3065 2739 3394 2795 constrictus
3427 2748 3579 2802 erat,
3614 2753 3718 2794 nec

2146 2827 2317 2883 solum
2340 2827 2616 2882 nationum
2633 2867 2648 2892 ,
2677 2828 2770 2884 sed
2795 2835 2849 2883 et
2871 2828 3191 2884 Judtcorum.
3222 2828 3416 2885 Omnes
3441 2831 3577 2885 enim
3600 2847 3717 2901 pee-

2147 2926 2392 2988 cauerunt
2413 2956 2426 2983 ,
2457 2925 2505 2970 et
2531 2927 2677 2987 egent
2706 2916 2873 2988 gloria
2901 2917 3000 2972 Dei
3029 2917 3216 2990 (Rom.
3245 2920 3369 2991 ιιι).
3403 2919 3556 2976 Unde
3579 2921 3718 2975 bene

2149 3007 2291 3077 apud
2321 3007 2628 3064 Matthmum
2658 3009 2806 3063 asina
2831 3025 3045 3079 quoque
3066 3025 3190 3079 cum
3217 3011 3362 3081 pullo
3384 3012 3602 3082 alligata
3627 3029 3716 3070 re-

536 3086 1047 3222 ἳῖἔιῖςῗὲῑίιαιέιιιέηιεε,
1069 3086 1342 3148 Ηοὶαηηα.
1364 3091 1437 3145 De
1452 3091 1558 3160 ﬁcu
1579 3090 1753 3154 arida,
1777 3097 1823 3142 et
1839 3086 2044 3143 Joanne
2072 3086 2116 3147 C
2146 3097 2374 3222 peritum
2407 3097 2572 3222 Asinii
2605 3097 2802 3222 quippe
2820 3138 2835 3164 ,
2867 3113 2990 3222 quae
3018 3097 3308 3171 subjugalis
3339 3099 3442 3157 fuit
3453 3143 3473 3206 τ
3503 3104 3714 3222 etfdo-

559 3169 798 3239 Raptista,
834 3175 939 3222 etc.

533 3278 602 3332 Et
629 3294 743 3331 cum
773 3275 1272 3348 appropinquassent
1294 3270 1691 3344 Hierosolymis,
1716 3278 1762 3326 et
1785 3270 2037 3326 venissent

466 3369 759 3440 Betltpltage
801 3366 869 3421 ad
909 3375 1133 3420 montem
1181 3363 1387 3419 Oliveti.
1442 3355 1710 3433 (Ηὶένοη.)
1753 3359 2040 3431 Egreditur

430 3497 436 3501 -
464 3463 622 3519 Jesus
647 3461 712 3516 de
739 3457 953 3514 Iericho
977 3498 991 3521 ,
1027 3455 1198 3512 turbis
1225 3453 1433 3511 eductis
1459 3453 1582 3507 inde
1608 3448 2037 3522 quamplurimis,

465 3565 522 3611 et
544 3553 700 3609 c:ccis
726 3549 931 3606 reddita
953 3547 1204 3612 sanitate,
1220 3543 1614 3617 appropinquat
1634 3538 2035 3611 Hierosolymis,

468 3643 676 3715 magnis
700 3641 900 3696 ditatus
932 3636 1272 3693 mercedibus
1303 3652 1316 3689 :
1346 3632 1518 3690 salute
1542 3628 1879 3687 credentium
1921 3627 2041 3681 red-

466 3735 577 3788 dita
602 3730 811 3802 ingredi
833 3728 978 3800 cupit
999 3725 1183 3781 urbem
1205 3725 1369 3796 pacis,
1397 3731 1453 3778 et
1472 3721 1648 3779 locum
1670 3718 1893 3774 visionis
1920 3716 2039 3780 Dei,

468 3832 520 3878 et
542 3836 723 3876 arcem
748 3815 1131 3888 speculatoris:
1158 3812 1289 3868 Cum
1303 3812 1822 3883 appropinquassent,
1844 3809 2038 3878 inquit,

474 3909 871 3980 Hierosolymis,
920 3917 966 3962 et
1019 3905 1269 3961 venissent
1324 3903 1664 3974 Bethphage,
1715 3909 1770 3956 et
1815 3899 2040 3970 reliqua.

473 4005 528 4059 In
581 4001 723 4058 Luca
775 4001 847 4054 ita
914 3997 1170 4068 scriptum
1219 4003 1305 4052 est
1350 4014 1362 4048 :
1420 3993 1551 4048 Cum
1578 3992 2041 4064 appropinquasset

473 4096 540 4146 ad
571 4090 877 4161 Betltpltage,
913 4097 961 4143 et
995 4085 1306 4140 Ret/mnium
1332 4084 1399 4139 ad
1434 4091 1660 4139 montem
1703 4083 1792 4154 qui
1831 4090 2044 4136 vocatur

474 4181 654 4238 Oliveti
683 4181 832 4254 (Luc.
859 4177 991 4251 xix).
1026 4178 1334 4249 Bcthpbagc
1362 4184 1479 4230 erat
1523 4174 1739 4230 viculus
1785 4173 2040 4230 sacerdo-

472 4288 585 4331 tum
612 4277 663 4329 in
701 4282 878 4329 monte
911 4271 1144 4336 Oliveti;
1181 4268 1438 4326 Bethania
1474 4283 1687 4339 quoque
1720 4265 1901 4322 villula
1929 4266 2044 4321 sive

473 4367 661 4424 civitas
687 4367 739 4420 in
766 4365 930 4420 latere
958 4363 1154 4418 montis
1183 4360 1444 4430 ejusdem,
1477 4359 1632 4430 quasi
1663 4357 1855 4414 stadiis
1886 4356 2046 4426 quin-

2143 3188 2272 3242 mila
2311 3187 2498 3259 jngum
2545 3187 2679 3260 legis
2725 3197 2996 3257 traxerat,
3045 3206 3376 3264 synagogam
3423 3194 3713 3267 significat.

2142 3278 2328 3335 Pullus
2357 3279 2523 3335 asinae
2545 3278 2774 3334 lascivus
2798 3290 2853 3336 et
2874 3280 3011 3336 liber
3033 3282 3285 3352 populum
3313 3284 3597 3340 nationum
3623 3289 3718 3344 de-

2139 3377 2433 3435 monstrat,
2460 3371 2546 3426 cui
2572 3386 2729 3427 nemo
2759 3388 2994 3442 unquam
3021 3375 3295 3430 hominum
3320 3376 3488 3440 sedit,
3517 3377 3571 3431 id
3595 3387 3681 3432 est
3698 3418 3715 3442 ,

2139 3473 2299 3516 nemo
2349 3463 2748 3519 rationabilium
2796 3465 3078 3521 doctorum
3123 3465 3332 3523 frenum
3364 3469 3719 3539 correptionis

2141 3569 2247 3623 quo
2274 3552 2356 3609 vel
2385 3553 2625 3626 linguam
2649 3571 2678 3610 a
2707 3557 2848 3612 malo
2873 3559 3146 3625 cohibere,
3174 3558 3260 3615 vel
3286 3559 3338 3614 iu
3365 3560 3720 3617 arctamvitae

2149 3646 2294 3700 viam
2327 3645 2406 3701 ire
2434 3656 2740 3717 cogeretur,
2773 3648 3024 3720 imposuit
3050 3667 3065 3716 ;
3098 3665 3256 3707 nemo
3287 3651 3604 3707 indumenta
3631 3666 3722 3707 sa-

2147 3735 2308 3800 lutis,
2338 3736 2535 3806 quibus
2562 3738 2874 3808 spiritaliter
2913 3740 3184 3796 calefieret
3203 3781 3219 3807 ,
3263 3741 3416 3796 utilia
3447 3742 3721 3798 suadendo

2146 3825 2394 3881 contulit.
2431 3824 2652 3882 Sederet
2687 3843 2916 3899 namque
2951 3829 3028 3884 illi
3056 3831 3250 3896 homo,
3280 3831 3326 3886 si
3374 3831 3468 3902 qui
3510 3831 3720 3889 ratione

2149 3925 2307 3972 utens
2346 3915 2460 3986 ejus
2499 3916 2660 3972 stulta
2696 3919 3044 3989 deprimendo
3083 3921 3400 3992 corrigeret.
3431 3919 3589 3978 Unde
3613 3936 3720 3977 non

2149 4007 2419 4063 immerito
2441 4017 2664 4079 pessunt
2703 4010 2810 4066 duo
2849 4011 3129 4082 discipuli,
3168 4013 3236 4068 ad
3272 4014 3578 4070 exhibenda
3613 4015 3718 4070 Do-

2147 4101 2295 4155 mino
2320 4098 2570 4155 animalia
2598 4100 2882 4166 destinati,
2915 4101 3070 4172 juxta
3110 4103 3383 4173 parabolae
3423 4104 3720 4175 superioris

2146 4191 2483 4261 exemplum,
2515 4191 2620 4246 duo
2641 4192 3053 4261 praedicatorum
3079 4194 3312 4258 ordines,
3344 4211 3488 4250 unus
3513 4196 3566 4249 in
3589 4211 3718 4265 gen-

2150 4293 2264 4348 tes,
2296 4282 2435 4338 alter
2464 4297 2590 4338 vero
2619 4281 2672 4336 in
2700 4282 3166 4338 circumcisionem
3203 4284 3442 4339 directus
3478 4285 3717 4356 intelligi.

2150 4372 2168 4444 (
2192 4371 2462 4443 Chrysost.
2488 4373 2505 4443 )
2538 4371 2764 4441 Propter
2793 4373 3052 4442 quasdam
3083 4373 3224 4428 enim
3254 4374 3393 4429 tales
3419 4375 3724 4430 similitudi-

474 4458 643 4513 decim
669 4457 736 4511 ab
763 4453 1122 4522 llicrusalem,
1152 4450 1290 4507 sicut
1311 4449 1546 4506 Joannes
1579 4448 1908 4520 evangelista
1931 4462 2040 4502 ma-

2149 4477 2246 4516 nes
2271 4460 2591 4516 animalibus
2628 4461 2717 4516 hic
2753 4463 3038 4518 assimilati
3067 4473 3199 4519 sunt
3232 4464 3512 4529 homines,
3555 4465 3720 4519 Deum

475 4550 710 4616 uilestat,
756 4549 844 4604 ubi
869 4547 1107 4603 Lazarus
1132 4547 1423 4603 suscitatus
1453 4553 1537 4602 est
1558 4561 1588 4601 a
1615 4543 1865 4610 mortuis,
1894 4540 2046 4612 cujus

475 4652 529 4697 et
558 4651 988 4696 monumentum
1039 4638 1268 4694 ecclesia
1308 4653 1450 4693 nunc
1492 4637 1689 4694 ibidem
1733 4642 2046 4692 constructa

475 4737 820 4791 demonstrat.
867 4731 1176 4802 Bethphage
1225 4738 1406 4785 autem
1455 4730 1641 4784 domus
1693 4728 1891 4791 buccae,
1933 4724 2047 4779 sive

477 4823 833 4879 maxillarum.
895 4821 1152 4876 Bethania
1195 4821 1378 4875 domus
1434 4819 1736 4884 obedientitc
1793 4816 1989 4872 dicitur
2032 4833 2044 4868 :

477 4928 614 4983 quas
639 4913 1025 4986 Jcrosolymam
1048 4920 1308 4967 ventums
1338 4910 1586 4965 Salvator
1614 4909 1917 4979 prccsentim
1937 4922 2046 4962 sua:

478 5006 782 5078 dignatione
809 5005 1134 5071 sublimavit,
1169 5004 1296 5076 quia
1326 5002 1523 5058 multos
1566 5010 1690 5056 ante
1742 5000 2047 5069 passionem

479 5111 632 5152 suam
661 5093 900 5150 docendo
937 5095 1086 5150 donis
1119 5096 1218 5164 pia:
1255 5094 1612 5151 confessionis
1640 5102 1691 5148 et
1734 5094 2050 5149 obedientize

480 5189 736 5259 spiritalis
781 5187 1038 5257 implevit.
1083 5189 1210 5255 Qua:
1253 5189 1489 5260 pulchra:
1514 5188 1759 5243 civitates
1792 5186 1842 5240 in
1871 5193 2054 5240 monte

479 5281 669 5338 Oliveti
692 5280 878 5352 posita:
911 5277 1234 5344 referuntur,
1271 5279 1444 5346 idest,
1464 5281 1515 5334 in
1539 5281 1654 5349 ipso
1686 5279 1932 5333 Domino.
1959 5277 2049 5345 qui

482 5389 575 5428 nos
599 5371 847 5426 unctione
895 5369 1216 5441 spiritalium
1259 5371 1676 5435 charismatum,
1726 5377 1778 5423 et
1813 5366 2052 5421 scientia:

479 5461 796 5530 pietatisque
842 5458 957 5514 luce
1008 5458 1231 5513 refovet.
1297 5459 1446 5514 Unde
1487 5459 1612 5514 alibi
1644 5474 1769 5514 cum
1805 5458 2050 5513 diceret:

485 5552 601 5605 .\'on
647 5569 708 5618 po
734 5562 805 5605 cst
859 5552 1039 5605 ciuitas
1085 5551 1334 5606 abscondi
1375 5569 1532 5620 supra
1559 5563 1797 5627 .montem
1848 5552 2054 5622 posita;

479 5647 730 5700 continuo
780 5644 1006 5717 subjecit
1053 5664 1062 5698 :
1114 5643 1291 5716 Neque
1335 5645 1623 5700 accendunt
1673 5646 1964 5720 lucernam,
2006 5658 2050 5700 ct

2151 4551 2232 4604 vel
2259 4550 2352 4606 Dei
2390 4550 2584 4605 Filium
2617 4565 2722 4606 non
2758 4561 3162 4623 cognoscentes.
3200 4553 3294 4608 Est
3332 4555 3480 4609 enim
3522 4552 3722 4607 animal

2152 4643 2250 4698 hoc
2279 4641 2608 4696 immundum
2628 4682 2642 4708 ,
2669 4651 2724 4698 et
2749 4634 2857 4713 pm
2879 4642 3088 4697 caeteris
3112 4657 3247 4712 pene
3265 4640 3526 4710 iumentis
3552 4644 3723 4713 magis

2152 4734 2548 4799 irrationabile,
2575 4740 2628 4788 et
2652 4733 2902 4799 stultum,
2931 4744 2986 4787 et
3012 4733 3318 4797 infirmum.
3350 4743 3405 4789 et
3447 4733 3683 4805 ignobile
3702 4775 3720 4798 ,

2151 4833 2204 4878 et
2226 4822 2554 4879 oneril‘erum
2581 4823 2795 4893 magis:
2835 4823 2912 4877 sic
2955 4821 3170 4878 fuerunt
3203 4831 3260 4878 et
3305 4825 3553 4878 homines
3598 4833 3723 4878 ante

2151 4915 2422 4971 Christum
2449 4915 2766 4972 idololatriis
2787 4923 2839 4970 et
2859 4914 3196 4984 passionibus
3224 4913 3486 4968 immundi
3508 4920 3567 4967 et
3590 4913 3724 4966 irra-

2155 5007 2436 5063 tionabiles
2461 5006 2612 5061 verbi
2643 5006 2849 5060 ratione
2874 5012 3143 5069 carentes,
3171 5012 3430 5073 quantum
3459 5003 3527 5056 ad
3555 5003 3723 5056 Deum

2154 5098 2324 5153 stulti.
2359 5096 2378 5169 (
2403 5095 2622 5151 l’enant.
2647 5097 2665 5166 )
2696 5097 2765 5151 Et
2791 5095 3084 5150 notandum
3106 5136 3120 5162 ,
3145 5095 3288 5164 quod
3320 5104 3430 5149 tres
3457 5092 3724 5163 evangeli-

2155 5199 2278 5254 staa,
2311 5188 2401 5258 qui
2427 5187 2616 5243 Grrcco
2641 5199 2889 5242 sermone
2914 5184 3180 5255 scripsere
3199 5225 3213 5249 ,
3239 5183 3445 5254 pullum
3491 5192 3724 5236 tantum-

2157 5283 2315 5339 modo
2341 5287 2763 5337 commemorant
2791 5295 2805 5330 :
2832 5276 3115 5332 Matthmus
3139 5291 3268 5331 vero
3295 5276 3440 5330 solus
3462 5316 3475 5339 ,
3502 5273 3591 5344 qui
3620 5269 3724 5323 Περ

2154 5374 2313 5429 brmis
2339 5371 2671 5440 llebrteoque
2697 5384 2854 5423 suum
2876 5368 3221 5439 Evangelium
3247 5366 3467 5436 scripsit
3491 5362 3722 5431 eloquio,

2158 5466 2360 5518 asinam
2388 5478 2599 5533 quoque
2623 5461 2851 5516 solutam
2884 5469 2936 5516 et
2964 5460 3190 5514 Domino
3215 5458 3382 5512 refert
3410 5457 3727 5513 adductam.

2160 5566 2219 5608 ut
2243 5553 2478 5622 ejusdem
2506 5553 2666 5607 etiam
2695 5551 2869 5622 gentis
2902 5545 3139 5604 llebruxc
3165 5563 3271 5602 nou
3299 5548 3546 5615 desperat
3569 5543 3726 5602 dam,

2162 5650 2203 5702 si
2231 5646 2554 5716 potnitucrit,
2591 5652 2849 5700 monstret
2874 5657 2996 5698 esse
3013 5640 3263 5696 salutem.
3293 5638 3505 5696 Soli-ite.
3525 5633 3728 5704 inquit,

2939 6308 3052 6314 _
3222 5939 3846 6318 ΑΔ.
