3922 6338
168 350 190 402 i
204 350 309 405 037

1132 338 1482 395 COMMENT.
1526 336 1590 391 ΙΝ
1635 336 2069 394 MATTll/EUM.
2109 368 2178 379 --
2217 340 2343 393 LIB.
2389 338 2469 392 \’l.

3286 340 3425 398 1038

160 472 211 515 et
242 458 492 514 adducite
536 452 685 506 mihi.
734 450 1066 520 Qua'cunque
1110 451 1249 504 enim
1291 448 1549 502 solueritis
1594 463 1750 517 super
1776 451 1826 508 A
1854 450 1946 516 qui
1973 448 2142 519 gloria
2167 450 2443 520 jactantizn
2468 427 2667 518 peetus.
2690 449 2851 505 habet
2893 454 3316 523 ιιι-ριριυωνηυί
3357 456 3426 512 de

162 564 401 610 terram,
432 553 580 598 erunt
609 541 779 596 soluta
803 552 853 596 et
886 541 940 593 in
968 540 1109 595 ca'lis
1140 540 1156 609 (
1180 539 1341 592 Joan.
1369 553 1436 592 xx
1458 537 1497 608 ).

240 638 312 691 Et
347 637 393 689 si
426 635 542 705 quis
578 634 715 688 vobis
750 630 947 702 aliquid
974 630 1197 693 dixerit,
1227 629 1381 682 dicite
1407 645 1425 682 :
1466 628 1603 694 Quia
1633 628 1754 683 Do-.

161 727 347 781 minus
399 726 479 778 his
535 741 663 795 opus
716 723 898 787 habet,
955 731 1003 775 et
1053 719 1328 788 confestim
1372 719 1592 774 dimittet
1634 737 1739 775 eos.

165 816 479 888 (Chrysost.
505 812 522 884 )
552 814 691 869 ELsi
717 813 860 883 quis,
890 811 1085 880 inquit,
1112 809 1265 865 vobis
1293 810 1492 865 dixerit
1520 811 1743 881 aliquid,

163 905 340 961 dicite
367 923 379 960 :
405 904 663 960 Dominus
683 917 902 974 operam
923 916 1111 956 eorum
1137 900 1429 956 desiderat.
1455 900 1531 955 Ne
1556 903 1746 959 dicatis

165 995 430 1051 dominus
462 1004 615 1058 tuus,
648 1006 825 1063 neque
854 991 1104 1046 dominus
1131 999 1338 1057 noster,
1369 1008 1544 1063 neque
1572 995 1744 1049 domi-

164 1102 278 1142 nus
312 1083 712 1155 jumentorum,
761 1092 820 1138 ut
864 1081 1166 1152 intelligant
1203 1096 1388 1138 omnes
1416 1123 1432 1147 ,
1478 1084 1603 1155 quia
1647 1100 1746 1157 ego

163 1180 320 1237 solus
355 1196 473 1236 sum
514 1179 803 1244 Dominus,
839 1192 947 1232 non
980 1176 1149 1231 solum
1189 1175 1534 1240 animalium,
1574 1190 1746 1246 neque

163 1272 349 1328 solum
387 1285 603 1335 eorum,
644 1269 736 1338 qui
771 1267 903 1322 mihi
948 1266 1147 1321 subditi
1182 1274 1338 1333 sunt,
1376 1266 1471 1321 sed
1506 1267 1746 1322 omnium

165 1362 489 1423 hominum,
525 1360 689 1413 etiam
722 1358 813 1427 qui
847 1357 979 1412 mihi
1025 1357 1285 1412 contrarii
1329 1365 1473 1412 sunt.
1514 1351 1650 1412 Nam
1693 1367 1748 1413 et

160 1459 490 1521 peccatores
528 1448 836 1504 conditione
880 1446 1097 1516 quidem
1133 1448 1235 1501 mei
1273 1454 1432 1512 sunt,
1472 1446 1749 1503 voluntate

164 1551 354 1597 autem
381 1556 475 1596 sua
502 1538 721 1595 diaboli.
753 1537 905 1592 Meus
929 1547 1001 1591 est
1026 1539 1160 1591 enim
1188 1538 1323 1592 orbis
1346 1548 1531 1605 terra,
1562 1546 1609 1593 et
1636 1538 1747 1609 ple—

166 1634 359 1687 nitudo
400 1632 513 1702 ejus
553 1634 572 1701 (
594 1628 745 1684 Psal.
773 1628 961 1700 ηις).
1004 1630 1263 1685 Dominus
1304 1644 1525 1700 operam
1563 1644 1750 1685 eorum

164 1728 463 1783 desiderat.
492 1724 705 1780 Justum
730 1730 846 1789 est,
871 1732 931 1777 ut
956 1722 1244 1792 aliquando
1273 1731 1519 1779 creatura
1548 1724 1751 1780 serviat

167 1837 272 1878 suo
308 1820 523 1875 factori.
569 1819 770 1875 Gentes
805 1818 946 1872 enim
980 1816 1122 1871 Deus
1154 1816 1207 1871 in
1245 1823 1513 1887 potestate
1548 1816 1748 1872 diaboli

162 1929 271 1984 pro
300 1921 539 1982 tempore
564 1910 779 1979 reliquit
803 1918 863 1964 ut
889 1915 1093 1975 tentet,
1117 1924 1224 1964 non
1249 1908 1303 1964 in
1328 1918 1589 1966 aeternum
1614 1924 1746 1965 con-

169 2006 399 2077 lcmpsit
417 2045 431 2069 ,
463 2015 521 2059 ut
550 2004 758 2074 perdat.
802 2002 1036 2058 Necesse
1065 2011 1150 2058 est
1179 2011 1357 2059 autem
1398 2010 1459 2058 ut
1485 2002 1580 2059 ﬁat
1605 2003 1749 2074 quod

164 2098 434 2167 scriptum
464 2106 548 2151 est
573 2114 585 2150 :
620 2094 870 2150 Homines
897 2104 945 2150 et
963 2096 1208 2166 jumenta
1232 2094 1477 2162 saluabis,
1507 2094 1745 2151 Domine.

164 2187 372 2261 (Hier.)
416 2187 645 2258 Alligata
689 2194 805 2241 erat
842 2180 992 2240 asina
1039 2185 1222 2242 multis
1251 2185 1480 2261 vinculis
1503 2194 1750 2258 peccato—

164 2294 291 2333 rum
311 2318 325 2343 ,
354 2277 531 2348 pullus
556 2291 768 2346 quoque
797 2275 1051 2340 lascivus,
1078 2282 1134 2329 et
1160 2273 1433 2330 frenorum
1461 2274 1751 2345 impatiens

162 2386 294 2425 cum
329 2377 504 2424 matre
534 2367 827 2422 secundum
856 2365 1206 2437 Evangelium
1236 2365 1396 2421 Lucae
1424 2365 1621 2421 multos
1653 2366 1750 2421 ha-

162 2461 335 2515 bebat
360 2459 605 2513 dominos
623 2498 636 2522 ,
670 2472 776 2515 non
802 2456 897 2511 uni
923 2456 1094 2511 errori
1122 2464 1178 2511 et
1203 2456 1438 2526 dogmati
1461 2457 1706 2512 subditus
1728 2474 1743 2525 ;

169 2561 229 2605 et
257 2558 441 2603 tamen
468 2546 619 2603 multi
646 2545 885 2611 domini,
913 2545 1007 2615 qui
1031 2543 1132 2601 sibi
1160 2553 1477 2615 potestatem
1503 2545 1747 2601 illicitam

162 2639 552 2703 vindicabant,
600 2637 845 2692 videntes
882 2650 1067 2692 verum
1108 2634 1423 2700 Dominum,
1468 2644 1525 2692 et
1564 2650 1749 2695 servos

163 2728 289 2796 ejus
334 2729 585 2793 venisse,
634 2727 727 2796 qui
772 2726 841 2781 ad
882 2725 1196 2782 solvendum
1230 2726 1380 2780 missi
1414 2739 1599 2792 erant,
1640 2743 1746 2782 non

168 2817 447 2873 audebant
476 2818 753 2872 resistere.

242 2909 365 2963 Hoc
398 2917 572 2963 autem
607 2916 770 2961 totum
803 2905 1001 2977 factum
1041 2913 1146 2971 est,
1184 2915 1240 2960 ut
1276 2905 1578 2976 impleretur
1610 2906 1748 2976 quod
1808 2948 1811 2953 .

164 3003 372 3057 dictum
421 3010 496 3056 est
549 3017 641 3071 per
678 2999 981 3071 prophetam
1043 2998 1298 3054 dicentem
1344 3011 1362 3049 .'
1405 2996 1576 3051 Dicite
1622 2997 1749 3067 ﬁlire

166 3092 322 3148 Sion.
373 3088 617 3162 (Beda.)
660 3088 795 3142 Filia
840 3085 971 3143 Sion
1018 3085 1372 3142 historialiter
1415 3084 1747 3140 Hierusalem

164 3194 282 3248 est,
315 3183 508 3239 civitas
534 3181 637 3237 sita
666 3181 721 3236 in
753 3189 937 3236 monte
977 3178 1129 3235 Sion.
1168 3177 1391 3250 Mystice
1424 3187 1602 3247 autem
1636 3177 1747 3234 ﬁlia

166 3279 300 3334 Sion
324 3275 565 3338 Ecclesia
582 3282 664 3329 est
682 3273 939 3337 ﬁdelium,
953 3271 1227 3343 pertinens
1241 3271 1307 3326 ad
1322 3286 1608 3340 supernam
1623 3269 1750 3325 Ilie-

166 3366 439 3437 rusalem,
467 3384 588 3440 quas
610 3374 695 3423 est
716 3374 894 3423 mater
916 3365 1158 3421 omnium
1185 3372 1429 3418 nostrum
1454 3362 1596 3435 (Gal.
1628 3378 1679 3416 ιν
1694 3360 1715 3434 )
1730 3403 1743 3429 ,

165 3462 323 3533 cujus
351 3460 527 3532 portio
555 3466 680 3514 tunc
707 3473 814 3513 non
864 3457 1086 3512 minima
1112 3462 1230 3511 erat
1262 3454 1317 3509 in
1342 3454 1538 3524 populo
1562 3454 1744 3530 lsraei.

242 3558 379 3612 Ecce
414 3571 507 3610 rex
542 3561 663 3609 tuus
695 3552 830 3608 venit
875 3552 969 3605 tibi
1003 3550 1337 3613 mansuetus,
1377 3542 1559 3602 sedens
1592 3562 1748 3617 super

165 3648 379 3702 asinam
409 3655 456 3700 et
486 3642 691 3716 pullum
717 3639 1040 3712 subjugalis.-
1066 3639 1202 3693 Ecce
1234 3654 1356 3704 rex,
1388 3637 1596 3708 inquit,
1627 3646 1746 3691 tuus

166 3737 308 3792 uenit
367 3734 460 3789 tibi
524 3742 847 3797 mansuetus,
902 3738 1008 3786 etc.
1052 3730 1191 3784 Ecce
1244 3728 1576 3784 ostendentis
1622 3743 1745 3783 ver-

166 3831 299 3884 bum
359 3836 475 3894 est,
512 3827 566 3882 id
600 3834 704 3891 est,
759 3825 935 3880 videte
970 3840 1075 3879 non
1120 3814 1324 3879 carnali
1368 3832 1623 3894 aspectu,
1653 3824 1748 3879 sed

165 3919 407 3991 spiritali
436 3918 715 3989 intellectu
741 3932 902 3988 Opera
928 3916 1187 3971 virtutum
1214 3916 1331 3987 ejus
1355 3915 1577 3985 aspicite
1597 3956 1613 3981 ,
1640 3930 1746 3971 non

165 4010 395 4066 schema
443 4007 666 4063 visionis
702 4006 840 4078 ejus.
875 4003 934 4059 Si
959 4005 1102 4059 enim
1136 4005 1353 4059 schema
1380 4005 1496 4074 ejus
1522 4020 1746 4075 aspexe-

168 4100 327 4164 ritis,
366 4096 661 4167 decipiendi
699 4096 833 4151 estis
864 4093 918 4149 in
950 4101 1143 4148 natura
1182 4093 1435 4149 humana.
1469 4092 1527 4148 Si
1562 4103 1744 4149 autem

166 4208 306 4263 opus
344 4192 463 4262 ejus
490 4187 1001 4252 consideraveritis',
1034 4185 1275 4243 salvandi
1303 4185 1435 4241 estis
1464 4185 1517 4240 in
1544 4186 1744 4242 virtute

167 4282 377 4336 divina.
406 4279 579 4335 Nolite
606 4278 786 4333 dicere
812 4295 825 4331 :
860 4276 971 4331 Nos
1000 4292 1105 4330 non
1136 4275 1381 4330 habemus
1411 4292 1579 4347 regem
1599 4318 1614 4342 ,
1642 4278 1743 4332 nisi

166 4372 534 4428 tantummodo
579 4368 839 4424 thsarem
891 4366 1090 4439 (Joan.
1121 4365 1273 4435 nx).
1315 4366 1452 4423 Ecce
1492 4382 1585 4421 rex
1623 4375 1743 4421 tuus

164 4465 318 4519 venit
345 4463 441 4516 tibi
469 4467 807 4523 mansuetus,
834 4459 1029 4513 cedens
1056 4472 1216 4526 super
1242 4458 1469 4512 asinam.
1501 4457 1557 4513 Si
1590 4457 1742 4514 intel-

166 4556 402 4619 lexeris,
431 4555 566 4608 venit
597 4552 725 4613 tibi;
759 4550 804 4605 si
832 4566 935 4604 non
967 4550 1321 4614 intellexeris,
1347 4550 1526 4605 veniet
1554 4560 1739 4605 contra

165 4658 220 4703 te
240 4689 255 4712 ,
288 4646 344 4701 id
368 4654 448 4699 est
470 4685 483 4710 ,
510 4643 553 4699 si
584 4640 944 4705 intellexeris,
974 4641 1149 4695 veniet
1173 4650 1231 4694 ut
1255 4640 1424 4695 salvet
1455 4649 1536 4703 te,
1566 4648 1620 4694 et
1643 4640 1742 4696 sub

162 4738 395 4809 pedibus
420 4735 527 4789 tuis
558 4734 765 4805 subiget
788 4741 975 4803 gentes
992 4773 1005 4797 ,
1031 4741 1089 4785 ut
1114 4732 1349 4801 gaudens
1377 4747 1474 4801 per
1501 4732 1741 4801 Prophe-

163 4839 279 4881 tam
322 4826 469 4881 dicas
499 4844 512 4878 :
546 4822 807 4889 Quoniam
836 4822 976 4877 Deus
1003 4822 1234 4876 excelsus
1263 4822 1507 4877 terribilis
1526 4864 1539 4887 ,
1569 4834 1615 4877 et
1652 4841 1741 4877 rex

163 4936 390 4990 magnus
414 4936 568 4989 super
597 4935 799 4973 omnem
828 4928 1019 4972 terram
1054 4918 1268 4987 subjecit
1305 4918 1521 4988 populos
1558 4918 1702 4972 nobis
1723 4960 1737 4983 ,

160 5021 209 5065 et
254 5020 429 5079 gentes
457 5010 551 5063 sub
576 5009 790 5079 pedibus
824 5009 1052 5072 nostris;
1081 5007 1230 5077 elegit
1264 5024 1355 5061 nos
1385 5008 1741 5063 htereditatem

160 5102 265 5155 sibi
292 5100 513 5167 speciem
540 5098 703 5152 ,Ιαεοὺ
730 5116 880 5170 quem
911 5098 1092 5152 dilexit
1123 5095 1312 5169 (Psal.
1342 5114 1464 5153 χι.ιί
1489 5100 1527 5169 ).
1564 5098 1622 5153 Si
1648 5115 1743 5153 au-

161 5204 275 5250 tem
305 5208 413 5248 non
444 5193 802 5255 intellexeris,
831 5194 1009 5247 veniet
1034 5202 1087 5247 ut
1116 5194 1306 5263 perdat
1333 5202 1403 5259 te,
1434 5203 1488 5249 et
1512 5194 1579 5249 de
1607 5203 1740 5249 tem-

161 5289 254 5358 plo
285 5286 595 5341 sanctitatis
625 5286 885 5354 expellat,
917 5298 973 5341 et
1002 5287 1160 5341 aliam
1190 5301 1441 5357 sponsam
1472 5287 1537 5341 de
1566 5288 1739 5355 genti-

163 5380 267 5432 bus
298 5375 585 5429 castiorem
618 5374 837 5429 inducat
864 5376 915 5429 in
947 5375 1249 5430 cubiculum
1276 5377 1578 5433 sanctitatis
1606 5393 1734 5432 sure.

166 5467 261 5522 Vis
283 5481 613 5537 cognoscere
644 5467 1107 5521 mansuetudinem
1130 5468 1427 5533 venientis,
1454 5469 1736 5523 considera

162 5560 401 5629 speciem
450 5557 714 5611 adventus
763 5556 879 5625 ejus
925 5558 1061 5628 (Job
1106 5575 1213 5612 xxx
1241 5559 1279 5629 ).
1324 5558 1439 5612 Non
1486 5560 1635 5613 sedet
1684 5560 1735 5614 in

161 5666 325 5703 curru
360 5664 527 5702 aureo
556 5650 793 5719 pretiosa
827 5665 1063 5719 purpura
1096 5650 1305 5721 fulgens
1325 5691 1337 5715 ,
1367 5666 1465 5704 nec
1496 5653 1736 5707 ascendit

159 5756 321 5809 super
352 5740 618 5795 fervidum
647 5754 842 5808 cqulnn
875 5741 1151 5795 discordigc
1185 5749 1475 5797 :unatormn
1504 5751 1557 5796 et
1587 5742 1695 5796 litis
1720 5785 1731 5803 ,

1852 539 2008 609 longe
2044 540 2302 595 odoratur
2341 541 2568 606 bellum,
2608 554 2662 596 et
2696 547 2890 611 gaudet
2930 545 2997 597 ad
3038 559 3224 598 vocem
3252 545 3420 613 tubw,

1849 639 1902 686 et
1936 646 2057 686 cum
2092 632 2284 686 viderit
2322 632 2672 703 sanguineam
2703 648 2933 702 pugnam
2954 674 2967 698 ,
3008 635 3138 689 dicit
3176 636 3229 689 in
3258 636 3422 691 corde

1848 740 1945 781 suo
1973 744 1984 779 :
2010 725 2153 780 Bene
2178 726 2379 780 factum
2408 744 2421 792 ;
2448 727 2541 782 sed
2567 727 2717 781 sedet
2740 741 2902 795 super
2926 727 3131 781 asinam
3162 728 3423 799 tranquil-

1849 816 2020 871 litatis
2044 828 2099 871 ct
2124 818 2272 887 pacis
2296 817 2548 872 amicam.
2577 815 2692 872 Non
2725 825 2908 872 autem
2934 817 3085 871 vides
3113 819 3164 871 in
3190 820 3421 875 circuitu

1847 905 1963 976 ejus
1991 906 2333 976 splendentes
2362 906 2565 975 gladios
2583 948 2596 970 ,
2632 914 2725 960 aut
2752 916 2947 961 cetera
2977 917 3295 961 ornamenta
3328 923 3416 962 ar-

1847 1014 2059 1054 morum
2098 998 2439 1053 terribilium.
2488 996 2595 1052 Sed
2638 998 2808 1067 quid?
2852 1013 3030 1053 ramos
3075 997 3403 1064 frondentes,

1850 1090 2156 1145 testimonia
2192 1089 2428 1159 pietatis.
2469 1089 2629 1144 Venit
2669 1104 2795 1159 ergo
2833 1097 3175 1156 mansuetus,
3217 1099 3414 1147 utnon

1846 1191 2068 1252 propter
2087 1182 2379 1252 potentiam
2405 1182 2703 1247 timeretur,
2730 1182 2823 1237 sed
2848 1190 2905 1235 ut
2926 1192 3145 1252 propter
3168 1200 3414 1240 mansuc-

1849 1272 2086 1328 tudinem
2120 1282 2393 1328 amaretur
2426 1274 2618 1328 sedens
2653 1289 2814 1343 super
2851 1273 3057 1328 asinam
3094 1281 3147 1329 et
3184 1274 3419 1344 pullum,

1849 1364 1904 1419 id
1930 1372 2045 1429 est,
2080 1374 2308 1419 matrem
2339 1374 2396 1420 et
2425 1364 2611 1418 lilium.
2644 1363 2905 1435 (Hieron.
2933 1364 2950 1434 )
2994 1364 3295 1419 Notandum
3326 1382 3419 1420 au-

1848 1460 1958 1508 tem
1999 1455 2142 1523 quod
2189 1453 2292 1509 hoc
2337 1454 2703 1508 testimonium
2749 1455 2801 1508 in
2850 1456 3109 1526 prapheta
3153 1456 3417 1512 Zacharia

1851 1541 2111 1613 scriptum
2154 1552 2240 1599 est
2279 1543 2481 1617 (Zach.
2514 1544 2640 1618 rx),
2680 1547 2773 1601 sed
2810 1548 3085 1602 sciendum
3122 1556 3235 1614 est,
3275 1549 3419 1618 quod

1851 1634 2143 1689 secundum
2186 1634 2424 1691 litteram
2463 1637 2516 1692 in
2554 1654 2721 1709 parvo
2755 1640 3014 1709 temporis
3054 1640 3229 1709 spatio
3257 1655 3421 1710 super

1852 1733 2143 1795 utrumque
2170 1727 2368 1782 animal
2397 1730 2583 1784 sedere
2609 1731 2867 1785 Dominus
2894 1747 2999 1784 non
3031 1732 3280 1800 quiverit.
3314 1732 3423 1787 Aut

1850 1818 1994 1874 enim
2024 1819 2189 1874 asina:
2214 1820 2372 1885 sedit,
2402 1830 2455 1875 et
2484 1822 2660 1892 pullus
2690 1824 2891 1893 absque
2920 1838 3131 1878 sessore
3159 1823 3297 1889 fuit;
3328 1833 3421 1879 aut

1850 1908 1895 1963 si
1920 1907 2065 1979 pullo
2090 1907 2264 1980 (quod
2288 1912 2457 1981 magis
2480 1913 2775 1983 competit)
2804 1912 3002 1967 abusus
3028 1920 3111 1985 est
3132 1914 3197 1968 ad
3225 1913 3418 1969 seden-

1849 1999 2008 2067 dum,
2046 2001 2197 2056 asina
2237 2003 2395 2058 ducta
2421 2013 2503 2059 est
2528 2004 2713 2061 libera.
2754 2006 2895 2075 Ergo
2936 2021 3058 2060 eum
3091 2006 3313 2060 historia
3337 2006 3420 2061 vel

1850 2091 2331 2162 impossibilitatem
2357 2093 2572 2160 habeat,
2598 2095 2681 2149 vel
2706 2095 3111 2165 turpitudinem,
3138 2097 3203 2151 ad
3227 2095 3419 2151 altiora

1851 2183 2308 2251 transmittuntur,
2338 2193 2397 2240 ut
2422 2185 2570 2241 asina
2599 2186 2698 2241 ista
2717 2226 2732 2251 ,
2758 2178 2877 2255 qua?
2901 2184 3194 2256 subjugalis
3219 2183 3336 2247 fuit,
3366 2195 3421 2240 et

1849 2275 2081 2331 edomita
2114 2284 2170 2331 et
2198 2275 2384 2348 jugum
2436 2277 2568 2348 legis
2610 2286 2881 2341 traxerat,
2919 2289 3189 2349 synagoga
3217 2277 3413 2332 intelli-

1850 2376 2023 2439 gatur.
2074 2367 2259 2423 Pullus
2299 2368 2466 2425 asinae
2507 2368 2741 2441 lascivus
2780 2378 2834 2425 et
2858 2369 3016 2436 liber,
3055 2372 3289 2442 gentium
3317 2386 3415 2440 po-

1849 2459 2035 2529 pulus,
2077 2462 2271 2531 quibus
2307 2460 2529 2517 sedebat
2563 2459 2748 2527 Iesus,
2778 2463 2832 2517 id
2866 2470 2978 2528 est,
3008 2463 3062 2517 in
3099 2464 3413 2533 praecordiis

1848 2563 2036 2605 eorum
2076 2550 2386 2619 habitabat,
2425 2552 2611 2609 dicens
2640 2571 2654 2607 :
2681 2552 2879 2610 Discite
2917 2571 2948 2607 a
2994 2571 3074 2609 me
3113 2555 3237 2626 quia
3274 2556 3417 2610 mitis

1847 2658 1965 2697 eum
1992 2650 2039 2697 et
2064 2642 2276 2698 humilis
2306 2644 2462 2697 corde
2490 2629 2704 2715 (Matth.
2733 2643 2811 2717 xu)
2828 2686 2843 2711 ,
2874 2645 3054 2700 missis
3078 2646 3144 2700 ad
3167 2661 3260 2701 eos
3286 2648 3418 2702 duo-

1848 2732 1952 2789 bus
1992 2733 2268 2805 diseipulis
2305 2735 2448 2800 suis,
2488 2751 2595 2790 uno
2632 2735 2684 2790 in
2721 2735 3223 2802 circumeisionem,
3248 2745 3303 2792 et
3337 2738 3414 2792 al-

1852 2831 1966 2878 tero
1991 2823 2047 2877 in
2071 2832 2278 2894 gentes.

1921 2910 2120 2968 Euntes
2144 2924 2319 2969 autem
2342 2915 2585 2985 discipuli
2609 2917 2839 2986 fecerunt
2865 2919 2996 2971 sicut
3021 2919 3260 2989 prrecepit
3289 2918 3417 2981 illis,

1851 3009 1900 3055 et
1938 3000 2271 3081 adduxerunt
2311 3005 2515 3059 asinam
2554 3015 2604 3060 et
2640 3006 2859 3076 pullum.
2890 3007 3042 3075 Quod
3075 3018 3266 3064 euntes
3292 3026 3420 3081 apo-

1854 3092 1977 3147 stoli
2024 3079 2304 3150 solverunt
2352 3096 2561 3151 asinam
2603 3096 2864 3164 alienam,
2918 3098 3273 3153 ministerium
3318 3079 3421 3153 iuit

1851 3183 2067 3251 quidem
2098 3184 2309 3240 illorum
2331 3229 2346 3251 ,
2377 3187 2551 3242 virtus
2580 3194 2759 3244 antein
2790 3199 2845 3245 et
2874 3191 3168 3245 auctoritas
3195 3190 3416 3246 Christi.

1849 3270 1960 3327 Nec
1995 3274 2138 3329 enim
2173 3276 2473 3345 potuissent
2511 3277 2701 3332 tollere
2731 3278 3039 3349 jumentum
3077 3279 3308 3336 alienum
3350 3280 3419 3335 ab

1850 3363 1941 3419 illo
1966 3364 2187 3421 domino
2213 3368 2304 3437 qui
2335 3384 2441 3423 non
2470 3383 2564 3423 eos
2586 3370 2945 3438 cognoscebat
2965 3370 3053 3439 qui
3077 3378 3277 3435 essent,
3308 3369 3416 3425 nisi

1848 3456 2202 3526 prmeminens
2244 3458 2465 3528 spiritus
2514 3457 2715 3514 Christi
2751 3474 2845 3514 cor
2881 3459 3081 3515 domini
3119 3459 3235 3529 ejus
3275 3476 3415 3531 pra:-

1848 3555 2096 3615 parasset
2141 3547 2210 3602 ad
2254 3548 2511 3603 dandum.
2556 3547 2647 3603 Sic
2689 3550 2831 3619 quod
2873 3551 3097 3620 apostoli
3142 3551 3419 3606 solverunt

1846 3634 2059 3692 Iudaeos
2098 3644 2153 3690 et
2197 3646 2386 3708 gentes
2411 3638 2478 3693 de
2501 3639 2716 3694 vinculo
2743 3640 2976 3705 inimici,
3018 3640 3071 3694 in
3097 3641 3270 3711 prima
3296 3632 3416 3711 qni-

1846 3730 1969 3785 dem
2018 3726 2157 3783 faeie
2205 3744 2396 3785 eorum
2446 3730 2724 3785 videbatur
2769 3746 2934 3801 opus,
2988 3748 3177 3788 revera
3220 3720 3411 3788 autem

1848 3819 2022 3874 virtus
2046 3816 2147 3873 fuit
2173 3827 2229 3874 et
2250 3819 2420 3889 gratia
2445 3818 2664 3875 Christi.
2696 3819 2805 3875 Nec
2825 3822 2968 3875 enim
2995 3838 3025 3875 a
3046 3821 3261 3879 Christo
3288 3822 3418 3878 duo—

1846 3912 2021 3968 decim
2056 3912 2334 3968 constituti
2370 3920 2539 3969 totum
2580 3912 2834 3983 mundum
2868 3913 3084 3983 ligatum
3125 3917 3225 3969 sub
3258 3924 3417 3985 pote-

1848 4011 1985 4059 state
2028 4002 2224 4059 diaboli
2264 4002 2472 4058 solvere
2507 4004 2834 4073 potuissent,
2870 4005 2972 4058 nisi
3008 4005 3180 4075 gratia
3212 4005 3413 4063 Christi

1846 4092 2103 4147 virtutem
2124 4091 2519 4163 confregissent
2538 4092 2763 4147 inimici.
2791 4092 2895 4148 Sed
2925 4095 3238 4159 notandum,
3270 4096 3413 4168 quod

1826 4182 2034 4236 “scribit
2061 4180 2300 4245 Marcus,
2330 4180 2535 4250 pullum
2577 4189 2703 4235 ante
2735 4180 2958 4251 januam
3015 4182 3146 4238 foris
3177 4184 3231 4239 in
3269 4185 3415 4239 bivio

1846 4273 2119 4327 inventum
2161 4270 2370 4342 (Marc.
2405 4270 2498 4343 ιι)
2531 4289 2543 4325 :
2585 4271 2751 4340 janua
2794 4281 2972 4326 autem
3009 4272 3122 4342 ipse
3162 4283 3281 4339 est,
3324 4276 3416 4343 qui

1846 4365 1917 4419 ait
1946 4383 1959 4419 :
1990 4364 2102 4435 Ego
2131 4381 2246 4419 sum
2263 4363 2432 4433 janua
2462 4364 2671 4429 arium;
2697 4381 2789 4435 per
2822 4381 2901 4418 me
2926 4365 2970 4418 si
2998 4365 3111 4434 quis
3138 4365 3415 4431 introierit,

1846 4456 2148 4522 salvabitur,
2174 4466 2221 4510 et
2248 4456 2565 4525 ingredietur
2585 4465 2632 4509 et
2658 4456 2969 4526 egredietur,
2991 4465 3037 4509 et
3059 4473 3253 4526 pascua
3280 4458 3413 4511 inrc-

1849 4548 1950 4602 niet
1977 4546 2157 4618 (Joan.
2190 4546 2264 4617 κ).
2290 4545 2489 4612 Quibus
2512 4546 2636 4600 vitae
2654 4546 2869 4616 pascuis
2901 4547 3002 4601 iste
3022 4546 3215 4616 pullus,
3255 4545 3307 4601 id
3335 4556 3412 4601 cs'

1847 4641 2073 4710 p0pulus
2097 4641 2354 4711 gentium,
2379 4639 2619 4701 carebat,
2650 4639 2867 4708 quando
2897 4638 3072 4693 adhuc
3099 4648 3252 4694 extra
3274 4640 3415 4695 hanc

1842 4734 2061 4802 januam
2084 4732 2136 4786 in
2160 4732 2303 4785 bivio
2324 4730 2519 4801 ligatus
2539 4731 2735 4784 stabat.
2760 4729 2825 4783 Et
2848 4737 2995 4785 recte
3022 4730 3075 4783 in
3101 4730 3265 4796 bivio,
3288 4732 3414 4800 quia

1848 4840 1953 4879 non
1978 4839 2137 4878 unam
2160 4831 2337 4877 certus
2361 4822 2483 4876 vitae
2506 4820 2735 4891 ﬁdeique
2757 4822 2897 4875 viam
2923 4822 3157 4887 tenebat,
3182 4822 3275 4875 sed
3300 4822 3417 4891 plu-

1850 4932 1936 4971 res
1967 4916 2260 4983 dubiosque
2286 4925 2555 4968 sectarum
2585 4913 2750 4968 colles
2779 4913 3105 4982 sequebatur
3129 4928 3411 4969 erroneus.

1919 5008 1987 5063 Et
2021 5010 2372 5079 imposuerunt
2409 5024 2565 5078 super
2599 5024 2686 5061 eos
2722 5007 3023 5062 vestimenta
3060 5026 3155 5061 sua
3177 5048 3191 5073 ,
3224 5018 3270 5062 et
3297 5026 3415 5062 eum

1848 5102 2068 5170 desuper
2120 5099 2294 5152 sedere
2350 5099 2602 5167 fecerunt.
2659 5097 2992 5153 Vestimenta
3053 5098 3413 5167 apostolorum

1846 5203 1970 5247 sunt
1994 5198 2257 5260 praecepta
2283 5188 2483 5251 divina,
2511 5197 2565 5243 et
2591 5188 2759 5259 gratia
2788 5188 3060 5259 spiritalis.
3092 5187 3240 5242 Sicut
3268 5188 3412 5242 enim

1845 5282 2099 5335 nuditatis
2128 5281 2401 5350 turpitudo
2438 5281 2761 5335 vestimento
2789 5281 3006 5351 tegitur,
3039 5280 3116 5333 sic
3147 5279 3410 5333 naturalia

1845 5375 1980 5429 mala
2006 5376 2183 5429 carnis
2209 5383 2406 5427 nostra!
2432 5374 2715 5443 praeceptis
2741 5382 2794 5427 et
2818 5374 2987 5442 gratia
3018 5373 3195 5427 divina
3226 5382 3413 5439 tegun-

1844 5479 1946 5521 tur.
1979 5465 2237 5537 (Hieron.
2265 5464 2281 5534 )
2310 5464 2494 5519 Pullus
2522 5465 2717 5535 quippe
2760 5463 2860 5517 iste
2899 5472 2952 5516 et
2994 5462 3141 5516 asina
3163 5502 3176 5528 ,
3217 5463 3410 5530 quibus

1843 5558 2093 5628 apostolis
2120 5557 2427 5610 insternunt
2454 5557 2771 5610 vestimenta
2800 5570 2914 5618 sua,
2941 5562 2998 5608 ut
3022 5552 3175 5609 Jesus
3198 5552 3410 5608 mollius

1840 5651 2056 5714 sedeat,
2086 5660 2211 5703 ante
2238 5647 2529 5703 adventum
2552 5646 2871 5725 ’Salvatoris
2900 5645 3027 5701 nudi
3057 5654 3208 5700 erant
3230 5686 3242 5708 ,
3272 5647 3405 5697 lllttl-

1842 5744 2013 5811 usque
2046 5740 2145 5795 sibi
2177 5739 2229 5794 in
2262 5754 2357 5795 eos
2387 5737 2719 5793 dominatum
2762 5736 3157 5792 vindicantibus
3205 5735 3405 5805 absque
