3922 6354
219 334 355 391 “Ml

1153 317 1497 382 GOIIENT.
1535 314 1605 373 IN
1641 307 2077 372 ιιΑττιιιΕωι.
2115 339 2187 352 -
2221 306 2352 365 UB.

3250 270 3252 273 ’
3305 308 3438 363 Idl-3

219 446 296 503 ιηί
310 484 327 511 ο
351 456 522 514 agnus
545 441 635 510 qui
662 440 717 497 in
737 439 940 496 Pascha
965 437 1342 501 immolaretur,
1366 434 1581 490 domum
1605 429 1770 486 intro-
1793 434 1845 493 Α
1870 424 2042 482 nerati
2074 431 2251 514 erant,
2285 434 2383 491 pro
2407 419 2587 475 usuris
2605 418 2957 514 accipiebant
2984 418 3174 514 vatius
3207 418 3441 514 species.

219 535 347 590 duci
377 532 574 588 missus
596 539 710 597 est,
736 530 858 602 quia
892 537 950 586 et
983 528 1237 585 Dominus
1266 524 1473 580 decima
1511 522 1609 578 dic‘
1628 518 1770 588 ejus-

222 627 348 699 dem
384 622 615 689 mensis,
655 623 706 678 id
744 629 858 688 est,
898 628 1020 676 ante
1044 618 1280 690 quinque
1314 614 1428 671 dies
1459 607 1679 668 Pascha:
1715 611 1770 666 in
1807 693 1809 696 g

222 716 535 779 civitatem,
579 713 634 767 in
676 728 779 783 qua
821 717 1111 781 pateretur,
1154 714 1272 762 erat
1313 705 1668 776 ingressurus.
1703 699 1772 756 Et

222 803 368 859 sicut
390 817 556 872 agnus
576 800 642 857 de
667 810 779 858 toto
803 814 962 871 grege
993 797 1194 853 electus
1225 801 1432 851 ceer
1469 806 1579 848 sum
1615 788 1773 845 victi-

224 891 479 946 mationis
509 890 650 950 diem
681 887 1055 960 exspectabat,
1086 885 1163 940 ita
1197 892 1252 940 ct
1285 882 1541 939 Dominus
1592 880 1776 951 conju-

224 989 379 1037 rante
397 983 673 1038 adversum
697 995 757 1039 se
775 978 920 1036 omni
943 977 1213 1034 seniorum
1237 983 1292 1031 et
1312 973 1628 1046 principium
1649 986 1778 1028 con-

223 1070 353 1128 cilio
388 1056 571 1128 certus
605 1069 1012 1142 praestolabatur
1040 1067 1227 1124 horam
1245 1107 1262 1134 ,
1301 1067 1356 1122 in
1398 1080 1504 1137 qua
1544 1065 1777 1135 seipsum

222 1176 322 1232 pro
347 1162 516 1218 salute
543 1163 723 1217 mundi
738 1160 1070 1218 oblationem
1098 1159 1207 1214 Deo
1231 1165 1288 1214 et
1311 1157 1540 1216 hostiam
1567 1155 1620 1211 in
1644 1158 1776 1211 odo-

224 1267 342 1309 rem
383 1251 661 1307 suavitatis
696 1249 934 1306 olferret.
978 1247 1361 1325 lmmolabatur
1392 1261 1559 1319 agnus
1589 1252 1779 1314 quarta

222 1339 432 1394 decima
468 1340 555 1406 die
585 1339 744 1408 primi
771 1335 975 1391 mensis
1004 1335 1071 1389 ad
1097 1350 1399 1405 vesperam.
1424 1333 1496 1401 ,Et
1525 1331 1779 1388 Dominus

221 1429 412 1482 eadem
452 1429 585 1482 hora
619 1441 814 1497 agnum
854 1439 976 1479 cum
1010 1425 1283 1494 discipulis
1311 1422 1665 1486 manducans,
1687 1418 1778 1474 nbl

225 1519 414 1590 legalis
448 1519 670 1574 Pascha:
701 1518 940 1588 decreta,
957 1513 1271 1587 complevit,
1297 1531 1544 1588 egressus
1567 1521 1647 1570 est
1671 1520 1781 1568 sta-

225 1609 328 1662 tim
362 1623 482 1663 cum
507 1607 587 1663 eis
614 1607 681 1661 ad
709 1608 884 1662 locum
910 1606 1171 1661 orationis
1188 1646 1204 1672 ,
1242 1606 1332 1662 ubi
1360 1603 1780 1675 comprehensus

1870 524 1931 571 ut
1951 491 2112 585 quodI
2133 512 2189 567 in
2216 525 2439 567 nummo
2465 525 2572 564 non
2604 508 2802 564 licebat
2823 548 2838 573 ,
2862 507 2918 562 in
2943 509 3029 564 his
3059 509 3219 564 rebus
3254 509 3436 579 exige-

1871 613 2013 670 rent,
2039 620 2162 674 qua:
2181 604 2419 659 munmis
2440 608 2762 659 coemuntur
2793 620 2806 654 :
2836 601 2988 670 quasi
3011 616 3117 658 non
3139 601 3242 657 hoc
3264 601 3438 671 ipsum

1873 695 2118 754 Ezechiel
2141 693 2478 765 praecaverit,
2521 691 2706 749 dicens
2734 709 2748 745 :
2777 687 3003 748 Πηνειοῦ
3034 701 3084 746 et
3122 693 3448 763 superabuu‘

1872 788 2106 846 dentiam
2131 803 2234 840 non
2255 784 2516 855 accipietis
2545 781 2760 855 (Bacch.
2787 780 2960 853 xvut).
2990 781 3152 838 Istius
3175 783 3318 839 modi
3341 783 3443 838 Do-

1873 880 2052 937 minus
2087 892 2314 934 cernens
2344 876 2400 930 in
2443 877 2604 933 domo
2643 874 2823 929 Patris
2863 874 3304 944 negotiationem,
3347 889 3442 930 seu

1875 969 2217 1026 latrocinium
2253 967 2446 1022 ardore
2491 965 2712 1035 spiritus
2753 965 3074 1030 concitatus,
3112 963 3266 1033 juxta
3303 967 3446 1034 quod

1876 1061 2137 1132 scriptum
2173 1066 2260 1114 est
2297 1057 2354 1113 in
2392 1055 2730 1127 sexagesimo
2764 1063 2956 1116 octavo
2994 1055 3202 1125 psalmo
3241 1073 3255 1110 :
3286 1054 3446 1114 Zelus

1875 1154 2060 1209 domus
2093 1160 2200 1206 tua:
2227 1149 2447 1205 comedit
2487 1165 2590 1212 me,
2637 1145 2766 1203 fecit
2811 1143 2914 1202 sibi
2947 1144 3215 1217 ﬂagellum
3242 1162 3275 1203 e
3302 1146 3444 1202 funi-

1876 1243 2030 1310 culis,
2073 1250 2130 1298 et
2179 1248 2385 1296 tantam
2421 1238 2700 1295 hominum
2751 1236 3148 1294 multitudinem
3187 1236 3348 1306 ejecit
3382 1238 3449 1292 de

1877 1332 2105 1402 templo,
2152 1332 2340 1388 dicens
2371 1348 2385 1386 :
2414 1331 2682 1402 Scriptum
2722 1339 2799 1385 est
2829 1343 2849 1382 :
2876 1329 3076 1385 Domus
3113 1345 3231 1384 mea
3263 1329 3448 1384 domus

1876 1425 2128 1479 orationis
2153 1424 2446 1490 vocabitur,
2475 1439 2567 1477 vos
2592 1421 2786 1491 fecistis
2804 1420 2949 1476 illam
2969 1421 3269 1493 speluncam
3289 1421 3454 1478 latro-

1877 1530 2024 1568 num.
2055 1512 2220 1570 Latro
2245 1515 2392 1570 enim
2424 1522 2528 1580 est,
2557 1522 2614 1570 et
2655 1513 2910 1584 templum
2940 1513 3036 1568 Dei
3084 1513 3138 1568 in
3181 1513 3451 1571 latronum

1879 1603 2146 1659 convertit
2169 1605 2506 1675 speluncam,
2530 1604 2623 1675 qui
2645 1604 2795 1660 lucra
2820 1604 2887 1660 de
2908 1604 3163 1676 religione
3187 1611 3451 1670 sectatur,

224 1703 282 1747 et
305 1695 502 1764 ligatus
527 1711 557 1748 a
581 1695 779 1774 Iudaeis
795 1695 909 1764 jam
933 1705 1267 1750 sacramenta
1294 1694 1465 1750 hosta:
1490 1707 1601 1749 suae
1624 1689 1782 1748 victi-
1880 1691 2162 1762 cultusque
2174 1693 2292 1764 ejus
2311 1708 2420 1749 non
2443 1701 2551 1748 tam
2573 1692 2750 1748 cultus
2769 1691 2865 1747 Dei
2893 1707 3056 1761 quam
3074 1693 3454 1762 negotiationis
3473 1740 3489 1765 ,

227 1783 485 1838 mationis
510 1784 803 1840 inchoaret.

297 1886 409 1958 [IL]
437 1886 499 1939 Et
520 1887 755 1955 ejiciebat
780 1887 1234 1943 omnesbentlentcs
1258 1896 1304 1942 et
1329 1895 1547 1942 ementes
1571 1887 1625 1940 lu
1651 1893 1779 1940 tem-

225 1975 333 2044 plo,
363 1986 410 2030 et
437 1993 640 2029 mensas
663 1976 1151 2042 uununulariorum,
1191 1987 1241 2034 et
1273 1979 1545 2033 cathedras
1564 1977 1784 2032 venden-

192 2065 360 2118 ‘tium
405 2065 667 2120 columbas
706 2068 906 2132 evertit,
954 2076 1002 2122 et
1048 2070 1170 2122 dicit
1199 2070 1272 2123 eis
1303 2082 1321 2121 :
1350 2067 1613 2139 Scriptum
1659 2078 1734 2123 est
1763 2086 1784 2125 :

227 2145 430 2213 [toruus
455 2176 570 2212 mea
603 2159 787 2213 domus
814 2162 1064 2214 orationis
1084 2162 1371 2228 vocabitur,
1400 2178 1486 2215 vos
1510 2169 1680 2215 autem
1709 2161 1788 2229 [e-

228 2248 378 2319 cistis
401 2246 548 2300 illam
570 2247 866 2317 speluncam
891 2246 1173 2303 latronum.
1197 2247 1464 2319 (Hierom)
1493 2249 1790 2304 Comitatus

226 2337 386 2395 lesns
402 2339 553 2393 turba
567 2340 917 2403 credentium,
933 2356 1054 2411 qum
1072 2342 1388 2396 vestimenta
1414 2357 1529 2407 sua,
1551 2342 1788 2398 utillaeso
1815 2403 1827 2411 _

228 2428 368 2498 pede
380 2427 556 2497 pullus
577 2428 864 2494 incederet,
881 2437 1163 2495 straverat,
1184 2431 1480 2501 ingreditur
1505 2431 1783 2501 templum,

227 2523 286 2570 et
300 2514 466 2584 'ejecit
483 2532 672 2572 omnes
694 2518 785 2586 qui
810 2519 1108 2574 vendebant
1121 2527 1185 2574 et
1222 2520 1472 2575 emebant
1493 2520 1544 2574 in
1568 2521 1786 2591 templo,

230 2621 449 2661 mensas
478 2607 950 2663 nummulariorum
972 2610 1254 2675 subvertit,
1279 2618 1334 2665 et
1358 2611 1642 2668 cathedras
1661 2627 1792 2666 ven-

229 2693 474 2748 dentiutn
509 2694 782 2749 columbas
823 2695 1119 2765 dissipavit,
1149 2696 1390 2765 dixitque
1430 2699 1512 2753 eis
1539 2698 1611 2753 de
1649 2699 1787 2753 Scri-

229 2781 407 2848 pturis
454 2781 656 2834 sanctis
699 2783 1062 2836 testimonium
1096 2781 1390 2850 proferens,
1428 2785 1568 2853 quod
1603 2787 1795 2842 domus

233 2863 412 2919 Patris
449 2862 565 2932 ejus
591 2864 856 2920 orationis
893 2865 1084 2923 domus
1116 2880 1234 2920 esse
1261 2866 1502 2935 deberet,
1538 2874 1646 2924 non
1679 2884 1799 2940 spe-

237 2953 395 3008 lunca
420 2953 711 3018 latronum,
739 2955 823 3008 vel
853 2955 1042 3010 domus
1065 2956 1465 3026 negotiationis,
1495 2959 1634 3016 sicut
1652 2969 1709 3016 et
1742 2962 1797 3016 in

230 3044 343 3099 alio
367 3045 690 3113 evangelista
719 3045 971 3112 loquitur.
1005 3046 1072 3100 Et
1107 3047 1208 3102 hoc
1234 3049 1464 3117 primum
1494 3050 1793 3118 sciendum,

226 3133 376 3201 quod
393 3105 544 3202 juxta
575 3105 823 3187 mandata
854 3132 1007 3204 legis,
1040 3105 1418 3205 augustissimo
1449 3138 1505 3193 in
1529 3105 1794 3196 toto
1820 3105 1867 3181 ς

231 3223 436 3293 templo
479 3224 708 3289 Domini,
740 3231 796 3279 et
839 3225 907 3280 de
946 3226 1155 3282 cunctis
1182 3241 1320 3297 pene
1355 3228 1671 3300 regionibus
1703 3232 1796 3288 Ju-

125 3341 128 3346 -
231 3313 472 3366 dzeorum
513 3312 635 3366 illuc
669 3313 863 3383 populo
906 3314 1208 3372 conﬂuente
1245 3318 1665 3379 innumerabiles
1703 3325 1800 3379 im-

233 3400 580 3456 molabantur
611 3402 817 3469 hostiae,
864 3412 920 3459 et
964 3406 1196 3462 maxime
1232 3407 1384 3465 festis
1427 3409 1639 3478 diebus,
1688 3420 1802 3468 tau-

233 3504 441 3553 rorum,
489 3490 747 3553 arietum,
796 3500 853 3546 et
892 3493 1183 3549 hircorum.
1233 3495 1674 3567 Pauperioribus,
1731 3518 1800 3559 ue

233 3580 443 3648 absque
465 3579 730 3635 sacriﬁcio
751 3589 954 3647 essent,
970 3582 1145 3653 pullos
1160 3585 1528 3643 columbarum
1549 3599 1605 3645 et
1630 3597 1802 3650 turtu-

193 3688 195 3690 ·
236 3682 329 3721 res
348 3665 713 3735 offerentibus,
731 3671 1011 3738 accidebat
1027 3666 1364 3747 plerumque,
1380 3687 1440 3734 ut
1455 3681 1549 3751 qui-
1564 3682 1629 3737 de
1648 3681 1805 3753 longe

238 3767 520 3822 venerant,
573 3775 678 3814 non
725 3761 986 3817 haberent
1027 3765 1294 3823 victimas.
1353 3769 1806 3840 Excogitaverunt

239 3847 407 3917 igitur
435 3850 773 3917 sacerdotes,
809 3855 1078 3921 quomodo
1107 3859 1344 3926 praedam
1385 3861 1455 3916 de
1479 3864 1690 3932 populis
1719 3866 1803 3922 fa-

237 3949 450 4007 cerent,
485 3950 541 3996 et
571 3943 750 3997 omnia
777 3944 1052 4012 animalia,
1093 3949 1290 4018 quibus
1323 3966 1456 4022 opus
1482 3964 1599 4010 erat
1627 3957 1694 4011 ad
1721 3973 1808 4012 sa-

237 4030 470 4096 criﬁcia,
496 4032 815 4100 vendebant,
846 4042 905 4089 ut
926 4043 982 4090 et
1008 4038 1302 4094 venderent
1327 4057 1433 4096 non
1457 4043 1803 4112 habentibus;

236 4131 297 4176 et
339 4121 445 4194 ipsi
484 4138 697 4177 rursum
742 4133 922 4194 empta
962 4128 1311 4198 susciperent.
1349 4131 1498 4190 Hauc
1527 4137 1806 4206 stropham

234 4225 429 4266 eorum
454 4212 646 4267 crebro
667 4213 993 4269 venientium
1029 4215 1204 4288 inopia
1243 4220 1575 4290 dissipabat,
1605 4225 1699 4294 qui
1728 4225 1808 4281 in-

238 4300 498 4371 digebant
532 4305 865 4374 sumptibus,
900 4315 956 4362 et
993 4323 1099 4364 non
1131 4309 1302 4365 solum
1329 4312 1534 4370 hostias
1560 4331 1670 4371 non
1712 4318 1810 4372 ha-

238 4390 459 4455 bebant,
501 4389 598 4447 se'd
638 4409 707 4449 ne
741 4397 882 4451 unde
909 4407 1154 4462 emerent
1181 4400 1396 4474 quidem
1423 4419 1552 4468 aves
1571 4391 1641 4462 fet
1681 4407 1807 4464 vilia

239 4480 580 4534 munuscula.
617 4481 919 4539 Posuerunt
951 4486 1131 4556 itaque
1168 4496 1223 4544 et
1261 4478 1672 4563 nummularios,
1714 4497 1807 4568 qui

241 4573 484 4621 mutuam
541 4570 641 4623 sub
687 4570 1070 4628 hac-cautione
1111 4576 1302 4632 darent
1351 4581 1652 4650 pecuniam.
1702 4583 1810 4641 Sed

239 4656 372 4728 quia
417 4665 536 4712 erat
587 4657 701 4729 lege
748 4664 1075 4732 pmiceptum
1127 4663 1312 4736 (Leuit.
1357 4670 1510 4742 xxv),
1551 4682 1612 4728 ut
1650 4689 1809 4731 nemo

238 4763 438 4803 usuras
475 4750 759 4820 acciperet,
801 4761 856 4810 et
895 4756 1150 4828 prodesse
1188 4773 1292 4814 non
1335 4770 1545 4830 poterat
1581 4769 1807 4840 pecunia

241 4837 506 4904 fenerata,
544 4855 664 4911 qua:
688 4844 957 4901 commodi
993 4847 1126 4908 nihil
1163 4849 1419 4917 haberet,
1452 4853 1506 4909 et
1535 4837 1806 4915 interdum

241 4937 449 4985 sortem
471 4932 751 5000 perderet,
784 4937 1221 5006 excogitaverunt
1248 4949 1303 4996 et
1331 4941 1493 5000 aliam
1521 4947 1768 5004 technam
1789 4991 1805 5018 ,

241 5029 305 5076 ut
334 5036 432 5091 pro
455 5024 822 5081 nummulariis
852 5027 1159 5097 collybistas
1183 5027 1422 5088 facerent
1442 5073 1457 5100 ,
1481 5032 1632 5103 cujus
1657 5040 1808 5096 verbi

241 5111 628 5180 preprietatem
652 5113 841 5190 Latina
869 5117 1046 5188 lingua
1081 5134 1185 5175 non
1211 5121 1481 5191 exprimit.
1514 5123 1700 5184 Gratee
1727 5129 1810 5185 di-

241 5203 388 5257 citur
408 5211 510 5259 τῶν
532 5207 876 5266 κολλυϐιστῶν
905 5214 1074 5284 ἐξέχει
1097 5214 1156 5268 τὸ
1193 5215 1350 5291 κέρμα
1367 5256 1382 5281 ,
1415 5216 1467 5272 id
1491 5225 1606 5282 est,
1633 5219 1802 5291 colly-

241 5292 505 5356 bistarum
538 5295 697 5365 ejecit
735 5303 1038 5369 pecuniam.
1072 5305 1315 5368 ιιόλλυϐος
1347 5308 1427 5362 vel
1469 5311 1693 5374 κὰλλιϐος
1721 5314 1802 5368 di-

241 5395 443 5442 cuntur
482 5391 620 5459 apud
645 5406 757 5459 eos,
788 5408 907 5462 qua:
945 5411 1043 5466 nos
1067 5398 1396 5467 appellamus
1426 5401 1510 5456 vel
1533 5402 1659 5458 vilia
1694 5420 1810 5459 mu-

239 5478 468 5533 nuscula
486 5520 501 5546 ,
532 5481 680 5537 verbi
706 5484 896 5553 gratia,
930 5483 1053 5540 frixi
1082 5488 1272 5543 ciceris
1290 5529 1308 5555 ,
1337 5506 1668 5564 uvarumque
1687 5509 1810 5565 pas-

238 5584 460 5636 sarnm,
492 5578 545 5626 et
578 5586 737 5641 poma
767 5574 963 5631 diversi
992 5579 1226 5648 generis.
1264 5581 1430 5652 Igitur
1466 5583 1592 5652 quia
1620 5600 1812 5641 usuras

238 5659 490 5731 accipere
531 5677 636 5720 non
657 5673 902 5732 poterant
942 5667 1250 5740 collybistae,
1301 5671 1392 5742 qui
1427 5675 1708 5744 pecuniam
1736 5675 1813 5733 fc-

1808 1778 1856 1838 B
1881 1781 2096 1838 occasio
2133 1776 2236 1838 est.
2279 1781 2395 1839 Hoc
2424 1781 2581 1852 juxta
2610 1781 2914 1838 historiam.
2955 1781 3221 1837 Caeterum
3260 1798 3457 1838 secum

1882 1871 2011 1927 dum
2047 1873 2306 1944 mysticos
2350 1871 2650 1928 intellectus
2686 1873 2927 1943 quotidie
2958 1871 3117 1928 Jesus
3155 1873 3454 1944 ingreditur

1883 1959 2140 2030 templum
2164 1960 2355 2029 Patris,
2395 1967 2452 2015 et
2478 1959 2624 2030 ejicit
2643 1958 2833 2016 omnes
2860 1969 2970 2016 tam
2997 1961 3278 2030 episcopos
3294 1976 3460 2031 quam

1881 2050 2229 2120 presbyteros
2250 2091 2267 2115 ,
2299 2059 2355 2107 et
2381 2050 2638 2107 diaconos
2661 2065 2823 2119 quam
2851 2050 3041 2116 laicus,
3068 2057 3124 2104 et
3149 2050 3457 2123 universam

1885 2136 2098 2193 turbam
2121 2138 2190 2192 de
2212 2137 2477 2203 Ecclesia,
2508 2145 2564 2192 et
2584 2137 2748 2193 unius
2775 2138 3022 2193 criminis
3043 2137 3209 2192 habet
3227 2138 3460 2193 venden-

1886 2234 1969 2279 tes
1994 2233 2050 2280 et
2078 2233 2320 2281 ementes
2353 2226 2597 2312 pariter;
2637 2227 2900 2295 scriptum
2931 2229 3017 2281 est
3043 2227 3188 2282 enim
3225 2244 3240 2281 :
3283 2225 3461 2284 Gratis

1886 2320 2178 2390 accepistis,
2221 2321 2385 2390 gratis
2407 2320 2548 2383 date.
2584 2319 2799 2375 Mensas
2827 2334 3041 2390 quoque
3078 2319 3464 2378 nummulario-

1887 2427 2006 2465 rum
2030 2411 2315 2467 subvertit.
2367 2410 2606 2467 Observa
2635 2417 2855 2480 propter
2884 2410 3172 2465 avaritiam
3205 2409 3459 2466 sacerdo-

1888 2507 2004 2554 tum
2044 2499 2237 2554 altaria
2279 2499 2377 2554 Dei
2404 2497 2885 2556 nummulariorum
2926 2515 3142 2556 mensas
3177 2499 3456 2570 appellari.

1887 2592 2186 2648 Cathedras
2227 2593 2574 2649 vendentium
2615 2591 2893 2648 columbas
2942 2581 3158 2657 evertit,
3199 2593 3292 2661 qui
3329 2607 3460 2647 ven-

1888 2684 2025 2739 dunt
2064 2684 2292 2756 gratiam
2334 2684 2511 2740 sancti
2547 2683 2797 2753 Spiritus,
2845 2692 2902 2739 et
2936 2683 3120 2739 omnia
3161 2682 3365 2737 faciunt
3405 2689 3465 2735 ut

1892 2773 2167 2842 subjectos
2189 2774 2414 2844 populos
2449 2773 2738 2840 devorent;
2774 2774 2841 2830 de
2861 2773 3058 2842 quibus
3084 2771 3280 2828 dicitur
3311 2790 3324 2825 :
3356 2771 3462 2837 Qui

1895 2863 2142 2919 devorant
2165 2863 2414 2935 populum
2427 2880 2596 2919 meum
2616 2864 2749 2918 sicut
2769 2879 2939 2919 escam
2953 2863 3105 2934 panis
3128 2860 3298 2934 (Psal.
3315 2859 3461 2932 xm).

1897 2951 2059 3009 Juxta
2095 2953 2396 3025 simplicem
2425 2954 2830 3026 intelligentiam
2865 2953 3126 3009 columbas
3164 2967 3270 3007 non
3307 2959 3464 3008 erant

1903 3043 1956 3097 in
1986 3043 2278 3110 cathedris,
2301 3043 2398 3100 sed
2417 3043 2474 3098 in
2498 3045 2766 3112 cavernis,
2795 3043 2902 3100 nisi
2931 3041 3072 3099 forte
3090 3041 3454 3099 columbarum

1897 3137 2170 3194 institores
2207 3137 2466 3193 sedebant
2506 3138 2562 3193 in
2605 3138 2894 3205 cathedris,
2936 3135 3079 3208 quod
3118 3137 3334 3206 penitus
3372 3134 3469 3191 ab-

1896 3224 2119 3281 surdum
2151 3232 2269 3291 est,
2302 3225 2429 3294 quia
2471 3226 2525 3281 in
2568 3225 2840 3281 cathedris
2882 3225 3262 3295 magistrorum
3295 3223 3467 3294 magis

1896 3313 2131 3385 dignitas
2157 3315 2446 3372 indicatur.
2470 3314 2601 3384 Quae
2631 3316 2814 3385 utique
2834 3315 2902 3370 ad
2930 3314 3156 3370 nihilum
3181 3314 3464 3385 redigitur,
3493 3362 3495 3366 .

1853 3473 1856 3477 .
1897 3419 2022 3459 cum
2065 3405 2224 3462 mista
2272 3405 2433 3464 fuerit
2490 3406 2673 3462 lueris.
2727 3404 2932 3477 (Greg.)
2963 3404 3082 3473 Qui
3116 3414 3297 3461 autem
3343 3415 3469 3462 sunt

1899 3495 1955 3550 in
1984 3496 2179 3565 templo
2202 3496 2300 3552 Dei
2326 3497 2505 3563 hodie,
2527 3499 2620 3567 qui
2645 3497 2925 3554 columbas
2949 3497 3206 3565 vendunt,
3247 3497 3351 3554 nisi
3373 3499 3466 3568 qui

1901 3584 1958 3639 in
1985 3585 2222 3640 Ecclesia
2247 3587 2480 3656 pretium
2507 3576 2574 3642 de
2596 3586 2933 3656 impositione
2959 3600 3152 3642 manus
3177 3587 3483 3667 accipiunt,

1901 3689 2000 3744 per
2043 3690 2206 3744 quam
2248 3676 2498 3732 videlicet
2536 3677 2932 3747 impositionem
2979 3677 3212 3748 Spiritus
3252 3689 3471 3736 sanctus

1904 3763 2117 3820 ctelitus
2137 3765 2332 3824 datur?
2354 3765 2615 3827 Columba
2640 3766 2805 3838 igitur
2828 3767 3097 3835 venditur,
3127 3769 3250 3839 quia
3279 3784 3470 3826 manus
3512 3821 3516 3824 .

1907 3855 2210 3926 impositio,
2243 3873 2344 3928 per
2371 3873 2534 3929 quam
2565 3857 2799 3928 Spiritus
2826 3867 3049 3918 sanctus
3083 3860 3366 3930 accipitur,
3405 3861 3473 3916 ad

1905 3945 2140 4015 pretium
2182 3947 2472 4018 praebetur.
2520 3946 2630 4003 Sed
2667 3947 2995 4018 Redemptor
3031 3948 3318 4004 cathedras
3352 3964 3479 4006 ven-

1908 4036 2146 4091 dentium
2168 4036 2443 4092 columbas
2462 4037 2686 4103 evertit,
2709 4039 2833 4108 quia
2869 4039 3054 4095 talium
3079 4040 3474 4110 negotiatorum

1907 4127 2270 4185 sacerdotium
2313 4129 2562 4184 destruit.
2601 4129 2737 4186 lline
2773 4139 2858 4186 est
2890 4131 3034 4200 quod
3067 4131 3209 4186 sacri
3237 4120 3495 4188 canones.

1908 4219 2271 4277 Simoniacam
2314 4221 2560 4277 heresim
2598 4222 2887 4288 damnant,
2927 4231 2994 4278 et
3035 4236 3130 4278 eos
3176 4223 3480 4278 sacerdotio

1907 4312 2110 4383 privari
2137 4312 2476 4383 praecipiunt,
2504 4313 2596 4383 qui
2628 4314 2694 4368 de
2720 4313 3010 4385 largiendis
3038 4315 3318 4371 ordinibus
3347 4331 3474 4386 pre-

1910 4401 2046 4455 tium
2069 4409 2336 4471 quaerunt.
2364 4401 2631 4458 Cathedra
2660 4417 2789 4474 ergo
2823 4403 3166 4460 vendentium
3195 4405 3472 4462 columbas

1911 4488 2190 4555 evertitur,
2215 4489 2341 4559 quia
2368 4490 2424 4544 hi
2452 4490 2542 4560 qui
2568 4490 2865 4562 spiritalem
2889 4491 3117 4562 gratiam
3145 4493 3475 4557 venundant,

1911 4571 2005 4635 vel
2037 4590 2163 4636 ante
2189 4582 2483 4649 humanos,
2527 4582 2613 4637 vel
2650 4592 2776 4640 ante
2817 4583 2913 4639 Del
2950 4584 3134 4640 oculos
3174 4584 3480 4642 sacerdotio

1910 4673 2211 4744 privantur.
2262 4673 2549 4750 (Hieron)
2600 4675 2753 4742 Quod
2807 4676 2874 4733 de
2923 4676 3168 4735 ecclesiis
3213 4677 3472 4742 diximus,

1911 4772 2279 4841 unusquisque
2311 4772 2379 4828 de
2418 4788 2477 4829 se
2513 4773 2795 4856 intelligat.
2841 4773 2984 4830 Dicit
3025 4774 3170 4831 enim
3205 4774 3480 4844 apostolus

1911 4862 2152 4919 Paulus:
2197 4861 2296 4917 Vos
2321 4866 2445 4918 estis
2470 4865 2715 4935 templum
2752 4865 2866 4930 Dei,
2907 4876 2955 4920 et
2995 4866 3224 4937 Spiritus
3265 4875 3480 4921 sanctus
3571 4895 3575 4900 ~

1908 4951 2107 5008 habitat
2133 4952 2188 5008 in
2214 4953 2358 5006 vobis
2386 4951 2442 5024 ,(1
2483 4951 2602 5008 Cor.
2633 4969 2726 5020 ιιι;
2771 4953 2834 5008 ΙΙ
2879 4954 3004 5010 Cor.
3038 4955 3134 5025 v1).
3165 4954 3279 5010 Non
3317 4955 3389 5010 sit
3423 4955 3477 5011 in

1909 5044 2069 5099 domo
2116 5043 2349 5113 pectoris
2410 5045 2576 5100 vestri
2631 5046 2917 5116 negotiatic
2969 5061 3076 5102 non
3129 5045 3476 5120 vanentium

1911 5133 2308 5204 ementiumque
2343 5135 2704 5203 commercia,
2736 5152 2845 5192 non
2881 5137 3161 5193 domorum
3189 5137 3475 5212 cupiditas,

1912 5237 1982 5278 ne
2014 5222 2347 5293 ingrediatur
2369 5222 2730 5282 lesusiratus
2757 5236 2812 5282 et
2838 5227 3058 5298 rigidus.
3096 5225 3163 5281 Et
3191 5241 3297 5280 non
3322 5226 3482 5282 aliter

1911 5313 2130 5370 mundet
2167 5313 2424 5384 templum
2466 5331 2622 5375 suum
2661 5319 2765 5373 nisi
2795 5317 3000 5388 ﬂagello
3022 5317 3288 5384 adhibito,
3329 5325 3389 5372 ut
3414 5319 3483 5373 de

1912 5401 2164 5472 spelunca
2196 5403 2496 5472 latronum,
2525 5407 2672 5464 etde
2700 5409 2858 5464 domo
2884 5408 3260 5478 negotiationis
3279 5409 3479 5466 donum

1913 5493 2080 5548 faciat
2103 5493 2385 5548 orationis.
2425 5492 2629 5568 (Grcg.)
2651 5497 2874 5551 Domum
2913 5512 3043 5567 ergo
3068 5497 3330 5552 orationis
3357 5513 3480 5568 spe-

1912 5585 2124 5640 luncam
2159 5584 2426 5641 latmnum
2465 5574 2686 5653 faciunt,
2718 5589 2809 5658 qui
2852 5589 2919 5643 ad
2949 5589 3050 5643 hoc
3077 5589 3132 5660 in
3161 5591 3360 5660 templo
3393 5607 3480 5647 as-

1915 5676 2106 5732 sistere
2137 5684 2368 5743 norunt,
2399 5684 2458 5730 ut
2493 5685 2584 5732 aut
2618 5693 2724 5733 non
2753 5678 2941 5733 dantes
2967 5693 3192 5734 munera
3222 5681 3474 5736 studeant
