3922 6336
538 333 674 389 £013

1212 330 1269 384 Β.
1310 329 1561 383 ΠᾹΒᾹΝΙ
1603 328 1818 385 MAURI
1855 322 2171 381 ARCHIEP.
2211 324 2516 382 MOGUNT.
2555 327 2837 387 OPERUM
2871 332 3050 389 PARS
3082 333 3147 409 l._

3706 99 3890 418 ζ]

3628 333 3757 390 illi!

534 446 879 517 corporaliter
902 450 1170 513 persequi,
1199 451 1291 496 aut
1312 444 1503 497 dantes
1526 441 1841 511 spiritaliter
1868 450 2079 492 necare.
2111 434 2162 493 Α
2187 436 2374 491 urbem
2406 452 2653 507 egressus
2682 440 3181 506 eontradicentium,
3224 442 3318 500 ivit
3342 447 3397 501 in
3423 446 3756 504 Bethaniam.

534 536 808 605 Templum
839 546 1051 602 quoque
1079 542 1133 585 et
1160 533 1348 586 domus
1380 531 1469 584 Dei
1499 538 1583 584 est
1616 531 1728 596 ipsa
1758 542 1906 581 mens
1933 538 2089 596 atque

530 624 855 681 conscientia
882 622 1115 677 ﬁdelium
1136 662 1149 685 ,
1183 638 1299 691 quze
1326 630 1380 675 et
1414 621 1458 675 si
1480 619 1694 687 quando
1735 620 1788 671 in
1819 617 2087 671 laesionem

529 715 755 785 proximi
813 728 1095 783 perversos
1146 711 1497 780 cogitationes
1544 706 1782 777 profert,
1829 708 1981 776 quasi
2035 708 2087 759 in

528 806 778 877 spelunca
806 804 1039 857 latrones
1067 802 1301 855 reSident
1321 840 1334 863 ,
1365 809 1419 853 et
1442 798 1759 870 simpliciter
1784 797 2088 867 gradientes

526 893 873 955 interﬁciunt,
929 892 1139 959 quando
1186 890 1238 943 in
1276 889 1394 942 illos
1419 930 1445 952 ,η
1473 888 1562 956 qui
1599 888 1650 941 in
1684 886 1825 941 nullo
1856 887 1931 939 rei
1966 891 2090 939 sunt

526 987 781 1051 lmsionis,
823 984 1025 1055 gladios
1062 982 1316 1051 deﬁgunt.
1362 980 1510 1034 Mens
1545 979 1687 1032 enim
1718 977 1952 1031 ﬁdelium
1982 992 2086 1029 non

517 1075 629 1142 jam
690 1076 878 1128 domus
920 1072 1199 1136 orationis,
1258 1071 1349 1125 sed
1398 1069 1647 1137 spelunca
1699 1066 1924 1120 latronis
1980 1073 2085 1127 est,

525 1165 742 1236 quando
772 1164 958 1219 relicta
997 1158 1297 1217 innocentia
1329 1169 1383 1215 et
1417 1159 1761 1229 simplicitate
1790 1158 2087 1213 sanctitatis

523 1256 651 1311 illud
678 1264 904 1311 conatur
931 1269 1107 1325 agere,
1137 1252 1275 1305 unde
1306 1251 1477 1304 valeat
1499 1250 1743 1318 proximo
1773 1262 1986 1302 nocere.

594 1346 662 1399 Et
694 1352 1016 1398 accesserunt
1043 1342 1110 1394 ad
1144 1354 1259 1393 eam
1291 1340 1414 1392 εανεί
1437 1347 1482 1392 et
1512 1338 1689 1391 claudi
1715 1339 1767 1391 in
1797 1336 2005 1404 templo,
2038 1345 2087 1388 et

521 1436 723 1491 sanavit
766 1450 870 1487 eos.
915 1431 1092 1502 (Αιισ.)
1132 1430 1356 1483 Virtutis
1402 1444 1509 1482 sua:
1538 1428 1828 1497 potentiam
1864 1426 1915 1479 in
1954 1436 2085 1479 tem-

520 1526 609 1596 plo
654 1523 887 1579 ostendit
923 1521 1402 1576 calumniatoribus
1432 1560 1445 1583 ,
1497 1527 1554 1571 ut
1601 1518 1740 1587 quod
1791 1518 1863 1570 illi
1910 1516 2088 1570 verbis
2130 1586 2135 1589 ι

521 1618 821 1671 clamabant
848 1656 861 1677 ,
892 1615 992 1669 iste
1019 1613 1173 1668 factis
1206 1613 1539 1689 ostenderet,
1573 1611 1726 1678 quasi
1760 1609 1911 1663 testis
1942 1609 2088 1662 vocis

521 1706 750 1760 illorum.
799 1703 980 1776 (ΚΑΒ.)
1023 1704 1245 1757 Sanavit
1282 1718 1455 1757 caecos
1502 1711 1557 1753 ut
1585 1700 1905 1769 aspicientes
1942 1698 2086 1752 vide-

2192 526 2333 593 quod
2377 528 2757 598 interpretatur
2782 532 2965 584 domus
3003 533 3306 587 obedientia:
3334 577 3349 599 ,
3375 536 3486 603 jam
3510 545 3633 591 tunc
3670 552 3760 589 vo-

2190 618 2452 671 cationem
2485 621 2718 689 gentium
2746 621 3125 691 praeﬁgurans,
3159 625 3338 693 ibique
3376 629 3603 691 mansit,
3633 627 3757 696 quia

2191 709 2243 761 in
2271 707 2432 763 Israel
2458 724 2772 777 permanere
2801 728 2906 767 non
2946 716 3137 781 potuit.
3180 714 3291 768 lloc
3319 732 3534 785 quoque
3562 719 3757 772 intelli-

2190 798 2417 867 gendum
2453 808 2555 876 est,
2596 801 2738 869 quod
2781 811 2941 857 tanta:
2983 803 3145 859 fuerit
3183 808 3537 875 paupertatis,
3584 818 3642 861 et
3690 810 3759 862 ita

2191 888 2319 941 nulli
2351 888 2421 943 sit
2454 889 2722 953 adulatus,
2749 900 2809 945 ut
2841 893 2893 945 in
2933 894 3063 947 urbe
3104 895 3335 947 maxima
3359 895 3561 949 nullum
3584 898 3761 967 hospi-

2190 986 2320 1041 tem,
2363 980 2675 1050 nullamque
2720 983 2985 1037 invenerit
3022 986 3377 1048 mansionem,
3416 987 3509 1040 sed
3546 988 3597 1039 in
3637 1003 3761 1057 agro

2187 1067 2412 1135 parvulo
2453 1072 2591 1138 apud
2623 1072 2885 1125 Lazarum
2936 1089 3254 1145 sororesque
3301 1073 3418 1142 ejus
3470 1076 3755 1132 habitaret.

2189 1157 2385 1210 Eorum
2417 1160 2611 1229 quippe
2632 1162 2779 1215 vicus
2806 1162 3064 1216 Bethania
3094 1172 3197 1219 est.

2262 1247 2417 1301 Mane
2446 1260 2617 1303 autem
2649 1262 2904 1305 revertens
2948 1254 2999 1305 in
3042 1256 3298 1309 ciritatem
3338 1256 3561 1317 esuriit;
3600 1264 3648 1307 et
3688 1255 3758 1307 si.

2188 1339 2313 1391 dens
2338 1339 2426 1405 ﬁci
2455 1340 2689 1392 arborem
2717 1357 2875 1393 unam
2908 1359 3052 1395 secus
3084 1345 3243 1408 viam,
3266 1346 3401 1397 venit
3433 1344 3502 1395 ad
3545 1361 3679 1403 eam,
3712 1354 3753 1395 et

2190 1430 2315 1481 nihil
2348 1429 2533 1481 invenit
2564 1430 2616 1483 in
2641 1447 2701 1483 ea
2731 1431 2829 1506 nisi
2853 1432 2980 1499 folia
3009 1443 3233 1499 tantum,
3266 1444 3314 1486 et
3340 1435 3413 1485 ait
3436 1433 3514 1485 illi
3551 1452 3562 1484 :
3603 1432 3751 1487 Nun-

2187 1536 2341 1586 quam
2367 1519 2568 1587 fructus
2596 1538 2660 1573 ex
2686 1530 2733 1574 te
2763 1532 3010 1575 nascatur
3036 1524 3090 1575 in
3114 1525 3502 1591 sempiternum.
3544 1524 3612 1577 Et
3639 1542 3750 1577 are-

2189 1608 2329 1675 facta
2362 1618 2435 1661 est
2464 1610 2707 1663 continuo
2729 1610 2972 1678 ﬁculnea.
3010 1612 3273 1667 Discussis
3300 1615 3471 1667 noctis
3497 1612 3747 1675 tenebris,

2189 1700 2447 1753 matutina
2489 1700 2605 1755 luce
2656 1703 2899 1757 radiante
2926 1744 2940 1769 ,
2983 1715 3036 1760 et
3061 1706 3234 1761 vicina
3273 1708 3520 1771 meridie,
3563 1708 3617 1761 in
3648 1723 3743 1776 qua

520 1806 662 1859 rent,
688 1804 740 1849 et
764 1795 860 1864 ipsi
884 1835 896 1857 ,
929 1802 986 1847 ut
1014 1794 1237 1847 istorum
1266 1792 1585 1846 illuminatio
1610 1790 1906 1859 corporalis
1930 1791 2080 1842 ﬁeret
2110 1788 2155 1846 B
2185 1790 2438 1846 Dominus
2466 1792 2711 1861 passione
2737 1810 2831 1849 sua
2861 1796 3225 1853 illustraturus
3244 1807 3362 1853 erat
3386 1800 3599 1859 orbem,
3631 1813 3745 1852 cum

520 1887 624 1942 illis
672 1886 926 1956 spiritalis
961 1884 1175 1937 lucerna
1226 1882 1423 1936 cordis.
1472 1881 1693 1936 Curavit
1738 1880 1976 1943 claudos,
2025 1887 2082 1931 ut

521 1979 881 2034 claudicantes
920 1976 972 2031 in
1002 1976 1102 2029 ﬁde
1142 1983 1420 2030 currerent
1461 1976 1525 2029 ad
1550 1974 1845 2037 Christum,
1876 1982 1933 2026 ut
1974 1989 2083 2026 me.

516 2068 683 2123 liores
709 2067 867 2136 pedes
908 2066 1210 2134 acciperent
1252 2065 1325 2119 illi
1357 2065 1597 2118 videntes
1621 2079 1778 2132 quam
1814 2064 1901 2117 isti
1945 2063 2083 2118 acci-

520 2158 746 2225 pientes.

604 2246 839 2315 l’ideutas
868 2260 1039 2303 autem
1065 2251 1319 2319 principes
1347 2250 1670 2303 sacerdotum
1697 2258 1741 2301 et
1778 2248 1955 2301 scriba'
1990 2248 2087 2300 mi-

517 2338 708 2390 rabilia
744 2355 860 2407 qua:
894 2340 1044 2406 fecit,
1088 2348 1134 2392 et
1168 2355 1356 2407 pueros
1385 2339 1666 2390 clamantes
1702 2340 1753 2389 in
1793 2338 2010 2407 templo,
2040 2348 2085 2390 et

515 2427 789 2481 dicentes:
831 2426 1084 2480 "osanna
1130 2428 1241 2494 ﬁlio
1285 2428 1486 2489 David,
1541 2428 1797 2495 indignati
1848 2437 1987 2491 sunt,
2040 2435 2086 2477 et

518 2516 755 2569 dixerunt
782 2517 829 2569 ei
860 2535 875 2569 :
909 2516 1072 2569 Audis
1102 2516 1233 2587 quid
1263 2517 1351 2569 isti
1394 2516 1623 2569 dicunt?
1665 2515 1909 2585 Plerique
1941 2515 2085 2569 arbi-

424 2647 432 2652 .
518 2614 730 2659 trantur
752 2607 1038 2659 maximum
1060 2621 1178 2660 esse
1202 2606 1473 2676 signorum
1497 2606 1639 2675 quod
1659 2606 1895 2661 Lazarus
1918 2606 2085 2660 susci—

518 2706 665 2751 tatus
693 2707 803 2759 est,
850 2699 991 2765 quod
1022 2712 1193 2752 czccus
1221 2713 1288 2751 ex
1310 2705 1459 2751 utero
1481 2698 1658 2751 lumen
1686 2698 1927 2770 accepit,
1944 2697 2085 2766 quod

522 2790 589 2843 ad
614 2788 897 2843 Iordanem
938 2806 1036 2843 vox
1071 2789 1248 2842 audita
1286 2791 1387 2853 sit,
1421 2790 1562 2858 quod
1595 2789 2003 2859 transﬁguratus
2034 2790 2084 2841 in

520 2890 701 2935 monte
727 2882 947 2952 gloriam
974 2883 1207 2935 Ostendit
1230 2881 1626 2949 triumphantis.
1659 2880 1784 2934 Mihi
1810 2881 1948 2934 inter
1968 2895 2086 2955 om—

520 2974 608 3028 nia
647 2975 795 3045 signa
843 2990 961 3045 qua:
1010 2975 1153 3039 fecit,
1204 2977 1304 3031 hoc
1356 2977 1565 3031 videtur
1605 2989 1723 3030 esse
1769 2975 2084 3038 mirabilius,

519 3068 660 3137 quod
687 3085 822 3121 unus
849 3069 1007 3122 homo
1036 3080 1087 3122 et
1114 3068 1201 3122 illo
1231 3076 1468 3135 tempore
1490 3066 1924 3135 contemptibilis,
1952 3074 2003 3118 et
2032 3066 2081 3117 in

522 3168 728 3213 tantum
782 3158 920 3221 vilis,
980 3167 1036 3211 ut
1086 3165 1267 3226 postea
1326 3154 1745 3225 cruciﬁgeretur,
1782 3154 1983 3207 Scribis
2029 3141 2153 3206 etC

494 3290 497 3295 ς
521 3249 808 3307 Pbariszeis
830 3262 1016 3305 contra
1048 3267 1104 3304 se
1133 3250 1493 3313 είῡνὶρηιίὺυε,
1519 3257 1574 3303 et
1602 3248 1904 3303 vldentibus
1934 3247 2081 3303 lucra

518 3357 616 3397 sua
654 3342 875 3407 destrui,
920 3343 1153 3411 potuerit
1189 3341 1253 3395 ad
1289 3341 1445 3395 unius
1468 3338 1667 3411 ‘ﬁagelli
1708 3340 1929 3395 verbera
1965 3349 2084 3395 tan-

520 3438 630 3486 tam
675 3432 866 3499 ejicere
907 3432 1328 3492 multitudinem,
1378 3445 1696 3499 mensasque
1750 3431 2083 3495 subvertere,

518 3530 575 3576 et
598 3522 877 3577 cathedras
896 3521 1251 3590 confringere,
1286 3530 1341 3575 et
1368 3520 1468 3575 alia
1496 3520 1675 3575 facere
1706 3536 1823 3591 qua:
1845 3520 2086 3575 inﬁnitus

521 3628 626 3668 non
663 3614 877 3667 fecisset
905 3613 1191 3669 exercitus.
1225 3612 1440 3681 lgneum
1472 3612 1616 3665 enim
1648 3610 1901 3678 quiddam
1926 3619 2085 3679 atque

518 3704 782 3759 sidereum
825 3705 1068 3759 radiabat
1093 3720 1156 3758 ex
1188 3704 1357 3759 oculis
1384 3704 1500 3773 ejus
1520 3744 1533 3766 ,
1566 3710 1620 3756 et
1647 3702 1944 3757 divinitatis
1971 3717 2085 3755 ma-

512 3792 679 3862 iestas
706 3794 913 3849 lucebat
939 3795 989 3847 in
1017 3794 1150 3848 facie
1176 3811 1190 3857 ;
1217 3807 1445 3862 cumque
1475 3807 1689 3845 manum
1716 3808 1822 3845 non
1852 3792 2084 3845 audeant

519 3882 738 3950 injicere
766 3885 1095 3947 sacerdotes,
1132 3892 1339 3937 tantum
1370 3896 1530 3951 opera
1559 3880 1992 3945 calumniantur;
2030 3888 2085 3971 et

520 3973 881 4028 testimonium
928 3972 1103 4042 populi
1146 3980 1201 4027 et
1244 3986 1555 4041 puerorum,
1600 3971 1691 4040 qui
1736 3970 2078 4024 clamabant:

519 4063 775 4119 Hosanna
819 4064 929 4132 ﬁlio
957 4064 1148 4128 David,
1194 4071 1408 4118 vertunt
1454 4062 1505 4115 in
1548 4061 1895 4125 calumniam,
1938 4060 2082 4130 quod

518 4152 764 4208 videlicet
785 4153 883 4208 hoc
907 4169 1010 4207 non
1034 4153 1259 4216 dicatur,
1292 4152 1392 4206 nisi
1416 4151 1512 4205 soli
1542 4151 1678 4205 Filio
1709 4150 1823 4205 Dei.
1854 4150 2081 4205 Videant

516 4258 644 4315 ergo
685 4244 938 4313 episcopi,
987 4253 1042 4297 et
1084 4242 1375 4312 quamlibet
1417 4241 1589 4296 sancti
1644 4242 1909 4307 homines,
1958 4256 2079 4296 cum

516 4344 717 4407 quanto
745 4335 982 4405 periculo
996 4336 1097 4389 dici
1114 4336 1213 4390 ista
1229 4335 1329 4389 sibi
1352 4336 1643 4405 patiantur,
1668 4334 1711 4388 si
1728 4334 1974 4398 Domino,
1990 4332 2077 4388 cui

512 4442 639 4483 vere
659 4428 759 4482 hoc
780 4428 1075 4493 dicebatur,
1106 4428 1230 4499 quia
1252 4444 1349 4483 nec
1370 4428 1495 4483 dum
1522 4436 1638 4483 erat
1659 4427 1827 4482 solida
1856 4428 2079 4482 creden-

512 4520 644 4575 tium
672 4519 822 4585 tides,
847 4535 945 4590 pro
966 4520 1189 4575 crimine
1214 4508 1637 4590 impingebatur.‘

581 4609 733 4664 Iesus
772 4619 942 4663 autem
974 4608 1104 4663 dixit
1146 4610 1217 4663 eis
1253 4630 1264 4664 :
1306 4609 1511 4680 Utique.
1547 4610 1829 4679 Nunquam
1860 4609 2076 4679 legistis,

513 4704 634 4773 quia
655 4718 720 4757 ea:
745 4719 832 4756 ore
853 4703 1133 4772 infantium
1154 4712 1198 4755 et
1222 4702 1529 4757 laetantium
1554 4703 1812 4772 perfecisti
1835 4701 2041 4755 laudem
2058 4703 2083 4755 Ρ

512 4789 682 4864 (Psal.
715 4790 854 4863 vm.)
883 4791 1053 4859 Quam
1081 4794 1353 4848 moderate
1388 4794 1708 4848 sententiam
1734 4800 1993 4863 temperat
2026 4801 2081 4847 et

516 4885 939 4952 responsionem!
980 4883 1057 4939 Ne
1100 4885 1153 4938 in
1197 4892 1481 4953 utrumque
1526 4898 1754 4955 vergens
1799 4884 2081 4939 calumnim

512 4985 620 5027 non
651 4980 877 5041 pateret,
916 4972 1041 5044 [Al.,
1079 4982 1132 5029 et
1158 4975 1435 5043 responsio
1467 4973 1718 5043 utrinque
1750 4989 1994 5044 vergens,
2027 4982 2082 5028 et
2114 5035 2125 5053 κ

512 5064 793 5122 calumnia:
830 5080 935 5119 non
973 5065 1181 5138 patens]
1220 5082 1324 5121 non
1357 5067 1509 5133 dixit,
1546 5067 1687 5137 quod
1731 5064 1932 5121 Scriba:
1980 5080 2077 5119 au-

512 5157 630 5214 dire
657 5158 959 5229 cupiebant.
992 5158 1134 5213 Bene
1174 5160 1373 5214 faciunt
1394 5162 1566 5231 pueri,
1599 5169 1652 5215 ut
1678 5160 1807 5215 mibi
1840 5159 2079 5214 testimo-

510 5250 661 5305 nium
688 5250 1035 5321 perhibeant;
1070 5266 1168 5305 nec
1198 5266 1449 5305 rursum:
1486 5252 1654 5306 Erant
1673 5252 1849 5323 pueri,
1872 5250 2079 5306 debetis

509 5341 663 5397 atati
699 5342 975 5409 ignoscere
1004 5356 1018 5394 :
1052 5342 1145 5397 sed
1186 5341 1389 5411 profert
1430 5343 1729 5413 exemplum
1780 5346 1846 5398 de
1887 5352 2078 5398 octavo

511 5432 744 5503 psalmo,
782 5443 843 5488 ut
874 5442 1084 5490 tacente
1123 5434 1349 5489 Domino
1379 5436 1738 5490 testimonium
1772 5435 2078 5507 Scriptura-

514 5538 633 5578 rum
653 5540 938 5594 puerorum
962 5526 1101 5580 dicta
1133 5525 1391 5580 ﬁrmaret.

584 5613 712 5685 [llL]
747 5614 833 5680 Et,
866 5615 1055 5672 relictis
1083 5616 1207 5681 illis,
1227 5618 1353 5671 abiit
1379 5618 1524 5687 foras
1557 5629 1705 5673 extra
1743 5622 2000 5675 civitatem
2026 5622 2077 5677 in

516 5700 852 5775 Bel/iunium,
907 5707 1072 5778 ibique
1113 5710 1318 5764 mansit.
1370 5710 1604 5783 Reliquit
1652 5710 1975 5779 incredulos,
2026 5723 2078 5768 et

2186 1882 2237 1935 in
2265 1884 2534 1938 civitatem
2571 1895 2929 1942 reverteretur
2954 1889 3168 1952 esuriit,
3212 1888 3295 1943 vel
3340 1890 3618 1943 veritatem
3657 1887 3747 1941 bu.

2185 1988 2357 2028 mana:
2397 1976 2577 2028 carnis
2617 1954 2927 2042 ostendens,
2955 1979 3036 2033 vel
3067 1980 3338 2043 esuriens,
3378 1979 3604 2034 salutem
3634 1994 3743 2031 creo

2186 2064 2423 2118 dentium
2447 2106 2461 2129 ,
2494 2075 2548 2119 et
2577 2074 2811 2121 aestuans
2838 2068 2901 2121 ad
2928 2068 3298 2122 credulitatem
3330 2068 3561 2122 lsraelis.
3591 2066 3744 2120 Cum;

2187 2170 2291 2222 que
2320 2155 2539 2209 vidisset
2570 2156 2814 2211 arborem
2844 2173 3002 2211 unam
3024 2198 3036 2221 ,
3064 2174 3224 2227 quam
3262 2156 3606 2227 intelligimus
3631 2171 3742 2224 syn-

2188 2261 2443 2315 agogam,
2497 2256 2551 2301 et
2592 2248 3001 2302 conciliabulum
3060 2248 3389 2311 Judteorum,
3438 2264 3556 2317 quas
3603 2247 3742 2315 juxta

2188 2336 2327 2388 viam
2353 2347 2485 2399 erat,
2510 2338 2633 2405 quia
2665 2354 2767 2390 non
2789 2338 3077 2391 credebant
3100 2338 3154 2390 in
3178 2338 3342 2402 viam,
3375 2338 3520 2391 venit
3543 2337 3608 2389 ad
3633 2351 3739 2387 eam

2187 2434 2415 2483 Stantem
2466 2428 2711 2481 videlicet
2759 2435 2811 2480 et
2851 2428 3198 2491 immobilem,
3228 2438 3283 2482 et
3323 2444 3429 2481 non
3469 2428 3741 2481 habentem

2188 2517 2459 2588 Evangelii
2492 2518 2677 2587 pedes,
2711 2518 2948 2587 nihilque
2995 2514 3199 2573 invenit
3245 2520 3297 2573 in
3332 2520 3442 2583 illa,
3489 2519 3589 2573 nisi
3628 2518 3740 2571 folia

2194 2624 2419 2678 tantum,
2464 2614 2875 2683 promissionum
2926 2616 3226 2684 strepitum,
3271 2615 3583 2669 traditiones
3618 2612 3741 2665 Pha-

2189 2706 2437 2769 risaieas,
2492 2706 2839 2775 jactationem
2888 2707 3040 2775 legis,
3096 2715 3415 2761 ornamenta
3470 2706 3756 2769 verborum

2192 2796 2391 2863 absque
2416 2794 2537 2846 ullis
2569 2795 2829 2847 fructibus
2860 2794 3116 2847 veritatis.
3156 2794 3302 2848 Unde
3328 2804 3382 2846 et
3423 2793 3559 2845 alius
3597 2805 3744 2843 evan-

2192 2884 2377 2955 gelista
2404 2883 2535 2937 dicit
2564 2898 2577 2935 ε
2615 2881 2861 2936 Nondum
2897 2885 3032 2937 enim
3064 2892 3175 2937 erat
3205 2892 3403 2951 tempus
3429 2881 3618 2953 (Marc.
3651 2879 3740 2947 xi).

2190 2978 2301 3031 sive
2327 2977 2467 3046 quod
2497 2984 2705 3045 tempus
2734 2977 2965 3030 nondum
2989 2983 3209 3029 venerat
3234 2975 3541 3029 salvationis
3570 2972 3741 3036 Israel,

2190 3082 2253 3121 eo
2287 3067 2426 3135 quod
2464 3065 2695 3119 necdum
2716 3065 2939 3133 populus
2968 3066 3205 3133 gentium
3230 3064 3587 3117 subintrasset
3606 3102 3618 3123 ,
3643 3061 3744 3115 sive

2186 3156 2325 3225 quod
2351 3155 2677 3225 prieterisset
2700 3163 2907 3224 tempus
2933 3155 3073 3218 ﬁdei,
3106 3155 3229 3224 quia
3254 3153 3319 3207 ad
3349 3152 3499 3205 illum
3523 3153 3743 3221 primum

2186 3248 2437 3311 veniens,
2483 3254 2540 3300 et
2578 3256 2788 3315 spretus
2830 3245 3129 3299 transiisset
3167 3245 3232 3298 ad
3269 3244 3533 3298 nationes.
3570 3242 3629 3295 Et
3676 3242 3747 3293 ait

2187 3340 2261 3395 illi
2298 3357 2310 3393 :
2347 3337 2628 3409 Nunquam
2660 3355 2723 3391 ea:
2754 3348 2802 3391 te
2843 3338 3043 3406 fructus
3070 3346 3339 3398 nascatur,
3365 3335 3447 3388 vel
3477 3336 3530 3387 in
3563 3334 3744 3399 sempi-

2185 3441 2409 3495 ternum,
2434 3431 2515 3485 vel
2543 3431 2596 3483 in
2619 3428 2888 3483 saeculum.
2916 3427 3214 3497 Utrumque
3237 3427 3382 3480 enim
3395 3428 3517 3480 αἰών
3540 3423 3746 3477 Gnecus

2186 3537 2363 3577 sermo
2393 3521 2675 3591 signiﬁcat.
2716 3522 2781 3574 Et
2816 3520 3049 3574 arefacta
3079 3529 3158 3573 est
3193 3518 3450 3581 ﬁculnea,
3482 3517 3602 3585 quia
3635 3529 3746 3569 esu-

2186 3613 2359 3666 riente
2402 3612 2625 3665 Domino
2666 3611 2813 3667 cibos
2844 3626 2978 3679 quos
3009 3610 3093 3664 ille
3130 3610 3401 3679 cupiebat,
3436 3624 3542 3662 non
3579 3608 3733 3661 habe-

2185 3702 2294 3757 bat.
2346 3701 2435 3755 Sic
2476 3710 2655 3755 autem
2696 3709 2956 3753 aruerunt
2992 3698 3115 3753 folia
3140 3739 3155 3763 ,
3195 3707 3255 3753 ut
3286 3708 3509 3753 truncus
3534 3698 3643 3767 ipse
3671 3712 3746 3750 re—

2182 3798 2443 3854 maneret,
2483 3801 2537 3844 et
2570 3789 2753 3844 fractis
2776 3790 2937 3842 ramis
2960 3788 3111 3841 radix
3140 3788 3379 3867 viveret,
3413 3803 3530 3856 qum
3558 3788 3610 3840 in
3658 3800 3745 3838 no-

2186 3884 2403 3939 vissimo
2434 3893 2690 3953 tempore,
2724 3885 2769 3939 si
2796 3882 3017 3939 credere
3048 3882 3333 3945 voluerint,
3375 3881 3606 3963 virgulta
3634 3880 3747 3935 ﬁdei

2184 3978 2443 4048 pullulent
2472 3997 2484 4031 :
2512 3978 2865 4047 impleturque
2882 3975 3024 4047 quod
3046 3976 3240 4031 dicitur
3264 3995 3277 4029 :
3313 3976 3409 4029 Est
3426 3975 3599 4029 arbori
3622 3991 3744 4041 spes.

2256 4069 2325 4123 Et
2372 4070 2598 4123 videntes
2628 4066 2869 4137 discipuli
2912 4066 3089 4120 mirati
3133 4075 3285 4127 sunt,
3314 4066 3585 4119 dicentes:
3612 4064 3744 4129 Quo-

2184 4162 2336 4228 modo
2374 4161 2619 4214 continuo
2655 4159 2836 4212 aruit?
2864 4158 3044 4229 (Aug.)
3080 4157 3398 4228 lntelligitur
3434 4166 3613 4211 autem
3652 4171 3747 4209 non

2184 4262 2311 4308 tunc
2358 4252 2595 4311 eruisse,
2646 4264 2765 4302 cum
2800 4250 3060 4312 viderant,
3110 4248 3202 4301 sed
3246 4248 3503 4301 continuo
3540 4248 3745 4316 quando

2183 4342 2466 4397 maledicta
2498 4348 2599 4394 est.
2627 4338 2811 4407 Neque
2849 4339 2991 4393 enim
3034 4347 3393 4403 arescentem,
3423 4338 3517 4391 sed
3547 4338 3748 4407 penitus

2183 4432 2474 4488 arefactam
2522 4430 2787 4493 viderunt,
2835 4444 2900 4484 ac
2928 4430 3006 4483 sic
3031 4444 3150 4483 eam
3180 4429 3445 4483 continuo
3497 4428 3550 4481 in
3592 4428 3748 4481 verbo

2184 4525 2395 4581 Domini
2448 4522 2653 4577 aruisse
2722 4520 3116 4575 intellexerunt.
3175 4518 3335 4573 Juxta
3378 4519 3614 4573 litteram
3663 4534 3749 4571 au-

2184 4626 2293 4671 tem
2341 4615 2597 4669 Dominus
2644 4626 2897 4683 passurus
2946 4612 2998 4665 in
3046 4610 3274 4681 populis,
3320 4618 3375 4664 et
3422 4609 3750 4677 bajulaturus

2185 4705 2730 4769 scandalumcrucis,
2778 4702 2960 4758 debuit
3006 4701 3389 4772 discipulorum
3435 4701 3648 4753 animos
3690 4700 3753 4753 sio

2184 4801 2275 4871 gni
2308 4799 2689 4868 anticipatione
2730 4798 2961 4867 signare.
3002 4796 3153 4851 Unde
3187 4804 3241 4849 et
3267 4793 3518 4863 discipuli
3558 4794 3747 4847 miran-

2186 4903 2292 4957 tur,
2345 4893 2584 4957 dicentes
2626 4908 2640 4944 :
2684 4890 2957 4955 Quomodo
3003 4889 3246 4941 continuo
3300 4886 3440 4939 aruit
3492 4881 3751 4951 ﬁculnea?

2188 4982 2369 5039 Potuit
2406 4997 2533 5052 ergo
2565 4980 2812 5035 Salvator
2834 4980 3019 5033 eadem
3062 4977 3261 5031 virtute
3304 4976 3467 5029 etiam
3511 4974 3751 5027 inimicos

2188 5077 2394 5131 siccare
2419 5088 2563 5136 suos,
2591 5071 2697 5125 nisi
2718 5086 2901 5126 eorum
2924 5084 3020 5140 per
3045 5067 3361 5137 patientiam
3383 5073 3754 5136 exspectasset

2188 5166 2435 5224 salutem.

2256 5257 2587 5328 Respondeas
2618 5265 2791 5310 autem
2822 5253 2976 5307 Je‘sus
2998 5254 3070 5305 ait
3097 5252 3169 5306 eis
3206 5268 3223 5305 :
3254 5251 3415 5305 Amen
3434 5249 3550 5302 dico
3573 5248 3751 5307 vobis:

2188 5348 2245 5405 Si
2275 5348 2557 5403 habueritis
2584 5348 2739 5417 ﬁdem
2759 5388 2773 5411 ,
2814 5356 2859 5399 et
2892 5360 2993 5399 non
3019 5342 3411 5405 Iursitaueritis,
3442 5356 3544 5393 non
3584 5338 3754 5391 solum

2184 5442 2249 5495 de
2289 5441 2513 5509 ﬁculnea
2554 5440 2779 5510 facietis,
2824 5436 2913 5491 sed
2955 5446 3001 5490 et
3041 5437 3085 5488 si
3114 5434 3275 5487 merui
3310 5433 3432 5486 huic
3460 5430 3703 5484 dixeritis
3735 5445 3753 5481 :

2193 5530 2331 5585 Tolle
2357 5571 2371 5595 ,
2400 5540 2445 5584 et
2466 5531 2614 5599 jacta
2640 5539 2686 5583 te
2713 5530 2767 5581 in
2795 5543 2939 5581 mare
2957 5567 2971 5592 ,
3002 5525 3110 5595 ﬁet.
3143 5524 3330 5578 Solent
3354 5522 3582 5593 gentiles
3619 5560 3636 5584 ,
3665 5518 3752 5591 qui

2184 5631 2371 5677 contra
2392 5620 2689 5675 Ecclesiam
2719 5617 3001 5673 maledicta
3039 5616 3338 5684 scripsere,
3376 5612 3753 5681 improperarc

2186 5712 2383 5769 nostris
2406 5712 2551 5786 quod
2578 5726 2684 5766 non
2710 5709 2995 5767 habuerint
3023 5707 3235 5780 plenam
3271 5703 3429 5759 ﬁdem
3472 5700 3588 5765 Dci,
3624 5701 3752 5774 quia

3832 418 3890 1169 l
