3922 6338
471 281 607 338 illi?

1107 281 1168 335 Β.
1211 279 1468 335 RABANI
1503 277 1723 336 HAURI
1758 273 2073 335 ARCIHEP.
2120 274 2428 336 MOGUNT.
2469 277 2754 337 OPERUM
2790 280 2969 339 PARS
3007 282 3049 338 1.

3567 243 3741 343 ints

467 400 652 461 aperta
678 394 1022 460 responsione
1043 399 1374 451 tentatorum
1399 394 1723 451 calumniam
1744 391 2042 460 confutare,
2075 401 2122 459 Α
2149 393 2358 450 creavit
2395 403 2622 464 paterno
2642 396 2836 453 affectu
2860 397 3051 468 diligit.
3086 395 3368 474 Quomodo
3391 399 3608 457 locutus
3650 416 3741 460 est

464 483 557 538 sed
605 491 890 554 pmpterca
938 483 1260 557 interrogat,
1307 494 1366 541 ut
1408 501 1507 542 suo
1554 486 1638 541 vel
1672 485 1904 552 silentio,
1953 485 2039 542 vel

464 575 731 629 sententia
753 575 1201 632 condemnentur.

540 663 602 718 At
637 664 718 718 illi
751 665 1046 736 cogitabant
1074 669 1210 722 inter
1245 684 1300 723 se
1321 668 1549 724 dicentes
1579 682 1598 721 :
1629 668 1691 724 Si
1727 669 2037 736 dixerimus,

459 752 512 807 E
536 755 683 818 cado,
711 754 847 810 dicet
886 757 1033 811 nobis
1061 773 1082 811 :
1112 755 1288 822 Quare
1315 773 1437 828 ergo
1473 775 1575 812 non
1602 759 1897 814 credidistis
1920 759 2042 814 illi?

459 843 691 916 (litum)
728 846 910 903 Dolosi
950 855 1214 904 tractores
1256 862 1322 904 ac
1364 848 1653 919 falsiloquii
1701 859 2040 922 argumenta-

439 941 610 992 .tores
670 936 814 993 hanc
872 939 1397 1006 argumentationem
1440 938 1659 995 dubiam
1701 939 2040 1010 opponebant

458 1025 564 1080 siLi
585 1040 649 1081 ac
669 1027 713 1081 si
734 1027 1010 1094 a‘Domino
1040 1030 1223 1084 taliter
1252 1030 1330 1084 eis
1361 1029 1777 1099 responderetur
1806 1047 1820 1084 :
1853 1029 2036 1102 (Aug.)

458 1115 632 1186 Quem
651 1118 982 1175 conﬁtemini
1003 1120 1069 1175 de
1090 1119 1228 1174 caelo
1248 1119 1502 1174 habuisse
1519 1119 1884 1191 prophetiam,
1905 1120 2038 1174 mihi

457 1211 832 1266 testimonium
857 1210 1148 1280 perhibuit,
1172 1209 1316 1266 etab
1337 1209 1427 1265 illo
1455 1209 1698 1275 audistis,
1732 1210 1785 1264 in
1805 1224 1912 1280 qua
1937 1225 2040 1282 ego

455 1299 564 1357 ista
593 1300 791 1356 faciam
815 1307 1105 1370 potestate.

531 1391 591 1447 Si
613 1402 784 1449 autem
811 1391 1121 1457 dixerimus,
1174 1390 1260 1444 Ea:
1285 1391 1605 1458 hominibus,
1654 1393 1897 1448 timemus
1924 1400 2039 1448 tur-

457 1482 616 1546 bam;
653 1497 829 1536 omnes
871 1481 1009 1536 enim
1038 1480 1227 1535 habent
1265 1480 1526 1536 Joannem
1553 1483 1685 1539 sicut
1710 1486 2035 1554 prophetam.

458 1573 721 1628 Viderunt
775 1587 904 1641 ergo
951 1571 1230 1642 quodlibet
1277 1573 1475 1629 horum
1529 1576 1940 1646 respondissent
1980 1576 2038 1631 in

453 1662 705 1734 laqueum
747 1677 806 1718 se
858 1678 1101 1732 casuros,
1168 1663 1422 1720 timentes
1470 1664 1872 1736 lapidationem,
1943 1667 2040 1724 sed

2142 482 2270 539 filiis
2291 485 2403 542 suis
2428 501 2537 542 non
2568 487 2621 542 in
2651 487 2789 545 facie
2811 498 2868 545 ut
2889 491 3070 555 homo,
3099 489 3194 545 sed
3217 490 3270 545 in
3293 493 3457 548 corde
3472 502 3533 548 ut
3555 493 3734 563 Deus,

2139 590 2250 631 non
2281 577 2336 633 in
2376 580 2597 639 auribus
2626 581 2851 638 verbum
2876 596 3092 646 sonans,
3115 581 3212 638 sed
3239 583 3293 637 in
3328 587 3576 643 sensibus
3600 603 3740 659 sug-

2140 682 2337 737 gerens
2374 670 2668 728 intellectu.
2722 672 2990 747 (Hierom)
3035 671 3101 727 Hi
3122 677 3248 728 sunt
3271 676 3378 732 duo
3409 677 3524 743 ﬁlii,
3553 682 3653 751 qui
3679 693 3743 737 et

2137 757 2198 812 in
2243 757 2404 815 Luca:
2446 763 2702 831 parabola
2732 762 3127 828 describuntur,
3150 762 3365 831 lividus,
3401 768 3631 839 rigidus,
3682 779 3741 828 et

2139 846 2450 908 luxuriosus
2491 852 2642 923 (Luc.
2668 853 2782 927 xv),
2821 863 2876 910 et
2917 853 2985 910 de
3012 854 3206 925 quibus
3255 857 3554 917 Zacharias
3605 879 3744 933 pm-

2137 940 2301 1010 pheta
2351 937 2587 1012 loquitur
2617 962 2631 999 :
2661 946 2931 1016 Assumpsi
2974 945 3100 999 mihi
3128 945 3262 1001 duas
3302 950 3499 1020 virgas,
3561 969 3737 1008 una.

2137 1035 2316 1090 uocaui
2349 1035 2606 1104 decorem,
2652 1050 2700 1094 et
2721 1039 2938 1096 alteram
2966 1041 3139 1097 vocavi
3187 1041 3486 1110 funiculum
3531 1053 3580 1098 et
3604 1046 3737 1116 paci

2136 1141 2344 1197 gregem
2375 1126 2562 1199 (Zach.
2599 1130 2699 1203 xl).
2740 1132 3033 1188 Zacharias
3077 1132 3212 1188 duas
3252 1133 3437 1204 virgas
3461 1134 3623 1200 dixit,
3681 1136 3736 1190 id

2137 1225 2242 1284 est,
2293 1220 2429 1278 duos
2479 1220 2639 1279 ﬁlios.
2695 1225 2876 1282 Primo
2922 1225 3120 1282 dicitur
3159 1225 3344 1295 gentili
3387 1224 3588 1297 populo
3633 1239 3736 1295 per

2139 1313 2401 1373 naturalis
2437 1316 2572 1390 legis
2600 1321 2886 1377 notitiam:
2931 1319 3092 1387 Vade,
3143 1329 3192 1375 et
3229 1336 3447 1390 operare
3482 1320 3538 1373 in
3577 1319 3737 1378 uinea

2139 1423 2275 1472 mea,
2303 1408 2357 1464 id
2381 1418 2485 1477 est,
2519 1410 2671 1478 Quod
2695 1415 2790 1468 tibi
2819 1431 2928 1471 non
2967 1417 3043 1469 vis
3061 1412 3197 1482 ﬁeri,
3244 1412 3398 1466 alteri
3420 1428 3484 1466 ne
3504 1411 3726 1482 feceris.

2139 1496 2242 1565 Qui
2275 1501 2509 1570 superbe
2555 1505 2855 1573 respondit.
2885 1503 3048 1569 Nolo,
3090 1518 3214 1559 cum
3248 1502 3469 1572 reliquit
3522 1503 3730 1557 bonum

2139 1597 2195 1644 et
2221 1589 2387 1662 elegit
2409 1590 2632 1647 malum.
2683 1593 2878 1650 Postea
2904 1609 3033 1650 vero
3075 1593 3132 1648 iu
3157 1595 3391 1648 adventu
3429 1590 3734 1646 Salvatoris

2141 1689 2261 1738 acta
2291 1683 2610 1752 paenitentia
2639 1695 2894 1757 operatus
2919 1694 3003 1742 est
3022 1687 3078 1741 in
3100 1686 3252 1742 vinea
3287 1685 3405 1750 Dei,
3440 1693 3497 1739 et
3517 1691 3731 1739 ‘sermo-

455 1759 627 1830 magis
660 1758 911 1815 timentes
939 1758 1185 1813 veritatis
1214 1756 1634 1814 confessionem.
1682 1757 1740 1814 Si
1777 1759 1923 1816 enim
1945 1774 2034 1815 re-
2063 1763 2112 1824 B
2138 1772 2224 1828 nis
2251 1775 2649 1831 contumaciam
2679 1756 2872 1834 iam”
2917 1777 3172 1833 θοι-ηιίι,
3211 1775 3496 1831 Secundus
3544 1783 3730 1830 autem

447 1852 796 1921 spondissent
813 1850 1141 1920 baptismum
1168 1849 1395 1906 Joannis
1420 1865 1541 1907 esse
1573 1853 1641 1908 de
1667 1852 1805 1908 caelo
1827 1852 1912 1925 (ut
1934 1853 2036 1924 ipsi

451 1942 722 2012 sapientes
767 1942 823 1996 in
873 1941 1078 1997 malitia
1127 1942 1618 2016 pertractaverunt)
1697 1959 2038 2016 consequens

449 2041 571 2090 erat
610 2034 890 2105 responsio
930 2051 944 2088 :
980 2033 1157 2102 Quare
1197 2050 1328 2107 ergo
1367 2051 1476 2092 non
1521 2036 1655 2092 estis
1692 2036 1954 2106 baptizati
2003 2053 2036 2093 a

446 2124 703 2181 Joanne?
746 2123 804 2181 Si
851 2126 1032 2181 dicere
1081 2127 1381 2200 voluissent
1433 2127 1670 2183 humana
1721 2128 2037 2199 deceptione

451 2219 831 2289 compositum,
861 2225 916 2274 et
941 2218 1076 2273 nihil
1101 2219 1357 2275 habuisse
1401 2219 1663 2286 divinum,
1715 2220 2038 2277 seditionem

446 2309 631 2380 populi
676 2308 1058 2366 formidabant.
1102 2307 1303 2365 Omnes
1327 2310 1474 2366 enim
1500 2311 1763 2382 gregatim
1802 2312 2038 2368 multitu-

445 2402 606 2457 dines
656 2401 882 2457 Joannis
929 2411 1246 2472 receperant
1293 2403 1643 2472 baptismum,
1699 2411 1752 2458 et
1790 2402 1878 2459 sic
1913 2419 2038 2460 eum

452 2491 723 2552 habebant
759 2501 822 2547 ut
857 2493 1196 2562 prophetam.

521 2581 588 2636 Et
639 2583 1001 2654 respondentes
1051 2583 1180 2638 Jcsu
1241 2581 1487 2640 dixerunt
1534 2604 1552 2639 :
1604 2583 1902 2641 Nescimus.
1948 2587 2036 2644 Ait

413 2707 419 2710 -
446 2673 558 2728 illis
585 2682 633 2727 et
654 2675 763 2743 ipse
788 2688 806 2725 :
840 2673 952 2728 Nec
977 2693 1068 2748 ego
1096 2677 1212 2732 dico
1238 2677 1380 2731 vobis
1429 2678 1485 2730 in
1511 2694 1614 2748 qua
1637 2687 1888 2748 potestate
1926 2678 2039 2735 lucc

451 2764 613 2834 facio.
663 2762 783 2820 Non
812 2765 985 2830 vobis,
1041 2767 1236 2835 inquit,
1281 2767 1404 2822 dico
1431 2768 1576 2837 quod
1601 2769 1735 2835 scio,
1767 2769 1894 2840 quia
1931 2785 2041 2825 non

452 2856 615 2912 vultis
639 2855 797 2913 fateri
830 2858 974 2927 quod
1012 2858 1183 2916 scitis.
1211 2857 1560 2928 Consequens
1592 2873 1724 2930 ergo
1748 2867 1867 2915 erat
1884 2860 2043 2930 juxta

450 2950 861 3018 responsionem
888 2963 1102 3016 eorum,
1144 2949 1430 3005 Dominum
1459 2965 1676 3022 quoque
1698 2952 1898 3016 dicere,
1932 2951 2044 3006 Nec

453 3051 555 3109 ego
576 3038 716 3103 scio,
743 3039 838 3094 sed
865 3039 1086 3094 mentiri
1110 3039 1322 3095 Veritas
1349 3055 1454 3095 non
1481 3049 1680 3111 potest,
1703 3044 1759 3096 et
1778 3042 1854 3096 ait
1879 3058 1893 3095 :
1928 3040 2042 3096 Nec

2135 1863 2364 1935 populus
2387 1864 2698 1923 Judteorum
2731 1877 2834 1935 est,
2863 1870 2959 1940 qui
2996 1867 3275 1940 respondit
3301 1866 3499 1938 Moysi,
3534 1865 3729 1921 Omnia

2134 1971 2456 2030 quacunque
2483 1959 2701 2026 dixeris,
2747 1960 3000 2031 faciemus
3048 1960 3249 2032 (Exod.
3288 1961 3466 2032 xxiv),
3507 1969 3568 2016 et
3623 1975 3728 2014 non

2135 2046 2234 2102 ivit
2277 2048 2333 2103 in
2358 2049 2592 2116 vineam,
2645 2051 2771 2121 quia
2826 2049 3111 2107 interfecto
3157 2049 3572 2121 patrisfamilias
3619 2049 3728 2103 ﬁlio

2135 2152 2195 2193 se
2221 2140 2428 2210 putavit
2465 2140 2756 2196 hzerodem.
2786 2139 2891 2195 Alii
2919 2155 3050 2196 vero
3076 2155 3182 2195 non
3220 2151 3414 2211 putant
3451 2138 3727 2211 gentilium

2132 2235 2193 2281 et
2216 2224 2522 2283 Judaeorum
2559 2243 2680 2283 esse
2723 2229 3063 2298 parabolam,
3109 2228 3205 2284 sed
3249 2228 3573 2299 simpliciter
3607 2242 3731 2298 pec-

2134 2325 2382 2373 catorum
2422 2328 2480 2375 et
2521 2318 2812 2388 iustorum.
2856 2319 2976 2390 Ipso
3014 2335 3228 2390 quoque
3254 2320 3488 2375 Domino
3533 2336 3729 2390 propo-

2136 2411 2390 2468 sitionem
2428 2427 2580 2467 suam
2620 2420 2808 2484 postea
2839 2412 3137 2467 disserente
3165 2429 3178 2465 :
3210 2410 3377 2465 Amen
3413 2410 3539 2464 ‘dico
3566 2410 3724 2474 nobis,

2133 2502 2263 2573 quia
2309 2495 2576 2573 publicani
2599 2511 2647 2556 et
2674 2503 2969 2556 meretrices
3011 2500 3311 2573 prmeedunt
3343 2517 3430 2562 eos
3479 2501 3536 2554 in
3571 2515 3724 2570 regno

2137 2594 2235 2650 Dei
2285 2593 2497 2666 (Matth.
2524 2594 2660 2668 xxi).
2706 2594 2875 2651 Porro
2925 2595 3072 2664 quod
3114 2593 3361 2662 sequitur
3396 2609 3412 2646 :

2212 2685 2343 2752 Quis
2377 2702 2442 2741 ea:
2487 2686 2702 2740 duobus'
2741 2685 2862 2756 fecit
2910 2684 3228 2739 voluntatem
3275 2683 3444 2761 patris
3469 2681 3495 2734 .’
3529 2679 3601 2734 Et
3651 2677 3731 2733 illi

2141 2775 2323 2829 dicunt
2365 2790 2384 2828 :
2440 2774 2792 2830 Nouissimas.
2851 2774 3142 2830 Sciendum
3199 2781 3284 2828 est
3339 2773 3408 2827 in'
3451 2769 3726 2825 veteribus

2140 2864 2542 2934 exemplaribus
2595 2881 2701 2920 non
2737 2864 2926 2919 haberi
2957 2863 3315 2927 novissimum,
3348 2861 3444 2916 sed
3475 2861 3724 2930 primum,

2143 2961 2205 3008 ut
2231 2953 2674 3024 propriojudicio
2722 2954 3170 3008 condemnentur.
3223 2949 3283 3005 Si
3320 2957 3501 3004 autem
3557 2948 3724 3002 noris-

2142 3042 2333 3095 simum
2351 3041 2679 3095 voluerimus
2703 3040 2883 3110 legere
2906 3040 3192 3094 manifesta
3224 3046 3309 3110 est
3327 3037 3724 3106 interpretatio,

445 3146 546 3200 ego
593 3128 711 3184 dico
769 3129 930 3185 vobis.
973 3130 1053 3185 Ex
1080 3145 1188 3200 quo
1232 3132 1470 3187 ostendit
1501 3141 1556 3189 et
1595 3132 1716 3188 illos
1743 3133 1907 3198 scire,
1939 3134 2037 3191 sed
2063 3117 2107 3187 C
2136 3139 2200 3187 ut
2240 3120 2482 3187 dicamus
2528 3130 2825 3201 intelligere
2877 3131 3096 3191 quidem
3143 3128 3432 3184 veritatem
3489 3125 3723 3191 Judteos,

455 3222 783 3292 respondere
828 3222 990 3288 nolle,
1031 3232 1086 3278 et
1116 3237 1175 3278 se
1214 3238 1396 3290 nosse,
1447 3232 1502 3280 et
1540 3224 1674 3296 ideo,
1698 3240 1804 3281 non
1830 3225 2036 3292 dicere,

446 3313 579 3383 quia
602 3312 677 3368 illi
708 3313 851 3383 quod
883 3313 1061 3368 sciunt
1109 3320 1344 3369 taceant.
1397 3313 1703 3371 Justissime
1727 3314 1914 3386 utique
1956 3316 2040 3370 in-

451 3406 736 3464 sidiatores
776 3406 1080 3477 hujusmodi
1107 3407 1290 3462 verbis
1318 3407 1543 3478 repulsi,
1588 3405 1801 3464 confusi
1827 3407 2040 3464 absces—

453 3509 660 3565 serunt,
706 3508 766 3556 et
799 3497 1078 3570 impletum
1125 3505 1210 3555 est
1245 3500 1390 3570 quod
1436 3499 1490 3553 in
1519 3497 1729 3569 psalmo
1780 3513 1879 3569 per
1905 3497 2039 3554 Pro-

450 3591 670 3662 phetam
712 3591 844 3648 dicit
886 3590 1029 3646 Deus
1058 3591 1261 3646 Pater:
1296 3588 1492 3645 Paravi
1516 3589 1785 3645 lucernam
1828 3589 2037 3646 Christo

451 3699 588 3749 meo,
632 3683 807 3738 id-est
834 3683 1006 3753 ipsum
1035 3680 1320 3747 Joannem,
1375 3681 1615 3736 inimicos
1656 3681 1771 3751 ejus
1815 3680 2036 3735 induam

452 3772 756 3842 confusione
818 3769 991 3843 (Psal.
1044 3771 1258 3843 cxxxi).
1292 3769 1575 3843 [Venant.]
1617 3769 2039 3827 Notandum-au-

456 3873 563 3919 tem
609 3865 735 3934 quia
761 3865 896 3920 duas
917 3863 988 3919 ob
1009 3877 1203 3918 causas
1249 3862 1486 3918 maxime
1522 3862 1750 3918 scientia
1793 3861 2040 3917 veritatis

454 3963 540 4009 est
560 3954 878 4010 occultanda
917 3954 1302 4023 quaerentibus,
1322 3989 1325 3992 -
1346 3967 1472 4008 cum
1501 3952 1748 4008 videlicet
1777 3953 1867 4022 qui
1897 3968 2039 4024 qua:-

454 4045 545 4111 rit,
572 4053 662 4099 aut
685 4045 863 4099 minus
886 4059 1053 4114 capax
1082 4051 1167 4099 est
1192 4043 1260 4097 ad
1286 4042 1687 4114 intelligendum
1716 4043 1863 4115 quod
1888 4059 2036 4113 quas-

454 4136 544 4200 rit,
592 4143 685 4190 aut
708 4136 834 4190 odio
879 4133 960 4190 vel
988 4141 1297 4203 contemptu
1324 4135 1494 4204 ipsius
1515 4135 1762 4190 veritatis
1785 4133 2038 4207 indiguus

452 4236 534 4282 est
553 4227 640 4282 cui
675 4227 866 4283 debeat
887 4225 1083 4296 aperiri
1106 4226 1248 4295 quod
1272 4227 1488 4296 quaerit.
1547 4225 1788 4294 Quorum
1814 4235 2038 4298 propter

452 4333 617 4372 unum
642 4318 902 4374 Dominus
927 4317 1003 4372 ait
1033 4335 1046 4372 :
1072 4317 1256 4372 Adhuc
1285 4316 1454 4371 multa
1478 4317 1643 4373 habeo
1670 4317 1812 4374 vobis
1839 4319 2034 4386 dicere,

2143 3225 2238 3281 sed
2261 3224 2629 3296 tergiversari,
2657 3231 2713 3280 et
2741 3223 2884 3279 nolle
2908 3222 3091 3279 dicere
3111 3223 3242 3293 quid
3269 3224 3534 3288 sentiunt,
3585 3223 3723 3278 sicut

2134 3326 2197 3373 et
2237 3317 2565 3387 baptismum
2590 3315 2827 3373 Joannes
2852 3317 3088 3373 scientes
3109 3331 3231 3373 esse
3259 3317 3326 3372 de
3355 3315 3519 3384 calo,
3547 3317 3724 3372 dicere

2141 3405 2448 3461 uoluerunt.
2853 3423 2856 3425 λ

2209 3497 2349 3552 Dicit
2375 3496 2480 3553 illis
2513 3498 2709 3553 Iesus:
2741 3499 2909 3552 Amen
2949 3498 3069 3552 dico
3101 3497 3266 3563 vobis,
3303 3498 3431 3568 quia
3463 3496 3725 3567 publicani

2141 3599 2188 3640 et
2225 3589 2518 3641 meretrices
2549 3588 2840 3658 pra'cedent
2867 3603 2957 3642 vos
2982 3588 3040 3641 in
3064 3603 3221 3658 regno
3253 3586 3367 3642 Dei.
3411 3587 3480 3642 Et
3510 3587 3720 3652 merito,

2140 3677 2267 3746 quia
2289 3676 2366 3732 illi
2394 3678 2488 3746 qui
2513 3692 2610 3748 per
2629 3676 2771 3731 mala
2802 3692 2967 3747 opera
2996 3677 3108 3732 Deo
3138 3677 3344 3732 servire
3367 3685 3721 3748 negaverunt,

2140 3776 2328 3839 postea
2356 3768 2687 3839 poenitentiae
2717 3769 3043 3838 baptismum
3073 3776 3397 3839 acceperant
3428 3783 3459 3821 a
3499 3765 3718 3823 Joanne.

2140 3856 2402 3914 Pharismi
2439 3867 2639 3924 autem,
2667 3859 2759 3928 qui
2791 3858 3056 3928 justitiam
3082 3857 3444 3930 praeferebant
3468 3869 3529 3914 et
3558 3858 3722 3929 legem

2141 3948 2238 4005 Dei
2281 3965 2341 4006 se
2365 3948 2544 4005 facere
2565 3946 3137 4021 iactabantLJoannis
3165 3956 3484 4020 contempto
3523 3948 3720 4020 baptis-

2140 4047 2285 4094 mate
2309 4039 2404 4094 Dei
2425 4047 2692 4109 praecepta
2719 4055 2827 4096 non
2854 4037 3121 4095 fecerunt.
3145 4037 3300 4095 Unde
3328 4038 3719 4108 subsequenter

2140 4129 2271 4186 dicit
2303 4148 2315 4182 :

2219 4217 2369 4274 Venit
2392 4221 2531 4274 enim
2550 4219 2785 4275 Joannes
2805 4221 2861 4275 in
2887 4220 2969 4275 cia
2984 4220 3232 4290 iustitiae,
3259 4227 3308 4274 et
3335 4236 3444 4274 non
3476 4219 3720 4274 credidis-

2138 4310 2206 4364 tis
2227 4310 2274 4364 ei
2304 4323 2324 4362 :
2351 4309 2632 4365 Publicani
2681 4319 2856 4365 autem
2902 4319 2949 4366 et
2975 4309 3268 4365 meretrices
3299 4309 3636 4364 crediderunt
3657 4310 3716 4363 ei.

449 4409 542 4464 sed
595 4426 699 4464 non
724 4411 936 4480 potestis
962 4407 1056 4462 illa
1097 4418 1308 4480 portare
1333 4407 1490 4462 modo
1533 4407 1716 4480 (Joan.
1741 4407 1875 4481 xVI).
1904 4408 2037 4464 Pro-

2149 4399 2253 4455 Vos
2277 4409 2452 4454 autem
2476 4399 2725 4467 videntes,
2766 4416 2856 4455 nec
2876 4401 3230 4471 pmnitentiam
3249 4399 3510 4453 habuistis
3532 4409 3718 4470 postea,

451 4507 570 4569 pter
591 4499 736 4554 aliud
765 4513 895 4554 vero
923 4479 1202 4568 discipulis
1250 4497 1495 4569 praecipit
1524 4515 1538 4552 :
1569 4494 1746 4557 Nolite
1791 4479 2031 4554 sanctum
2057 4479 2111 4540 Β
2137 4503 2192 4548 ut
2213 4492 2489 4548 crederetis
2527 4493 2595 4547 ei.
2639 4490 2868 4566 (hlium)
2898 4491 3054 4548 Viam
3089 4504 3222 4562 ergo
3239 4487 3469 4560 iustitia:
3496 4487 3721 4545 Joannes

450 4592 578 4646 dare
599 4591 836 4656 canibus,
869 4607 1031 4661 neque
1072 4591 1294 4646 mittatis
1341 4591 1660 4663 margaritas
1681 4599 1879 4649 uestras
1917 4600 2036 4650 ante

450 4701 634 4754 porcos
676 4682 894 4755 (Matth.
930 4682 1050 4754 vn).
1097 4682 1227 4740 Post
1279 4685 1420 4741 hanc
1467 4698 1598 4756 ergo
1635 4682 2038 4740 fraudulentam

455 4775 797 4831 sacerdotum
841 4771 1344 4854 interrogationem,
1389 4783 1620 4847 postque
1647 4790 1803 4835 suam
1829 4776 2038 4832 cautis-

454 4866 645 4922 simam
674 4865 1078 4935 responsionem
1108 4865 1295 4920 statim
1325 4864 1491 4920 infert
1512 4864 1775 4922 Dominus
1807 4865 2039 4936 parabo-

458 4957 563 5010 lam
589 4970 708 5025 quae
737 4964 792 5010 et
820 4956 940 5011 illos
987 4955 1282 5026 impietatis
1326 4963 1519 5029 arguat
1550 4966 1608 5012 et
1639 4958 1708 5013 ad
1746 4965 1938 5029 gentes
1963 4971 2046 5013 re-

456 5062 618 5118 gnum
647 5045 741 5100 Dei
762 5046 952 5101 doceat
977 5046 1447 5105 transferendum.‘

529 5136 640 5208 (V.)
664 5136 805 5202 Quid
828 5146 1001 5191 autem
1027 5138 1165 5193 vobis
1192 5139 1432 5195 videtur?
1453 5139 1628 5195 Homo
1647 5139 1862 5210 quidam
1886 5139 2045 5194 habe-

458 5229 543 5282 bat
564 5228 695 5281 duos
715 5226 877 5296 ﬁlios,
900 5236 948 5280 et
971 5226 1216 5282 accedens
1233 5228 1302 5282 ad
1323 5230 1548 5299 primum
1569 5229 1700 5288 dixit
1718 5242 1737 5281 .'
1762 5227 1892 5295 Fili,
1911 5230 2043 5284 vade

458 5321 610 5374 hodie
635 5319 841 5387 operari
877 5319 933 5372 in
956 5319 1158 5373 vineam
1176 5334 1365 5373 meam.
1396 5319 1496 5374 Ille
1517 5331 1691 5375 autem
1725 5319 2042 5390 respondens

441 5413 570 5464 ait:
601 5408 758 5465 Nolo.
805 5409 995 5466 Postea
1032 5420 1208 5464 autem
1229 5409 1524 5480 paenitentia
1550 5421 1719 5466 motus
1747 5410 1894 5465 abiit.
1941 5411 2043 5464 Ac-

461 5502 642 5556 cedens
678 5511 853 5556 autem
891 5502 959 5555 ad
984 5500 1232 5566 alterum,
1270 5499 1405 5554 dixit
1442 5483 1701 5556 simililer.
1745 5501 1809 5554 At
1840 5500 1927 5555 ille
1965 5517 2044 5554 re-

462 5598 712 5665 spondens
738 5599 810 5651 ait
849 5613 867 5651 :
913 5596 1013 5663 Eo,
1064 5597 1308 5662 Domine,
1347 5605 1395 5651 et
1439 5612 1543 5650 non
1583 5598 1692 5650 iuit.
1746 5597 1848 5651 lste
1883 5597 2045 5650 homo

465 5689 602 5745 Dens
650 5689 982 5760 intelligitur,
1031 5688 1122 5758 qui
1143 5703 1333 5744 omnes
1385 5687 1631 5742 homines
1677 5701 1810 5754 quos
1854 5695 2043 5740 natura

2135 4587 2438 4659 praedicans
2479 4585 2648 4653 venit,
2700 4586 2834 4656 quia
2855 4585 3149 4649 Christum,
3202 4583 3296 4654 qui
3333 4581 3721 4639 consummatio

2139 4679 2277 4750 legis
2323 4685 2380 4734 et
2409 4679 2793 4749 prophetarum
2817 4683 2920 4742 est,
2968 4675 3160 4731 adesse
3177 4674 3358 4744 digito
3383 4672 3719 4728 demonstra-

2139 4771 2243 4836 vit,
2287 4777 2345 4824 et
2377 4782 2683 4839 prmcursor
2709 4765 2922 4823 Domini
2957 4763 3154 4830 factus,
3199 4764 3344 4818 viam
3393 4763 3564 4834 ipsius
3594 4775 3722 4832 pra:-

2139 4860 2386 4931 parando
2416 4858 2585 4915 valles
2620 4857 2902 4913 humilium
2949 4856 3038 4926 pia
3065 4853 3311 4910 doctrina
3365 4852 3631 4923 implevit,
3671 4858 3723 4905 et

2147 4952 2316 5009 colles
2377 4952 2728 5021 superborum
2805 4948 2966 5018 digna
3011 4945 3350 5002 correctione
3403 4941 3719 4998 humiliavit.

2150 5043 2303 5098 Hunc
2329 5056 2457 5114 ergo
2479 5039 2648 5096 Judaei
2678 5036 3073 5096 contemnendo
3097 5043 3418 5106 spernentes
3435 5033 3582 5088 viam
3617 5032 3722 5104 jus-

2142 5136 2302 5201 titiaa,
2351 5150 2472 5205 qua:
2495 5133 2746 5190 Christus
2773 5139 2876 5198 est,
2922 5145 3030 5186 non
3059 5127 3548 5201 apprehenderunt,
3604 5125 3722 5194 quia

2146 5241 2249 5281 nec
2289 5224 2660 5296 pmnitentiam
2695 5238 2727 5277 a
2760 5221 2946 5293 pravis
2985 5220 3238 5292 cperibus
3259 5218 3392 5281 suis,
3428 5222 3486 5270 et
3524 5213 3722 5271 malitia

2145 5313 2308 5388 agere
2339 5315 2640 5370 voluerunt.
2668 5312 2870 5370 Gentes
2904 5318 3083 5367 autem
3104 5307 3380 5365 humiliter
3406 5305 3720 5367 sentientes,

2150 5420 2206 5467 et
2228 5411 2315 5481 pie
2344 5410 2614 5466 vaticiniis
2641 5411 3024 5479 prophetarum
3051 5407 3357 5471 credentes,
3389 5403 3517 5474 quia
3545 5418 3577 5456 a
3609 5415 3724 5472 pec-

2153 5501 2290 5555 catis
2320 5500 2430 5554 suis
2459 5514 2731 5555 conversae
2757 5500 2824 5554 ad
2854 5499 3136 5555 Dominum
3167 5497 3330 5566 digne
3354 5493 3720 5565 pmnitentiam

2152 5593 2445 5661 egeruntin
2471 5594 2554 5647 via
2573 5593 2814 5661 justitizc,
2843 5593 2894 5648 id
2917 5601 3020 5657 est,
3048 5592 3102 5646 in
3129 5591 3322 5646 semita
3348 5589 3721 5642 mandatorum

2155 5685 2248 5740 Dci
2285 5687 2617 5754 incedentes,
2665 5685 2918 5742 velociter
2958 5685 3023 5741 ad
3055 5699 3281 5757 regnum
3317 5682 3434 5748 Dei,
3496 5678 3721 5749 migrare
