3922 6336
478 345 611 400 1051
657 337 664 341 ’

1131 336 1189 388 Β.
1224 333 1476 388 ΒΑΒᾹΝΙ
1520 331 1734 388 MAURI
1773 327 2089 384 ARClllEP.
2133 325 2437 382 .‘dOGUNT.
2479 325 2758 382 OPERUM
2793 326 2971 379 PARS
3011 329 3050 382 l.

3579 333 3713 387 [ΜΞ

474 449 614 510 Deus
635 451 847 513 dicitur,
898 457 952 501 ut
977 446 1143 501 libera
1171 446 1414 499 voluntas
1458 443 1665 504 homini
1710 447 2042 494 reservetum
2066 439 2111 496 Α
2143 438 2391 506 Lapidem
2422 455 2570 510 quem
2596 437 2990 509 reprobaverunt
3029 441 3368 507 a’tli/icantes,
3424 443 3507 495 hic
3539 446 3714 513 factus

473 547 865 613 luterrogemus
891 541 1077 594 Arium
1126 549 1180 593 et
1211 537 1526 590 Eunomium
1559 549 1573 585 ε
1607 532 1745 587 Ecce
1775 531 1932 584 Pater
1964 529 2042 583 di-

471 637 609 692 citur
645 635 914 702 ignorare,
953 639 1005 682 et
1031 626 1344 681 sententiam
1379 631 1663 692 temperat,
1701 628 1754 674 et
1782 629 2039 689 quantum

473 727 525 779 in
553 723 706 778 nobis
726 730 809 776 est
835 721 1093 789 probatur
1143 731 1264 769 esse
1297 713 1574 768 mentitus.
1627 707 1892 778 Quidquid
1944 723 2040 775 pro

473 813 628 867 l’atre
657 809 1044 879 responderint,
1090 806 1189 858 hoc
1216 803 1511 871 intelligant
1545 815 1640 868 pro
1669 799 1821 861 Filio,
1857 797 1948 867 qui
1985 811 2041 850 se

473 905 599 958 dicit
623 902 869 971 ignorare
905 891 1380 949 consummationis
1408 890 1568 944 diem.

545 989 792 1060 Agricola:
820 995 993 1038 autem
1039 982 1259 1036 videntes
1303 979 1469 1046 [ilium
1517 979 1756 1030 dixerunt
1781 977 1918 1028 intra
1947 991 2000 1027 se
2021 987 2039 1024 :

476 1080 574 1134 llic
604 1088 674 1132 est
720 1077 915 1136 lintres;
941 1073 1120 1133 venite,
1153 1070 1448 1123 oceidamus
1486 1083 1622 1129 eum,
1664 1077 1710 1119 et
1741 1065 2040 1118 habebimus

470 1165 823 1220 [nereditatem
867 1162 999 1229 ejus.
1056 1157 1234 1226 (ῐῖιιι.)
1288 1153 1722 1207 Manifestissime
1783 1153 2042 1205 Dominus

470 1256 662 1326 probat
710 1252 1008 1308 Iudaeorum
1046 1246 1314 1316 principes
1370 1260 1470 1298 non
1521 1259 1615 1312 per
1662 1243 2040 1314 ignorantiam,

473 1343 564 1399 sed
594 1359 686 1413 per
713 1341 960 1394 invidiam
999 1335 1329 1391 crnciﬁxisse
1374 1335 1563 1388 Filium
1601 1335 1712 1386 Dei.
1768 1332 2042 1387 Intellexe-

478 1440 599 1485 runt
619 1431 760 1484 enim
793 1429 932 1481 hunc
953 1441 1091 1487 esse,
1137 1423 1220 1488 cui
1249 1423 1449 1478 dictum
1476 1431 1556 1476 est
1582 1441 1594 1475 ε
1630 1420 1847 1474 Postula
1871 1439 1901 1474 a
1939 1438 2040 1486 me,

472 1533 516 1576 ct
541 1523 673 1575 dabo
711 1520 800 1574 tibi
825 1531 1010 1588 gentes
1056 1516 1408 1568 [nereditatem
1437 1526 1600 1566 tuam.
1649 1514 1715 1566 Et
1739 1522 2042 1582 propterea,

479 1611 630 1681 quasi
685 1609 784 1663 sibi
813 1606 1150 1660 consulentes
1177 1603 1391 1656 aiebant
1425 1620 1436 1654 :
1474 1602 1604 1654 Ecce
1656 1601 1878 1653 mundus
1909 1610 2045 1652 totus

473 1711 712 1771 posteum
735 1699 857 1750 abiit
883 1714 900 1760 ;
925 1707 970 1749 et
988 1697 1031 1749 si
1052 1695 1356 1747 dimittimus
1379 1709 1495 1745 eum
1518 1693 1610 1755 sic,
1639 1708 1812 1743 omnes
1839 1691 2044 1743 credent

2143 538 2216 580 est
2274 529 2327 580 in
2356 537 2508 596 caput
2554 526 2777 597 anguli;
2805 545 2836 580 a
2866 527 3084 582 Domino
3129 531 3323 597 factum
3354 552 3427 587 est
3468 536 3625 596 ilz'ud,
3667 545 3714 588 et

2143 628 2215 669 est
2241 618 2472 669 mirabile
2503 617 2555 670 in
2585 615 2746 669 oculis
2772 617 2956 669 nostris
2985 614 3152 686 (I’saL
3182 623 3366 691 cxvii).
3411 623 3716 690 Quomodo.

2144 707 2333 773 inquit,
2388 706 2691 775 implebitur
2721 707 2834 760 htcc
2871 708 3170 775 prophetia,
3221 725 3338 777 quze
3373 713 3605 781 lapidem
3655 714 3722 765 ab

2141 796 2529 851 aediﬁcantibus
2560 797 2899 866 reprobatum
2953 797 3006 850 in
3035 808 3194 867 caput
3231 803 3410 870 anguli
3442 805 3571 858 dicit
3600 820 3720 856 csse

2140 889 2464 957 ponendum,
2499 887 2600 941 nisi
2627 887 2751 957 quia
2773 886 3016 944 Christus
3040 905 3068 942 a
3101 890 3252 943 vobis
3279 895 3619 958 reprobatus,
3670 904 3723 945 et

2141 980 2350 1032 occisus
2379 979 2662 1033 credituris
2685 987 2766 1032 est
2793 979 3036 1048 gentibus
3060 980 3448 1048 praedicandus,
3481 995 3538 1035 ut
3562 985 3717 1051 quasi

2142 1067 2278 1138 lapis
2299 1069 2432 1122 duos
2452 1069 2688 1139 condens
2713 1069 2765 1122 in
2794 1071 3161 1139 semetipsum,
3185 1086 3248 1124 ex
3273 1080 3495 1140 utroque
3526 1074 3720 1140 [ιιηιιιιο

2143 1174 2301 1210 unam
2337 1159 2440 1212 sibi
2469 1158 2702 1213 ﬁdelium
2725 1160 2993 1214 civitatem
3050 1176 3211 1214 unum
3248 1162 3502 1230 templum
3553 1163 3722 1216 sediti-

2143 1257 2248 1302 cet.
2307 1249 2532 1302 Eosdem
2569 1251 2709 1303 enim
2743 1265 3023 1320 synagoga:
3051 1252 3346 1314 ministros,
3397 1268 3531 1320 quos
3559 1269 3720 1320 supra

2144 1337 2361 1391 colonos
2405 1338 2638 1401 dixerat,
2665 1354 2804 1393 nunc
2831 1339 3160 1394 aediﬁcantes
3186 1340 3433 1408 appellat,
3475 1342 3598 1410 quia
3631 1345 3718 1409 qui

2145 1427 2412 1480 subditam
2443 1427 2543 1480 sibi
2569 1429 2778 1496 plebem
2815 1430 2880 1481 ad
2907 1428 3156 1484 ferendos
3177 1431 3300 1483 vitae
3330 1430 3536 1485 fructus
3566 1434 3718 1501 quasi

2145 1518 2357 1571 vineam
2396 1518 2639 1573 excolere
2682 1520 2777 1587 ipsi
2813 1521 2948 1574 hanc
2985 1522 3093 1574 Deo
3123 1519 3483 1576 inhabitatorc
3507 1525 3717 1593 dignam

2145 1609 2298 1678 quasi
2317 1609 2531 1663 domum
2558 1618 2893 1672 construere,
2921 1619 2973 1664 ct
2993 1611 3545 1678 ornarejuhebantur.
3573 1612 3719 1666 Unde

2146 1712 2201 1756 et
2224 1702 2504 1771 Apostolus
2531 1702 2772 1757 ﬁdelibus
2804 1704 3062 1766 scribens,
3097 1704 3171 1757 ait
3202 1723 3213 1757 :
3248 1704 3344 1757 Dei
3375 1706 3716 1774 agricultura.

476 1791 528 1843 in
556 1805 668 1840 eum
716 1785 884 1857 (Psal.
922 1785 1016 1854 xi).
1064 1783 1357 1837 [hereditas
1387 1796 1514 1849 ergo
1566 1779 1684 1832 Filii
1711 1779 1947 1832 Ecclesia
1972 1786 2054 1832 est
2084 1789 2128 1845 Β
2160 1795 2252 1847 De;
2285 1794 2562 1861 didi/imm
2598 1795 2719 1848 εειῑε
2762 1794 2812 1863 (ι
2849 1794 2969 1848 σον,
2999 1798 3102 1864 ιη)⁸
3160 1794 3262 1848 sed
3301 1796 3390 1863 qui
3424 1795 3589 1848 vinem
3629 1794 3720 1847 Dei

472 1882 677 1936 cunctis
695 1880 741 1931 ei
767 1879 885 1930 data
906 1877 970 1930 de
989 1877 1253 1946 gentibus.
1288 1874 1458 1939 Quam
1487 1889 1592 1925 non
1618 1872 1852 1925 moriens
1876 1871 1922 1924 ei
1949 1869 2050 1922 Pa-

473 1981 554 2026 ter
581 1969 808 2037 reliquit,
839 1969 929 2021 sed
958 1968 1067 2034 ipse
1092 1981 1184 2018 sua
1208 1972 1377 2017 morte
1401 1963 1716 2016 mirabiliter
1738 1959 2044 2029 acquisivit,

475 2078 634 2131 quam
687 2059 1008 2130 resurgendo
1064 2057 1318 2127 possedit.
1377 2055 1526 2107 lianc
1563 2063 1740 2106 autem
1772 2053 1954 2105 occiso
1984 2066 2048 2104 eo

479 2151 604 2206 mali
631 2151 801 2203 coloni
843 2148 1127 2218 praeripere
1157 2145 1530 2208 moliebantur,
1582 2160 1701 2197 cum
1732 2143 2049 2212 cruciﬁgen-

475 2250 554 2296 tes
578 2255 697 2294 eum
752 2239 913 2291 Judaei
963 2236 1117 2304 ﬁlem
1154 2252 1272 2306 quae
1295 2252 1387 2305 per
1411 2251 1530 2290 eum
1558 2243 1662 2301 est,
1711 2235 2050 2305 exstinguere

477 2341 531 2386 et
560 2346 707 2384 suam
737 2329 901 2397 magis
953 2342 1068 2394 qua:
1096 2343 1161 2378 ex
1187 2326 1297 2394 lege
1322 2310 1405 2378 cst
1454 2326 1717 2394 justitiam
1774 2322 2046 2393 praeferre,

477 2435 539 2474 ac
573 2419 818 2490 gentibus
858 2416 1152 2468 imbuendis
1184 2417 1516 2468 conabantur
1541 2416 1794 2467 inserere.

549 2509 612 2561 Et
659 2507 1026 2576 apprehensum
1089 2521 1204 2557 eum
1255 2507 1509 2574 ejccerunt
1553 2515 1697 2557 extra
1739 2505 1956 2566 vineam,
2004 2514 2049 2556 ct

478 2600 794 2652 occiderunt.
851 2597 1013 2649 Extra
1066 2598 1279 2650 vineam
1327 2599 1497 2650 hmres
1545 2599 1716 2650 vincte
1754 2597 2052 2650 trucidatur

476 2693 598 2763 quia
630 2690 783 2746 Jesns
832 2701 888 2743 ut
922 2689 1284 2744 sanctilicaret
1312 2704 1407 2757 per
1441 2705 1592 2742 suum
1618 2690 1935 2757 sanguinem
1961 2703 2052 2755 po-

473 2782 681 2852 pulum,
732 2788 880 2832 cxtra
910 2788 1114 2845 portam
1153 2793 1342 2846 passus
1372 2787 1481 2836 est;
1528 2777 1637 2829 sive
1663 2777 1866 2841 ejectus
1897 2786 2052 2829 extra

475 2875 683 2927 vincam
732 2870 1014 2923 etorcisus
1043 2877 1145 2931 cst,
1196 2868 1322 2934 quia
1358 2868 1508 2935 prius
1542 2867 1607 2918 ab
1649 2865 2050 2918 incredulorum

477 2965 638 3020 corde
666 2961 926 3030 repulsus,
978 2975 1040 3012 ac
1061 2959 1251 3012 deinde
1271 2953 1696 3010 cr'uci‘addictus
1719 2962 1816 3008 est.
1873 2954 1930 3006 In
1958 2969 2052 3007 cu-

471 3052 560 3122 jus
598 3051 820 3120 ﬁguram
871 3045 1089 3118 Moyses‘
1105 3047 1273 3100 altare
1295 3045 1614 3106 holocausti,
1664 3046 1716 3097 in
1744 3059 1850 3111 quo
1877 3043 2040 3096 victi-

2150 1882 2379 1936 fructum
2432 1898 2648 1952 negare,
2715 1885 2866 1952 quasi
2920 1884 3165 1953 agricolze
3215 1885 3339 1938 mali
3389 1884 3715 1942 laborabant.

2151 1960 2310 2026 iidem
2369 1974 2520 2040 quasi
2565 1972 2685 2025 mali
2738 1975 3066 2027 eicmentarii
3125 1975 3302 2028 domui
3349 1974 3441 2028 Dei
3495 1975 3716 2042 lapidem

2147 2065 2437 2135 pretiosum
2483 2064 2734 2129 electum,
2772 2065 2860 2134 qui
2917 2065 2996 2117 vel
3029 2065 3083 2118 in
3114 2065 3500 2135 fundamentis,
3549 2064 3626 2116 vel
3667 2065 3714 2115 in

2150 2154 2344 2226 angulo
2371 2157 2650 2224 ponendus
2674 2165 2791 2208 erat
2813 2155 3152 2219 subtrahere,
3180 2155 3230 2207 id
3262 2165 3363 2218 est,
3396 2131 3553 2208 ﬁddm
3576 2155 3718 2207 Chri-

2150 2246 2217 2300 sti
2273 2246 2606 2310 auditoribus
2645 2246 2756 2299 suis
2795 2247 3130 2298 conabantur
3177 2246 3414 2314 eripere.‘
3474 2244 3576 2298 Sed
3617 2245 3718 2298 illis

2151 2336 2456 2390 nolentibus
2518 2336 2655 2390 idem
2695 2337 2829 2406 lapis
2877 2346 3038 2406 caput
3077 2336 3257 2405 anguli
3296 2339 3545 2398 ﬁrmavit,
3597 2338 3715 2403 quia

2149 2425 2216 2479 de
2241 2435 2468 2494 utroque
2493 2427 2688 2496 populo
2710 2435 2974 2498 quotquot
2999 2427 3111 2498 ipse
3143 2427 3308 2482 voluit
3346 2444 3438 2482 sua
3469 2427 3567 2479 ﬁde
3591 2444 3713 2481 cor:-

2147 2517 2343 2587 junxit.

2223 2607 2348 2660 Ideo
2370 2608 2484 2660 dico
2511 2610 2668 2670 vobis,
2694 2610 2814 2678 quia
2840 2609 3106 2677 auferetur
3136 2628 3166 2662 a
3193 2611 3333 2663 vobis
3364 2626 3570 2678 regnum
3601 2608 3710 2670 Dei,

2152 2711 2197 2755 et
2226 2701 2439 2753 dabitur
2480 2702 2616 2770 genti
2660 2702 2870 2769 facienti
2907 2702 3107 2769 {ructus
3139 2702 3271 2770 ejus.
3314 2701 3576 2770 (Hierom)
3613 2701 3715 2753 Ali-

2154 2793 2363 2860 quoties
2394 2792 2624 2846 diximus
2655 2807 2876 2860 regnum
2901 2793 2993 2845 Dei
3042 2791 3354 2859 Scripturas
3401 2801 3611 2845 sanctas
3637 2791 3714 2844 in-

2157 2881 2342 2948 telligi,
2374 2895 2507 2949 quas
2538 2880 2758 2934 abstulit
2789 2896 2818 2933 a
2850 2879 3068 2945 Judmis,
3101 2891 3155 2935 et
3191 2882 3344 2934 nobis
3395 2881 3624 2944 tradidit,
3661 2889 3713 2933 ut

2156 2972 2414 3025 faciamus
2443 2971 2876 3033 fructusearum.
2908 2971 3011 3024 lsta
3043 2982 3124 3024 est
3155 2972 3308 3024 vinea
3341 2987 3459 3040 qua:
3496 2973 3713 3024 traditur

2155 3061 2404 3130 agricolis
2450 3071 2502 3115 et
2551 3061 2933 3124 vineatoribus,
2973 3061 3024 3113 in
3054 3052 3180 3129 qua,
3230 3061 3321 3130 qui
3368 3063 3570 3130 operati
3617 3076 3712 3113 non

477 3158 683 3197 marum
707 3141 919 3210 sanguis
949 3140 1260 3193 funderetur
1305 3153 1407 3190 non
1434 3138 1571 3190 intra
1617 3134 2042 3196 tabernaculum,
2078 3126 2120 3184 C
2156 3126 2353 3205 ᾖξενίηι
2389 3160 2582 3205 nomen
2621 3159 2824 3204 tantum
2856 3126 3116 3206 habena-Es
3169 3126 3570 3221 se},plu{arun,‘
3605 3150 3710 3204 ίι-υ-

477 3231 571 3286 sed
600 3232 664 3284 ad
687 3231 879 3284 ostium
910 3228 1108 3297 posuit,
1154 3228 1378 3297 mystice
1400 3226 1597 3280 docens
1627 3224 1748 3292 quia
1780 3232 1833 3278 et
1867 3224 2046 3277 Domi-

477 3321 610 3375 uicae
652 3318 828 3373 crucis
885 3317 1051 3369 altare
1095 3324 1241 3368 extra
1291 3314 1782 3384 Hierosolymorum
1837 3322 2050 3383 portam

474 3410 797 3481 ponendum,
837 3416 891 3462 et
916 3409 1029 3476 ipse
1049 3422 1173 3460 vera
1199 3405 1373 3459 Patris
1401 3405 1574 3459 hostia
1619 3405 1863 3458 Christus
1896 3419 1926 3457 a
1959 3403 2051 3458 do-

481 3517 569 3556 tuo
614 3500 939 3564 Judzeorum,
993 3512 1152 3567 quam
1194 3495 1628 3551 sanctiﬁcaturus
1674 3495 1899 3559 adierat,
1945 3509 2050 3546 non

485 3591 672 3645 intimo
695 3588 854 3642 corde
880 3584 1234 3656 recipiendus,
1273 3585 1366 3639 sed
1391 3583 1520 3638 loris
1543 3593 1688 3638 esset
1737 3598 1834 3638 suo
1861 3597 2052 3636 cruore

482 3679 783 3748 tingendus.
811 3678 960 3743 Quod
986 3692 1112 3732 vero
1140 3675 1433 3730 secundum
1457 3674 1695 3729 Marcum
1732 3681 1938 3727 mutato
1965 3689 2080 3728 οινο-

478 3772 602 3827 (line
651 3772 887 3824 dicitur:
926 3769 992 3822 Et
1035 3769 1466 3838 apprehendentes
1493 3783 1609 3821 eum
1650 3766 1966 3831 occiderunt,
2005 3774 2051 3818 ct

480 3864 736 3930 cjccerunt
774 3876 891 3911 eum
938 3869 1083 3912 extra
1123 3859 1320 3911 vineam
1369 3858 1558 3926 (Marc.
1604 3860 1722 3925 xu),
1769 3866 1920 3911 notat
1961 3872 2053 3910 eos

481 3950 807 4018 pertinaciar,
849 3949 938 4016 qui
976 3963 1072 4001 nec
1099 3948 1358 4001 cruciﬁxo
1396 3957 1448 4001 et
1477 3949 1825 4001 rcssuscitato
1853 3963 1882 4000 a
1912 3963 2055 4002 mor—

483 4042 587 4094 tuis
637 4040 858 4094 Domino
882 4021 1290 4108 praedicantibus
1318 4038 1570 4106 apostolis
1619 4039 1840 4094 credere
1868 4039 2051 4093 nolue-

480 4139 624 4192 runt,
657 4130 750 4183 sed
771 4129 921 4198 quasi
944 4130 1172 4183 cadaver
1205 4128 1306 4183 vile
1342 4130 1698 4199 projecerunt,
1731 4130 1857 4198 quia
1882 4145 2054 4199 quan-

484 4213 607 4273 tum
635 4219 685 4272 in
715 4235 771 4272 se
799 4227 915 4272 erat
945 4234 973 4271 a
1008 4219 1116 4271 suis
1140 4233 1260 4273 eum
1291 4219 1482 4274 ﬁnibus
1525 4219 1870 4274 excludentes
1921 4234 2050 4288 gen—

483 4311 626 4365 tibus
665 4309 1056 4378 suscipiendmn
1101 4309 1378 4363 dederunt.

555 4401 682 4455 Cum
709 4417 828 4469 ergo
875 4401 1063 4453 venerit
1091 4401 1330 4454 dominus
1358 4401 1534 4464 vincte,
1573 4403 1696 4472 quid
1721 4402 1874 4471 faciet
1907 4405 2052 4471 agri-

485 4491 611 4545 colis
643 4493 746 4546 illis
772 4493 796 4545 ?
823 4491 1119 4560 lnterrogat
1139 4506 1232 4545 eos
1259 4492 1516 4546 Dominus
1552 4494 1821 4565 nonquod
1844 4493 2053 4563 ignoret

484 4584 611 4653 quid
671 4581 978 4652 responsuri
1016 4582 1142 4646 sint,
1205 4581 1298 4636 sed
1334 4591 1392 4635 ut
1433 4583 1649 4653 propria
1705 4582 2053 4651 responsione

487 4675 831 4726 damnentur.

556 4785 713 4837 Aiu‘nt
761 4783 839 4835 illi
867 4797 884 4835 .'
911 4782 1083 4838 Malos
1109 4783 1240 4836 male
1279 4785 1474 4852 perdet,
1525 4795 1572 4837 et
1614 4785 1812 4837 vincam
1863 4785 2053 4838 locabit

485 4873 602 4926 aliis
653 4871 920 4940 agricolis,
991 4879 1080 4940 qui
1123 4871 1340 4924 reddant
1387 4874 1432 4924 ei
1472 4873 1699 4940 fructum
1740 4875 2052 4943 temporibus

485 4963 612 5019 suis.
666 4962 860 5014 Locata
887 4971 967 5014 cst
992 4971 1165 5015 autem
1195 4962 1346 5016 nobis
1369 4963 1544 5026 vinea,
1571 4972 1625 5016 et
1654 4964 1827 5017 locata
1850 4979 1911 5018 ea
1935 4979 2055 5018 con-

487 5054 709 5116 ditione,
766 5059 826 5103 ut
865 5052 1148 5106 reddamus
1196 5052 1422 5106 Domino
1471 5051 1677 5108 fructus
1727 5055 2056 5124 temporibus

488 5146 617 5208 suis,
654 5151 706 5200 et
736 5143 967 5197 sciamus
991 5156 1308 5210 unoquoque
1342 5151 1602 5212 tempore,
1645 5143 1774 5212 quid
1811 5152 2056 5216 oporteat

493 5251 610 5299 nos,
641 5234 726 5289 vel
744 5234 887 5302 loqui
913 5232 995 5286 vel
1019 5232 1211 5286 facere.
1253 5234 1385 5287 Cum
1411 5243 1587 5288 autem
1619 5235 1900 5298 dixissent,
1931 5235 2055 5303 quia

495 5328 712 5382 veniens
746 5325 993 5379 dominus
1032 5323 1195 5376 vinea:
1242 5332 1364 5391 post
1399 5324 1748 5393 perditionem
1792 5325 2056 5379 malorum

495 5417 847 5488 agricolarum
891 5415 1103 5468 vineam
1146 5413 1365 5467 daturus
1401 5424 1543 5482 esset
1576 5415 1714 5479 aliis,
1772 5415 1874 5468 hoc
1915 5415 2056 5468 idem

496 5508 747 5562 Dominus
791 5507 863 5560 ita
895 5506 1146 5560 divinitus
1185 5504 1346 5559 fuisse
1376 5515 1714 5574 procuratum
1747 5508 2058 5577 pr0pltctico

497 5601 673 5654 statim
718 5598 1003 5651 allirmavit
1030 5595 1293 5664 exemplo,
1346 5594 1633 5660 subjicicns
1667 5615 1677 5648 :

569 5687 699 5742 Dicit
729 5687 833 5742 illis
869 5686 1062 5741 Jcsus:
1099 5685 1377 5756 Nunquam
1407 5685 1596 5754 legistis
1639 5690 1688 5741 iu
1732 5689 2016 5757 Srripturis
2043 5707 2056 5740 :

2080 4472 2130 4528 D

2153 3251 2297 3295 ctum
2334 3242 2502 3302 vinea:
2531 3242 2790 3311 perdituri
2823 3250 2965 3295 sunt.

2227 3333 2292 3386 Et
2324 3335 2412 3402 qui
2443 3333 2681 3386 ceciderit
2703 3349 2857 3403 super
2881 3333 3105 3402 lapidem
3128 3334 3308 3397 istum,
3343 3334 3709 3402 confringatur.

2155 3421 2324 3489 Super
2351 3438 2499 3490 quem
2533 3438 2645 3474 vero
2698 3421 2956 3484 ceciderit,
2995 3430 3220 3474 conteret
3254 3437 3393 3473 cum.
3445 3421 3597 3474 Aliud
3640 3430 3719 3474 est

2153 3509 2422 3564 offendere
2449 3508 2720 3563 Christum
2750 3525 2846 3578 per
2897 3509 3038 3562 mala
3089 3524 3272 3578 opera,
3322 3508 3464 3562 aliud
3511 3525 3716 3580 negare.

2159 3619 2177 3650 ι
2209 3599 2307 3665 Qui
2329 3607 2580 3667 peccator
2606 3607 2707 3662 est,
2732 3606 2785 3651 et
2815 3606 2993 3651 tamen
3025 3599 3099 3652 illi
3125 3599 3316 3662 credit,
3343 3600 3486 3654 cadit
3510 3600 3714 3668 quidem
3746 3609 3749 3612 '

2154 3701 2318 3756 super
2370 3685 2622 3755 lapidem,
2681 3693 2734 3739 et
2777 3683 3156 3755 confringitur,
3214 3688 3307 3740 sed
3357 3701 3463 3741 non
3508 3689 3719 3741 omnino

2156 3775 2484 3839 conteritur;
2524 3783 2830 3829 reservatur
2857 3775 2996 3827 enim
3028 3789 3123 3843 per
3146 3775 3461 3843 patientiam
3495 3776 3560 3830 ad
3587 3775 3718 3828 salu-

2157 3875 2285 3920 tem.
2319 3865 2492 3934 Super
2519 3881 2677 3934 quem
2700 3879 2828 3918 vero
2853 3864 2938 3918 illc
2972 3865 3245 3926 ceciderit,
3272 3865 3323 3918 id
3353 3874 3456 3930 est,
3482 3868 3565 3919 cui
3596 3865 3721 3935 lapis

2156 3957 2269 4027 ipse
2322 3956 2556 4021 irruerit,
2611 3964 2666 4011 et
2713 3955 2804 4024 qui
2849 3955 3117 4009 Christum
3167 3957 3384 4024 penitus
3428 3965 3718 4024 negaverit.

2156 4055 2399 4103 conteret
2420 4064 2560 4112 eum,
2588 4055 2648 4101 ut
2683 4061 2751 4100 ne
2800 4054 2933 4100 testa
2957 4047 3172 4115 quidem
3202 4053 3478 4100 remaneat
3527 4046 3580 4099 in
3623 4060 3720 4114 qua

2155 4142 2433 4195 hauriatur
2459 4155 2608 4209 aqua:
2661 4138 2931 4208 pusillum.
2971 4125 3094 4192 Sive
3139 4139 3205 4192 de
3251 4135 3338 4192 his
3389 4139 3540 4202 dicit,
3586 4138 3718 4208 quod

2155 4235 2351 4288 cadunt
2386 4248 2546 4302 super
2573 4247 2715 4296 eum,
2757 4232 2847 4300 qui
2878 4231 3025 4284 illum
3074 4230 3231 4284 modo
3264 4239 3616 4284 contemnunt
3645 4231 3717 4282 vel

2157 4323 2368 4392 injuriis
2389 4323 2645 4386 alliciunt,
2675 4322 2800 4386 ideo,
2814 4321 3050 4375 nondum
3075 4321 3287 4390 penitus
3309 4321 3606 4380 intereunt.
3632 4321 3718 4374 sed

2157 4424 2335 4468 tamen
2357 4423 2784 4482 eonquassantur
2826 4420 2886 4465 ut
2923 4425 3026 4465 non
3053 4411 3183 4464 reeti
3218 4410 3516 4466 ambulent.
3555 4411 3717 4480 Supra

2157 4522 2291 4576 quos
2313 4513 2490 4559 autem
2514 4504 2677 4566 cadit,
2702 4503 2880 4557 veniet
2910 4503 3014 4557 illis
3045 4503 3271 4571 desuper
3303 4502 3353 4555 in
3371 4500 3578 4570 judicio
3605 4518 3717 4556 cum

2155 4612 2311 4666 paena
2342 4595 2675 4666 perditionis.
2710 4594 2834 4648 ldco
2860 4593 2994 4647 dixit
3027 4593 3340 4656 comminuet
3381 4609 3494 4657 eos,
3530 4604 3587 4646 ut
3620 4595 3719 4648 sint

2154 4691 2300 4760 impii
2334 4700 2581 4758 tanquam
2619 4688 2787 4759 pulvis
2837 4703 2986 4756 quem
3042 4686 3251 4756 projicit
3297 4697 3477 4741 ventus
3527 4704 3558 4740 a
3599 4687 3722 4755 facie

2155 4792 2326 4835 terrm.

2227 4873 2292 4926 Et
2318 4889 2434 4925 cum
2458 4873 2720 4926 audissent
2745 4872 3001 4941 principes
3027 4871 3352 4925 sacerdotum
3394 4882 3445 4924 et
3475 4869 3724 4923 Pliarisa'i

2159 4964 2437 5034 parabolas
2479 4964 2615 5032 ejus,
2657 4971 3000 5030 cognoverunt
3029 4961 3168 5029 quod
3192 4961 3255 5012 de
3283 4961 3408 5029 ipsis
3438 4959 3653 5020 diceret,
3680 4967 3726 5011 et

2159 5065 2444 5124 qutrrentes
2496 5070 2614 5107 eum
2660 5063 2848 5116 tenere,
2898 5051 3180 5104 timuerunt
3223 5051 3423 5116 turbas,
3482 5050 3726 5119 quoniam

2159 5147 2288 5199 sicut
2315 5153 2615 5216 prophetam
2640 5161 2756 5198 eum
2779 5142 3058 5196 habebant.
3087 5140 3362 5211 Principes
3391 5140 3727 5195 sacerdotum

2161 5246 2215 5289 et
2262 5237 2482 5300 scribas,
2516 5235 2667 5304 quasi
2721 5233 3063 5286 mentientem
3099 5240 3285 5286 contra
3338 5247 3397 5286 se
3445 5231 3728 5286 Dominum

2163 5330 2474 5397 quaerebant
2498 5325 2830 5390 interﬁcere;
2861 5324 2952 5378 sed
2978 5325 3080 5379 hoc
3106 5324 3248 5379 idem
3269 5325 3558 5393 querendo
3576 5324 3730 5379 doce-

2164 5419 2294 5472 bant
2320 5433 2444 5472 vcra
2475 5431 2592 5472 esse
2617 5431 2736 5486 qua!
2765 5415 2988 5469 dixerat.
3031 5415 3149 5485 lpse
3178 5413 3374 5483 quippe
3419 5423 3500 5467 est
3539 5414 3728 5470 hxrcs.

2165 5510 2316 5580 cujus
2373 5510 2625 5577 injustam
2672 5520 2857 5562 necem
2898 5505 3074 5560 aiebat
3107 5518 3225 5559 esse
3275 5502 3652 5558 vindicandam
3700 5516 3728 5552 a

2168 5609 2335 5671 patre.
2365 5599 2442 5653 Illi
2485 5609 2662 5653 autem
2706 5613 2932 5668 nequam
2971 5594 3165 5658 coloni,
3197 5591 3288 5662 qui
3326 5590 3395 5645 ab
3439 5586 3730 5644 occidendi

2172 5692 2261 5746 llci
2293 5691 2425 5745 Filio
2448 5689 2511 5742 ad
2541 5689 2808 5744 modicum
2839 5685 3049 5750 quidem
3077 5684 3270 5738 timore
3298 5683 3536 5737 humano
3560 5685 3730 5732 retas-
