3922 6314
283 340 435 398 1053

1239 340 1586 402 COMMENT.
1629 341 1696 399 IN
1736 339 2168 400 MATTIIAEUN.
2205 375 2275 386 ——
2310 344 2439 401 LIB.
2479 347 2563 402 Vl.

3379 356 3510 410 tua:

281 456 433 521 dari,
463 457 632 511 donec
657 461 861 509 veniret
885 453 1016 511 hora
1044 456 1176 527 ejus,
1207 471 1477 525 nunquam
1505 470 1637 509 vero
1665 453 1846 508 divino
1874 457 1919 517 Α
1949 455 2074 524 quia
2121 454 2188 508 ad
2232 455 2659 525 conjungeudunt
2708 459 2808 512 sibi
2856 458 3148 514 Ecclesiam
3181 460 3511 526 incarnatus,

282 557 480 598 amore
507 551 728 613 potuere
753 543 1006 598 cohiberi.
1035 543 1218 597 Murali
1268 557 1399 596 sane
1429 541 1700 596 intellectu
1735 539 1850 594 cui-

282 647 401 701 que
439 631 671 686 ﬁdelium
711 647 830 686 cum
861 635 1171 703 mysterium
1229 631 1497 700 baptismi,
1525 631 1665 699 quod
1694 643 1852 683 exer-

282 729 413 776 ceat
433 722 702 789 operando
726 723 1093 785 committitur,
1119 722 1269 790 quasi
1293 720 1445 774 vinea
1462 734 1622 788 quam
1644 717 1853 773 excolat

281 807 521 862 locatur.
549 808 771 862 Mittitur
795 823 980 864 servus
1009 825 1146 862 unus
1171 808 1304 861 alter
1331 814 1384 861 ct
1413 807 1622 870 tertius,
1665 806 1754 874 qui
1786 806 1852 859 de

281 897 469 951 {ructu
528 899 809 968 accipiant,
861 916 978 954 cum
1037 899 1140 963 lex,
1189 898 1502 967 psalmodia,
1551 897 1849 965 prophetia,

282 1000 518 1055 quarum
549 988 962 1043 admonitionem
1011 988 1146 1042 bene
1176 988 1382 1057 agendo
1419 994 1693 1054 sequatur,
1727 986 1851 1055 legi-

283 1084 398 1128 tur.
428 1075 531 1130 Sed
557 1077 751 1131 missus
775 1093 960 1132 servus
977 1077 1314 1131 contumeliis
1336 1076 1558 1130 aﬂ‘ectus
1575 1075 1658 1128 vel
1680 1089 1852 1129 cmsus

285 1162 520 1232 eiicitur,
544 1182 665 1219 cum
693 1181 867 1220 sermo
892 1167 973 1220 vel
995 1168 1372 1232 contemnitur,
1399 1167 1504 1231 vel,
1535 1165 1674 1235 quod
1701 1165 1851 1234 pejus

281 1264 390 1319 est,
422 1258 585 1311 etiam
610 1257 1006 1327 blasphematur
1041 1278 1051 1311 :
1083 1258 1304 1312 missum
1328 1247 1544 1327 insuper
1584 1257 1849 1333 haeredem

280 1356 544 1412 quantum
576 1347 628 1398 in
660 1361 716 1400 se
743 1355 825 1400 est
854 1347 1067 1411 occidit,
1094 1348 1183 1416 qui
1214 1358 1270 1402 et
1295 1347 1485 1401 Filium
1518 1347 1609 1401 Dei
1635 1347 1851 1402 concul-

281 1436 508 1499 caverit,
540 1442 594 1489 et
615 1435 835 1503 Spiritui
865 1438 1070 1507 gratim,
1097 1453 1202 1506 quo
1231 1437 1598 1492 sanctiﬁcatus
1619 1445 1702 1492 est
1730 1452 1850 1491 con-

284 1523 559 1577 tumeliam
592 1525 797 1579 fecerit.
823 1523 1036 1579 Perdito
1061 1525 1199 1580 malo
1229 1527 1433 1581 cultore
1460 1527 1612 1580 vinea
1637 1526 1850 1580 dabitur

280 1611 459 1676 alteri,
506 1629 626 1667 cum
683 1616 822 1669 dono
865 1617 1069 1685 gratire,
1126 1617 1266 1684 quod
1323 1617 1581 1684 superbus
1626 1617 1846 1685 sprevit,

277 1703 503 1758 humilis
533 1705 757 1774 quisque
783 1707 1058 1760 ditabitur.
1088 1707 1192 1762 Sed
1222 1709 1396 1762 ethoc
1419 1709 1557 1777 quod
1579 1709 1849 1778 principes

1954 542 2092 596 Deus
2115 544 2179 596 de
2200 541 2508 614 incorrupto
2532 553 2684 600 utero
2709 547 2929 616 virginis
2958 548 3145 600 exivit.

2025 631 2087 684 Et
2116 635 2251 688 misit
2272 650 2443 688 servos
2468 653 2588 689 suos
2626 654 2806 691 vocare
2839 639 3080 691 inritatos
3105 641 3171 690 at!
3204 641 3429 707 nuptias,
3473 650 3518 692 et

1952 721 2184 775 volebant
2208 726 2395 778 venire.
2430 725 2622 780 lterum
2643 730 2780 781 misit
2809 727 2938 780 alios
2966 745 3139 780 servos
3159 730 3332 781 dicens
3357 747 3373 781 :
3423 730 3518 781 Di-

1951 813 2050 864 cite
2076 813 2301 866 inritatis
2325 831 2342 868 :
2386 815 2518 868 Ecce
2540 818 2819 885 prandium
2843 834 3007 869 meum
3031 818 3232 884 parari,
3262 819 3397 869 tauri
3421 819 3519 870 mei

1951 914 1998 956 et
2027 902 2194 956 altilia
2214 906 2402 966 occisa,
2427 916 2472 957 et
2497 909 2667 958 omnia
2690 903 2874 973 parata
2911 922 3026 958 sunt
3056 921 3072 956 :
3111 909 3272 959 reuite
3313 909 3378 958 (td
3415 925 3512 958 mt-

1949 995 2104 1064 ptias.
2159 994 2301 1048 Misit
2345 1011 2474 1066 ergo
2531 1011 2714 1050 servos
2749 1013 2896 1059 suos,
2953 1006 3012 1049 ut
3058 999 3119 1049 ad
3154 998 3282 1049 istas
3314 1006 3522 1064 nuptias

1951 1087 2153 1140 amicos
2183 1086 2488 1140 invitarent.
2540 1087 2680 1140 Misit
2731 1089 2915 1147 semel,
2952 1088 3095 1139 misit
3145 1089 3361 1148 iteruu‘t,
3395 1089 3520 1154 quia

1951 1171 2334 1227 incarnationis
2369 1175 2658 1227 Dominicm
2687 1177 3086 1244 prmdicatores,
3138 1184 3190 1226 et
3221 1176 3367 1242 prius
3395 1191 3518 1243 pro-

1948 1264 2160 1331 phetas,
2193 1273 2245 1318 et
2294 1266 2635 1333 postmodum
2687 1267 2952 1334 apostolos
2984 1267 3131 1319 fecit.
3186 1265 3291 1318 llos
3342 1266 3521 1332 itaque

1949 1366 2134 1407 servos
2159 1355 2225 1407 ad
2248 1354 2582 1408 invitandum
2609 1354 2772 1417 misit,
2801 1357 2924 1420 quia
2950 1357 3377 1409 incarnationem
3408 1357 3521 1408 uni-

1950 1441 2132 1510 geniti,
2159 1450 2212 1494 et
2241 1458 2338 1511 per
2380 1445 2668 1512 prophetas
2696 1444 2830 1497 dixit
2876 1444 3128 1506 futuram,
3156 1457 3210 1499 et
3250 1461 3345 1515 per
3394 1461 3522 1513 apo-

1949 1532 2113 1586 stolos
2137 1533 2401 1586 nuntiavit
2431 1531 2645 1587 factam.
2695 1533 2797 1588 Sed
2825 1535 2946 1602 quia
2977 1536 3055 1600 hi,
3083 1537 3171 1603 qui
3204 1537 3351 1604 prius
3381 1536 3517 1588 invi-

1951 1624 2048 1677 tati
2077 1632 2220 1689 sunt,
2247 1624 2312 1676 ad
2342 1626 2649 1694 nuptiarum
2678 1626 2978 1678 convivium
3002 1627 3183 1679 venire
3215 1626 3516 1690 noluerunt,

1952 1713 2006 1768 in
2033 1715 2266 1769 secunda
2298 1715 2613 1769 invitatione
2637 1714 2746 1782 jam
2779 1715 2973 1767 dicitur
3008 1733 3018 1766 :
3069 1714 3200 1766 Ecce
3242 1716 3518 1783 prandium

277 1797 640 1859 sacerdotum,
666 1799 854 1852 seribae
877 1813 940 1852 ac
969 1798 1210 1853 seniores
1235 1814 1451 1852 manum
1477 1801 1688 1853 mittere
1711 1813 1850 1867 qua:-
1875 1792 1923 1851 B
1952 1820 2118 1858 meum
2144 1805 2343 1874 paravi,
2365 1807 2501 1857 tauri
2527 1807 2623 1858 mei
2647 1815 2694 1858 et
2717 1804 2884 1856 altilia
2927 1806 3096 1857 occisa
3119 1815 3234 1856 sunt
3272 1814 3317 1857 et
3345 1805 3520 1856 omnia

277 1891 466 1938 rentes
512 1887 565 1939 in
610 1885 791 1940 Iesum
823 1887 1012 1942 timore
1045 1887 1216 1942 turbae
1261 1890 1578 1955 retinentur,
1611 1888 1850 1959 quotidie

277 1974 489 2043 geritur
514 1975 567 2028 in
594 1976 830 2030 Ecclesia
865 1993 985 2055 cum
1016 1978 1238 2048 quilibet
1269 1979 1380 2035 solo
1409 1980 1473 2034 de
1494 1981 1707 2034 nomine
1736 1979 1847 2033 ira;

276 2074 367 2119 ter
393 2081 511 2121 eam
532 2082 688 2136 quam
729 2083 834 2122 non
861 2070 1031 2138 diligit
1051 2071 1428 2127 ecclesiasticae
1453 2072 1575 2124 lidei
1617 2087 1680 2125 ac
1699 2070 1848 2140 pacis

275 2159 543 2214 unitatem
581 2170 798 2228 propter
841 2163 1258 2218 cohabitantium
1317 2165 1542 2218 fratr-um
1587 2165 1847 2219 bonorum

274 2247 677 2304 multitudinem
708 2260 802 2305 aut
845 2253 1138 2318 erubescit,
1192 2263 1285 2307 aut
1314 2254 1466 2307 timet
1511 2253 1846 2324 impugnare.

273 2338 382 2406 Qui
442 2349 618 2395 tamen
677 2342 816 2395 sicut
865 2343 930 2396 de
977 2343 1290 2397 stultissima
1321 2344 1498 2396 avium
1549 2343 1848 2397 struthione

272 2429 538 2486 Dominus
574 2433 647 2486 ait
673 2451 684 2484 :
712 2432 841 2485 Cum
869 2443 1068 2502 tempus
1091 2434 1245 2502 fuerit
1268 2434 1322 2486 in
1349 2432 1513 2486 altum
1547 2434 1659 2487 alas
1695 2433 1845 2502 erigit

274 2516 402 2587 (Job
462 2521 645 2592 χχχιχ)
697 2540 709 2574 :
762 2521 884 2590 quia
931 2523 1299 2591 persequendo
1345 2523 1639 2577 Ecclesiam
1690 2523 1845 2593 quasi

271 2607 563 2666 Dominum
593 2612 737 2666 cruci
781 2612 1044 2676 addicere,
1086 2621 1141 2666 et
1166 2614 1397 2668 ostentui
1440 2615 1692 2684 gaudebit
1743 2615 1841 2668 ha-

271 2700 426 2755 bere.

848 2789 1073 2847 CAPUT
1111 2790 1272 2845 XXII.

270 2900 354 2954 De
371 2902 578 2973 homine
601 2920 713 2972 rege
736 2902 824 2973 qui
852 2903 968 2971 fecit
1010 2905 1248 2972 nuptias;
1277 2903 1340 2956 de
1387 2919 1540 2956 censu
1582 2901 1843 2973 Ctesaris;

344 2972 408 3050 de
437 2971 762 3093 rgplierequi
783 2980 969 3040 septem
1001 2971 1189 3042 fratres
1217 2973 1394 3025 habuit
1415 2990 1434 3037 ;
1462 2982 1508 3025 et
1533 2971 1680 3041 cujus
1700 2973 1842 3042 ﬁlius

344 3050 410 3094 sit
505 3051 700 3094 mstus.

1948 1904 2154 1964 parata.
2187 1895 2320 1961 Quid
2346 1896 2396 1949 in
2428 1896 2598 1948 tauris
2627 1896 2706 1948 vel
2737 1895 2993 1958 altilibus,
3027 1895 3127 1948 nisi
3161 1893 3288 1947 Novi
3326 1909 3387 1946 ac
3417 1893 3516 1947 Ve-

1949 1988 2078 2042 teris
2131 1985 2457 2039 Testamenti
2512 1993 2694 2052 patres
2758 1983 3090 2051 accipimus?
3141 1983 3321 2035 Altilia
3374 1983 3513 2035 enim

1948 2085 2185 2147 saginata
2217 2076 2442 2129 dicimus
2471 2093 2482 2125 :
2515 2075 2580 2127 ab
2605 2087 2668 2128 co
2695 2074 2836 2127 enim
2865 2075 3108 2140 quodest
3140 2072 3301 2134 alere,
3329 2071 3517 2132 altilia,

1928 2168 2099 2237 quasi
2149 2166 2335 2220 alitilia
2374 2181 2648 2219 vocamus.
2683 2164 2813 2217 Cum
2845 2179 2970 2234 vero
3023 2165 3073 2216 in
3110 2165 3224 2232 lege
3255 2163 3513 2231 scriptum

1947 2256 2036 2321 sit,
2064 2255 2254 2324 Diliges
2284 2253 2509 2306 amicum
2552 2263 2715 2316 tuum,
2747 2263 2792 2305 et
2850 2253 2966 2304 odio
3018 2252 3223 2304 habebis
3253 2252 3518 2303 inimicum

1946 2355 2092 2400 tuum
2116 2344 2329 2416 (Matth.
2353 2343 2442 2414 v);
2478 2352 2696 2412 accepta
2737 2352 2862 2397 tunc
2891 2340 3052 2410 justis
3082 2341 3293 2395 licentia
3323 2330 3514 2402 fuerat,

1944 2446 2004 2492 ut
2039 2437 2132 2492 Dei
2175 2452 2406 2506 suosque
2446 2437 2780 2491 adversarios
2818 2446 3018 2504 quanta
3073 2444 3289 2503 possent
3321 2435 3515 2488 virtute

1945 2527 2382 2596 comprimerent,
2432 2541 2630 2594 eosque
2653 2525 2776 2594 jure
2806 2525 2966 2594 gladii
3001 2523 3242 2578 ferirent.
3275 2524 3425 2589 Quod
3456 2524 3512 2576 in

1944 2615 2092 2671 Novo
2125 2617 2308 2686 procul
2362 2616 2521 2669 dubio
2565 2616 2914 2669 Testamento
2951 2615 3338 2683 compescitur,
3391 2627 3513 2666 cum

1941 2725 2039 2778 per
2073 2709 2413 2777 semetipsam
2442 2706 2654 2762 Veritas
2688 2707 2965 2776 praedicat,
3003 2706 3184 2758 dicens
3237 2723 3248 2756 :
3303 2704 3514 2771 Diligite

1943 2800 2178 2852 inimicos
2220 2808 2431 2862 uestros,
2482 2808 2527 2850 et
2573 2797 2852 2863 benefacite
2897 2798 2976 2848 his
3016 2797 3103 2865 qui
3149 2795 3364 2847 oderunt
3430 2811 3513 2847 ros

1947 2889 2158 2967 (ωειλ),
2202 2888 2340 2954 Quid
2389 2903 2516 2957 ergo
2561 2902 2656 2956 per
2705 2895 2887 2939 tauros
2943 2886 3044 2938 nisi
3092 2895 3271 2954 patres
3299 2884 3509 2937 Veteris

1947 2977 2276 3033 Testamenti
2310 2977 2697 3046 signiﬁcantur.
2741 2974 2872 3028 Nam
2903 2975 3025 3028 dum
3074 2990 3134 3027 ex
3162 2974 3514 3043 permissione

1943 3067 2076 3138 legis
2122 3074 2473 3135 acceperant;
2531 3075 2795 3134 quatenus
2847 3065 3182 3118 adversarios
3234 3079 3358 3117 suos
3405 3063 3513 3117 odii

345 3153 413 3207 Et
438 3157 746 3223 respondens
768 3155 942 3221 Iesus,
975 3157 1107 3211 dixit
1131 3157 1317 3212 iterum
1358 3159 1412 3211 in
1447 3157 1709 3227 parabolis
1739 3158 1834 3221 eis,
1866 3160 1909 3220 C
1943 3157 2296 3220 retributione
2336 3163 2696 3222 percuterent,
2729 3161 2784 3205 ut
2828 3155 2901 3206 ita
2942 3153 3137 3214 dicam,
3187 3152 3315 3220 quid
3369 3151 3511 3204 aliud

269 3244 492 3299 dicens:
532 3244 714 3300 Simile
744 3246 937 3315 factum
973 3259 1045 3302 est
1091 3266 1300 3319 regnum
1348 3248 1592 3303 ctelorum
1638 3247 1833 3301 homini

270 3334 400 3402 regi,
432 3335 521 3404 qui
545 3335 660 3402 fecit
684 3339 888 3405 nuptias
903 3337 1014 3406 ﬁlio
1041 3355 1155 3392 suo.
1175 3337 1263 3409 [1.]
1287 3337 1551 3408 (Ηίενοη.)
1578 3335 1837 3392 Ρὶιειτίεωὶ

268 3424 631 3495 intelligentes
684 3427 748 3480 de
793 3444 851 3482 se
894 3429 997 3483 dici
1045 3429 1346 3498 parabolas,
1376 3428 1687 3497 quierebant
1713 3442 1836 3482 eum

269 3523 460 3570 tenere
479 3526 532 3571 et
552 3516 812 3571 occidere.
837 3517 984 3572 Hanc
1011 3533 1193 3573 eorum
1216 3519 1390 3572 sciens
1412 3517 1739 3571 voluntatem
1761 3515 1839 3570 ni-

269 3603 564 3659 hilominus
590 3607 763 3676 arguit
799 3615 1127 3674 peccatores.
1173 3606 1495 3674 Plerumque
1542 3607 1597 3660 in
1652 3614 1838 3662 sancto

270 3691 564 3763 Evangelio
581 3710 800 3764 regnum
829 3696 1084 3750 caelorum
1123 3711 1360 3764 praesens
1390 3696 1628 3751 Beclesia
1663 3697 1838 3752 nomi-

268 3797 454 3842 natur.
476 3783 828 3858 Congregat‘io
843 3789 1037 3857 quippe
1059 3789 1323 3859 justorum
1345 3805 1564 3860 regnum
1578 3790 1838 3845 calorum

270 3877 469 3932 dicitur
493 3893 505 3930 :
531 3877 654 3945 quia
682 3878 823 3930 enim
867 3894 963 3947 per
1006 3879 1321 3947 prophetam
1371 3879 1632 3935 Dominus
1659 3870 1787 3935 dicit
1819 3896 1834 3936 :

268 3963 470 4022 Citium
497 3969 624 4020 mihi
650 3968 794 4021 sedes
822 3979 920 4033 est,
965 3979 1103 4022 terra
1131 3980 1302 4022 autem
1342 3970 1618 4024 scabellum
1646 3971 1837 4040 pedum

267 4078 503 4117 meorum
529 4061 662 4133 (Isa.
691 4061 854 4131 wa).
894 4062 962 4116 Et
984 4061 1234 4116 Salomon
1276 4064 1349 4116 ait
1400 4078 1413 4116 :
1465 4064 1656 4116 Anima
1698 4064 1836 4133 justi

268 4151 415 4206 sedes
443 4151 730 4220 sapientia’.
755 4150 889 4204 Dum
911 4150 1104 4205 coelum
1120 4149 1314 4206 dicitur
1334 4151 1486 4205 sedes
1500 4152 1618 4216 Dei,
1637 4151 1834 4206 cmlum

272 4249 406 4311 ergo
426 4249 510 4293 est
537 4240 713 4293 anima
741 4237 888 4306 justi.
918 4238 1052 4292 lluic
1072 4255 1169 4308 per
1193 4239 1526 4309 psalmistam
1549 4241 1612 4295 de
1633 4241 1834 4296 sanctis

267 4331 712 4402 prmdicatoribus
740 4330 932 4384 dicitur
972 4347 985 4382 :
1030 4329 1155 4383 Caeli
1195 4341 1440 4383 enarrant
1465 4329 1685 4400 gloriam
1736 4331 1834 4385 Dei

269 4421 442 4491 (Psat.
477 4420 652 4490 XVIII).
685 4420 927 4490 Regnum
951 4434 1079 4489 ergo
1102 4420 1366 4474 caelorum
1391 4424 1474 4475 est
1495 4422 1720 4476 ecclesia
1745 4421 1834 4491 ju-

1937 3261 2095 3316 quam
2129 3244 2264 3297 tauri
2297 3251 2467 3304 erant,
2500 3244 2589 3310 qui
2640 3242 2886 3296 inimicos
2927 3258 3052 3296 suos
3082 3243 3296 3295 virtutis
3327 3258 3515 3311 corpo-

1936 3350 2043 3391 rea:
2066 3349 2233 3389 cornu
2259 3333 2567 3388 feriebant?
2595 3333 2731 3399 Quid
2759 3348 2888 3387 vero
2916 3349 3010 3401 per
3030 3331 3217 3396 altilia,
3247 3333 3348 3386 nisi
3377 3332 3507 3385 Novi

1937 3425 2269 3481 Testamenti
2292 3424 2482 3478 Patres
2513 3424 2825 3494 ﬁgurantur.
2860 3422 2960 3490 Qui
2985 3423 3109 3476 dum
3142 3424 3366 3492 gratiam
3395 3424 3513 3493 pitt-

1938 3517 2180 3590 guedinis
2200 3516 2424 3570 internae
2445 3515 2765 3584 percipiunt,
2790 3514 3004 3568 aeternis
3034 3516 3322 3569 desideriis
3368 3515 3506 3567 iuni-

1939 3614 2133 3671 tentes,
2163 3606 2231 3660 ad
2265 3604 2493 3660 sublima
2520 3605 2982 3675 contemphtionis
3004 3620 3111 3659 suae
3134 3621 3309 3674 penna
3334 3606 3510 3661 suble-

1938 3704 2154 3749 vantur.

2008 3784 2100 3838 Illi
2145 3795 2316 3838 autent
2345 3773 2699 3856 neglexerunt,
2725 3796 2770 3840 et
2800 3787 3035 3841 abierunt
3082 3788 3217 3842 alius
3252 3789 3305 3841 in
3333 3788 3507 3842 villam

1938 3892 2111 3941 suam,
2156 3875 2292 3930 alius
2338 3893 2456 3930 vero
2503 3877 2570 3930 ad
2600 3880 2992 3948 negotiationem
3034 3899 3202 3935 suam.
3237 3883 3294 3939 In
3326 3883 3503 3938 villam

1937 3967 2134 4037 quippe
2161 3966 2238 4020 ire
2261 3977 2344 4020 est
2366 3966 2533 4022 labori
2560 3976 2772 4023 terreno
2796 3970 3147 4025 immoderate
3175 3972 3506 4029 incumbere.

1935 4054 1995 4109 In
2043 4041 2458 4124 negotiationem
2482 4071 2607 4110 vero
2639 4057 2734 4121 ire,
2769 4066 2851 4112 est
2879 4060 3147 4113 actionum
3170 4062 3505 4116 smcularium

1935 4145 2097 4200 lucris
2123 4145 2351 4200 inhiare.
2377 4145 2512 4212 Quia
2542 4148 2684 4201 enim
2715 4149 2852 4204 alius
2881 4150 3120 4205 intentus
3167 4152 3339 4207 labori
3390 4164 3501 4208 ter-

1935 4249 2089 4298 reno,
2144 4233 2282 4288 alius
2329 4249 2458 4288 vero
2510 4237 2694 4292 mundi
2745 4238 2903 4307 hujus
2947 4241 3245 4296 actionibus
3293 4243 3506 4298 deditus

1935 4322 2248 4394 mysterium
2265 4323 2646 4378 incarnationis
2669 4325 2958 4382 Dominica:
2972 4343 3219 4397 pensare,
3243 4339 3297 4384 et
3318 4346 3508 4385 secun-

1935 4415 2064 4468 dum
2092 4413 2222 4468 illud
2250 4415 2432 4468 vivere
2463 4415 2783 4480 dissimulat,
2813 4419 2965 4486 quasi
2992 4419 3058 4473 ad
3082 4419 3261 4477 villam
3287 4421 3368 4473 vel
3409 4437 3504 4474 nc-

264 4520 494 4567 storum.
539 4511 674 4578 Quia
703 4510 829 4564 dum
859 4525 1044 4564 eorum
1076 4510 1235 4564 corda
1280 4510 1331 4563 in
1364 4519 1508 4566 terra
1549 4511 1684 4565 nihil
1713 4528 1830 4566 am-
1857 4495 1909 4555 D
1935 4505 2137 4576 solium
2163 4517 2391 4574 pergens
2411 4505 2597 4559 venire
2624 4506 2691 4560 ad
2741 4509 2882 4578 regis
2930 4510 3142 4579 nuptias
3173 4521 3402 4575 recusat,
3453 4522 3506 4566 et

263 4603 442 4667 biunt,
464 4617 562 4671 per
591 4602 693 4655 hoc
722 4600 862 4669 quod
890 4600 954 4652 ad
978 4615 1207 4668 superna
1234 4601 1504 4670 suspirant
1529 4602 1644 4672 jam
1675 4603 1727 4657 in
1753 4602 1834 4658 eis

266 4692 543 4755 Dominus,
577 4691 730 4759 quasi
757 4691 809 4744 in
835 4689 1142 4744 etclestibus
1169 4698 1375 4760 regnat.
1408 4691 1628 4746 Dicatur
1659 4706 1789 4764 ergo
1815 4711 1829 4748 :

268 4781 450 4838 Simile
469 4791 543 4836 est
571 4796 782 4850 regnum
809 4779 1052 4832 ctelorum
1078 4779 1273 4833 homini
1300 4781 1423 4850 regi,
1453 4783 1542 4850 qui
1568 4781 1687 4850 fecit
1722 4799 1832 4836 .nu-

265 4874 401 4942 ptias
448 4872 560 4941 ﬁlio
605 4886 720 4924 suo.
774 4869 904 4935 Quis
932 4875 1014 4924 est
1039 4866 1042 4870 ’
1066 4885 1180 4935 rex,
1212 4870 1352 4938 regis
1368 4870 1482 4924 "lilii
1512 4872 1708 4940 pater?
1742 4871 1829 4926 ille

267 4965 521 5020 nimirum
559 4964 646 5019 cui
691 4979 787 5033 per
827 4962 1168 5018 Psalmistam
1213 4964 1326 5017 ait:
1359 4963 1520 5029 Deus,
1564 4964 1830 5033 judicium

267 5065 414 5109 tuum
439 5055 544 5124 regi
571 5053 661 5118 da,
687 5063 734 5106 et
756 5055 1013 5119 justitiam
1041 5062 1184 5107 tuam
1223 5052 1333 5120 ﬁlio
1376 5054 1528 5123 regis,
1576 5054 1665 5123 qui
1708 5053 1832 5121 fecit

266 5144 472 5216 nuptias
498 5143 608 5211 ﬁlio
633 5161 728 5198 suo
750 5142 919 5214 (Psal.
957 5143 1125 5216 uxr).
1157 5143 1217 5198 In
1248 5145 1348 5199 hoc
1376 5144 1532 5198 Pater
1560 5143 1674 5214 regi
1695 5142 1832 5200 Filio

267 5235 481 5305 nuptias
524 5233 674 5299 fecit,
703 5249 808 5304 quo
829 5234 902 5288 ,εἰ
953 5250 1050 5304 per
1101 5235 1485 5290 incarnationis
1512 5234 1831 5306 mysterium

266 5333 506 5383 sanctam
533 5322 832 5378 Ecclesiam
883 5323 1126 5378 sociavit.
1177 5323 1373 5380 Uterus
1397 5333 1577 5379 autem
1603 5324 1830 5395 virginis

265 5416 541 5492 genitricis
559 5416 716 5485 hujus
738 5415 914 5484 sponsi
941 5416 1206 5470 thalamus
1228 5415 1329 5469 fuit
1351 5434 1363 5470 ι
1390 5414 1539 5471 Unde
1550 5413 1830 5484 psalmista

264 5511 395 5566 dicit
425 5527 437 5563 :
462 5508 529 5562 In
552 5506 660 5562 sole
695 5507 864 5577 posuit
900 5505 1288 5561 tabernaculum
1314 5522 1486 5570 suum,
1510 5514 1556 5559 et
1586 5505 1694 5575 ipse
1713 5513 1832 5559 tan-

265 5617 419 5669 quam
438 5614 652 5670 sponsus
673 5596 951 5668 procedens
972 5595 1035 5650 de
1062 5597 1290 5651 thalamo
1313 5613 1408 5650 suo
1434 5594 1607 5670 (Psal.
1651 5596 1826 5670 xvm).

269 5690 543 5763 Tanquam
568 5703 796 5762 Sponsus
826 5687 1019 5759 quippe
1048 5687 1113 5744 de
1138 5686 1373 5744 thalamo
1404 5703 1501 5744 suo
1543 5689 1824 5763 processit,

1933 4599 2247 4668 plerumque
2273 4596 2437 4666 (quod
2456 4605 2540 4650 est
2566 4598 2804 4668 gravius)
2831 4599 3069 4653 nonnulli
3111 4603 3352 4656 vocantis
3379 4619 3503 4673 gra-

1933 4688 2062 4742 tiam
2087 4703 2193 4740 non
2220 4686 2392 4740 solum
2423 4695 2699 4756 respuunt,
2731 4689 2825 4742 sed
2871 4689 3034 4744 etiam
3083 4701 3499 4761 persequuntur.

1939 4776 2088 4833 Unde
2107 4784 2163 4832 et
2189 4776 2437 4831 subditur
2476 4791 2491 4830 :

2007 4869 2210 4941 Reliqui
2244 4886 2361 4924 vero
2409 4879 2682 4926 tenuerunt
2728 4888 2897 4926 servos
2946 4872 3076 4940 ejus,
3113 4882 3161 4925 et
3192 4876 3506 4929 contumelia

1933 4961 2146 5031 electos
2189 4960 2506 5014 occiderunt.
2549 4959 2662 5014 Rea:
2691 4971 2863 5013 autem
2909 4977 3026 5014 cum
3063 4960 3292 5017 audisset
3334 4964 3503 5017 iratus

1935 5059 2029 5116 est,
2058 5059 2105 5104 et
2131 5050 2302 5104 missis
2323 5049 2629 5103 exercitibus
2654 5050 2763 5103 suis
2786 5049 3008 5119 perdidit
3049 5051 3338 5107 homicidas
3365 5051 3501 5116 illos,

1933 5147 1981 5193 et
2010 5139 2264 5192 civitatem
2287 5135 2495 5190 illorum
2520 5137 2804 5190 succendit.
2841 5135 3074 5209 (Chrys.)
3106 5135 3218 5193 Hoc
3259 5145 3358 5203 est,
3393 5139 3503 5192 Ro-

1935 5241 2124 5281 manos
2168 5225 2266 5280 sub
2316 5217 2451 5279 duce
2495 5226 2825 5295 Vespasiano
2872 5237 2924 5282 et
2971 5217 3115 5292 Tito,
3168 5229 3259 5298 qui
3308 5229 3502 5284 occisis

1930 5316 2129 5374 ludant:
2186 5317 2394 5389 populis
2439 5320 2924 5388 pricvarieatricem
2979 5325 3366 5380 succenderent
3425 5325 3503 5378 ci-

1930 5412 2171 5468 vitatem.
2204 5409 2406 5483 (Greg.)
2446 5410 2573 5466 Sive
2599 5413 2775 5478 aliter,
2803 5413 3101 5470 homicidas
3127 5415 3374 5486 perdidit,
3405 5419 3500 5486 qui

1930 5511 2316 5573 persequentes
2338 5503 2660 5570 intervenit;
2683 5506 2956 5561 civitatem
2989 5505 3202 5561 illorum
3224 5507 3502 5561 succendit

1931 5594 2060 5666 igni,
2084 5594 2209 5664 quia
2230 5593 2442 5650 illorum
2468 5611 2575 5651 non
2601 5596 2772 5652 solum
2793 5596 3006 5663 animm,
3028 5595 3123 5654 sed
3141 5611 3267 5661 caro
3289 5612 3500 5666 quoque

1931 5685 1984 5742 iu
2013 5699 2116 5754 qua
2158 5683 2533 5740 habitaverunt
2559 5693 2774 5750 internae
2813 5686 3071 5760 gdhennz
3119 5683 3330 5742 ﬂamma
3371 5702 3494 5741 cru-
