3922 6380
447 276 586 340 1055

1088 274 1152 331 Β.
1193 272 1447 332 MBAN!
1479 272 1702 334 IAURI
1735 270 2038 332 ARCHIEP
2097 272 2406 334 MOGUNT.
2444 266 2730 336 OPERUM
2767 281 2945 346 PARS
2981 285 3022 341 Ι.

3544 295 3685 351 1956

443 388 640 445 ciatur.
664 387 845 445 Iissis
864 399 994 444 vero
1016 384 1346 441 exercitibus
1376 382 1699 440 exstinxisse
1717 382 2018 439 homicidas
2044 396 2096 457 Α
2120 393 2205 440 ter
2236 385 2430 442 emtum
2452 393 2508 442 et
2527 385 2792 443 infernum
2819 390 2923 445 sita
2943 401 3049 461 est,
3067 374 3212 453 sicut
3236 400 3294 455 in
3315 401 3497 459 medio
3518 403 3689 461 sunt.

445 476 663 543 dicitur,
683 475 810 547 quia
832 475 887 532 in
913 474 1222 531 hominibus
1247 487 1408 530 omne
1436 471 1700 541 judicium
1729 485 1827 541 per
1851 486 2020 543 ange-

446 567 529 624 los
566 557 876 623 exhibetur.
929 565 1069 633 Quid
1119 577 1352 634 namque
1394 571 1524 618 sunt
1569 562 1662 618 illa
1704 562 2019 634 angelorum

443 647 660 730 agmina
679 657 783 713 nisi
806 642 1078 713 exercitus
1106 655 1248 726 regis
1267 654 1475 710 nostri?
1503 652 1658 712 Unde
1679 661 1736 710 et
1760 653 1903 709 idem
1923 669 2021 710 rex

447 747 703 803 Doutinus
732 746 965 803 Sabaoth
989 745 1216 814 dicitur:
1237 743 1476 801 Sabaoth
1487 743 1685 816 quippe
1702 744 2021 800 exercituum

446 836 852 908 interpretatur.
899 835 984 891 Ad
1008 835 1313 907 perdendos
1357 849 1489 905 ergo
1526 834 1869 890 adversarios
1895 847 2023 889 suos

443 927 743 984 exercitum
783 923 972 993 mittit,
1002 925 1129 998 quia
1156 924 1410 981 nimirum
1435 922 1731 979 vindictam
1764 921 2024 998 Dominus

444 1032 544 1090 per
563 1018 785 1091 angelos
806 1026 1046 1076 exercet.
1076 1015 1244 1087 Cujus
1268 1015 1535 1074 vindicta.
1550 1014 1849 1086 potentiam
1893 1021 2024 1070 tunc

446 1110 618 1167 nostri
666 1119 850 1181 patres
897 1109 1208 1174 audiebant,
1237 1122 1337 1163 nos
1381 1115 1562 1163 autem
1585 1107 1699 1178 jam
1729 1105 2018 1164 cernimus.

448 1198 554 1256 Ubi
579 1208 708 1257 sunt
727 1193 870 1256 enim
913 1199 1131 1270 superbi
1180 1197 1255 1253 illi
1281 1205 1582 1269 martyrum
1606 1196 2023 1269 persecutores?

457 1289 558 1347 Ubi
584 1289 660 1344 illi
691 1290 782 1359 qui
807 1295 993 1344 contra
1019 1287 1354 1344 conditorem
1403 1302 1563 1343 suum
1586 1280 1855 1344 cervicem
1898 1303 2024 1345 cor-

449 1379 532 1433 dis
556 1383 864 1441 erexerant,
913 1383 969 1432 et
1010 1376 1079 1432 de
1113 1375 1273 1446 hujus
1317 1375 1504 1430 mundi
1543 1375 1715 1447 gloria
1742 1373 2022 1432 mortifera

446 1466 774 1538 tumebant?
805 1466 944 1522 Ecce
958 1466 1072 1538 jam
1109 1480 1258 1522 mors
1287 1473 1585 1538 martyrum
1612 1464 1770 1521 ﬂoret
1817 1465 1872 1526 in
1919 1465 2026 1525 ﬁde

446 1549 766 1626 viventium,
791 1569 847 1615 et
864 1559 921 1614 hi
946 1559 1038 1629 qui
1068 1566 1259 1615 contra
1279 1630 1282 1633 ‘
1300 1557 1422 1614 illos
1448 1559 1517 1614 de
1565 1556 1886 1613 crudelitate
1926 1571 2023 1614 sua

445 1649 662 1721 gloriati
683 1659 828 1717 sunt,
873 1665 1213 1721 nequaquam
1241 1650 1309 1704 ad
1328 1647 1645 1704 memoriam
1666 1655 1910 1704 nostram
1933 1662 2022 1703 ve-

2120 473 2234 552 stit,
2294 473 2370 529 ita
2422 482 2771 546 utrarumque
2826 479 3061 549 partium
3133 487 3278 544 cives
3327 492 3690 549 mmmsitcr

2119 564 2330 636 recipit.
2357 564 2502 633 Quos
2527 575 2704 625 tamen
2730 579 2915 626 sancta
2954 571 3210 644 Ecclesia,
3235 589 3295 635 et
3333 597 3480 637 nunc
3522 583 3692 640 indis-

2120 657 2269 713 crete
2299 658 2542 728 suscipit,
2568 668 2626 724 et
2647 663 2985 731 postmodum
3006 665 3061 719 in
3083 671 3391 738 egressione
3407 674 3690 732 discernit.

2119 742 2256 838 Qum
2283 762 2477 838 magno
2499 749 2644 806 enim
2671 750 2864 808 timore
2891 756 3223 824 pensandum
3251 769 3355 828 est,
3390 766 3534 835 quod
3559 781 3694 838 pso-

2123 834 2265 891 tinus
2297 837 2583 898 subditur:
3413 834 3416 835 ν
3499 861 3502 864 ’

2191 924 2418 982 Intrauit
2433 939 2606 985 autem
2630 947 2740 998 res,
2765 941 2822 988 ut
2844 934 3038 990 uideret
3062 937 3462 1010 discumbentes,
3491 956 3542 1001 et
3563 949 3694 1004 sidit

2122 1015 2192 1071 ibi
2219 1017 2479 1075 hominem
2522 1037 2624 1075 non
2669 1023 2907 1076 vestitum
2929 1034 3064 1079 veste
3091 1028 3339 1098 nuptiali,
3366 1041 3416 1084 et
3457 1036 3536 1088 ait
3571 1036 3657 1091 illi
3675 1055 3696 1092 :

2121 1105 2319 1174 Amice,
2343 1111 2597 1180 quomodo
2629 1112 2730 1167 huc
2750 1113 2978 1180 intrasti,
3005 1129 3110 1174 non
3152 1117 3347 1175 habens
3371 1132 3561 1177 uestem
3589 1143 3698 1180 u-

2120 1193 2333 1266 ptialens
2353 1197 2380 1251 7
2401 1197 2468 1280 At
2491 1198 2580 1254 ille
2605 1201 2877 1257 obmutuit.
2905 1202 3172 1280 (Hierom)
3198 1206 3264 1262 Hi
3294 1219 3479 1265 autem
3503 1214 3598 1282 qui
3617 1215 3700 1269 in-

2121 1283 2276 1340 vitati
2297 1294 2455 1345 erant
2494 1289 2564 1344 ad
2613 1291 2827 1360 nuptias
2878 1293 2946 1350 de
2988 1295 3224 1365 sepibus,
3263 1305 3322 1353 et
3362 1301 3600 1370 angulis,
3644 1313 3704 1359 et
3739 1306 3750 1316 '

2120 1371 2336 1442 plateis,
2365 1382 2423 1430 et
2448 1377 2674 1435 diversis
2700 1380 2855 1447 locis,
2899 1397 3111 1439 omnum
3135 1384 3271 1456 legis
3301 1387 3698 1457 impleverant.

2123 1460 2230 1518 Sed
2255 1473 2440 1534 postea
2468 1481 2589 1522 cum
2617 1470 2854 1526 venisset
2877 1487 2991 1540 rex,
3025 1482 3087 1528 ut
3117 1475 3329 1530 videret
3350 1476 3701 1534 discumben-

2125 1557 2205 1606 tes
2227 1550 2281 1605 in
2300 1553 2550 1610 convivio
2577 1569 2697 1622 suo,
2719 1557 2823 1614 hoc
2839 1568 2946 1627 est,
2971 1561 3128 1631 quasi
3152 1577 3249 1617 sua
3269 1562 3324 1617 in
3347 1562 3453 1618 fide
3490 1567 3703 1635 requie.

2122 1648 2334 1697 licentes
2359 1642 2415 1696 in
2436 1643 2713 1713 diejudicii
2738 1647 2981 1704 visitaret
2997 1651 3272 1717 convivas,
3291 1661 3347 1707 et
3361 1650 3706 1713 discerneret

448 1741 627 1808 niunt,
657 1740 742 1796 vel
777 1741 830 1797 in
855 1756 1079 1797 numero
1102 1749 1460 1797 mortuorum.
1490 1738 1677 1796 Rebus
1715 1753 1848 1811 ergo
1876 1753 2027 1794 reco-

2138 1730 2319 1788 merita
2341 1731 2696 1804 singulorum,
2733 1737 2937 1793 invenit
2975 1742 3266 1810 unum-qui
3298 1751 3454 1798 veste
3484 1745 3702 1800 indutus

447 1829 778 1902 gnoscimus,
808 1831 966 1900 quod
1011 1831 1067 1886 in
1114 1829 1385 1906 parabolis
1414 1828 1683 1894 audimus,
1733 1829 1830 1884 sed
1858 1827 1905 1883 is
1935 1826 2058 1897 qui‘

450 1920 770 1976 invitantem
792 1934 852 1977 se
880 1920 1150 1976 contemni
1178 1918 1461 2001 conspicit,
1504 1918 1650 1989 regis
1675 1917 1773 1974 lilii
1815 1916 2029 1988 nuptias

453 2027 656 2068 vacuas
684 2027 792 2068 non
818 2012 1054 2068 habebit.
1078 2011 1161 2069 Ad
1182 2011 1326 2073 alios
1351 2011 1538 2078 mittit,
1584 2010 1712 2081 quia
1732 2017 1790 2065 et
1813 2009 1860 2066 si
1888 2009 2029 2084 apud
2050 2067 2058 2071 _

452 2104 666 2176 aliquos
684 2104 917 2170 laborat,
943 2103 1263 2174 quandoque
1288 2110 1470 2159 tamen
1499 2117 1682 2159 sermo
1715 2101 1812 2158 Dei
1839 2100 2030 2158 inven-

452 2200 612 2254 turus
638 2186 744 2257 est,
774 2191 867 2248 ubi
903 2190 1224 2262 requiescat.
1253 2189 1409 2246 Unde
1435 2199 1492 2245 et
1515 2189 1764 2248 subditur
1798 2204 1812 2242 :

525 2279 672 2334 Tunc
700 2281 772 2334 ait
799 2279 956 2335 servis
983 2279 1092 2336 suis
1116 2295 1135 2333 :
1161 2275 1378 2349 Nuptias
1397 2278 1608 2349 quidem
1651 2285 1853 2348 parata
1885 2284 2028 2352 sunt.

450 2369 508 2424 ld
564 2376 650 2425 est
676 2409 692 2434 ,
757 2385 918 2425 omne
970 2377 1376 2431 sacramentum
1445 2370 1697 2428 humanm
1755 2368 2033 2438 dispensa-

451 2459 616 2518 tionis
640 2458 958 2523 nativitatis,
987 2458 1263 2528 baptismi,
1296 2457 1718 2529 praedicationis,
1741 2457 2029 2528 passionis,

454 2547 889 2617 resurrectionis,
927 2553 1090 2617 atque
1114 2546 1447 2606 ascensionis
1471 2545 1594 2620 Filii
1632 2545 1729 2602 Dei
1751 2554 2032 2621 peractum

453 2650 559 2697 est.
1249 2671 1251 2673 ι
1780 2694 1788 2712 ,

529 2729 636 2787 Sed
659 2732 749 2803 qui
767 2732 967 2788 invitati
987 2741 1169 2800 erant,
1209 2749 1313 2788 non
1356 2732 1570 2802 {uerum
1595 2732 1760 2804 digni.
1792 2732 1909 2788 Hoc
1952 2737 2037 2786 est

455 2819 649 2889 Judmi,
677 2822 770 2890 qui
814 2836 913 2892 per
952 2821 1129 2894 legem
1169 2829 1226 2877 et
1261 2821 1551 2892 prepbetas
1595 2821 1664 2876 ad
1708 2822 2036 2880 credendum

459 2910 679 2968 Christo
723 2913 939 2969 invitati
996 2920 1140 2980 sunt,
1190 2920 1592 2970 sacramentum
1645 2914 2038 2973 incarnationis

461 3001 936 3072 respuerant.Sed
958 3002 1044 3059 his
1076 3002 1150 3057 ita
1183 3002 1373 3075 gestis,
1394 3009 1398 3013 “
1419 3001 1762 3061 manifestum
1810 2995 2036 3074 estqui.

2130 1839 2238 1878 non
2262 1834 2381 1880 erat
2403 1827 2645 1902 nuptiali.
2674 1829 2824 1889 Unus
2846 1831 2966 1896 iste,
2994 1848 3182 1890 omnes
3216 1835 3308 1904 qui
3337 1837 3531 1892 sociati
3576 1843 3701 1895 sunt

2131 1913 2185 1975 in
2215 1914 2418 1971 malitia
2457 1917 2844 1990 intelliguntur.
2875 1920 3052 1986 Vestis
3078 1933 3260 1980 autem
3285 1926 3543 1998 nuptialis
3565 1943 3702 1996 pra-

2127 2011 2286 2072 cepta
2310 2011 2437 2060 sunt
2468 2007 2679 2063 Domini
2703 2007 2759 2064 et
2779 2024 2945 2080 opera
2982 2028 3102 2085 quae
3122 2014 3464 2084 complentur
3485 2031 3553 2070 ex
3587 2017 3702 2087 lego

2128 2105 2188 2149 et
2210 2095 2518 2168 Evangelio,
2539 2101 2771 2171 novique
2795 2103 3278 2165 hominiseﬂiciunt
3294 2108 3696 2166 vestimentum.

2135 2184 2194 2240 Si
2214 2185 2336 2256 quis
2357 2187 2518 2258 igitur
2545 2189 2597 2244 in
2622 2199 2858 2262 tempore
2894 2191 3084 2261 judicii
3129 2195 3381 2249 inventus
3406 2194 3577 2250 fuerit
3603 2195 3701 2251 sub

2132 2280 2348 2333 nomine
2367 2279 2668 2338 Christiano
2687 2299 2792 2338 non
2813 2284 3014 2344 habere
3041 2286 3419 2342 vestimentum
3443 2286 3699 2355 nuptiale,

2133 2368 2187 2424 id
2211 2376 2321 2435 est,
2345 2371 2802 2432 vestemcmlestis
2831 2374 3085 2439 hominis,
3123 2376 3218 2429 sed
3239 2383 3478 2428 veterem
3523 2374 3698 2443 pollu-

2134 2465 2266 2524 tam,
2293 2456 2345 2512 id
2370 2467 2472 2524 est,
2500 2451 2958 2532 veterisjominis
2983 2461 3225 2529 exuvias,
3248 2462 3337 2516 hic
3364 2462 3556 2516 statim
3577 2477 3699 2517 cor-

2131 2548 2346 2619 ripitur,
2372 2557 2430 2604 et
2445 2547 2642 2604 dicitur
2659 2550 2710 2606 ei
2739 2567 2752 2604 :
2801 2550 2997 2617 Amice,
3038 2551 3294 2622 quomodo
3319 2551 3422 2618 huc
3445 2553 3659 2605 intrasti
3676 2550 3704 2606 1

2109 2627 2378 2694 ‘Amicum
2397 2647 2573 2705 vocat,
2599 2641 2740 2709 quod
2767 2640 3024 2695 invitatus
3060 2640 3128 2695 ad
3151 2641 3366 2710 nuptias
3389 2650 3492 2695 est.
3515 2642 3703 2711 Arguit

2135 2727 2498 2798 impudentiae,
2539 2728 2682 2798 quod
2713 2736 2861 2783 veste
2885 2726 3101 2783 sordida
3128 2729 3422 2783 munditias
3445 2729 3697 2798 polluerit

2137 2818 2418 2888 nuptiales.
2439 2817 2616 2873 Atille
2636 2817 2909 2878 obmutuit.
2935 2819 2993 2873 ln
3027 2827 3266 2890 tempore
3294 2820 3440 2874 enim
3474 2819 3568 2874 illo
3594 2836 3700 2875 non

2135 2908 2238 2964 erit
2262 2908 2412 2964 locus
2452 2908 2814 2983 impudentiae,
2852 2923 2952 2964 nec
2995 2908 3223 2979 negandi
3271 2907 3530 2962 facultas.
3568 2892 3704 2962 Cum

2135 3009 2322 3050 omnes
2354 2995 2528 3066 angeli
2547 3006 2602 3050 et
2637 2997 2867 3051 mundus
2891 2997 3006 3066 ipse
3039 2997 3194 3051 testis
3219 2997 3293 3052 sit
3329 3006 3697 3066 peccatorum.

462 3093 606 3159 dem,
639 3095 783 3163 quod
827 3103 969 3171 post‘
995 3100 1357 3178 contemptam
1388 3095 1781 3158 contumaciam
1824 3093 2036 3151 Judzeo-
2059 3081 2106 3144 C
2137 3081 2338 3178 (Great)
2364 3077 2808 3178 Item-possumus
2842 3085 3136 3170 intelligere
3161 3087 3456 3157 nuptialem
3498 3095 3700 3143 vestem

430 3247 432 3249 ,
464 3198 605 3250 nim,
632 3184 699 3239 de
721 3184 1004 3239 vocatione
1029 3183 1266 3254 gentium
1300 3182 1468 3239 dicit:
1496 3253 1514 3269 .

533 3272 613 3328 Ite
631 3289 752 3344 ergo
777 3273 846 3327 ad
866 3273 1034 3328 exitus
1081 3273 1303 3327 viarum.
1347 3271 1529 3348 (Aug)
1569 3273 1684 3329 Vim
1729 3273 2035 3347 intelligun-

461 3375 552 3420 tur
597 3365 848 3437 dogmata
897 3364 1158 3435 gentium,
1205 3372 1260 3420 et
1308 3375 1522 3419 errores
1576 3365 1854 3436 gentilium
1885 3406 1900 3432 ,
1941 3367 2075 3442 sed.

459 3471 528 3510 ex
554 3455 803 3510 omnibus
829 3454 934 3510 illis
962 3454 1029 3510 ad
1053 3453 1290 3524 nuptias.
1316 3453 1376 3508 id
1410 3443 1761 3511 est.Christo
1794 3455 2038 3516 credide-

463 3554 609 3599 runt.

533 3635 602 3688 Et
667 3649 1001 3706 quoscunque
1051 3633 1380 3699 inveneritis,
1438 3629 1621 3689 uocate
1682 3635 1753 3689 ad
1806 3635 2035 3707 nuptias.

463 3727 696 3800 (ειη-νε.)
723 3728 781 3784 id
806 3737 910 3795 est,
935 3727 1220 3796 cujuslibet
1246 3727 1569 3784 conditionis
1587 3729 1833 3785 homines
1850 3737 2041 3784 vocate

466 3819 536 3874 ad
558 3818 738 3874 iidem.
764 3818 834 3873 Et
850 3819 990 3877 sicut
1009 3833 1116 3874 non
1135 3826 1220 3875 est
1240 3818 1496 3874 distantia
1518 3818 1573 3872 in
1599 3826 1792 3874 natura
1811 3821 2043 3878 creatio-

467 3908 556 3965 nis
583 3908 886 3974 hominum.
923 3909 1006 3964 sic
1032 3923 1139 3966 non
1188 3909 1262 3963 sit
1306 3905 1606 3963 dili‘erentia
1656 3908 1713 3963 in
1760 3910 2062 3965 vocatione

467 3999 657 4058 salutis
677 4013 885 4055 eorum.
936 3997 1140 4070 (οῖδα.)
1170 3998 1444 4053 bioraliter
1470 3989 1649 4053 autem
1697 3999 1743 4054 si
1792 3999 1847 4053 in
1896 3985 2047 4054 Scri-

441 4089 626 4159 ‘ptura
664 4103 819 4145 sacra
859 4088 976 4144 vias
1001 4089 1242 4160 actiones
1269 4089 1587 4159 accipimus,
1628 4089 1807 4151 exitus
1832 4090 2041 4146 viarum

469 4179 818 4250 intelligimus
867 4178 1109 4237 deiectus
1153 4180 1450 4246 actionum,
1496 4182 1622 4258 quia
1679 4183 1755 4238 illi
1807 4168 2069 4254 plerum-i

467 4286 574 4344 que
613 4269 774 4327 facile
821 4271 892 4326 ad
943 4270 1226 4326 Dominum
1272 4272 1519 4338 veniunt,
1568 4288 1705 4344 quos
1757 4275 1812 4329 in
1875 4283 2046 4330 terre-

464 4353 555 4418 nis
596 4362 807 4419 actibus
851 4376 1110 4434 prospera
1176 4361 1324 4417 nulla
1387 4362 1736 4430 comitantur.
1787 4362 2046 4434 Sequitur

470 4462 650 4510 autem
691 4473 706 4510 :
1208 4465 1211 4469 '
1741 4529 1745 4533 ~

544 4541 612 4597 Et
636 4547 826 4615 egressi
856 4545 989 4598 servi
1005 4545 1122 4614 ejus
1153 4544 1207 4598 in
1229 4545 1358 4610 vias,
1389 4556 1825 4617 congregaverant
1846 4563 2042 4612 omnes,

471 4651 599 4706 quos
619 4634 922 4688 invenerunt
947 4634 1103 4688 bonos
1120 4644 1166 4688 et
1189 4635 1378 4702 malos,
1419 4647 1470 4692 et
1516 4636 1739 4707 impletae
1781 4647 1903 4692 sunt
1944 4655 2044 4693 nu-

473 4723 595 4793 ptiae
616 4722 1068 4778 discumbentium.
1098 4724 1236 4780 Ecce
1255 4725 1370 4795 jam
1418 4727 1533 4796 ipsa
1581 4727 2046 4796 qualitateconvi-

474 4815 718 4870 vantium
740 4822 924 4885 aperte
945 4816 1264 4881 ostenditur,
1285 4817 1411 4886 quia
1434 4832 1532 4888 per
1550 4818 1648 4874 has
1671 4819 1812 4890 regis
1837 4820 2048 4889 nuptias

479 4920 717 4973 praesens
742 4905 978 4962 Ecclesia
1015 4906 1350 4978 designatur,
1390 4908 1444 4963 in
1490 4922 1602 4978 qua
1637 4922 1763 4963 cum
1801 4909 1957 4965 bonis
1998 4919 2056 4980 ct

481 4999 608 5055 mali
646 5000 984 5056 conveniunt.
1027 5001 1292 5058 Permista
1315 5003 1511 5074 quippe
1536 5010 1622 5059 est
1644 5002 1952 5060 diversitate
1993 5004 2055 5058 ll-

480 5090 674 5145 liorum
734 5107 748 5143 :
803 5090 928 5160 quia
971 5093 1050 5147 sic
1100 5108 1288 5149 omnes
1343 5094 1413 5149 ad
1470 5093 1633 5150 ﬁdem
1693 5103 1933 5165 generat,
1995 5104 2057 5150 ut

483 5189 665 5234 tamen
691 5194 880 5234 omnes
914 5195 1011 5249 per
1041 5181 1467 5238 immutationem
1494 5185 1622 5240 vitae
1650 5185 1719 5240 ad
1750 5185 2055 5240 libertatem

482 5270 738 5340 spiritalis
799 5271 985 5342 gratiae
1030 5271 1198 5343 culpis
1233 5273 1570 5346 exigentibus
1618 5289 1726 5330 non
1770 5276 2049 5346 perducat.

483 5360 775 5433 Quousque
797 5378 1030 5434 namque
1076 5364 1166 5419 hic
1205 5353 1433 5421 vivimus
1460 5381 1683 5425 necesse
1710 5375 1794 5422 est
1823 5374 1881 5421 ut
1911 5365 2056 5423 viam

485 5458 763 5525 praesentis
802 5458 982 5514 saeculi
1031 5459 1274 5528 permisti
1321 5475 1627 5530 pergamus.
1674 5461 1824 5515 Tunc
1872 5469 2057 5514 autem

489 5549 842 5606 discernimur
882 5567 1005 5607 cum
1055 5551 1413 5621 pervenimus.
1445 5552 1578 5606 Boni
1615 5554 1758 5606 enim
1787 5551 1885 5607 soli
1930 5567 2058 5606 nus-

492 5655 651 5709 quam
678 5649 802 5698 sunt
844 5642 948 5698 nisi
979 5641 1032 5698 in
1066 5641 1293 5698 inferno.
1321 5633 1454 5696 llaec
1480 5648 1660 5697 autem
1683 5643 1810 5708 vita,
1842 5656 1962 5710 qua:
1981 5641 2059 5696 in-

2070 4415 2122 4475 D

2129 3176 2469 3232 charitatem.
2499 3175 2669 3232 intrat
2691 3179 2833 3250 enim
2856 3180 2923 3234 ad
2945 3179 3178 3250 nuptias,
3207 3180 3302 3236 sed
3329 3195 3451 3236 cum
3479 3180 3697 3250 nuptiali

2129 3251 2282 3321 veste
2327 3281 2434 3321 non
2480 3267 2665 3336 intrat,
2694 3246 2785 3340 qui
2818 3269 2875 3324 in
2920 3246 3107 3326 sancta
3157 3271 3397 3327 Ecclesia
3444 3246 3702 3328 assistens

2132 3355 2293 3412 ﬁdem
2322 3356 2503 3422 habet,
2530 3359 2624 3415 sed
2655 3360 2975 3416 charitatem
3003 3377 3113 3417 non
3142 3362 3321 3417 habet.
3354 3362 3520 3418 Recte
3561 3364 3696 3418 enim

2135 3449 2373 3504 cbaritas
2415 3449 2668 3520 nuptiaiis
2694 3452 2861 3508 vestis
2886 3441 3145 3521 'vocatur,
3184 3455 3312 3524 quia
3353 3455 3496 3510 hanc
3545 3457 3597 3509 in
3643 3471 3712 3511 se

2058 3572 2062 3578 -
2135 3540 2382 3595 conditor
2413 3549 2597 3597 noster
2622 3542 2833 3609 habuit,
2856 3545 2982 3598 dum
3008 3544 3077 3606 ad
3100 3545 3367 3599 sociandm
3394 3545 3496 3599 sibi
3522 3545 3696 3600 Eccle-

2136 3631 2232 3687 siae
2265 3632 2477 3700 nuptias
2501 3633 2680 3688 venit.
2698 3632 2823 3689 Sola
2845 3635 3041 3705 quippe
3085 3635 3371 3690 dilectione
3398 3635 3495 3691 Dei
3525 3627 3697 3693 aetum

2138 3734 2244 3790 est,
2275 3733 2334 3779 ut
2357 3724 2474 3794 ejus
2503 3724 2816 3796 Unigenitus
2849 3734 3058 3781 mentes
3081 3725 3183 3780 sibi
3216 3725 3511 3781 electorum
3537 3725 3699 3780 homi-

2139 3830 2269 3869 num
2293 3815 2491 3872 uniret.
2532 3815 2683 3870 Unde
2710 3823 2766 3870 et
2796 3815 3046 3871 Christus
3074 3817 3215 3885 apud
3249 3813 3512 3870 Joannem
3539 3815 3697 3870 dicit:

2141 3905 2228 3961 Sic
2251 3905 2431 3960 dilexit
2454 3906 2593 3962 Deus
2612 3907 2749 3964 [tunc
2775 3906 3048 3974 mundum,
3079 3917 3137 3973 ut
3167 3905 3366 3967 Filium
3397 3924 3567 3966 suum
3591 3909 3700 3961 uni-

2139 3998 2368 4066 genitum
2397 3998 2545 4052 daret
2561 4015 2654 4069 pro
2677 3998 2822 4052 nobis
2849 3997 3028 4071 (Joan.
3059 3997 3163 4073 nt).
3194 3997 3293 4068 Qui
3315 4013 3451 4070 ergo
3476 4015 3574 4069 per
3593 4000 3703 4055 cba~

2142 4089 2358 4145 ritatem
2381 4091 2528 4145 venit
2552 4091 2619 4146 ad
2644 4091 2908 4156 homines,
2941 4091 3185 4146 eamdem
3207 4091 3532 4146 cbaritateiu
3563 4091 3704 4145 inno-

2142 4180 2243 4234 tuit
2275 4195 2394 4235 esse
2448 4188 2650 4240 vestem
2701 4180 3012 4251 nuptialem.
3039 4179 3225 4237 Omnis
3270 4195 3402 4252 ergo
3447 4190 3705 4246 nostrum,

2145 4272 2234 4340 qui
2265 4272 2319 4326 in
2355 4271 2591 4327 Ecclesia
2616 4273 2822 4341 positus
2864 4273 2976 4329 Deo
2999 4273 3246 4342 credidit,
3265 4273 3378 4344 jam
3407 4273 3474 4328 ad
3500 4274 3705 4342 nuptias

2148 4362 2386 4427 intravit,
2422 4363 2520 4417 sed
2541 4378 2663 4419 cum
2687 4363 2908 4434 nuptiali
2937 4373 3086 4420 veste
3118 4379 3225 4420 non
3252 4365 3418 4429 venit,
3447 4365 3494 4419 si
3529 4364 3703 4420 chari—

2153 4454 2280 4508 tatis
2318 4453 2541 4523 gratiam
2571 4468 2676 4508 non
2703 4455 2956 4510 custodit.
2989 4454 3277 4512 Sciendum
3304 4469 3437 4511 vero
3464 4464 3552 4511 est
3590 4457 3708 4527 quia

2152 4541 2291 4596 sicut
2315 4542 2367 4596 in
2390 4528 2592 4597 duobus
2610 4541 2769 4612 lignis
2792 4545 3055 4613 superiori
3096 4544 3340 4599 videlicet
3366 4553 3424 4600 et
3474 4545 3709 4600 inferiori

2154 4631 2318 4687 vestis
2357 4632 2572 4697 texitur,
2609 4633 2682 4687 ita
2711 4633 2765 4688 in
2794 4633 2998 4689 duobus
3047 4634 3328 4703 prmceptis
3353 4633 3596 4689 charitas
3621 4634 3711 4687 ha-

2152 4723 2328 4787 betur,
2353 4723 2407 4778 in
2430 4721 2714 4779 dilectione
2736 4723 2942 4780 scilicet
2967 4724 3067 4792 Dei
3082 4733 3139 4778 et
3158 4724 3444 4779 dilectione
3464 4717 3708 4792 proximi.

2154 4812 2427 4885 Scriptum
2453 4816 2646 4886 quippe
2675 4823 2757 4870 est
2783 4833 2796 4869 :
2830 4813 3026 4886 Diliges
3055 4816 3337 4870 Dominum
3373 4815 3545 4868 Deum
3570 4829 3714 4868 suum

2154 4921 2220 4960 ea:
2237 4913 2344 4960 toto
2368 4908 2521 4960 corde
2555 4915 2663 4970 tuo,
2693 4915 2742 4960 et
2765 4922 2829 4960 ea:
2850 4914 2958 4961 tota
2984 4915 3160 4967 animo
3187 4916 3300 4971 tua,
3323 4916 3372 4959 et
3391 4922 3456 4960 ea:
3480 4915 3590 4959 tota
3617 4921 3715 4959 sir-

2154 5005 2264 5050 tunc
2287 5003 2401 5060 tua,
2457 5003 2504 5049 et
2550 4993 2731 5066 diliges
2774 4995 3069 5066 proximum
3119 5003 3265 5048 tuum
3300 4995 3433 5048 sicut
3481 5006 3714 5072 tomum.

2156 5083 2273 5153 Qua
2305 5085 2360 5140 in
2389 5100 2450 5142 re
2477 5086 2769 5141 notandum
2794 5094 2898 5152 est,
2927 5086 3050 5155 quia
3079 5085 3132 5140 in
3161 5084 3447 5141 dilectione
3489 5081 3715 5155 proximi

2155 5191 2410 5234 mensura
2440 5168 2654 5246 ponitur
2680 5177 2900 5244 amoris,
2937 5192 3060 5232 cum
3094 5176 3297 5232 dicitur
3324 5194 3337 5230 :
3377 5175 3573 5247 Diliges
3597 5191 3716 5246 pro-

2158 5254 2525 5325 xt'mum'tuum
2552 5269 2683 5323 sicut
2711 5271 2926 5339 teipsum
2961 5267 3175 5339 (Matth.
3207 5267 3365 5338 xxii).
3401 5267 3495 5322 Dei
3545 5275 3718 5322 autem

2160 5359 2376 5416 dilectio
2407 5357 2549 5414 nulla
2575 5373 2824 5417 mensura
2847 5359 3230 5431 constringitur
3269 5374 3284 5413 :
3324 5357 3520 5430 Diliges
3546 5358 3721 5411 Domi-

2163 5473 2286 5509 num
2305 5455 2472 5510 Deum
2503 5465 2647 5509 tuum
2669 5473 2733 5511 ea:
2766 5466 2872 5510 toto
2894 5457 3048 5511 corde
3070 5467 3182 5519 tuo,
3227 5465 3276 5510 et
3305 5471 3370 5509 ea:
3397 5465 3506 5508 tota
3550 5451 3720 5506 animo

2162 5556 2272 5610 tua,
2297 5559 2342 5602 et
2369 5565 2430 5601 ex
2459 5557 2566 5602 tota
2590 5549 2774 5602 virtute
2801 5557 2910 5602 tua.
2946 5547 3062 5603 Non
3089 5553 3232 5602 enim
3254 5549 3474 5618 iubetur
3500 5545 3720 5615 quisque

2164 5647 2417 5706 quantum
2441 5639 2641 5708 diligat,
2668 5639 2761 5696 sed
2787 5656 2852 5694 ex
2873 5649 3095 5708 quanto,
3125 5655 3247 5696 cum
3273 5639 3486 5704 dicitur,
3515 5651 3579 5689 cr
3597 5644 3717 5696 toto,
