3922 6368
456 270 474 321 l
487 270 590 325 059

1100 269 1160 326 ll.
1200 269 1450 327 RABANI
1488 267 1704 325 MAURI
1740 230 2054 321 ARClllEl’.
2097 262 2402 321 MOGUNT.
2441 262 2721 318 OPERUJJ
2760 263 2936 321 PARS
2975 267 3013 320 l.

3556 265 3703 319 i080

450 385 677 438 rantiam
724 398 873 447 esse,
918 396 972 439 et
1011 399 1116 439 non
1162 388 1616 457 dispensationem
1642 424 1656 448 ,
1698 382 1907 436 discant
1934 394 2001 432 cx
2032 382 2081 439 Α
2178 376 2245 431 In
2287 377 2658 431 resurrectione
2696 393 2816 446 ergo
2859 379 3009 446 cujus
3046 381 3142 433 erit
3178 381 3242 433 de
3276 390 3470 449 septem
3512 381 3701 443 uagi"!

447 475 696 542 pnesenti
726 474 841 529 loco
863 516 875 538 ,
907 476 1049 543 quod
1079 476 1263 545 utique
1290 478 1523 547 potuerit
1546 475 1686 530 scire
1718 470 1874 526 Jesus
1911 484 1999 523 cu-

445 564 527 632 ius
558 565 733 633 imago
759 574 902 619 esset
923 566 975 619 in
1000 581 1240 629 nummo,
1265 566 1356 619 sed
1378 566 1696 634 interrogat,
1719 568 1785 615 ut
1803 560 1872 615 ad
1895 573 1996 614 ser-

443 669 653 707 monem
685 670 871 708 eorum
899 664 1264 724 competenter
1290 653 1628 722 respondeat.

510 745 702 799 Dicunt
748 748 795 800 ei
821 788 834 811 ,
878 745 1119 800 Cwsaris.
1166 745 1309 797 Tunc
1339 745 1413 797 ait
1458 743 1600 798 illis:
1626 744 1847 799 Reddite
1882 757 2004 812 ergo

438 853 555 902 qua!
579 846 696 889 sunt
727 834 970 899 Ca'saris,
994 834 1193 888 Ctesari
1217 848 1234 885 :
1264 845 1311 888 et
1332 850 1447 904 qua:
1465 844 1585 888 sunt
1606 835 1723 899 Dei,
1747 834 1875 887 Deo.
1906 832 2005 887 Hic

442 928 706 980 Caesarem
736 940 839 979 non
870 934 1117 995 putemus
1145 925 1440 995 Augustum
1462 964 1476 989 ,
1506 926 1600 979 sed
1632 924 1903 979 Tiberium
1933 922 2011 976 si-

437 1018 715 1086 gniﬁcari,
757 1018 1060 1089 privignum
1092 1015 1237 1084 ejus,
1266 1016 1355 1084 qui
1405 1016 1460 1068 in
1508 1015 1626 1069 loco
1672 1019 2006 1069 successerat

434 1109 632 1171 vitrici,
663 1109 762 1162 sub
784 1124 887 1177 quo
912 1118 965 1162 et
990 1124 1180 1177 passus
1205 1117 1288 1160 est
1311 1106 1585 1160 Dominus.
1606 1104 1803 1159 Omnes
1824 1111 2003 1157 autem

436 1214 591 1269 reges
622 1198 845 1252 Romani
874 1213 904 1250 a
932 1197 1104 1266 primo
1124 1195 1184 1249 C.
1206 1194 1437 1258 Caesare,
1460 1193 1547 1262 qui
1570 1192 1851 1261 imperium
1874 1190 2006 1243 arri-

366 1300 369 1303 ‘
434 1297 646 1354 puerat,
668 1288 905 1341 Cmsares
928 1285 1175 1354 appellati
1201 1290 1347 1340 sunt:
1367 1283 1558 1347 Porro,
1580 1281 1721 1350 quod
1745 1281 1841 1344 ait,
1870 1278 2005 1332 Red-

432 1379 538 1429 dite
577 1393 692 1445 quae
734 1387 855 1430 sunt
903 1374 1151 1439 Caesaris,
1202 1373 1418 1437 Ca'sari,
1466 1372 1519 1426 id
1559 1378 1662 1435 est,
1700 1384 2000 1433 nummum,

433 1465 713 1528 tributum,
737 1472 795 1516 et
821 1463 1120 1532 pecuniam.
1151 1462 1218 1514 Et
1246 1478 1361 1532 qua:
1382 1470 1502 1514 sunt
1530 1460 1656 1525 Dei,
1684 1459 1823 1523 Deo,
1852 1457 1999 1512 deci-

431 1568 547 1606 mas
584 1560 639 1606 et
682 1552 966 1621 primitias,
996 1560 1050 1605 et
1076 1551 1373 1604 oblationes
1392 1589 1406 1613 ,
1438 1563 1503 1603 ac
1523 1549 1769 1603 victimas
1798 1546 2000 1601 sentia-

430 1657 569 1706 mus,
596 1643 864 1712 quomodo
882 1650 936 1696 et
959 1643 1072 1711 ipse
1098 1640 1270 1694 reddit
1302 1641 1501 1695 tributa
1515 1654 1615 1709 pro
1637 1655 1715 1703 se,
1732 1648 1786 1693 ct
1806 1637 1996 1703 Petro;

430 1739 485 1783 et
512 1731 623 1784 Deo
646 1731 837 1793 reddit,
863 1746 983 1799 qure
1010 1728 1104 1782 Dei
1134 1737 1287 1793 sunt,
1316 1727 1517 1783 faciens
1542 1726 1720 1781 Patris
1749 1727 1995 1780 volunta—
2026 1724 2072 1783 Β

429 1827 557 1873 lem.
616 1818 785 1873 Aliter
811 1818 1077 1872 :‘Reddite
1116 1834 1231 1889 qua:
1270 1816 1493 1873 Ca’saris
1527 1826 1646 1871 sunt
1685 1816 1910 1881 Caesari,
1950 1823 1999 1869 et

428 1928 544 1980 qua:
578 1910 670 1964 Dei
697 1919 815 1964 sunt
856 1910 986 1963 Deo.
1018 1910 1200 1988 (Δίῳ.)
1247 1908 1704 1977 Quemadmodum
1744 1905 1923 1961 Caesar
1965 1921 1999 1961 a

426 2000 578 2055 vobis
606 2000 772 2071 exigit
797 1999 1202 2069 impressionem
1224 1998 1475 2067 imaginis
1497 2012 1637 2061 suae,
1652 1995 1731 2051 sic
1752 2005 1806 2050 et
1831 1996 1993 2061 Deus,

424 2095 485 2140 ut
515 2076 967 2156 quemadmodum
997 2086 1072 2155 illi
1099 2085 1340 2141 redditur
1360 2098 1627 2149 nummus,
1652 2084 1730 2139 sie
1750 2083 1862 2137 Deo
1881 2083 1999 2138 ani-

429 2190 515 2229 ma
544 2175 743 2230 lumine
764 2174 941 2229 vultus
967 2174 1081 2243 ejus
1112 2174 1378 2229 illustrata
1412 2181 1576 2242 atque
1593 2173 1821 2243 signata.
1846 2171 1997 2229 Unde

426 2266 711 2321 Psalmista
731 2286 743 2319 :
765 2265 1036 2336 Signatum
1060 2275 1159 2331 est,
1182 2265 1374 2335 inquit,
1393 2264 1448 2317 in
1474 2262 1619 2317 nobis
1639 2262 1810 2317 lumen
1827 2261 1997 2317 cultus

424 2358 532 2419 tui,
562 2350 782 2409 Domine
803 2356 973 2427 (Psat.
1006 2355 1098 2426 ιν).
1126 2355 1239 2409 Hoc
1266 2368 1477 2424 quoque
1504 2352 1795 2421 lumen,est
1827 2360 1995 2406 totum

426 2445 660 2501 heminis
683 2453 737 2499 et
760 2460 943 2499 verum
970 2446 1169 2499 bonum
1190 2445 1331 2513 quod
1354 2458 1460 2498 non
1486 2442 1791 2506 oculis,‘sed
1814 2450 1993 2496 mente

422 2537 770 2605 conspicitur.
802 2534 1084 2604 Signatum
1106 2543 1287 2611 autem
1314 2536 1447 2590 dixit
1472 2534 1523 2589 in
1542 2534 1717 2599 nobis,
1736 2541 1991 2602 tanquam

420 2627 673 2681 denarius
696 2628 939 2698 signatur
971 2626 1111 2698 regis
1147 2627 1398 2698 imagine.
1431 2625 1601 2681 Homo
1626 2626 1773 2680 enim
1810 2624 1991 2680 factus

420 2724 504 2770 est
532 2716 598 2769 ad
628 2716 913 2786 imaginem
949 2724 1005 2769 et
1050 2715 1454 2770 similitudinem
1494 2714 1620 2781 Dei,
1660 2730 1823 2785 quam
1868 2727 1993 2784 pec-

418 2804 592 2859 cando
635 2804 898 2873 corrupit.
937 2803 1139 2858 Bonum
1181 2820 1310 2875 ergo
1339 2804 1452 2873 ejus
1495 2814 1577 2860 est
1614 2820 1801 2860 verum
1829 2814 1993 2875 atque

419 2902 700 2958 aeternum,
730 2894 775 2949 si
798 2895 1133 2949 renascendo
1162 2895 1419 2966 signetur.
1668 2944 1673 2949 .

494 2984 560 3038 Et
584 2986 879 3051 audientes,
902 2987 1079 3039 mirati
1110 2995 1251 3041 sunt.
1290 2986 1391 3053 Qui
1432 2986 1653 3043 credere
1690 2986 1989 3043 debuerant

2105 487 2280 524 manes
2301 472 2437 537 enim
2459 469 2746 523 habuerunt
2774 484 2887 521 eam
2940 469 3121 539 (Ihm)
3152 470 3572 541 Turpitudinem
3611 471 3699 522 fa-

2105 558 2244 614 bula:
2271 567 2576 629 opponunt,
2618 565 2678 612 ut
2719 560 3137 613 resurrectionis
3173 560 3439 632 denegent
3471 558 3686 613 .verita-

2105 658 2232 706 tem.
2267 652 2463 707 Verum
2495 649 2720 721 mystice
2743 657 2944 718 septem
2984 648 3038 703 hi
3069 649 3267 706 fratres
3295 652 3413 706 sine
3438 651 3580 706 [iliis
3607 651 3696 706 de-
3754 714 3759 717 γ

2105 738 2273 795 functi
2298 739 2540 808 reprobis
2568 738 2865 808 quibusque
2898 747 3219 808 congruunt,
3244 741 3335 807 qui
3374 756 3473 809 per
3514 748 3694 795 totam

2106 829 2261 899 hujus
2305 830 2486 885 saeculi
2514 830 2710 894 vitam,
2739 844 2857 900 qua:
2897 838 3102 900 septem
3140 829 3329 885 diebus
3357 833 3626 896 volvitur,
3660 846 3691 885 a

2105 919 2264 975 bonis
2290 921 2542 990 operibus
2571 908 2781 976 steriles
2811 921 3069 975 existunt.
3108 920 3313 988 Quibus
3346 925 3558 979 viritim
3586 924 3693 979 mi-

2104 1023 2222 1063 sera
2246 1019 2420 1065 morte
2444 1010 2745 1081 prtereptis,
2778 1010 2844 1064 ad
2872 1009 3119 1064 ultimum
3164 1018 3219 1064 et
3263 1010 3375 1079 ipsa
3404 1014 3687 1067 mundana

2102 1100 2439 1154 conversatio
2480 1114 2641 1168 quam
2684 1099 2759 1152 illi
2804 1100 3008 1169 absque
3051 1097 3227 1153 fructu
3271 1100 3447 1154 vitalis
3490 1102 3686 1175 pperis

2103 1198 2413 1259 exegerant,
2436 1190 2587 1257 quasi
2615 1204 2749 1243 uxor
2772 1188 3055 1243 infecunda
3085 1189 3354 1243 transibit.

2174 1275 2509 1348 Respondens
2530 1289 2701 1332 autent
2720 1277 2756 1330 Ι
2760 1295 2900 1344 esus,
2922 1266 2995 1331 ait
3023 1278 3161 1331 illis:
3189 1277 3419 1341 Erratis,
3442 1282 3684 1335 nescien-

2102 1376 2177 1421 tes
2192 1364 2489 1437 Scripturas
2500 1409 2512 1432 ,
2528 1385 2688 1438 neque
2701 1370 2935 1422 virtutem
2952 1367 3067 1421 Dei.
3086 1366 3353 1438 (Hieron.)
3377 1366 3679 1436 Propterea

2103 1466 2308 1524 errant,
2334 1458 2458 1528 quia
2489 1455 2796 1526 Scripturas
2821 1458 3096 1523 nesciunt,
3125 1465 3179 1511 et
3206 1458 3330 1525 quia
3363 1456 3681 1527 Scripturas

2101 1547 2351 1617 ignorant
2368 1553 2761 1615 consequenter
2782 1547 3031 1600 nesciunt
3056 1547 3307 1600 virtutem
3328 1547 3444 1610 Dei,
3472 1548 3581 1601 hoc
3595 1555 3679 1601 est

2070 1696 2075 1703 ,
2100 1636 2397 1701 Christum,
2419 1636 2512 1706 qui
2536 1649 2620 1690 est
2646 1634 2736 1689 Dei
2761 1636 2952 1700 virtus,
2983 1646 3037 1689 et
3064 1637 3157 1691 Dei
3184 1636 3465 1707 sapientia.

2174 1725 2241 1780 In
2265 1727 2639 1781 resurrectione
2663 1728 2800 1780 enim
2837 1743 2999 1797 neque
3041 1727 3249 1792 nubent,
3281 1744 3444 1799 neque
3467 1728 3702 1791 nubem,

2100 1824 2205 1869 tur.
2238 1814 2429 1870 Latina
2458 1816 2789 1871 consuetudo
2813 1814 3002 1871 Grazco
3032 1816 3271 1872 idiomati
3305 1833 3411 1871 non
3442 1833 3670 1887 respono

2100 1905 2209 1960 det.
2237 1904 2451 1961 Nubere
2478 1906 2623 1960 enim
2657 1906 2873 1977 proprie
2907 1906 3159 1961 dicuntur
3184 1907 3453 1972 mulieres,
3485 1917 3541 1961 et
3571 1907 3674 1961 viri

2098 2007 2297 2049 uxores
2323 1994 2538 2049 ducere.
2566 1993 2670 2049 Sed
2700 2010 2796 2049 nos
2827 1996 3145 2066 simpliciter
3172 1997 3374 2051 dictum
3398 1998 3670 2068 intelliga-

2099 2100 2235 2149 mus,
2267 2085 2409 2155 quod
2433 2086 2637 2141 nubere
2665 2086 2732 2141 de
2763 2086 2911 2151 viris,
2939 2095 2994 2141 et
3019 2086 3144 2141 nubi
3170 2087 3235 2141 de
3258 2086 3519 2141 uxoribus
3542 2088 3673 2141 scri-

2096 2182 2248 2244 ptum
2276 2175 2367 2230 sit.
2396 2173 2454 2228 Si
2488 2174 2541 2229 in
2582 2176 2976 2231 resurrectione
3007 2191 3112 2231 non
3136 2178 3340 2231 nubent
3366 2192 3540 2245 neque
3566 2192 3669 2230 nn-

2097 2267 2316 2331 bentur,
2346 2273 2629 2335 resurgent
2653 2280 2782 2333 ergo
2804 2254 3028 2335 corpora
3052 2282 3171 2336 quae
3200 2275 3426 2336 possunt
3464 2267 3668 2320 nubere

2095 2362 2150 2408 ct
2181 2355 2331 2408 nubi.
2363 2352 2531 2409 Nemo
2572 2354 2769 2423 quippe
2808 2355 2955 2408 dicit
2984 2355 3051 2409 de
3083 2355 3257 2424 lapide
3282 2364 3335 2407 et
3356 2355 3586 2417 arbore,
3614 2364 3666 2408 et

2095 2444 2180 2498 his
2206 2443 2389 2509 rebus,
2412 2460 2531 2513 quae
2566 2460 2671 2498 non
2703 2444 2903 2499 habent
2935 2446 3175 2499 membra
3206 2442 3486 2514 genitalia,
3523 2443 3665 2512 quod

2094 2548 2202 2590 non
2246 2533 2485 2598 nubant,
2516 2547 2689 2603 neque
2727 2531 3017 2598 nubantur,
3055 2534 3149 2587 sed
3184 2533 3249 2586 de
3288 2532 3369 2585 his
3395 2532 3508 2600 qui,
3542 2547 3662 2585 cum

2091 2624 2299 2699 possint
2326 2626 2549 2691 nubere,
2576 2634 2754 2679 tamen
2784 2623 2893 2683 alia
2912 2624 3119 2677 ratione
3139 2639 3242 2678 non
3267 2622 3492 2676 nubunt.
3512 2621 3663 2688 Quod

2092 2725 2275 2771 autem
2305 2715 2558 2782 infertur,

2164 2804 2267 2860 Sed
2298 2815 2417 2859 sunt
2441 2807 2573 2858 sicut
2596 2804 2766 2875 angeli
2795 2798 2889 2859 Dei
2917 2806 2972 2857 in
3008 2804 3132 2858 caelo
3170 2805 3375 2876 (llam),
3403 2803 3659 2874 spiritalis

2093 2898 2489 2969 repromittitur
2508 2896 2865 2951 conversatio.
2900 2896 3035 2951 Sunt
3060 2898 3203 2950 enim
3238 2898 3376 2951 sicut
3402 2895 3575 2966 angeli
3609 2896 3659 2948 in

2092 2988 2266 3051 caalis,
2288 2988 2379 3055 qui
2404 2986 2571 3057 gloria
2598 2987 3015 3041 resurrectionis
3044 2988 3301 3050 innovati,
3329 2989 3533 3057 absque
3555 2987 3658 3041 ullo

423 3075 493 3130 ad
524 3083 725 3128 tantam
772 3076 1085 3146 sapientiam
1131 3077 1313 3130 mirati
1356 3084 1511 3140 sunt,
1546 3078 1688 3146 quod
1721 3078 1982 3133 calliditas
2008 3082 2054 3147 ο
2084 3077 2275 3132 mortis
2299 3085 2443 3130 metu
2462 3115 2476 3140 ,
2509 3076 2709 3146 absque
2733 3074 2835 3133 ulla
2882 3074 3001 3129 labe
3031 3077 3393 3145 corruptionis
3416 3116 3431 3139 ,
3456 3077 3659 3144 absque

418 3184 604 3224 eorum
633 3168 919 3224 insidiandi
949 3183 1053 3222 non
1082 3168 1373 3222 invenisset
1403 3167 1598 3222 locum.
1803 3238 1811 3247 ι

488 3257 580 3322 Et,
612 3256 787 3311 relicto
820 3273 902 3321 eo,
933 3258 1191 3333 abierunt.
1218 3256 1589 3313 lnildelitatem
1628 3258 1829 3315 nariter
1857 3274 1979 3314 cum

417 3346 679 3400 miraculo
710 3354 1067 3416 reportantes.
1110 3418 1123 3426 .
2002 3348 2011 3356 ’

491 3436 622 3507 [ιιι]
663 3436 729 3489 1η
758 3436 852 3490 illa
880 3437 962 3490 die
990 3448 1315 3493 accesserunt
1358 3440 1427 3493 ad
1465 3439 1614 3494 illum
1662 3439 1975 3507 Sadductei,

417 3527 504 3596 qui
532 3528 709 3579 dicunt
733 3542 835 3581 non
863 3542 971 3591 esse
1002 3530 1445 3583 resurrectionem.
1473 3529 1605 3585 Duae
1631 3538 1783 3584 erant
1810 3531 1981 3584 luere-

415 3630 503 3671 ses
533 3617 589 3670 in
614 3616 845 3683 Judzcis,
877 3632 981 3671 una
1031 3617 1427 3673 Pharisaeorum
1466 3629 1521 3674 et
1562 3620 1731 3675 altera
1773 3618 1980 3674 Saddu—

417 3722 668 3762 eteorum.
713 3707 972 3763 Pharis'ci
1019 3710 1365 3764 traditionum
1401 3718 1456 3768 et
1500 3712 1975 3776 Observationum,

423 3814 557 3869 quas
582 3800 654 3853 illi
684 3808 878 3854 vocant
909 3800 1218 3856 Dcuterosis
1238 3842 1252 3867 ,
1286 3803 1551 3873 justitiam
1592 3804 1978 3874 praeferebant,

418 3889 558 3944 unde
593 3898 649 3942 et
690 3890 841 3943 divisi
877 3891 1207 3945 vocabantur
1248 3908 1276 3945 a
1314 3892 1523 3963 populo.
1570 3892 1845 3960 Sadducaai
1887 3908 1982 3948 au-

421 3988 547 4044 tem,
582 3981 671 4048 qui
716 3981 1204 4051 interpretabantur
1231 3982 1403 4052 justi,
1436 3988 1489 4039 et
1514 3984 1613 4053 ipsi
1638 3966 1979 4039 vindicabant

420 4070 519 4123 sibi
550 4070 689 4138 quod
718 4086 823 4124 non
852 4080 1021 4125 erant.
1044 4071 1318 4127 Prioribus
1347 4080 1401 4125 et
1429 4074 1670 4143 corporis
1702 4083 1757 4129 et
1786 4076 1979 4130 animae

416 4159 863 4212 resurrectionem
909 4160 1278 4227 credentibus,
1304 4162 1786 4235 conﬁtentibusque
1816 4180 1977 4235 ange-

421 4249 499 4303 los
519 4289 532 4313 ,
562 4258 615 4302 et
641 4250 887 4319 spiritus;
918 4262 1199 4321 sequentes
1231 4254 1381 4323 juxta
1420 4254 1551 4308 Acta
1580 4256 1974 4325 apostolorum,

419 4339 597 4391 omnia
627 4339 971 4408 denegabant.
996 4341 1115 4396 Istae
1152 4336 1274 4396 sunt
1303 4343 1421 4397 duze
1458 4345 1665 4411 domus,
1691 4346 1756 4400 de
1781 4347 1975 4415 quibus

417 4426 582 4479 Isaias
612 4429 944 4483 manifestius
974 4430 1143 4484 docet.
1229 4432 1241 4444 ‘

493 4515 555 4567 Et
584 4516 1020 4585 interrogaverunt
1038 4536 1175 4585 eum,
1198 4521 1455 4576 dicentes:
1477 4523 1747 4593 Magister,
1770 4524 1974 4594 Moyses

424 4607 591 4657 'tirit:
628 4605 687 4659 Si
713 4608 826 4675 quis
850 4619 1083 4661 mortuus
1109 4610 1262 4677 fuerit
1310 4630 1411 4666 non
1453 4614 1644 4667 habens
1684 4614 1881 4683 ﬁlium,
1916 4626 1973 4669 ut

420 4698 573 4747 ducat
595 4696 759 4763 frater
786 4697 900 4764 ejus
924 4714 1135 4750 uxorem
1165 4699 1325 4765 illius,
1356 4712 1401 4754 et
1426 4705 1632 4757 suscitet
1654 4721 1825 4758 semen
1856 4706 1969 4773 fra—

418 4786 484 4837 tri
507 4801 619 4838 suo.
652 4784 818 4837 Erant
841 4795 1011 4839 autem
1038 4788 1175 4856 apud
1202 4807 1290 4843 nos
1314 4802 1500 4861 septem
1529 4794 1749 4861 fratres,
1790 4804 1838 4847 et
1868 4797 1978 4864 pri-

2083 3166 2191 3221 ullo
2220 3166 2415 3221 terreni
2445 3174 2619 3219 status
2639 3171 3082 3237 actuaperpctua
3110 3164 3201 3219 Dei
3238 3166 3443 3220 visione
3468 3165 3653 3221 fruun-

2080 3262 2186 3311 tur.
2217 3256 2299 3310 Ad
2329 3269 2490 3324 quam
2516 3268 2736 3309 necesse
2756 3262 2839 3308 est
2866 3254 3120 3326 angelicae
3140 3256 3417 3326 dignitatis
3442 3257 3653 3327 :eqnali-

2079 3356 2244 3402 tatem
2289 3346 2534 3416 quisquis
2561 3345 2852 3401 ascendere
2890 3346 3188 3410 desiderat,
3228 3362 3371 3401 nunc
3408 3348 3653 3402 minimus

2078 3438 2337 3495 fratribus
2380 3439 2465 3509 pie
2507 3438 2714 3509 agendo
2742 3438 3151 3493 con‘dcscendat.
3180 3438 3247 3491 Et
3292 3439 3409 3493 haec
3442 3440 3654 3509 quidem

2078 3530 2551 3587 condescendendo
2579 3530 2643 3585 de
2679 3530 3086 3586 resurrectionis
3108 3531 3505 3585 conditionibus
3530 3546 3649 3600 pro-

2078 3624 2265 3694 positas
2290 3622 2520 3677 reddidit
2541 3622 2841 3691 quazstioni.
2864 3623 2936 3676 De
2966 3623 3080 3692 ipsa
3104 3637 3233 3676 vero
3262 3622 3652 3677 resurrectione

2078 3714 2364 3769 adversum
2392 3711 2761 3766 infidelitatem
2786 3726 2971 3767 eorum
3001 3712 3070 3766 ita
3098 3712 3305 3766 locutus
3328 3722 3411 3767 est
3439 3731 3452 3765 :

2150 3802 2227 3856 De
2274 3801 2650 3856 resurrectione
2694 3810 2866 3873 autem
2908 3811 3230 3855 mortuorum
3272 3818 3375 3855 non
3423 3801 3645 3871 legistis,

2076 3892 2215 3962 quod
2236 3892 2433 3945 dictum
2458 3900 2533 3945 est
2556 3890 2694 3945 vobis
2723 3907 2755 3943 α
2796 3889 2905 3944 Deo
2946 3891 3182 3945 dicente:
3214 3890 3327 3960 Ego
3361 3908 3478 3943 sum
3512 3891 3645 3946 Deus

2077 3983 2361 4047 Abraham,
2384 3991 2431 4037 et
2462 3982 2603 4036 Deus
2626 3981 2799 4048 Isaac,
2822 3991 2869 4036 et
2892 3982 3033 4036 Deus
3062 3980 3248 4036 Iacob.
3292 3983 3375 4037 Ad
3404 3999 3644 4053 compro—

2078 4074 2307 4133 haudam
2343 4072 2757 4128 resurrectionis
2793 4073 3077 4138 veritatem
3117 4072 3285 4126 multo
3327 4060 3449 4127 aliis
3480 4073 3643 4126 mani-

2078 4162 2388 4219 festioribus
2409 4162 2671 4231 exemplis
2698 4161 2776 4214 uti
2802 4163 2995 4230 potuit.
3015 4161 3056 4213 E
3078 4161 3271 4229 quibus
3292 4170 3376 4216 est
3403 4170 3456 4215 et
3479 4162 3600 4215 illud
3624 4179 3636 4215 :

2078 4252 2147 4306 Et
2180 4252 2571 4306 suscitabuntur
2594 4251 2804 4315 mortui,
2832 4260 2878 4303 et
2902 4260 3165 4319 resurgent
3200 4250 3285 4319 qui
3310 4252 3363 4302 in
3392 4252 3637 4320 sepulcris

2077 4353 2196 4397 sunt
2242 4342 2423 4413 (Joan.
2457 4340 2532 4411 v).
2569 4340 2635 4394 Et
2660 4339 2713 4393 in
2747 4339 2849 4394 alio
2891 4338 3008 4393 loco
3038 4358 3049 4392 :
3082 4338 3236 4392 Multi
3275 4340 3636 4391 dormientium

1999 4422 2052 4482 Ι)
2078 4432 2141 4485 de
2162 4442 2315 4484 terra,
2336 4429 2541 4501 pulvere
2569 4437 2895 4497 consurgent,
2922 4428 3015 4482 alii
3041 4430 3094 4481 in
3122 4430 3278 4482 vitam
3306 4468 3320 4491 ,
3365 4438 3414 4481 et
3454 4429 3544 4481 alii
3583 4430 3632 4481 in

2080 4521 2407 4590 approbrium
2429 4528 2477 4572 et
2503 4518 2853 4586 confusionem
2881 4528 3147 4587 teternam.
3174 4518 3441 4583 Qumritur
3462 4521 3633 4589 itaque

2079 4610 2205 4680 quid
2232 4608 2338 4663 sibi
2361 4606 2587 4661 voluerit
2609 4606 2865 4661 Dominus
2885 4606 2986 4661 hoc
3013 4605 3253 4676 proferre
3276 4609 3630 4663 testimonium

2078 4698 2217 4768 quod
2260 4697 2467 4750 videtur
2496 4694 2832 4765 ambiguum,
2875 4694 2958 4748 vel
2995 4711 3099 4748 non
3140 4696 3269 4749 satis
3295 4696 3363 4749 ad
3402 4711 3628 4750 resurre-

2071 4791 2261 4847 ctionis
2282 4789 2511 4858 pertinet
2531 4788 2829 4842 veritatem.
2855 4785 3027 4855 Supra
3056 4788 3289 4842 diximus
3316 4788 3626 4845 Sadduczcos

420 4890 530 4926 mus
560 4890 715 4925 uxore
748 4874 903 4926 ducta
932 4874 1206 4943 defunctus
1241 4889 1337 4943 est,
1365 4890 1410 4932 et
1439 4897 1541 4934 non
1571 4881 1762 4936 habens
1806 4900 1977 4938 semen
2069 4878 2432 4948 necangelos.
2465 4892 2564 4931 nec
2593 4878 2865 4947 spiritum.
2910 4892 3009 4932 nec
3037 4880 3481 4932 resurrectionem
3511 4896 3625 4934 cor-

420 4962 623 5029 reliquit
658 4979 867 5014 uxorem
898 4982 1043 5017 suam
1085 4966 1239 5034 fratri
1266 4986 1378 5023 suo.
1414 4968 1975 5041 Similiter-secundus,

422 5061 465 5101 et
496 5050 675 5101 tertius
708 5066 867 5118 usque
896 5053 961 5103 ad
1002 5056 1289 5120 septimum.
1335 5057 1622 5114 Novissime
1661 5073 1829 5116 autem
1860 5080 1969 5116 om-

418 5140 559 5190 nium
595 5148 638 5190 et
672 5139 855 5191 mulier
880 5140 1120 5207 defuncta
1141 5153 1234 5197 est.
1261 5145 1360 5212 Qui
1388 5151 1825 5204 resurrectionem
1844 5167 1967 5206 cor-

420 5245 606 5297 porum
657 5245 760 5283 non
807 5232 1095 5286 credebant
1148 5237 1352 5291 animas
1393 5240 1695 5307 iudicantes
1746 5243 1966 5298 interire

418 5336 538 5373 cum
583 5324 893 5390 corporibus
928 5336 1070 5379 recte
1115 5326 1409 5383 istiusmodi
1458 5332 1661 5400 lingunt
1696 5331 1962 5401 fabulam,

418 5428 535 5480 qua:
565 5414 896 5468 dcliramenti
927 5426 1111 5485 arguat
1138 5433 1261 5481 eos,
1289 5423 1376 5486 qui
1412 5425 1853 5477 resurrectionem
1885 5439 1967 5478 as-

417 5513 599 5555 serunt
623 5520 922 5573 corporum.
952 5507 1131 5562 l’otest
1162 5519 1338 5563 autem
1370 5511 1482 5565 fieri
1504 5522 1560 5565 ut
1587 5526 1709 5569 vere
1739 5514 1789 5567 in
1811 5522 1966 5584 gente

415 5610 595 5648 eorum
632 5596 729 5651 hoc
763 5598 1034 5653 acciderit.

2069 4986 2256 5041 porum
2287 4970 2622 5031 conﬁtentes,
2653 4970 2948 5022 animarum
2970 4985 3183 5039 quoque
3206 4970 3475 5024 interitum
3501 4988 3619 5040 pne-

2075 5062 2298 5115 dicasse.
2337 5058 2401 5111 Hi
2438 5060 2671 5127 quinque
2720 5066 2923 5111 tantum
2969 5059 3131 5113 libros
3171 5060 3368 5131 Moysis
3410 5063 3621 5131 recipie-

2074 5153 2233 5216 bant,
2275 5152 2654 5221 prophetarum
2706 5151 2956 5204 vaticinia
3014 5161 3346 5221 respuenles.
3400 5152 3616 5206 Stultum

2072 5259 2199 5313 ergo
2227 5252 2340 5297 erat
2371 5240 2491 5295 inde
2512 5242 2751 5311 proferre
2777 5241 3076 5304 testimonia
3094 5283 3107 5303 ,
3134 5259 3362 5312 quantm
3401 5243 3618 5295 auctori-

2074 5344 2234 5390 tatem
2268 5352 2370 5390 non
2415 5336 2796 5403 sequebantur.
2828 5334 2993 5387 Porro
3034 5335 3099 5387 ad
3133 5336 3485 5389 aztcrnitatem
3516 5335 3617 5387 ani-

2073 5442 2275 5479 marum
2307 5426 2632 5495 probandam
2666 5426 2813 5494 ponit
2840 5427 3157 5493 exemplum.
3191 5426 3301 5495 Ego
3346 5443 3458 5479 sum
3496 5426 3617 5483 Degis

2072 5517 2329 5568 Abraham
2398 5528 2443 5571 ct
2476 5518 2610 5571 Deus
2650 5516 2833 5581 Isaac,
2867 5527 2910 5570 ct
2946 5517 3079 5569 Deus
3118 5517 3310 5581 Jm‘olv,
3345 5519 3618 5584 statimque

2071 5604 2226 5658 infert
2249 5623 2262 5660 :
