3922 6354
192 344 318 398 1061

1153 336 1504 398 conamur.
1545 335 1609 390 IN
1651 309 2086 393 narrassent.
2125 364 2197 377 —
2234 336 2362 392 LIB.
2402 337 2486 393 vr.

3278 342 3415 396 ιοσε

257 458 380 511 Non
416 465 489 511 est
524 456 660 509 Deus
691 465 1008 509 mortuorum
1028 495 1042 519 ,
1071 457 1160 509 sed
1196 454 1488 508 viventium.
1521 451 1588 504 Et
1627 466 1748 504 cum
1778 457 1825 522 Α
1853 461 2072 521 rogatus
2091 459 2278 512 nosset
2300 452 2352 505 id
2374 450 2518 521 quod
2533 449 2988 521 interrogabatur,
3003 453 3229 522 quodsit
3245 440 3417 528 majus

181 549 497 618 probaverit
523 547 732 600 animas
772 560 1089 616 permanere
1131 553 1251 615 post
1282 552 1510 597 mortem
1558 541 1753 612 (neque

177 639 327 692 enim
360 645 571 708 poterat
598 638 734 704 ﬁeri,
765 647 824 691 ut
847 653 1033 693 eorum
1066 645 1208 691 esset
1237 637 1397 698 Deus,
1429 634 1519 703 qui
1550 648 1751 703 nequa-

179 743 344 796 quam
377 727 778 801 subsisterent),
805 735 1197 796 consequenter
1244 723 1675 778 introduceretur
1699 734 1756 778 et

179 832 470 886 COI'pOI'UIII
501 819 843 882 resurrectio,
875 802 992 886 qua:
1023 830 1144 869 cum
1174 813 1458 868 animabus
1486 813 1625 867 bona
1649 827 1758 866 ma-

177 905 300 959 lave
326 894 631 975 gesserunt.
650 906 801 960 Hunc
827 906 1001 961 loeum
1023 903 1234 973 plenius
1261 903 1316 956 in
1335 895 1581 957 extrema
1601 910 1755 972 parte

177 999 369 1066 prima:
392 999 640 1070 Epistolze
668 1000 736 1054 ad
757 998 1065 1054 Corinthios
1079 995 1276 1050 Paulus
1302 995 1581 1065 apostolus
1600 1010 1755 1051 exse-

180 1088 369 1154 quitur
397 1087 450 1159 (1
475 1088 595 1142 Cor.
627 1088 739 1153 xv).

254 1176 322 1228 Et
356 1177 625 1231 audientes
666 1177 831 1230 turba:
877 1177 1200 1230 mirabantur
1243 1177 1297 1229 in
1341 1174 1579 1245 doctrina
1617 1175 1749 1243 eius.

181 1266 408 1339 (ΜΑυιι.)
439 1269 616 1322 Turba
661 1276 838 1322 autem
876 1266 1101 1337 simplex
1122 1307 1137 1329 ,
1171 1273 1224 1320 et
1265 1266 1536 1320 indoctum
1567 1264 1754 1336 vulgus

177 1372 277 1426 per
310 1358 625 1421 humilitatis
654 1357 794 1410 viam
819 1357 1086 1426 gradiens,
1120 1356 1186 1413 ad
1216 1356 1539 1411 credendum
1582 1355 1756 1410 Domi-

177 1465 287 1513 no,
334 1460 391 1502 et
436 1447 695 1501 miracula
739 1446 808 1501 ab
853 1461 918 1502 eo
969 1445 1108 1501 facta
1156 1446 1401 1501 venerari
1440 1446 1750 1516 cogebatur.

177 1538 441 1592 Pharisazi
472 1545 654 1592 autem
683 1545 738 1591 et
774 1535 1001 1601 Scribte,
1029 1537 1131 1591 hoc
1176 1544 1578 1591 contemnentes
1602 1577 1616 1602 ,
1647 1551 1753 1590 non

177 1628 354 1682 solum
390 1643 494 1682 non
525 1627 889 1692 crediderunt,
920 1628 1026 1683 imo
1053 1628 1216 1683 etiam
1244 1629 1416 1697 ipsum
1437 1628 1601 1682 totius
1627 1627 1752 1682 boni

178 1727 459 1772 auctorem
488 1717 746 1771 conviciis
775 1726 830 1771 et
867 1717 1148 1772 calumniis
1189 1717 1377 1772 validis
1409 1717 1751 1785 insectaban-

1855 541 2189 599 mandatum.
2224 527 2466 595 Primum
2519 556 2624 595 non
2674 541 2739 595 de
2784 543 3048 597 mandatis
3094 543 3417 614 interrogat,

1853 633 1948 686 sed
1966 634 2109 702 quod
2134 634 2207 688 sit
2227 629 2537 687 mandatum
2564 645 2833 702 magnum,
2862 641 2921 686 ut
2949 647 3070 688 cum
3091 634 3268 690 omnia
3302 651 3421 703 qum

1853 720 1996 777 Deus
2017 722 2355 778 mandaverit
2381 737 2570 791 magna
2609 722 2751 786 sint,
2780 719 3037 790 quidquid
3072 722 3159 776 ille
3194 738 3423 794 respon-

1853 811 1992 865 derit
2016 813 2354 866 occasionem
2379 810 2573 872 habeat
2601 810 2986 874 calumniandi,
3009 807 3160 880 aliud,
3177 825 3424 868 asserens

1853 917 2109 974 magnum
2152 918 2273 957 esse
2312 903 2376 956 de
2427 899 2692 971 pluribus.
2723 889 3042 970 Quicunque
3081 898 3240 976 igitur
3280 903 3426 957 novit

1852 999 1907 1044 et
1944 991 2239 1060 interrogat
2278 1005 2385 1044 non
2425 999 2549 1044 voto
2581 990 2855 1055 discendi,
2892 992 2986 1044 sed
3017 989 3194 1046 studio
3231 1007 3425 1070 cogno-

1852 1080 2061 1144 scendi,
2086 1095 2152 1133 an
2177 1081 2391 1134 noverit
2423 1081 2532 1144 ille,
2556 1081 2648 1150 qui
2691 1097 3047 1151 responsurus
3071 1093 3172 1146 est,
3205 1083 3257 1136 in
3281 1071 3425 1154 simi-

1853 1168 2131 1224 litudinem
2178 1171 2573 1225 I’harismorum
2621 1187 2728 1252 non
2778 1173 2934 1241 quasi
2978 1171 3295 1243 discipulus,
3331 1170 3424 1228 sed

1852 1259 2004 1328 quasi
2039 1267 2274 1314 tentator
2297 1262 2522 1315 accedit.

1921 1348 2005 1401 Ait
2032 1349 2110 1401 illi
2133 1348 2289 1404 Iesus
2312 1366 2329 1403 :
2357 1349 2554 1420 Diliges
2578 1349 2855 1404 Dominum
2878 1351 3042 1404 Deum
3068 1361 3213 1405 tuum
3234 1367 3299 1406 ex
3322 1362 3427 1406 toto

1854 1437 2006 1491 corde
2028 1447 2141 1503 tuo,
2168 1451 2214 1492 et
2244 1439 2298 1492 in
2321 1451 2430 1493 tota
2452 1441 2629 1492 anima
2657 1450 2768 1504 tua,
2799 1451 2845 1494 et
2868 1442 2919 1494 in
2953 1451 3061 1494 tota
3099 1453 3265 1496 mente
3294 1453 3424 1496 tua:

1852 1524 1948 1577 hoc
1972 1535 2044 1578 est
2073 1528 2357 1581 maximum
2381 1539 2428 1582 et
2455 1530 2678 1598 primum
2704 1531 3025 1584 mandatum.
3050 1532 3288 1587 Primum
3316 1549 3430 1588 om-

1851 1616 1998 1670 nium
2029 1627 2083 1673 et
2107 1621 2398 1674 maximum
2432 1622 2774 1687 mandatum,
2815 1623 2943 1677 dicit
2984 1625 3086 1678 hoc
3125 1634 3240 1689 est,
3285 1625 3428 1693 quod

1851 1715 1975 1763 ante
2021 1710 2200 1764 omnia
2245 1711 2532 1766 debeamus
2572 1712 2758 1766 intimo
2791 1713 2841 1765 in
2869 1713 3029 1767 corde
3053 1714 3246 1784 singuli
3277 1715 3429 1784 quasi

181 1813 292 1859 tur.
328 1804 476 1860 Unde
504 1805 630 1859 alibi
651 1807 900 1862 dicebant
926 1824 938 1860 :
965 1805 1213 1876 Nunquid
1241 1807 1439 1876 aliquis
1462 1822 1527 1860 ex
1555 1806 1755 1874 princi-
1783 1792 1829 1857 Β
1859 1797 2075 1853 unicum
2103 1801 2320 1870 pietatis
2348 1800 2756 1857 fundamentum
2783 1801 2980 1857 locare.

176 1895 340 1964 pibus
365 1895 591 1950 credidit
613 1896 664 1948 in
686 1898 846 1949 eum?
868 1895 975 1951 Sed
1001 1898 1156 1950 turba
1183 1898 1318 1961 hmo,
1346 1911 1465 1966 qua:
1487 1911 1590 1951 non
1613 1898 1762 1951 novit

178 1983 380 2053 legem,
399 1983 512 2040 .sub
542 1984 827 2039 maledicto
859 1995 999 2040 sunt.
1032 1984 1302 2056 (Hieron.)
1329 1986 1600 2045 Praeterea
1625 2003 1764 2057 qua:-

176 2074 411 2130 rendum
435 2075 645 2129 videtur
668 2090 789 2128 cum
821 2075 1077 2131 Dominus
1107 2077 1248 2132 dicat
1277 2096 1290 2130 :
1322 2067 1499 2130 Nolite
1520 2089 1759 2132 sanctum

89 2207 92 2212 .
175 2168 311 2220 dare
336 2166 552 2220 canibus
571 2207 585 2232 ,
618 2183 780 2237 neque
810 2167 1034 2222 mittatis
1065 2171 1380 2239 margaritas
1417 2181 1615 2225 vestras
1642 2181 1762 2225 ante

173 2273 392 2327 porcos,
421 2271 517 2310 cur
547 2257 660 2325 ipse
685 2257 928 2326 quaedam
955 2257 1040 2310 vel
1077 2257 1168 2314 hic
1208 2257 1275 2311 de
1316 2241 1484 2328 gloria
1515 2276 1759 2316 resurre-

176 2345 401 2410 ctionis,
427 2345 511 2401 vel
544 2345 673 2401 alibi
702 2348 770 2402 de
799 2333 1213 2416 dispensationis
1242 2355 1335 2402 aut
1364 2349 1527 2404 etiam
1569 2351 1766 2405 divini—

175 2437 312 2490 tatis
341 2447 452 2489 su’ae
485 2435 754 2505 mysteriis
783 2436 982 2492 dixisse
1008 2438 1294 2499 invenitur,
1320 2454 1442 2508 qua:
1485 2439 1636 2494 multi
1669 2441 1762 2509 qui

176 2526 448 2591 aderant,
481 2526 563 2581 vel
600 2526 897 2582 resistendo
925 2567 940 2594 ,
969 2528 1054 2583 vel
1079 2531 1502 2595 contemnendo,
1537 2546 1644 2586 non
1673 2547 1762 2588 ac-

177 2617 480 2686 ceperunt?
508 2616 626 2672 Non
666 2619 935 2687 putandus
959 2627 1043 2674 est
1083 2629 1327 2675 sanctum
1360 2622 1570 2679 dedisse
1609 2624 1762 2678 cani-

173 2707 308 2774 bus,
333 2718 428 2763 aut
470 2710 789 2779 margaritas
818 2711 1029 2766 misisse
1059 2720 1187 2768 ante
1216 2727 1427 2781 porcos.
1471 2713 1587 2769 Non
1616 2716 1758 2770 enim

175 2797 260 2852 eis
299 2799 445 2852 dedit
471 2799 562 2868 qui
597 2813 792 2869 capere
823 2815 928 2855 non
953 2811 1236 2870 poterant,
1261 2804 1354 2858 sed
1381 2804 1461 2859 eis
1489 2805 1761 2874 quipote-

175 2895 305 2940 rant
334 2890 389 2940 et
413 2886 572 2940 simul
596 2888 839 2953 aderant,
870 2904 1004 2958 quos
1029 2898 1248 2958 propter
1277 2891 1504 2946 aliorum
1529 2892 1763 2946 immun-

173 2963 371 3032 ditiam
399 2977 590 3050 negligi
617 2995 723 3033 non
754 2979 1146 3049 oportebat.'Et
1173 2995 1294 3035 cum
1320 2995 1442 3035 eum
1470 2988 1765 3037 tentatorcs

176 3069 609 3138 interrogabant,
634 3069 1098 3139 respondebatque
1129 3070 1234 3126 illis
1259 3072 1363 3136 ita,
1387 3080 1446 3125 ut
1471 3073 1598 3141 quid
1628 3088 1728 3128 con
1745 3102 1761 3115 -

1933 1887 2233 1943 Secundum
2256 1902 2427 1944 autem
2444 1893 2612 1944 simile
2632 1903 2704 1946 est
2732 1893 2890 1946 huic:
2920 1893 3115 1964 Diliges
3136 1898 3429 1965 proximum

1859 1985 2005 2030 tuum
2042 1979 2174 2032 sicut
2212 1981 2452 2048 teipsum.
2478 1979 2718 2035 Primum
2745 1997 2875 2052 ergo
2906 1985 3145 2038 oumium
3182 1996 3235 2039 et
3261 1989 3433 2041 maxi-

1861 2084 2006 2124 mum
2037 2073 2349 2126 mandatum
2381 2081 2463 2128 est
2496 2074 2733 2144 cognitio
2758 2082 2919 2144 atque
2941 2078 3213 2131 confessio
3233 2076 3428 2134 divina:

1860 2161 2112 2224 unitatis,
2158 2177 2279 2216 cum
2314 2163 2661 2218 exsecutione
2697 2167 2850 2219 bona:
2895 2169 3242 2234 operationis.
3287 2169 3432 2224 Bona

1863 2260 2041 2305 autem
2067 2255 2310 2320 operatio
2337 2253 2390 2306 in
2421 2253 2710 2309 dilectione
2745 2253 2840 2308 Dei
2869 2265 2924 2308 et
2954 2257 3181 2324 proximi
3217 2256 3452 2327 perlici-5

1862 2348 1968 2404 tur,
1995 2357 2154 2411 quam
2181 2342 2416 2398 breviter
2442 2343 2561 2398 aliis
2589 2343 3436 2420 verbiscommendat'Apostolus

1861 2428 2083 2484 dicens:
2109 2429 2175 2485 1η
2213 2430 2416 2486 Christo
2461 2433 2597 2486 enim
2640 2432 2766 2487 Jesu
2797 2451 2956 2505 neque
2984 2437 3308 2491 circumcisio
3337 2440 3436 2494 ali-

1860 2519 1986 2588 quid
2009 2518 2161 2584 valet,
2189 2537 2350 2591 neque
2384 2524 2712 2591 pra'putium,
2744 2524 2834 2577 sed
2857 2524 3007 2592 ﬁdes,
3042 2543 3158 2596 qua:
3182 2545 3275 2596 per
3304 2529 3436 2584 dile-

1861 2613 2082 2664 ctionem
2115 2623 2358 2683 aperatur
2390 2613 2532 2684 (Gal.
2560 2616 2634 2684 ν).

1934 2698 2001 2754 In
2018 2702 2104 2756 his
2124 2703 2325 2759 duobus
2360 2706 2622 2759 mandatis
2651 2707 2891 2761 universa
2915 2707 2998 2762 les;
3023 2710 3206 2779 pendet
3236 2720 3283 2764 et
3301 2695 3429 2781 «pro-

1861 2791 2047 2860 pheta'.
2078 2793 2260 2865 (Aug.)
2296 2794 2501 2850 Pendet
2531 2796 2686 2861 dixit,
2728 2799 2778 2851 id
2810 2805 2924 2862 est,
2955 2799 3044 2852 illo
3081 2800 3333 2867 refertur,
3365 2803 3437 2858 ibi

1863 2880 2028 2934 habet
2054 2880 2234 2936 linem.
2264 2883 2399 2937 Tota
2440 2883 2526 2938 lex
2559 2885 2612 2938 in
2652 2886 2860 2940 duobus
2903 2890 3184 2958 praeceptis
3222 2899 3338 2957 est,
3381 2893 3437 2949 in

1865 2968 2151 3026 dilectione
2192 2969 2321 3038 Dei,
2348 2982 2403 3027 et
2428 2973 2710 3030 dilectione
2739 2967 2987 3044 proximi.
3013 2978 3096 3033 Ad
3114 2981 3226 3035 duo
3255 2982 3437 3053 itaque

1868 3071 2160 3132 praecepta,
2192 3063 2244 3117 id
2270 3071 2374 3128 est,
2404 3065 2469 3119 ad
2496 3065 2835 3121 dilectionem
2859 3069 2951 3123 Dei
2982 3078 3038 3124 et
3061 3072 3290 3139 proximi
3315 3089 3438 3143 per-

175 3159 513 3214 tradicerent
563 3175 669 3215 non
726 3160 1025 3225 haberent,
1079 3159 1327 3230 quamvis
1375 3163 1598 3216 venenis
1646 3163 1759 3218 suis

1864 3152 1999 3205 tinet
2029 3161 2172 3206 totus
2197 3153 2501 3225 decalogus.
2537 3157 2618 3212 Ad
2643 3171 2704 3211 ea
2734 3160 3006 3226 pertinent
3027 3138 3080 3214 et
3107 3163 3284 3218 omnia
3308 3138 3433 3244 pro:

174 3251 630 3305 contabescerent
655 3251 835 3320 potius
860 3264 1021 3319 quam
1051 3249 1192 3305 illius
1219 3251 1341 3305 cibo
1363 3259 1757 3307 saturarentur.

171 3339 283 3393 Alii
327 3346 509 3392 tamen
548 3339 639 3407 qui
685 3345 935 3407 poterant
982 3353 1049 3394 ex
1093 3337 1234 3393 illius
1271 3339 1553 3395 occasione
1593 3340 1760 3395 multa

173 3428 387 3482 utllitcr
422 3428 730 3482 audiebant.

247 3515 393 3588 [lV.]
435 3515 693 3569 Phariswi
721 3526 894 3570 autem
920 3524 1188 3571 audientes
1212 3516 1350 3587 quod
1377 3515 1638 3571 silentium
1661 3517 1760 3569 im-

174 3609 438 3678 posuisset
460 3605 800 3672 Sadducais,
825 3614 1170 3661 convenerunt
1198 3607 1251 3660 in
1288 3622 1449 3660 unum
1475 3647 1491 3672 ,
1521 3618 1568 3660 et
1595 3608 1761 3662 inter-

172 3697 383 3767 rogavit
423 3709 542 3749 eum
580 3711 716 3748 unus
763 3710 827 3749 ea:
855 3696 929 3749 eis
975 3689 1102 3765 legis
1143 3694 1352 3762 doctor,
1376 3706 1581 3750 tentans
1620 3712 1758 3750 eum.

171 3782 565 3836 Convencrunt
588 3791 646 3836 ut
680 3782 1021 3838 multitudine
1059 3783 1373 3849 vincerent,
1407 3800 1566 3855 quem
1600 3786 1764 3842 ratio-

170 3886 243 3929 ne
275 3888 538 3946 superare
567 3888 671 3928 non
700 3881 967 3944 poterant.
992 3873 1032 3927 A
1066 3875 1295 3929 veritate
1333 3876 1504 3932 nudos
1542 3891 1602 3931 se
1643 3891 1762 3932 esse

169 3964 413 4039 professi
454 3973 611 4030 Sunt,
636 3965 725 4034 qui
757 3963 1098 4019 multitudine
1127 3979 1185 4018 se
1213 3975 1575 4021 armaverant.
1609 3967 1760 4024 Dice—

169 4059 314 4114 bant
338 4056 485 4113 enim
514 4057 652 4127 apud
686 4063 743 4110 se
767 4070 779 4108 :
811 4054 956 4111 Unus
993 4055 1245 4125 loquatur
1271 4072 1371 4126 pro
1400 4058 1679 4123 omnibus,
1709 4067 1764 4113 et

169 4163 374 4202 omnes
423 4150 704 4217 loquamur
740 4161 836 4215 per
883 4161 1075 4210 unum,
1125 4154 1183 4200 ut
1223 4146 1266 4200 si
1302 4147 1514 4215 quidem
1540 4147 1759 4211 vicerit,

167 4254 376 4294 mnnes
402 4237 678 4291 videamur
707 4237 969 4301 victores;
1002 4237 1046 4291 si
1078 4241 1255 4291 autem
1276 4238 1448 4293 victus
1478 4236 1657 4305 fuerit,
1679 4237 1760 4293 vel

167 4329 328 4388 solus
361 4329 606 4382 videatur
635 4326 906 4383 confusus.

244 4419 527 4490 Magister,
553 4419 689 4490 quod
710 4429 784 4472 est
811 4417 1116 4472 mandatum
1140 4436 1385 4488 magnum
1406 4419 1460 4474 in
1483 4419 1628 4490 lege?
1650 4421 1759 4475 Ma-

165 4515 413 4586 gistrum
461 4523 617 4566 vocat
660 4511 811 4580 cujus
846 4525 948 4564 non
988 4510 1097 4564 vult
1134 4526 1256 4565 esse
1284 4511 1612 4580 discipulus,
1650 4529 1758 4566 non

167 4601 320 4657 scire
365 4599 680 4653 desiderans
705 4638 718 4662 ,
759 4599 853 4652 sed
895 4607 1128 4652 tentaus.
1163 4598 1422 4654 Dominus
1462 4601 1762 4668 autemlsic

165 4691 494 4761 respondit,
528 4699 585 4743 ut
621 4691 1054 4761 interrogationis
1099 4689 1217 4758 ejus
1257 4690 1436 4746 ﬁctam
1485 4694 1763 4747 conscien-

163 4781 301 4835 tiam
338 4779 527 4833 statim
556 4779 733 4848 primo
755 4794 1012 4849 responso
1043 4789 1348 4849 percuteret
1380 4781 1584 4836 dicens.
1609 4781 1763 4851 (Ilie-

163 4871 314 4943 ron_.)
350 4869 510 4936 Quod
536 4879 713 4924 autem
740 4871 804 4924 de
825 4870 1034 4925 llerodc
1057 4880 1108 4924 et
1128 4869 1317 4925 l‘onzio
1339 4870 1511 4925 Pilato
1535 4871 1763 4942 legimus

160 4966 218 5021 in
272 4964 499 5018 Domini
539 4978 668 5019 nece
710 4979 803 5018 eos
832 4963 1023 5019 fecisse
1052 4965 1422 5029 concordiam,
1454 4964 1559 5020 hoc
1596 4967 1759 5021 etiam

163 5070 316 5111 nunc
347 5054 416 5108 de
444 5053 732 5108 Pharismis
758 5056 1032 5109 cernimus
1067 5064 1118 5108 et
1148 5055 1477 5118 Sadducreis,
1507 5056 1595 5123 qui
1621 5057 1763 5110 inter

159 5159 223 5199 se
275 5144 548 5197 contrarii
599 5155 753 5208 sunt,
813 5141 903 5198 sed
948 5145 1013 5197 ad
1062 5145 1371 5198 tentandum
1417 5143 1598 5197 Jcsum
1645 5146 1762 5213 pari

164 5245 361 5292 mente
393 5235 757 5288 consentiunt.
785 5235 884 5301 Qui
909 5233 1165 5305 crgojam
1191 5250 1348 5303 supra
1375 5235 1425 5287 in
1457 5237 1762 5290 ostensione

164 5326 388 5382 denarii
430 5325 647 5379 fuerant
685 5327 965 5391 confutati,
991 5336 1046 5380 et
1072 5328 1310 5381 adversm
1356 5328 1526 5396 partis
1577 5329 1762 5383 factio-

164 5431 296 5472 nem
324 5415 581 5468 viderant
603 5416 938 5484 subruptum,
957 5416 1251 5469 debuerant
1267 5417 1512 5485 exemplo
1532 5419 1758 5484 moneri,

166 5526 238 5564 ne
268 5508 420 5560 ultra
456 5505 773 5560 molirentur
798 5506 1036 5581 insidias.
1073 5505 1176 5559 Sed
1217 5506 1584 5561 malevolentia
1617 5518 1669 5561 ct
1701 5509 1762 5562 li-

166 5618 270 5658 τοι*
297 5600 477 5654 nutrit
503 5599 905 5667 impudentiam.
932 5598 1230 5666 lnterrogat
1253 5616 1390 5654 unus
1416 5617 1479 5654 ex
1513 5600 1645 5672 legis
1668 5602 1759 5654 do-

169 5696 450 5757 ctoribus,
481 5707 588 5745 non
615 5692 747 5746 scire
775 5691 1105 5756 desiderans,
1131 5692 1222 5746 sed
1253 5703 1485 5758 tenuius,
1511 5709 1574 5746 an
1605 5697 1760 5747 intcr-

1785 4474 1836 4533 D

1859 3242 2145 3312 phetarum
2169 3243 2461 3299 volumina.
2485 3245 2617 3300 Nam
2644 3247 2764 3302 ideo
2790 3251 2906 3304 dua:
2935 3252 3127 3306 tabula:
3150 3253 3281 3324 legis
3301 3242 3436 3310 datte

1859 3342 2002 3389 sunt.
2047 3333 2187 3388 Deus
2213 3336 2356 3390 enim
2398 3335 2599 3393 famulo
2642 3354 2741 3393 suo
2782 3339 2949 3411 Moysi
2987 3343 3037 3396 in
3079 3354 3258 3398 monte
3293 3347 3429 3402 duas

1860 3423 2072 3479 tabulas
2107 3425 2280 3489 dedit,
2305 3425 2356 3479 in
2381 3424 2572 3494 quibus
2607 3426 2814 3482 duabus
2857 3429 3053 3483 tabulis
3097 3434 3257 3487 verba
3291 3437 3433 3503 pacti

1859 3517 2163 3584 conscripta
2182 3525 2355 3571 erant.
2387 3517 2578 3571 Decem
2615 3518 2798 3586 utique
2820 3529 3090 3590 princepta
3116 3522 3266 3592 legis,
3290 3525 3432 3594 quod

1860 3615 1939 3660 est
1972 3607 2287 3676 psalterium
2333 3609 2514 3662 decem
2557 3608 2901 3674 chordarum,
2926 3610 2991 3663 dc.
3018 3627 3122 3680 quo
3151 3611 3435 3668 l'salmista

1862 3697 1977 3750 ait:
2009 3695 2168 3761 Deus,
2193 3697 2450 3750 canticum
2475 3712 2658 3750 novum
2687 3698 2905 3751 cantabo
2927 3700 3040 3764 tibi,
3090 3701 3143 3752 in
3187 3689 3441 3771 psalterio.

1862 3787 2035 3840 decem
2085 3787 2397 3840 chordarum
2435 3786 2658 3856 psallam
2703 3789 2797 3842 tibi
2849 3786 3029 3861 (Psal.
3074 3792 3269 3863 xxxn).
3307 3791 3434 3848 Tria

1862 3885 2095 3948 namque
2124 3885 2389 3947 praecepta
2419 3877 2471 3932 in
2501 3893 2604 3931 uita
2634 3879 2810 3933 tabula
2837 3881 2902 3933 ad
2925 3881 3090 3936 Deum
3115 3883 3435 3952 pertinentia

1861 3971 2036 4039 posita
2063 3969 2289 4032 fuerant,
2322 3977 2522 4038 septem
2547 3969 2599 4022 in
2625 3969 2795 4024 altera
2825 3970 3000 4026 tabula
3025 3973 3089 4026 ad
3111 3974 3434 4041 proximum.

1862 4060 1919 4114 In
1945 4061 2122 4128 priore
2151 4073 2278 4128 ergo
2305 4057 2483 4113 tabula
2517 4061 2779 4129 scriptum
2802 4070 2917 4115 erat
2960 4062 3192 4132 primum
3238 4078 3438 4132 [διξερε-

1862 4157 2011 4220 ptum
2047 4166 2056 4200 :
2088 4147 2200 4217 Ego
2229 4163 2341 4201 sum
2365 4147 2620 4200 Dominus
2649 4147 2785 4202 Deus
2815 4159 2954 4210 tuus,
2986 4153 3076 4221 qui
3103 4152 3260 4206 eduxi
3287 4162 3337 4207 te
3373 4153 3438 4204 de

1863 4251 1998 4295 terra
2023 4240 2348 4309 ngypti,de
2387 4241 2538 4293 domo
2581 4242 2858 4294 servitutis.
2907 4242 3030 4296 Non
3068 4244 3277 4297 habebis
3315 4246 3437 4298 deos

1863 4331 2058 4385 alienos
2086 4330 2290 4402 (Exod.
2317 4330 2462 4402 xx),
2495 4340 2548 4384 et
2598 4331 2819 4399 reliqua.
2869 4331 3003 4398 Quia
3043 4332 3286 4387 Christus
3341 4339 3438 4394 Dei

1863 4421 2030 4476 Filius
2053 4437 2173 4475 cum
2195 4421 2354 4474 Patre
2375 4429 2429 4474 ct
2468 4421 2670 4489 Spiritu
2719 4429 2904 4475 sancto
2954 4437 3090 4474 unus
3144 4429 3226 4475 est
3273 4421 3436 4476 Deus.

1863 4511 2064 4565 Deinde
2111 4509 2345 4563 additum
2385 4519 2467 4564 est
2512 4528 2523 4562 :
2567 4507 2688 4562 Non
2729 4525 2958 4562 assumes
3001 4525 3184 4563 nomen
3225 4509 3434 4563 Domini

1861 4603 1936 4656 tui
1959 4601 2010 4653 in
2041 4616 2226 4655 vanum
2262 4615 2279 4653 :
2312 4616 2400 4652 nec
2455 4601 2590 4652 enim
2648 4600 2848 4652 habebit
2889 4599 3142 4653 insontem
3184 4599 3435 4655 Dominus

1864 4710 2001 4757 cum,
2026 4693 2112 4762 qui
2141 4693 2473 4761 assumpserit
2502 4707 2685 4746 nomen
2709 4689 2919 4743 Domini
2951 4691 3033 4742 sui
3061 4691 3426 4759 frnstra.Quia

1866 4799 1970 4836 non
2001 4784 2159 4837 debet
2194 4797 2223 4834 a
2253 4782 2403 4835 nobis
2429 4796 2619 4836 nomen
2641 4779 2838 4833 Christi
2860 4780 3028 4848 accipi
3057 4781 3108 4833 in
3137 4795 3354 4844 vanum,
3379 4789 3447 4852 ut

1866 4883 2110 4943 putemus
2145 4887 2267 4926 eum
2321 4870 2540 4935 factum,
2594 4870 2645 4924 id
2688 4878 2790 4933 est,
2828 4878 3129 4923 creaturam
3178 4869 3434 4938 aliquant,

1864 4980 1958 5034 per
1981 4980 2138 5034 quem
2163 4965 2302 5018 facta
2325 4973 2450 5018 sunt
2470 4963 2670 5025 omnia,
2694 4962 2817 5030 quia
2842 4974 2968 5013 vero
2997 4961 3106 5028 ipse
3137 4975 3274 5013 unus
3297 4959 3439 5014 Deus

1867 5055 2024 5110 Pater
2043 5066 2150 5121 est,
2167 5065 2218 5110 et
2238 5055 2422 5118 Filius,
2441 5061 2492 5106 et
2509 5051 2738 5120 Spiritus
2762 5059 2998 5112 sanctus,
3024 5050 3076 5102 in
3093 5049 3294 5118 Spiritu
3318 5064 3439 5102 san-

1865 5157 1975 5212 cto,
2008 5148 2180 5207 idest,
2219 5145 2269 5197 in
2294 5145 2452 5198 domo
2494 5142 2583 5194 Dei
2632 5141 2845 5208 requies
2909 5141 3061 5193 nobis
3112 5140 3433 5206 sempiterna

1865 5239 2208 5309 promittitur.
2247 5233 2394 5288 Unde
2422 5232 2707 5287 subditur:
2739 5231 2996 5284 Memento
3046 5241 3098 5281 ut
3140 5231 3274 5280 diem
3321 5228 3436 5280 sab-

1867 5332 1972 5383 bati
2004 5328 2320 5394 sancti/iccs,‘
2344 5341 2433 5377 sex
2460 5325 2638 5376 diebus
2663 5322 2973 5391 operaberis,
3002 5331 3047 5370 et
3074 5319 3236 5386 [aries
3260 5318 3433 5370 omnia

1862 5436 2020 5488 opera
2049 5429 2159 5481 tua,
2192 5415 2404 5484 septimo
2434 5430 2499 5466 an.
2527 5430 2605 5465 em
2637 5413 2718 5465 die
2744 5411 2942 5465 sabbati
2981 5408 3187 5459 Domini
3220 5405 3313 5458 Dei
3358 5405 3434 5456 tui

1863 5525 1960 5562 non
1986 5507 2140 5574 [acies
2167 5521 2314 5557 omne
2343 5520 2468 5571 opus
2507 5514 2671 5566 tuum,
2700 5513 2755 5554 tu
2781 5511 2824 5553 ct
2861 5498 3000 5566 ﬁlius
3045 5507 3186 5559 tuus,
3239 5505 3283 5546 ct
3321 5493 3431 5560 ﬁlia

1862 5611 1972 5660 tua,
2002 5605 2052 5649 et
2081 5595 2299 5662 reliqua.
2335 5592 2388 5646 In
2425 5595 2591 5646 altera
2634 5607 2762 5644 vero
2814 5590 2989 5643 tabula
3034 5589 3263 5656 primum
3303 5592 3382 5636 est
3415 5599 3428 5634 :

1864 5687 2292 5751 lioncrapatrtm
2324 5696 2486 5748 ltttinl,
2537 5697 2579 5735 ct
2639 5693 2852 5734 matrem
2897 5688 3072 5742 tuum;
3113 5672 3430 5740 secundum,
