3922 6388
436 299 581 358 1063

1081 297 1142 352 Β.
1182 296 1438 353 RABAN!
1471 295 1696 355 HAURI
1725 294 2041 354 ARCHIEP.
2081 294 2390 354 MOGUNT.
2429 291 2712 357 OPERUM
2751 293 2930 351 PARS
2968 297 3006 351 I.

3549 90 3860 414 ,Α

417 411 558 469 .Nan
595 410 930 466 κατήριεὼ
947 426 967 476 ;
1010 409 1252 476 tertium,
1298 410 1424 465 Non
1452 410 1685 476 occides;
1731 416 2004 478 quartum,
2032 415 2086 476 Α
2110 407 2344 463 dendam
2369 406 2806 476 interrogationis
2832 408 3115 465 veritatem
3148 411 3337 469 frivola
3367 416 3532 472 multa
3565 432 3693 474 con-

434 498 559 553 Non
583 497 877 568 furaberis;
901 499 1171 568 quintum,
1202 499 1320 553 Non
1342 499 1535 570 falsum
1560 498 1910 552 testimonium
1933 497 2013 553 di-

434 605 520 642 ces
541 606 560 654 ,'
583 595 811 653 sextum,
846 588 970 644 Non
1000 590 1328 659 concupisces
1369 603 1585 642 uxorem
1631 586 1858 658 proximi
1894 586 2010 652 tui;

431 679 745 751 septimum,
791 679 914 734 Non
936 682 1265 750 concupisces
1309 695 1419 734 rem
1465 677 1693 748 proximi
1742 678 1841 732 tui.
1886 676 2058 734 Hac‘

427 769 719 841 iungamus
749 771 856 827 illis
878 772 1047 826 tribus
1075 771 1140 826 ad
1180 770 1523 826 dilectionem
1564 769 1661 824 Dei
1697 768 2014 840 pertinenti-

431 861 555 928 bus,
590 871 646 918 et
666 872 946 919 mammas
983 863 1036 918 in
1066 860 1324 934 psalterio
1350 863 1537 919 decem
1579 863 1930 928 chordarum,
1967 860 2014 917 si

431 934 684 1009 volumus
735 961 957 1008 cantare
1009 954 1279 1008 canticum
1327 968 1524 1008 novum
1572 951 1821 1006 homines
1864 950 2013 1015 novi,

429 1044 630 1114 quibus
653 1044 901 1101 Salvator
922 1047 1236 1101 mandatum
1255 1044 1403 1100 dedit
1429 1039 1629 1100 no'vum
1654 1051 1714 1099 ut
1733 1042 2016 1114 diligamus

430 1138 686 1206 invicem,
717 1140 856 1195 sicut
874 1141 986 1210 ipse
1009 1139 1194 1194 dilexit
1217 1153 1332 1192 nos.

505 1227 846 1305 congregatis
867 1241 1040 1284 autem
1067 1227 1354 1282 Pharisteis
1378 1226 1721 1294 interrogavit
1749 1241 1836 1279 eos
1861 1224 2016 1279 Iesus

432 1326 610 1388 dicens
640 1338 658 1376 :
690 1325 828 1390 Quid
851 1324 993 1378 vobis
1014 1323 1218 1376 videtur
1267 1321 1332 1373 de
1381 1318 1644 1390 Christo?’
1677 1318 1829 1387 cujus
1873 1315 2018 1385 filius

434 1428 508 1472 est
533 1417 558 1470 ?
580 1416 772 1470 Dicunt
802 1417 848 1469 ei
873 1429 890 1467 :
926 1413 1116 1468 David.
1143 1413 1228 1466 Ait
1252 1411 1359 1464 illis
1383 1427 1401 1464 :
1431 1408 1703 1474 Quomodo
1733 1423 1854 1477 ergo
1904 1407 2016 1460 Da-

432 1512 521 1565 υἱά
549 1505 604 1558 in
635 1503 837 1575 Spiritu
859 1513 1003 1556 vocat
1031 1517 1150 1556 eum
1176 1500 1479 1564 Dominum,
1504 1498 1678 1568 dicens
1701 1511 1722 1550 :
1746 1490 1893 1548 Dixit
1913 1495 2019 1548 Da~

434 1602 606 1656 minus
641 1594 863 1650 Domino
886 1607 998 1648 meo
1023 1604 1042 1641 :
1072 1589 1211 1647 Sede
1236 1607 1268 1643 a
1295 1589 1493 1642 dextris
1523 1587 1673 1651 meis,
1714 1585 1876 1639 donec
1927 1601 2020 1655 po-

440 1706 563 1746 nam
591 1678 830 1741 inimicos
860 1691 976 1735 tuos
1001 1678 1283 1734 scabellum
1305 1667 1494 1747 pe'dum
1523 1685 1730 1730 tuarum
1783 1673 2016 1744 (Psalm.

2112 501 2342 573 tinguit,
2393 499 2742 555 vernaculum
2774 498 3001 555 Abraha:
3054 513 3377 571 asserentes,
3423 508 3580 578 cujus
3635 509 3696 564 tl-

2111 594 2218 651 lius
2237 592 2401 650 fuerit
2433 594 2727 650 Damascus
2757 593 2987 660 Eliezer,
3034 603 3090 650 et
3133 611 3198 652 ex
3249 598 3420 669 ipsius
3464 613 3694 669 persona

2113 701 2210 755 per
2234 687 2494 756 scriptum
2523 685 2811 757 psalmum,
2850 686 2995 755 quod
3042 695 3163 757 post
3205 691 3406 758 aedem
3455 691 3697 762 quinque

2114 790 2303 846 regum
2328 776 2579 832 dominus
2600 776 2744 832 Deus
2765 775 2996 838 Domino.
3007 791 3108 832 suo
3147 777 3345 833 dixerit
3365 781 3642 835 Abraham
3677 799 3691 833 :

2115 864 2252 921 Sede
2272 867 2341 920 ad
2363 867 2626 921 dexteram
2647 881 2838 932 meam,
2859 866 3022 920 donec
3040 881 3231 935 partam
3256 881 3435 923 omnes
3457 870 3697 924 inimicas

2115 965 2231 1010 tuas
2255 955 2541 1011 scabellum
2583 957 2774 1026 pedum
2814 965 3044 1032 tuarum.
3107 952 3252 1022 Quos
3300 955 3701 1030 interrogemus

2115 1046 2383 1115 quomodo
2416 1046 2558 1100 Deus
2597 1045 2795 1100 dixerit
2823 1044 3052 1108 Abraha:
3089 1059 3152 1100 ca
3180 1059 3300 1113 quae
3347 1057 3648 1115 sequuntur
3681 1067 3696 1102 :

2103 1135 2306 1190 .Tecum
2321 1137 2636 1207 principium
2660 1138 2714 1191 in
2737 1137 2821 1191 die
2844 1132 3194 1202 uirtutis'tute,
3229 1136 3284 1190 in
3331 1137 3700 1206 splendoribus

2115 1237 2441 1294 sanctorum,
2469 1245 2533 1283 ex
2562 1237 2710 1283 utero
2731 1237 2853 1282 ante
2899 1226 3174 1298 luciferum
3211 1228 3367 1298 genui
3393 1237 3462 1280 te.
3490 1227 3701 1285 Jurarit

2116 1307 2373 1372 Dominus
2389 1327 2436 1373 et
2459 1336 2563 1372 non
2589 1319 2849 1388 paenitebit
2873 1331 3010 1382 eum,
3041 1327 3096 1370 tu
3121 1334 3174 1371 es
3196 1314 3439 1371 sacerdos
3471 1319 3528 1370 in
3554 1328 3702 1371 mter-

2119 1423 2242 1460 num
2265 1407 2557 1485 secundum
2576 1407 2810 1462 ordinem
2839 1406 3234 1462 Melchisedech.
3262 1406 3330 1460 Et
3372 1407 3704 1476 respondere

2118 1510 2212 1551 eos
2236 1504 2510 1568 cogamus,
2537 1497 2804 1566 quomodo
2825 1497 3095 1551 Abraham
3126 1505 3249 1550 ante
3293 1494 3579 1550 luciferum
3617 1509 3705 1565 ge

2118 1591 2265 1646 nitus
2285 1592 2376 1655 sit,
2405 1599 2462 1645 et
2486 1591 2737 1646 sacerdos
2766 1589 2926 1646 fuerit
2950 1590 3244 1644 secundum
3283 1589 3532 1643 ordinem
3580 1586 3708 1641 lel-

2120 1681 2429 1747 chisedech,
2459 1682 2547 1752 qui
2581 1681 2968 1736 Melchisedech
2995 1680 3248 1736 obtulerit
3291 1694 3492 1750 panem
3525 1689 3580 1735 et
3626 1682 3705 1733 vi-

435 1775 555 1848 clx)
573 1815 588 1829 .
613 1773 670 1829 Si
697 1790 817 1842 ergo
841 1771 1009 1825 David
1039 1778 1184 1822 vocat
1207 1784 1322 1821 eum
1351 1766 1652 1830 Dominum,
1681 1763 1938 1835 Quomodo
1957 1763 2023 1832 Ιί-
2050 1771 2098 1830 lt
2125 1756 2362 1837 ηωῃμέι
2386 1787 2416 1826 a
2443 1787 2551 1842 quo
2578 1772 2820 1827 decimas
2843 1771 3035 1842 prmdm
3065 1772 3333 1842 acceperit
3373 1770 3537 1843 (Cen.
3573 1772 3702 1837 xlv).

436 1872 538 1925 tius
566 1869 679 1938 ejus
703 1865 819 1919 est?
848 1862 946 1930 Qui
970 1862 1035 1916 ad
1059 1859 1371 1915 tentandum
1403 1856 1587 1915 Jesum
1633 1854 1848 1909 fuerant
1894 1869 2022 1909 con-

439 1959 666 2031 gregati,
698 1966 752 2012 et
781 1954 1066 2009 veritatem
1096 1949 1431 2005 fraudulenta
1467 1946 1891 2017 interrogatione
1934 1959 2023 2000 ca-

441 2066 570 2120 pere
599 2047 910 2104 nitebantur
933 2041 1274 2098 occasionem
1302 2040 1651 2119 praebuerunt
1695 2035 2020 2092 confutatio-

442 2140 527 2195 nis
548 2152 678 2201 sure,
715 2135 1222 2204 interroganturque
1248 2130 1312 2184 de
1339 2128 1552 2184 Christo
1574 2127 1729 2198 cujus
1756 2125 1896 2180 (ilius
1931 2125 2019 2180 sit.

447 2225 802 2297 Interrogatio
827 2224 955 2279 Jesu
984 2221 1140 2277 nobis
1170 2218 1384 2290 prolicit
1405 2234 1574 2288 usque
1631 2216 1789 2272 hodie
1835 2223 2024 2271 contra

443 2319 673 2373 Judaaos.
700 2316 767 2370 Et
791 2315 845 2369 hi
877 2313 1020 2367 enim
1070 2311 1162 2382 qui
1205 2309 1532 2366 conﬁtentur
1576 2307 1852 2362 Christum
1905 2320 2026 2361 esse

443 2416 729 2462 venturum
775 2406 1042 2459 hominem
1095 2402 1412 2470 simplicem,
1463 2407 1519 2455 et
1559 2406 1804 2455 sanetum
1848 2397 2022 2451 virum

444 2504 694 2553 asserunt
723 2496 789 2550 de
816 2507 1013 2565 genere
1038 2493 1236 2558 David;
1269 2493 1663 2561 interrogemus
1685 2505 1779 2545 eos
1801 2488 1944 2560 docti
1991 2503 2024 2541 a

445 2589 671 2644 Domino
694 2605 706 2640 :
733 2584 791 2641 Si
817 2584 1044 2653 simplex
1071 2583 1230 2637 homo
1257 2589 1361 2648 est,
1393 2589 1448 2636 et
1483 2588 1692 2635 tantum
1723 2579 1864 2634 illius
1917 2579 2022 2633 Da-

447 2677 558 2744 vid,
591 2675 859 2747 quomodo
875 2673 1041 2730 David
1066 2680 1220 2728 vocet
1241 2687 1364 2727 eum
1386 2671 1670 2726 Dominum
1692 2669 1886 2725 suum?
1908 2668 2024 2724 Non

445 2748 651 2826 erroris
684 2769 891 2822 incerto
919 2781 1020 2823 nec
1046 2765 1264 2834 propria
1311 2762 1608 2827 voluntate,
1655 2755 1778 2817 sed'
1801 2760 1859 2814 in
1906 2758 2028 2830 Spi—

448 2862 555 2914 ritu
584 2868 792 2914 sancto.
822 2856 1211 2913 Testimonium
1235 2861 1414 2908 autem
1440 2853 1582 2923 quod
1598 2853 1798 2923 posuit,
1824 2853 1890 2907 de
1909 2866 2030 2906 cen-

450 2950 643 3004 tesimo
671 2963 814 3005 nono
843 2947 1050 3017 psalmo
1078 2948 1350 3017 stantptum
1394 2949 1496 2998 est.
1557 2942 1815 2996 Dominus
1861 2940 2030 3012 igitur

451 3039 620 3094 David
645 3012 867 3092 vocatur
888 3051 995 3091 non
1025 3012 1316 3091 sedimdum
1337 3033 1390 3088 id
1410 3031 1552 3102 quod
1572 3031 1638 3086 de
1659 3045 1724 3086 eo
1746 3038 1906 3085 natus
1924 3037 2025 3096 est,

2193 1861 2262 1916 Et
2298 1879 2445 1917 nemo
2470 1872 2667 1933 peterat
2697 1863 3002 1933 respondere
3029 1864 3075 1916 ei
3098 1863 3327 1926 verbum,
3357 1878 3524 1932 neque
3544 1878 3706 1932 ausus

2123 1955 2223 2025 fuit
2242 1955 2517 2025 quisquam
2553 1969 2617 2008 ex
2658 1953 2751 2008 illa
2797 1954 2881 2009 die
2907 1971 3048 2023 eum
3092 1953 3314 2024 amplius
3360 1954 3704 2024 interrogare.

2120 2036 2380 2106 Phariszni
2409 2055 2463 2102 et
2489 2045 2766 2103 Sadducazi
2798 2059 3096 2119 quaerentes
3122 2048 3462 2103 occasionem
3500 2046 3704 2101 calum-

2123 2138 2246 2201 nize,
2274 2144 2330 2192 et
2357 2137 2581 2192 verbum
2602 2137 2816 2207 aliquod
2847 2139 3088 2196 invenire
3134 2139 3275 2208 quod
3316 2143 3529 2207 pateret
3574 2134 3706 2189 insi-

2125 2228 2247 2292 diis,
2271 2227 2395 2297 quia
2433 2226 2490 2281 in
2527 2228 2864 2284 sermonibus
2909 2228 3168 2284 contutati
3217 2235 3362 2293 sunt,
3407 2227 3554 2281 ultra
3602 2241 3709 2280 non

2125 2318 2480 2388 interrogant,
2503 2317 2596 2372 sed
2620 2319 2956 2388 apertissime
2977 2319 3422 2388 comprehensum
3450 2316 3711 2371 Romana

2127 2406 2344 2460 tradunt
2367 2406 2637 2476 potestati.
2667 2407 2746 2460 Ex
2776 2423 2884 2477 quo
2919 2408 3262 2480 intelligimus
3310 2422 3520 2462 venena
3571 2406 3709 2461 invi-

2125 2495 2228 2550 dice
2252 2510 2411 2566 posse
2443 2496 2657 2567 quidem
2701 2497 2964 2567 superari,
3022 2481 3116 2551 sed
3155 2495 3424 2551 difﬁcilius
3456 2496 3713 2564 conquie-

2125 2600 2298 2642 scere.
2335 2585 2444 2641 Nos
2471 2577 2783 2642 autem‘non
2809 2602 2930 2642 cum
2957 2585 3159 2641 Scribis
3200 2595 3254 2642 et
3280 2586 3570 2641 Pbarisaeis
3612 2585 3711 2640 ini-

2127 2691 2230 2746 que
2254 2677 2574 2748 cogitantes,
2622 2685 2678 2733 et
2719 2677 2902 2734 dolose
2943 2677 3229 2732 Dominum
3286 2678 3707 2748 interrogantes,

2127 2776 2290 2837 atque
2313 2776 2601 2833 tentantes,
2634 2767 2729 2823 sed
2749 2767 2975 2837 simplici
3004 2769 3165 2824 corde
3197 2776 3252 2824 et
3291 2770 3381 2837 pia
3427 2769 3711 2822 devotione

2129 2871 2254 2911 cum
2274 2856 2578 2911 humilitate
2599 2857 2914 2912 accedamus
2939 2857 3005 2912 ad
3041 2857 3211 2923 illum,
3235 2865 3295 2912 ut
3324 2857 3706 2919 illuminemur,

2131 2954 2187 3002 et
2209 2945 2386 3002 vultus
2406 2948 2577 3003 nostri
2606 2963 2713 3003 non
2747 2949 3089 3016 erubescens,
3112 2951 3251 3004 sicut
3278 2949 3345 3004 de
3359 2965 3427 3004 eo
3451 2951 3708 3020 scriptam

2130 3045 2215 3093 est
2243 3055 2256 3090 :
2284 3035 2546 3103 Quoniam
2575 3038 2832 3092 inuenitur
2851 3041 2915 3091 ab
2937 3039 3040 3103 his,
3069 3038 3158 3109 qui
3191 3055 3295 3091 non
3317 3048 3514 3092 tentant
3543 3037 3706 3102 ilium,

452 3131 548 3186 sed
571 3130 727 3199 juxta
750 3129 803 3184 id
831 3127 972 3199 quod
1001 3115 1158 3182 natus
1181 3142 1247 3182 ex
1272 3124 1432 3180 Patre
1479 3138 1693 3192 semper
1740 3121 1843 3176 fuit
1890 3135 2027 3192 prte-
2053 3137 2099 3200 C
2130 3137 2342 3201 apparet
2374 3138 2547 3182 autem
2573 3129 2776 3200 eis,qui
2797 3128 2953 3197 ﬁdem
2975 3129 3162 3183 habent
3183 3130 3239 3184 in
3267 3129 3417 3184 illum
3440 3128 3608 3201 (Sap.
3629 3144 3645 3182 ι
3663 3128 3702 3198 ).

452 3221 696 3284 veniens,
726 3219 899 3288 ipsum
927 3217 1105 3272 carnis
1132 3231 1243 3270 sua:
1290 3223 1523 3286 patrem,
1573 3211 1743 3267 «ιιιόωί
1768 3212 1835 3266 ad
1880 3211 2027 3266 delu-

1565 3443 1866 3522 LIBER
1941 3440 2487 3519 SEPTIMUS.

1915 3603 2234 3619 ἢ

1017 3679 1245 3738 CAPUT
1279 3677 1466 3734 XXIII.

459 3801 676 3858 Instruit
709 3795 964 3852 Dominus
1004 3793 1181 3847 turbas
1223 3799 1272 3845 et
1317 3788 1598 3859 discipulos
1633 3790 1697 3844 de
1741 3789 1940 3846 Scribis
1984 3799 2032 3845 et

531 3870 856 3930 Pharisazis,‘
889 3868 1121 3932 increpat
1166 3860 1402 3932 scribas,
1429 3869 1476 3913 et
1514 3859 1810 3932 Pharisa'as
1857 3859 2032 3932 multis

528 3941 696 3993 modis
722 3928 1043 4003 increpando
1063 3930 1172 3985 Var.
1203 3928 1806 4003 Exprobratlerusalem
1828 3930 2014 3984 occisia

531 4026 646 4063 nem
667 3999 1053 4078 prophetarum,
1078 4011 1124 4054 et
1151 3999 1387 4070 pra'dicit
1415 3999 1528 4069 ejus
1551 3999 1833 4054 interitum.

532 4136 757 4198 Scribis.
793 4141 848 4188 et
874 4130 1176 4194 Pharisteis.
1224 4137 1384 4199 atque
1418 4126 2034 4184 Sadducaeis-tentatori—

461 4230 562 4284 bus
588 4225 807 4289 Christi,
856 4237 954 4292 per
989 4222 1158 4290 ipsam
1199 4221 1603 4290 responsionem
1649 4220 1913 4285 veritatis,
1960 4220 2036 4274 ita

2136 3682 2280 3736 illius
2299 3682 2415 3752 quis
2443 3681 2734 3736 intellexit?
2754 3681 2900 3736 Unus
2913 3689 2988 3736 est
3008 3681 3302 3736 Altissimus
3323 3693 3525 3738 creator
3549 3689 3712 3754 omni-

2136 3781 2335 3843 patens,
2364 3789 2456 3827 rea:
2475 3782 2654 3848 patens
2697 3782 2744 3827 et
2775 3775 3076 3828 metuendus
3123 3776 3295 3840 nimis,
3339 3776 3518 3829 sedens
3559 3793 3711 3846 super

2140 3872 2384 3919 thronum
2405 3864 2548 3919 illius
2567 3873 2616 3919 et
2637 3863 2913 3918 dominans
2927 3864 3088 3918 Deus.
3116 3865 3232 3937 Ipse
3254 3868 3444 3920 creavit
3479 3867 3624 3920 illam
3655 3869 3709 3922 in

2143 3954 2348 4025 Spiritu
2376 3963 2573 4019 sancto,
2597 3964 2645 4007 et
2668 3953 2812 4020 vidit,
2835 3965 2882 4007 et
2903 3955 3265 4024 dinumerarit,
3287 3964 3338 4008 et
3356 3971 3565 4009 mensus
3611 3968 3706 4012 est.

2145 4045 2210 4101 Et
2237 4045 2580 4116 eﬂ'uditillam
2602 4061 2760 4115 super
2779 4047 2951 4098 omnia
2975 4061 3125 4114 apera
3152 4062 3271 4110 sua,
3320 4056 3368 4098 et
3412 4063 3569 4115 super
3599 4063 3708 4100 am-

2139 4151 2255 4190 nem
2279 4152 2487 4190 carnem
2513 4137 2795 4188 secundum
2817 4135 2996 4188 datum
3018 4151 3190 4199 suum,
3215 4145 3268 4188 et
3296 4136 3517 4212 pra'buit
3565 4134 3706 4187 illam

2138 4225 2469 4294 diligentibus
2489 4242 2544 4278 se
2586 4223 2784 4295 (Eccli.
2812 4223 2882 4294 ι).
2931 4223 3218 4294 Diligentes
3259 4225 3402 4279 enim
3450 4224 3616 4279 Deum
3657 4234 3709 4279 et

462 4322 524 4369 ut
577 4313 794 4382 dignum
847 4320 984 4374 erat,
1037 4306 1275 4363 confusis
1315 4323 1380 4362 ac
1423 4307 1735 4378 repudiatis,
1784 4308 2085 4384 impletur_
2141 4314 2408 4368 mandatis
2435 4314 2578 4368 illius
2599 4312 2909 4368 obedientes
2945 4314 3223 4368 desursum
3250 4315 3708 4384 percipiuntverie

463 4405 595 4460 illud
616 4401 927 4472 Sapientiae,
955 4401 1098 4470 quod
1115 4398 1228 4468 jam
1255 4400 1384 4454 olim
1408 4400 1609 4455 dictum
1631 4408 1738 4467 est,
1765 4402 1890 4472 quia
1915 4418 2035 4472 per-
2057 4382 2112 4441 Ῑ)
2137 4402 2413 4472 sapientiae
2439 4411 2673 4472 gustum,
2710 4410 2764 4456 et
2787 4400 2904 4470 ejus
2927 4402 3198 4456 suavitate
3206 4382 3415 4474 iugiter
3435 4403 3706 4458 delectan-

461 4511 624 4552 aersae
645 4492 981 4562 cogitationes
1010 4499 1252 4559 separant
1281 4506 1314 4544 a
1341 4489 1471 4556 Deo,
1497 4490 1717 4560 probata
1739 4501 1912 4545 autem
1931 4492 2035 4546 air.

465 4595 548 4639 tus
581 4581 795 4651 corripit
839 4581 1156 4650 insipientes.
1208 4578 1547 4644 Quoniamin
1573 4580 1878 4635 malevolam
1923 4582 2040 4635 ani-

463 4691 604 4729 mam
627 4689 728 4726 non
757 4669 969 4724 intrabit
995 4668 1272 4738 sapientia,
1295 4684 1385 4722 nec
1411 4669 1720 4723 inhabitabit
1744 4671 1801 4723 in
1825 4686 2039 4739 corpore

466 4763 670 4818 subdita
694 4759 916 4830 peccatis
945 4774 963 4811 :
988 4755 1216 4827 Spiritus
1238 4759 1374 4810 enim
1393 4769 1605 4813 sanctus
1626 4758 1915 4829 disciplinae
1961 4761 2040 4830 ef-

469 4854 630 4924 fugiet
669 4851 873 4921 ﬁctam,
897 4858 945 4903 et
968 4848 1168 4917 auferet
1191 4864 1244 4901 se
1265 4864 1297 4900 a
1321 4849 1718 4916 cogitationibus
1761 4867 1877 4920 quae
1918 4859 2039 4905 sunt

471 4945 580 5006 sine
607 4927 869 4995 intellectu
892 4936 1052 5009 (Sap.
1077 4936 1148 5010 ι).
1177 4937 1244 4991 Et
1263 4937 1386 5005 quia
1418 4937 1551 4992 tales
1571 4953 1678 4992 non
1731 4948 2042 4994 meruerunt

473 5017 706 5085 divinam
736 5028 1052 5098 sapientiam
1083 5027 1346 5095 accipere,
1382 5041 1608 5096 quorum
1640 5041 1735 5082 cor
1760 5029 2043 5084 constabat

470 5135 680 5176 veneno
712 5120 923 5173 invidia:
951 5134 1068 5173 esse
1103 5118 1386 5188 repletum.
1436 5117 1536 5184 Qui
1585 5119 1692 5173 sint
1740 5127 1918 5174 autem
1967 5120 2042 5174 illi

474 5227 704 5281 quorum
728 5217 934 5265 mentes
953 5209 1130 5262 divina
1168 5209 1429 5280 largiente
1457 5210 1626 5280 gratia
1649 5226 1769 5265 eam
1799 5212 2042 5282 recipere

475 5303 700 5373 possint,
726 5299 854 5354 alibi
878 5297 1251 5352 manifestatur
1278 5314 1400 5354 cum
1444 5300 1676 5354 dicitur:
1706 5298 1849 5354 Fons
1900 5303 2044 5371 sapi-

473 5393 628 5446 entite
648 5391 852 5445 verbum
899 5389 991 5442 Dei
1012 5389 1065 5441 in
1085 5387 1316 5455 excelsis,
1339 5398 1385 5442 et
1406 5390 1665 5459 ingressus
1710 5390 1852 5443 illius
1890 5406 2040 5444 man-

476 5482 600 5534 data
626 5490 838 5534 aeterna.
865 5477 1038 5531 Radix
1058 5476 1324 5545 sapientia:
1349 5480 1430 5532 cui
1462 5479 1684 5534 revelata
1704 5489 1802 5545 est,
1830 5489 1877 5533 et
1901 5489 2044 5534 astu-

479 5573 575 5624 tias
599 5569 738 5623 illius
757 5571 868 5640 quis
892 5572 1093 5641 agnovit
1113 5570 1134 5622 ?
1153 5568 1435 5639 Disciplina
1457 5571 1723 5638 sapientia
1773 5572 1858 5623 cui
1902 5586 2043 5624 reve-

483 5662 584 5716 Ιιλιι
613 5672 703 5727 ι-δι,
729 5671 774 5716 et
800 5663 1167 5734 manifestata?
1191 5673 1237 5717 et
1270 5661 1748 5731 multiplicationem
1784 5663 2043 5746 ingressus

2137 4501 2239 4557 tes,
2269 4506 2375 4546 non
2404 4505 2463 4546 se
2492 4491 2615 4547 inde
2665 4492 2719 4546 in
2748 4491 3030 4546 elationem
3061 4492 3344 4554 extollunt,
3376 4492 3470 4547 sed
3498 4491 3705 4547 humili-

2135 4591 2219 4638 ter
2243 4582 2534 4637 sentientes
2556 4591 2808 4653 tanquam
2848 4583 3053 4654 parvuli
3101 4585 3153 4638 in
3200 4584 3518 4638 innocentiae
3565 4584 3714 4653 puti-

2136 4680 2248 4727 tate
2274 4673 2588 4743 persistunt.
2628 4673 2734 4728 Pro
2767 4675 2960 4743 quibus
2981 4675 3090 4743 ipsa
3113 4675 3324 4728 Veritas
3351 4674 3403 4727 in
3423 4673 3706 4744 Evangelia

2138 4762 2205 4817 ad
2242 4760 2456 4815 Patrem
2487 4760 2708 4829 loquens
2735 4762 2807 4815 ita
2831 4762 2906 4815 ait
2934 4778 2948 4814 :
2973 4760 3368 4830 Canﬁteortibi,
3400 4759 3580 4824 Pater,
3605 4761 3710 4813 Do-

2139 4852 2275 4904 mine
2299 4850 2410 4904 caeli
2432 4859 2480 4903 et
2504 4859 2677 4916 teme,
2700 4852 2823 4921 quia
2845 4851 3157 4904 abscondisti
3193 4852 3304 4904 lucc
3330 4868 3362 4902 η
3395 4851 3708 4917 sapientibsss

2140 4948 2188 4993 et
2212 4937 2569 5008 prudentibus,
2589 4947 2635 4990 et
2657 4936 2890 4991 revelasti
2914 4954 2974 4990 ea
2996 4937 3249 5005 parvulis.
3268 4936 3293 4990 1
3299 4949 3372 5001 ια,
3393 4935 3571 5000 Pater,
3587 4954 3713 5004 quo-

2141 5030 2283 5081 niam
2309 5029 2382 5082 sic
2405 5028 2506 5097 fuit
2530 5027 2776 5097 placitum
2801 5037 2920 5081 ante
2939 5037 2990 5081 te
3029 5027 3186 5097 (Luc.
3223 5045 3253 5082 χ
3270 5030 3309 5099 ).
3348 5028 3526 5082 Placet
3567 5030 3713 5084 enim

2143 5119 2252 5174 Deo
2279 5118 2447 5184 Patri,
2477 5118 2651 5188 placet
2673 5128 2727 5174 et
2758 5118 2912 5186 Filio,
2945 5119 3118 5187 placet
3158 5129 3213 5175 et
3257 5119 3478 5188 Spiritui
3524 5131 3714 5174 saturio

2143 5209 2234 5262 uni
2259 5209 2365 5263 Deo
2390 5208 2761 5278 omnipotenti,
2791 5216 2848 5262 ut
2866 5208 2954 5278 qui
2994 5208 3046 5261 in
3069 5210 3236 5264 oculis
3275 5212 3386 5264 suis
3427 5227 3619 5280 parvus
3653 5222 3717 5260 με

2143 5313 2262 5354 esse
2288 5298 2642 5368 conspiciunt,
2670 5314 2852 5353 coram
2867 5299 3034 5353 oculis
3059 5300 3146 5353 Dei
3172 5301 3222 5353 in
3250 5302 3454 5370 magnis
3475 5301 3717 5352 exaltu:—

2144 5399 2254 5456 tur,
2283 5397 2337 5445 et
2364 5390 2764 5459 areproborum
2795 5391 3060 5443 consortio
3093 5391 3344 5458 separati.
3369 5391 3456 5458 qui
3480 5401 3723 5456 proper-

2145 5457 2628 5534 catorum‘Suorum
2658 5479 2893 5533 tenebris
2916 5488 3114 5532 aeterno
3134 5491 3350 5531 carcere
3381 5478 3712 5528 infcrnnrum

2147 5571 2430 5626 damnandi
2461 5570 2738 5642 sunt;ipsi
2783 5585 2910 5624 vero
2952 5570 3146 5622 lumine
3193 5571 3385 5623 ditium
3439 5566 3714 5635 sapianltre

2145 5664 2526 5735 perpetualitcr
2547 5665 2896 5720 illustrentur.
2926 5663 3045 5718 ldco
3075 5662 3326 5717 Dominus
3352 5671 3544 5734 spretis
3568 5654 3714 5711 Sett-
