3922 6340
231 354 371 436 loss

1172 368 1519 426 COMMENT.
1554 368 1625 422 l'N
1662 366 2093 423 MATTHEUM.
2139 397 2206 405 —-
2244 367 2368 420 LIB.
2414 369 2519 422 VII.

3329 376 3461 429 ιρῡε

159 501 168 516 ¹
227 496 424 559 tinum)
452 501 505 545 ct
526 488 918 544 Pharisaeorum
957 485 1150 539 oo.osis
1179 481 1557 553 quaestionibus
1605 495 1796 537 conse-
1825 484 1875 539 Α
1899 479 2144 534 videlicet
2174 497 2278 534 non
2313 490 2369 534 ut
2393 481 2649 537 facientes
2677 492 2784 535 sint
2814 483 2964 552 justi,
2992 483 3082 548 sed
3123 492 3180 537 ut
3201 484 3463 562 dicentes

225 589 461 648 quenter
498 578 564 632 ad
601 575 907 644 discipulos,
935 583 988 628 et
1015 574 1079 627 ad
1101 573 1355 642 populum
1381 584 1688 627 sermonem
1715 571 1795 624 iu-

226 669 546 724 structlonis
568 666 851 726 convertit,
886 673 943 715 ut
981 664 1032 717 hi
1056 663 1144 729 qui
1192 662 1366 716 idonei
1415 668 1540 715 sunt
1583 659 1794 728 capiant

229 758 300 811 de
334 771 430 811 ore
459 755 573 825 ejus
594 755 810 808 verbum
838 751 1042 805 salutis.
1093 749 1347 818 Sequitur
1367 748 1712 818 evangelista,
1743 757 1796 801 ct

225 847 382 900 dicit:

305 935 450 989 Tunc
477 917 630 988 Iesus
661 928 859 1011 locutus
891 941 963 984 est
1002 931 1068 983 ad
1106 931 1302 992 turbas,
1338 940 1383 981 et
1413 931 1478 981 ad
1516 929 1796 998 discipulos

221 1040 372 1088 suos,
401 1023 613 1075 dicens:
643 1019 809 1088 Super
833 1017 1126 1070 cathedram
1156 1016 1323 1085 Moysi
1349 1020 1588 1070 sederunt
1618 1016 1797 1070 scriba:

223 1124 279 1168 et
302 1111 562 1167 Pliaristei
582 1127 599 1173 ;
627 1110 801 1162 omnia
824 1125 942 1178 ergo
961 1124 1279 1178 qumunque
1309 1109 1534 1160 dixerint
1557 1107 1694 1160 vobis
1713 1107 1796 1174 fa-

225 1207 331 1258 cite
356 1215 402 1257 ct
426 1212 654 1265 senate;
674 1199 956 1253 secundum
975 1215 1134 1269 opera
1157 1216 1270 1252 vero
1296 1215 1472 1252 eorum
1509 1198 1665 1251 nolite
1711 1199 1794 1265 fa-

225 1311 346 1348 cere
375 1308 393 1344 :
423 1293 602 1345 dicunt
625 1290 760 1343 enim
790 1298 837 1342 et
858 1305 962 1342 non
987 1287 1206 1356 faciunt.
1263 1287 1403 1354 Quid
1445 1287 1794 1350 mansuetius,

226 1381 364 1451 quid
397 1378 681 1450 benignius
710 1376 969 1432 Domine?
991 1377 1252 1431 Tentatur
1275 1392 1305 1430 a
1336 1376 1795 1440 Pharisazis,'con-

224 1469 538 1538 friuguutur
561 1465 766 1522 insidia:
792 1482 994 1531 eorum,
1024 1474 1077 1520 et
1099 1480 1194 1535 per
1219 1464 1572 1555 psalmistam,
1599 1465 1798 1533 sagitta:

1895 570 2365 638 appareautjustit
2411 571 2566 625 Tales
2587 580 2709 624 sunt
2736 581 2790 624 et
2817 571 2905 638 qui
2931 587 3089 640 grave
3129 572 3334 641 pondus
3379 588 3466 626 γει·

1899 657 2170 712 nientibus
2185 658 2248 711 ad
2266 661 2635 728 paenitentiam
2663 672 2897 730 ponunt:
2921 661 3054 725 Quia
3082 663 3278 726 dicunt,
3293 674 3339 716 et
3364 680 3466 716 non

1895 747 2118 813 faciunt.
2149 745 2216 800 Et
2237 747 2316 801 sic
2340 748 2463 801 dum
2491 764 2644 818 paena
2673 750 3004 819 pmnitcntizn
3032 753 3306 819 przescntis
3336 752 3466 822 fugi-

1891 848 2005 904 tur,
2038 840 2397 894 contemnitur
2424 857 2579 911 poma
2615 845 2820 911 peccati
2850 843 3035 897 futuri.
3091 842 3147 897 Si
3196 845 3336 897 enim
3386 845 3463 897 fa-

1893 942 2040 981 scem
2064 942 2224 996 super
2253 929 2506 984 humeros
2534 931 2907 998 adolescentis,
2925 947 3084 1002 quem
3137 948 3240 986 non
3294 941 3463 1000 potest

1895 1014 2136 1082 baiulare
2148 1018 2392 1085 posueris
2410 1032 2629 1072 necesse
2646 1019 2824 1083 habet,
2851 1029 2906 1074 ut
2919 1029 3010 1074 aut
3023 1019 3225 1074 fascem
3241 1020 3463 1089 rejiciat.

1897 1117 1989 1159 aut
2007 1108 2108 1161 sub
2129 1108 2757 1180 poudcreconfringatur
2779 1128 2793 1162 :
2823 1111 2900 1164 sic
2915 1123 2969 1164 et
2984 1112 3188 1165 homini
3207 1113 3290 1166 cui
3309 1127 3469 1180 gravi:

1894 1197 2105 1267 pondus
2132 1197 2462 1266 poenitentia:
2483 1199 2659 1266 ponis,
2693 1214 2913 1252 necesse
2935 1207 3018 1252 est
3052 1207 3113 1253 ut
3161 1209 3252 1254 aut
3294 1203 3468 1269 paeni-

1899 1286 2120 1340 tentiam
2151 1286 2378 1355 rcjiciat,
2403 1296 2496 1340 aut
2516 1289 2811 1355 suscipiens
2838 1289 2962 1341 dum
2985 1286 3128 1341 ferre
3147 1306 3250 1343 non
3272 1298 3467 1358 potest,

1899 1376 2290 1429 scandalizatus
2317 1376 2543 1446 amplius
2578 1388 2776 1446 peccet.
2806 1378 3008 1434 Deinde
3040 1388 3094 1434 et
3140 1381 3183 1434 si
3228 1396 3470 1436 erramus

1898 1465 2158 1517 modicam
2181 1465 2549 1533 pmnitentiam
2581 1467 2928 1533 imponcntes,
2959 1483 3132 1523 nonue
3159 1470 3348 1526 melius
3390 1481 3472 1525 est

225 1557 567 1626 parvulorum
595 1558 747 1627 facta
773 1565 891 1610 sunt
921 1555 1087 1626 plaga:
1110 1552 1285 1608 eorum
1313 1555 1332 1626 (
1349 1552 1496 1607 Psal.
1526 1554 1720 1625 Latin);
1746 1563 1801 1607 et
1890 1563 2117 1622 propter
2142 1554 2565 1608 miscricordiam
2598 1555 2727 1608 dare
2756 1557 3017 1613 rationem
3041 1575 3200 1627 quam
3252 1570 3472 1632 propter

227 1649 582 1704 nihilominus
603 1655 823 1718 propter
854 1646 1207 1702 sacerdotium
1236 1653 1291 1700 et
1312 1645 1542 1701 nominis
1571 1645 1800 1714 dignita-

230 1746 344 1792 tem
358 1738 672 1797 exhortatur
687 1735 908 1806 populos
923 1743 979 1789 ut
1003 1734 1354 1807 subjiciantqr
1372 1735 1470 1800 eis,
1503 1749 1609 1787 non
1638 1749 1798 1803 opera

1896 1642 2288 1696 crudelitatem.

1971 1731 2161 1784 Omnia
2182 1748 2305 1786 vero
2325 1748 2479 1801 opera
2502 1750 2598 1786 sua
2621 1735 2820 1802 faciunt
2842 1746 2896 1788 ut
2925 1736 3194 1790 videantur
3219 1739 3282 1792 ab
3302 1740 3469 1794 Itomiv

228 1827 328 1881 sed
355 1827 651 1881 doctrinam
673 1826 1094 1881 considerantes.
1127 1824 1277 1891 Quod
1295 1831 1471 1879 autem
1493 1824 1605 1878 ait:
1632 1822 1801 1893 Super
1832 1810 2015 1874 Boiis.
2075 1820 2228 1876 Nunc
2262 1830 2442 1875 autem
2481 1823 2598 1876 vult
2640 1823 2922 1879 ostendere
2973 1840 3210 1893 causam,
3254 1838 3474 1900 propter

226 1916 536 1984 cathedram
584 1914 752 1985 Hoysi
794 1914 1034 1968 sederunt
1074 1913 1255 1966 scribto
1291 1923 1339 1966 et
1383 1910 1659 1976 Phariswi,
1706 1927 1804 1982 per

227 2006 546 2085 cathedram
572 2005 869 2060 doctrinam
898 2003 1299 2075 legisostendit.
1350 2001 1539 2075 (Joan.
1582 2002 1802 2074 Chrys.)

226 2095 378 2166 Ergo
403 2104 453 2168 et
479 2094 622 2159 iliud,
652 2093 793 2163 quod
823 2093 1019 2148 dicitur
1066 2093 1121 2146 in
1171 2092 1410 2161 psalmo:
1445 2090 1510 2145 In
1559 2093 1803 2146 cathedra

227 2182 537 2252 pestilentiae
562 2199 666 2237 non
687 2183 824 2236 stetit
845 2182 866 2252 (
887 2179 1032 2234 Psal.
1056 2182 1149 2251 ι),
1195 2191 1242 2235 et
1268 2181 1537 2235 cathedras
1580 2182 1800 2236 tenden-

229 2273 366 2326 tium
394 2272 662 2327 columbas
675 2272 882 2335 evertit,
910 2271 1204 2326 doctrinam
1233 2269 1490 2325 debemus
1535 2270 1799 2339 accipere.

225 2359 305 2415 Et
349 2361 472 2416 ideo
517 2361 774 2416 Dominus
812 2359 878 2413 ad
915 2375 1042 2414 suos
1069 2359 1334 2413 convertit
1367 2373 1691 2430 sermonem,
1745 2367 1804 2412 ut

223 2448 481 2505 confusio
520 2449 818 2503 scribarum
857 2456 914 2502 et
951 2448 1346 2503 Pharisaei-mn
1392 2448 1607 2504 illorum
1652 2449 1804 2504 fieret

227 2538 537 2608 disciplina.
565 2537 955 2593 infructuosum
988 2552 1220 2607 namque
1245 2546 1332 2593 est
1363 2539 1605 2606 verbum,
1628 2541 1804 2610 inquo

228 2614 316 2680 sic
336 2625 476 2680 alter
505 2624 870 2692 cordunditur,
896 2633 954 2680 ut
978 2625 1112 2680 alter
1130 2641 1238 2681 non
1261 2626 1553 2681 erudiatur.
1583 2625 1715 2681 Nam
1750 2637 1803 2684 ct

223 2715 380 2770 Deus
403 2730 510 2769 non
535 2724 760 2784 propter
786 2715 956 2770 malos
987 2703 1390 2786 castigandum
1414 2730 1576 2785 super
1600 2725 1803 2770 terram

237 2806 570 2872 transmittit,
590 2805 684 2860 sed
704 2814 928 2876 propter
942 2805 1158 2861 bonos:
1188 2806 1290 2860 scit
1327 2806 1471 2859 enim
1515 2806 1643 2874 quia
1690 2822 1804 2860 ma-

232 2897 320 2952 los
349 2896 556 2968 ﬂagella
595 2912 728 2969 non
762 2898 1059 2969 corrigunt.
1086 2895 1200 2952 Sed
1231 2895 1404 2951 malos
1443 2897 1695 2967 castigat,
1743 2903 1806 2950 ut

227 2987 686 3057 corrigstbonos,
721 2987 844 3055 quia
889 2987 1064 3041 bonus
1113 2984 1218 3039 nisi
1257 2984 1566 3063 admonitus
1615 2981 1802 3050 fuerit,

222 3088 335 3144 per
356 3073 735 3144 negligentiam
757 3073 1048 3128 evanescit.
1071 3071 1166 3127 Sic
1192 3080 1250 3127 et
1280 3071 1528 3127 Christus
1557 3073 1797 3142 nunquid

232 3128 346 3219 non
370 3128 544 3233 pta-init
567 3178 754 3217 eorum
780 3163 1225 3232 interrogationes
1263 3162 1642 3219 conﬂuere!
1684 3128 1800 3217 .Sed
1822 3128 1872 3191 ε

226 3253 405 3309 τω
425 3255 676 3325 indigum
699 3253 916 3322 indigne
941 3253 1151 3316 docere.
1179 3260 1242 3306 ut
1267 3251 1454 3322 dignes
1496 3251 1652 3323 digne
1671 3251 1800 3305 εὐί-

308 3429 541 3500 Aﬂigant
563 3438 737 3482 antes:
758 3444 918 3483 onera
949 3428 1128 3498 gratia
1154 3436 1206 3481 et
1233 3426 1605 3498 inimitabilia,
1631 3435 1680 3480 et
1699 3429 1801 3479 ies-

181 3533 184 3535 ‘
231 3527 434 3588 possunt
454 3521 510 3572 in
530 3518 774 3573 humeros
799 3519 1068 3572 hominum
1082 3533 1102 3582 ;
1123 3514 1282 3587 digito
1305 3525 1480 3570 am
1496 3532 1593 3570 suo
1618 3515 1800 3571 uelauit

228 3624 297 3660 ea
317 3609 579 3682 meum}
602 3607 856 3677 Veniant.)
880 3607 991 3661 Non
1005 3614 1234 3676 possunt
1252 3620 1380 3677 ergo
1397 3607 1635 3661 imbuet
1646 3605 1803 3661 disci-

235 3698 345 3768 puli
371 3697 580 3752 Domini
604 3712 768 3752 onera
789 3697 922 3768 legis
948 3704 1185 3766 portare,
1213 3709 1282 3750 eo
1308 3698 1466 3750 modo
1485 3709 1590 3766 quo
1610 3695 1800 3749 scriba

233 3801 293 3847 et
323 3790 579 3846 Pharisazi
603 3791 717 3845 hanc
740 3791 1085 3859 imponebant
1108 3787 1437 3843 hominibus.
1461 3787 1619 3844 {inde
1656 3794 1801 3842 recte

229 3882 462 3936 audiunt
482 3882 623 3951 quod
647 3881 894 3935 sarcinas
914 3881 1061 3950 ipsas
1089 3896 1195 3935 uno
1219 3881 1391 3952 digito
1411 3895 1510 3936 suo
1534 3894 1641 3933 non
1681 3886 1802 3932 tan-

229 3982 426 4043 gerent
451 3990 468 4025 :
499 3973 598 4027 hoc
618 3965 722 4036 est,
748 3987 818 4026 ne
850 3972 903 4025 in
926 3971 1161 4026 minimis
1183 3971 1394 4040 quidem
1411 3986 1534 4026 eam
1575 3968 1800 4040 perlice-

230 4070 379 4123 rent,
413 4076 572 4130 quam
601 4075 661 4115 se
686 4068 870 4115 contra
922 4075 1127 4116 morem
1175 4069 1385 4129 patrum
1428 4060 1548 4114 sine
1587 4058 1702 4113 ﬁde
1748 4065 1802 4114 et

233 4151 412 4220 gratia
437 4148 808 4214 JesuChnsti,
833 4156 893 4204 et
926 4164 1140 4204 scrvare
1169 4159 1222 4202 et
1248 4149 1560 4203 servandam
1592 4149 1802 4203 tradere

231 4239 648 4311 praesumebant.
692 4240 862 4310 Atque
893 4240 1016 4294 ideo
1049 4239 1234 4310 iugum
1283 4237 1482 4293 Christi
1517 4247 1802 4300 suave,.et

233 4329 503 4384 sarcinam
518 4327 642 4398 eius
662 4328 834 4400 levem
858 4327 880 4397 (
898 4327 1084 4381 Matth.
1099 4343 1151 4380 ιι
1170 4328 1188 4399 )
1208 4364 1222 4391 ,
1248 4327 1335 4381 ubi
1358 4326 1568 4395 requies
1586 4335 1669 4380 est
1683 4326 1802 4379 ani-

239 4432 472 4480 marum,
509 4416 695 4486 procul
732 4415 963 4484 abjicere
993 4425 1047 4469 et
1074 4415 1430 4471 exterminare
1473 4414 1793 4478 tentabant:

229 4521 362 4560 cum
385 4506 642 4576 scriptum
674 4506 760 4568 sit,
778 4506 954 4574 justus
997 4515 1060 4560 ex
1095 4505 1198 4574 ﬁde
1226 4505 1344 4558 vivit
1387 4503 1584 4574 (Hebr.
1616 4504 1676 4576 ι)
1696 4545 1710 4568 ,
1745 4513 1801 4560 et

233 4593 514 4664 apostolus
533 4595 850 4661 Petrushis,
880 4597 966 4665 qui
993 4595 1273 4660 credentes
1302 4610 1367 4650 ex
1401 4595 1646 4667 gentibus
1689 4596 1797 4650 cir-

230 4685 470 4740 cumcidi
510 4685 791 4750 docebant,
831 4692 1178 4754 protestetur,
1229 4692 1284 4738 et
1328 4684 1513 4740 dicat:
1548 4684 1798 4754 Nunquid

233 4775 450 4827 tentatis
475 4773 660 4837 Deum,
684 4775 1140 4845 imponenejugum
1161 4791 1313 4843 super
1352 4777 1592 4829 cervicem
1643 4776 1801 4830 disci-

237 4863 660 4935 pulorum,quod
698 4880 856 4934 neque
895 4875 1067 4934 patres
1107 4867 1288 4927 nostri,
1333 4882 1491 4934 neque
1511 4882 1602 4920 nos
1630 4868 1800 4936 potui-

234 4969 358 5005 rnus
386 4954 633 5020 portare?
656 4953 759 5007 Sed
793 4970 882 5023 per
905 4956 1125 5023 gratiam
1159 4954 1363 5007 Domini
1393 4955 1518 5008 Jesu
1546 4956 1800 5009 credimus

234 5043 454 5108 salvari,
496 5046 928 5120 quemadmodum
950 5055 996 5100 et
1023 5046 1101 5098 illi
1149 5045 1297 5117 (Act.
1328 5055 1458 5116 xv).
1509 5047 1761 5119 [Ηὶενοη.
1785 5048 1828 5120 ],

239 5135 542 5191 Notandum
570 5152 698 5206 ergo
726 5139 865 5206 quod
894 5139 1006 5194 haec
1034 5141 1320 5209 sententia“
1343 5143 1548 5195 Domini
1579 5157 1800 5210 genera-

235 5227 362 5280 liter
376 5227 657 5282 adversum
682 5243 870 5282 omnes
902 5231 1200 5299 magistros,
1231 5232 1321 5300 qui
1351 5235 1796 5304 grandiajubent,

234 5326 292 5371 et
309 5318 514 5371 minora
530 5317 728 5371 faciunt
739 5320 905 5387 accipi
922 5318 1354 5388 potest/Maxime
1369 5338 1487 5376 cum
1504 5333 1557 5377 et
1570 5325 1794 5390 humeri,

236 5414 292 5460 et
316 5404 487 5473 digiti,
519 5414 572 5458 et
592 5421 754 5460 onera
784 5414 837 5459 et
863 5407 1070 5460 vincula
1096 5408 1286 5477 quibus
1308 5409 1592 5481 alligantur
1614 5428 1794 5477 onera,

237 5493 582 5565 spiritaliter
611 5496 948 5565 intelligenda
997 5498 1124 5551 sint.
1177 5496 1426 5568 (Chi-ys.)
1472 5500 1628 5554 Tales
1670 5511 1800 5558 sunt

236 5586 420 5639 etiam
441 5601 580 5639 nuttc
600 5586 872 5640 indiscreti
901 5588 1221 5652 sacerdotes,
1252 5589 1339 5656 qui
1388 5605 1600 5644 omnem
1640 5590 1802 5658 justi-

235 5676 369 5729 tiam
401 5676 595 5744 populo
617 5675 890 5739 mandant,
914 5687 967 5730 et
995 5678 1092 5744 ipsi
1122 5694 1218 5732 nec
1255 5680 1517 5734 modicum
1563 5690 1793 5744 servant,

562 5768 836 5828 Parnm.
876 5767 1066 5830 CVII.

1906 1924 2064 1977 quam
2096 1923 2202 1963 non
2233 1918 2484 1978 poterant
2504 1911 2724 1966 credere
2764 1911 3010 1980 Domino,
3059 1912 3160 1971 hoc
3203 1926 3305 1983 est,
3348 1919 3473 1990 quia

1904 1996 2083 2050 omnia
2101 1995 2311 2051 faciunt
2333 2005 2393 2051 ut
2417 1998 2491 2053 ab
2512 1998 2822 2055 hominibus
2871 2001 3169 2058 vidcantur.
3221 2005 3471 2075 lmpossi—

1900 2085 2010 2140 bile
2035 2095 2123 2142 est
2145 2087 2287 2142 enim
2313 2095 2374 2141 ut
2402 2087 2586 2144 credat
2602 2087 2824 2156 Christo
2865 2091 3104 2148 ccclestia
3140 2097 3471 2166 praedicanti,

1900 2179 1994 2245 qui
2021 2177 2245 2249 gloriam
2275 2179 2549 2234 hominum
2575 2181 2906 2250 concupiscit
2931 2188 3223 2238 terrenam.
3261 2185 3330 2242 Et
3353 2186 3472 2242 ideo

1901 2269 2212 2339 quicunque
2230 2270 2308 2324 ita
2328 2269 2459 2325 facit
2481 2284 2645 2340 opera
2666 2287 2762 2326 sua
2788 2279 2848 2327 ut
2874 2273 3155 2329 videantur
3187 2275 3257 2332 ab
3301 2277 3472 2333 homi-

1896 2357 2079 2420 nibus,
2104 2356 2293 2412 similis
2307 2358 2502 2412 scribis
2521 2365 2576 2412 et
2594 2357 2881 2416 Pbarisaeis
2908 2370 3008 2418 est.

1913 2474 1916 2476 η
1979 2449 2207 2503 Dilatant
2236 2450 2373 2503 enim
2411 2450 2730 2520 phylacten’a
2750 2469 2877 2519 sua,
2906 2463 2955 2508 et
2978 2456 3313 2526 magniﬁcam
3353 2457 3476 2526 fim-

1903 2529 2062 2592 brias.
2091 2539 2282 2592 Asnam
2305 2550 2481 2593 autem
2504 2543 2699 2611 primos
2729 2543 2986 2598 recubittts
3003 2546 3062 2598 in
3089 2547 3266 2610 omnis,
3297 2555 3345 2600 et
3372 2549 3477 2618 pri-

1904 2643 2016 2681 mas
2040 2628 2314 2682 cathedras
2341 2630 2394 2682 in
2415 2631 2709 2701 synagogis,
2733 2641 2782 2686 et
2813 2632 3149 2690 salutationes
3176 2637 3231 2689 in
3257 2636 3393 2705 foro,
3427 2647 3475 2689 et
3524 2691 3527 2695 _

1899 2719 2078 2772 vocari
2107 2719 2171 2771 ab
2197 2719 2513 2785 horninibus,
2546 2719 2729 2775 Baebi.
2767 2722 3062 2795 (meram)
3101 2726 3192 2780 γε
3234 2726 3336 2780 iilis
3378 2727 3478 2780 mi-

1896 2806 2040 2862 seris
2063 2808 2133 2862 ad
2164 2823 2303 2877 quos
2327 2809 2535 2864 scilicet
2559 2809 2956 2866 Pharisaeorum
2999 2814 3125 2869 vitia
3170 2823 3468 2870 transeunt.

1905 2893 2164 2950 Dominus
2205 2912 2329 2952 mm
2364 2899 2596 2953 dedisset
2629 2900 2879 2955 mandata
2925 2901 3056 2973 legis
3093 2919 3191 2973 per
3238 2905 3471 2976 Moysen,

1899 2983 1975 3039 ad
1997 2991 2299 3039 extremum
2336 2986 2553 3041 intulit:
2580 2987 2788 3058 Ligabis
2803 3007 2866 3043 ea
2889 2991 2946 3044 in
2973 3009 3131 3046 manu
3163 3003 3273 3056 tua,
3298 3005 3343 3048 et
3362 2996 3470 3048 sint

1903 3071 2461 3130 lmmotaanteocnlos
2484 3086 2599 3131 tuas
2649 3076 2859 3149 (Exod.
2904 3095 3107 3144 nvut;
3165 3081 3316 3136 Dent.
3364 3087 3470 3154 vi).

1896 3161 2063 3232 Cujus
2085 3164 2208 3220 talis
2231 3173 2316 3220 est
2341 3181 2564 3222 sensus:
2595 3167 2868 3238 Praecpta
2901 3184 3015 3224 mea
3042 3171 3152 3224 sint
3199 3173 3252 3226 in
3303 3190 3466 3228 manu

1903 3268 2012 3324 tua,
2041 3268 2106 3314 ut
2133 3273 2297 3328 opere
2311 3259 2714 3329 compleantur;
2742 3261 2850 3316 sint
2869 3270 2994 3317 ante
3022 3263 3211 3319 oculos
3239 3274 3378 3329 tuos,
3410 3279 3467 3320 ut

1895 3348 2068 3404 dicae
2090 3357 2248 3403 nocte
2263 3350 2717 3406 nsediterisineis.
2739 3351 2854 3406 Hoc
2872 3351 3128 3409 Pharismi
3151 3355 3285 3410 inale
3311 3357 3474 3411 inter—
3529 3418 3532 3423 ,

1899 3438 2555 3508 pretantesscribebantiu
2569 3440 2953 3497 membranulis
2966 3443 3271 3515 decalogum
3287 3446 3468 3517 Moysi,

1896 3527 2070 3594 idest,
2085 3528 2269 3583 decem
2283 3526 2444 3581 verba
2461 3528 2591 3598 legis
2602 3530 2936 3599 plicantesea
2949 3541 3007 3586 et
3020 3531 3242 3604 ligat-Acs
3256 3536 3307 3589 in
3322 3535 3470 3590 l'rou-

1899 3628 2047 3685 te,et
2062 3619 2219 3690 quasi
2239 3633 2496 3675 coronam
2517 3621 2678 3690 capiti
2703 3620 2988 3688 facientes.
3029 3634 3086 3677 ut
3111 3640 3324 3694 semper
3347 3637 3474 3682 ante

1896 3709 2085 3765 oculos
2107 3718 2449 3765 moverentur
2476 3727 2490 3764 :
2514 3711 2658 3780 quod
2684 3726 2853 3780 usque
2873 3711 3169 3768 hodieinde
3196 3714 3474 3786 Babylonii

1898 3798 2413 3868 faciunﬁetquihoc
2435 3797 2683 3853 habuerit
2705 3800 2859 3869 quasi
2884 3800 3160 3872 religiosus
3184 3803 3238 3856 in
3265 3805 3472 3874 populis

1895 3888 2187 3959 iudicatur.
2233 3886 2480 3944 Iusserat
2507 3905 2719 3960 quoque
2758 3890 2901 3944 aliud
2929 3890 3136 3962 Moyses
3162 3901 3219 3946 ut
3264 3895 3316 3947 in
3345 3910 3473 3963 qua-

1900 3989 2026 4034 tuor
2053 3980 2262 4050 angulis
2302 3979 2585 4049 palliorum
2629 3982 3005 4052 hiacynthinas
3062 3983 3299 4040 ﬁmbrias
3325 3985 3470 4040 facc-

1901 4076 2041 4134 rent,
2097 4069 2165 4123 ad
2191 4068 2404 4124 lsraelis
2445 4069 2694 4139 populum
2749 4071 3187 4140 dignoscendum,
3238 4081 3295 4127 ut
3339 4089 3470 4143 quo-

1899 4157 2060 4212 modo
2082 4157 2139 4210 in
2158 4156 2472 4226 corporibus
2500 4159 2836 4213 circumcisio
2862 4161 3068 4229 signum
3091 4159 3323 4216 Iudaica:
3352 4178 3474 4232 gen—

1903 4246 1974 4299 tis
1996 4245 2170 4310 daret,
2192 4245 2268 4299 ita
2297 4253 2353 4299 et
2380 4245 2552 4300 vestis
2574 4246 2799 4301 haberet
2822 4231 3059 4316 aliquam
3095 4231 3467 4304 dilferentiam.

1901 4335 2272 4404 Superstitiosi
2319 4335 2561 4405 magistri
2601 4345 2882 4406 captantes
2927 4353 3111 4392 auram
3142 4341 3468 4409 popularem,

1906 4432 2064 4492 atque
2089 4438 2156 4476 ex
2181 4423 2509 4478 mulierculis
2536 4435 2809 4480 sectantes
2835 4427 2980 4482 lucra
3014 4427 3281 4483 faciebant
3305 4446 3469 4499 gran-

1901 4513 1994 4566 des
2017 4511 2273 4575 fimbrias,
2307 4521 2360 4566 et
2384 4513 2721 4569 acutissimas
2743 4516 2795 4569 in
2820 4516 2902 4570 eis
2924 4518 3104 4586 spinas
3131 4519 3384 4588 ligabant,
3415 4530 3472 4571 ut

1898 4599 2149 4653 videlicet
2165 4599 2503 4655 ambulantes
2529 4609 2586 4656 et
2611 4603 2861 4658 sedentes
2884 4604 3150 4659 interdum
3174 4622 3469 4680 pungcrcn-

1901 4697 2011 4752 tur,
2034 4701 2087 4744 et
2111 4691 2264 4758 quasi
2296 4692 2396 4746 hac
2414 4694 2832 4763 commonitione
2871 4696 3274 4750 retraherentur
3302 4698 3366 4748 ad
3389 4697 3468 4749 of-

1899 4782 2022 4834 ﬁcia
2066 4782 2292 4843 Dei,-ct
2333 4783 2632 4837 ministeria
2674 4786 2950 4839 servitutis
2993 4785 3124 4852 ejus.
3171 4786 3301 4850 Quia
3342 4801 3468 4853 ergo

1902 4873 2113 4926 dixerat
2151 4872 2436 4938 Dominus,
2475 4872 2667 4927 Omnia
2693 4891 2844 4943 opera
2883 4891 2978 4926 sua
3013 4875 3239 4940 faciunt,
3292 4884 3346 4926 ut
3390 4878 3466 4926 ri-

1903 4963 2125 5014 deantur
2146 4960 2208 5013 ab
2235 4962 2544 5026 nominibus,
2587 4963 2728 5030 quod
2759 4963 3078 5028 generaliter
3099 4975 3462 5022 accusaverat.

1905 5067 2048 5105 nunc
2079 5051 2130 5104 in
2161 5060 2340 5118 partes
2372 5051 2576 5104 dividit.
2622 5050 2888 5119 (Hieron.)
2934 5051 3210 5104 Pictatiola
3261 5051 3344 5102 illa
3371 5055 3461 5103 dr~

1901 5141 2073 5208 calogi
2119 5139 2447 5210 phylacteria
2492 5140 2786 5201 vocabant,
2835 5140 2976 5208 quod
3027 5141 3330 5207 quicunque
3367 5141 3462 5192 lm-

1902 5228 2244 5288 buisseutca,
2268 5225 2416 5296 quasi
2455 5226 2524 5280 ob
2546 5226 2842 5280 custodiam
2867 5235 2922 5279 ct
2967 5226 3351 5280 munimentum
3384 5231 3462 5280 sui

1904 5317 2224 5378 habuerunt,
2267 5331 2372 5369 non
2410 5315 2832 5384 intelligentibus
2863 5315 3147 5369 Pharisuais
3184 5316 3322 5382 quod
3352 5317 3465 5369 hac

1904 5409 1960 5461 in
1995 5409 2153 5463 corde
2190 5410 2449 5476 portanda
2479 5407 2606 5469 sint,
2631 5422 2732 5461 non
2763 5409 2814 5459 in
2839 5421 3062 5474 corpore
3094 5425 3104 5458 :
3139 5407 3371 5474 alioquin
3414 5415 3464 5459 et

1905 5500 2136 5551 armaria
2162 5505 2219 5551 ct
2257 5505 2398 5551 arca:
2425 5498 2624 5551 habent
2651 5499 2835 5560 libros,
2867 5506 2922 5551 et
2961 5497 3053 5551 Dei
3090 5499 3329 5550 notitiam
3364 5515 3466 5549 non

1910 5593 2124 5644 habent.
2168 5589 2354 5644 Nonne
2374 5591 2490 5644 haec
2530 5591 2672 5657 apud
2711 5590 2916 5656 aliquos
2944 5590 3324 5656 superstitiosa:
3355 5601 3466 5642 mn-

1909 5681 2141 5735 licrcuhe
2176 5681 2228 5734 in
2253 5681 2520 5747 parabolis
2554 5679 2825 5746 Evangelii
2862 5677 2990 5748 (AL,
3024 5676 3262 5744 parvulis
3286 5675 3459 5728 Em».
