3922 6346
425 457 581 521 ἴθΉΔ
1056 454 1116 508 Β.
1159 449 1406 508 RABANI
1443 447 1661 505 MAURI
1701 445 2018 503 ARCIllEl’.
2058 448 2359 505 MOCUNT.
2401 448 2678 505 OPERUM
2717 450 2893 505 PARS
2931 452 2969 505 l.
3168 515 3175 520 _
3499 456 3637 510 tut-3

423 585 610 642 magna
655 578 804 630 sunt,
856 564 1285 634 prmtermittant.
1341 560 1545 631 (τινα.)
1574 557 1731 621 lla'c,
1785 557 1974 623 inquit,
2006 561 2051 617 Α
2082 567 2359 626 utramque
2394 559 2665 612 hominum
2716 568 2955 613 naturam
2989 561 3129 625 fecit,
3164 575 3446 632 utramque
3480 579 3638 617 mun-

421 660 641 729 oportuit
681 656 867 723 facere,
902 652 951 705 id
993 659 1074 706 est
1114 649 1395 719 judicium,
1447 645 1890 707 misericordiam,
1921 652 1976 698 et
2078 644 2195 697 dari
2225 645 2508 732 desiderat.
2565 645 2674 700 Hoc
2696 656 2880 700 contra
2911 647 3246 711 Manichacus,
3279 652 3369 720 qui
3398 650 3637 704 animam

422 748 596 807 fidem,
639 754 693 797 ut
718 752 773 797 et
791 757 889 795 nos
915 741 1177 794 veraciter
1204 738 1267 791 de
1299 744 1479 790 nostra
1510 734 1723 787 miseria
1742 732 1982 800 judican-
2074 738 2286 785 tantum
2315 747 2344 784 a
2377 732 2501 794 Deo,
2553 748 2763 787 carnem
2792 749 2918 789 vero
2942 744 3128 803 putant
3169 755 3197 790 ει
3246 740 3459 793 diabolo
3487 755 3637 793 crea-

422 845 518 899 tes,
542 844 594 888 et
621 834 709 888 Dei
740 832 1056 886 charitatem
1084 841 1240 898 quam
1291 825 1504 879 donavit
1531 824 1643 892 ipse
1677 822 1976 891 diligentes,
2080 827 2207 872 tam.
2246 818 2356 874 [loc
2382 829 2565 874 contra
2590 821 2727 884 illos,
2754 823 2840 890 qui
2867 824 3159 892 corporalia
3191 839 3431 893 peccata,
3471 826 3639 882 forni—

420 923 502 989 pie
533 931 784 989 recteque
812 915 1267 983 vivamusjustum
1284 912 1540 980 judicium
1566 911 1681 978 ejus
1715 908 1975 963 confiten-
2078 909 2341 962 cntionem
2368 906 2633 974 videlicet,
2664 910 3071 975 immunditiam,
3098 911 3390 978 libidinem,
3414 916 3635 977 furtum,

421 1023 498 1062 les
527 1026 634 1079 quo
660 1008 837 1063 miseri
875 1006 1047 1061 effecti
1097 1016 1301 1057 sumus.
1348 1000 1423 1054 De
1453 1014 1558 1069 quo
1592 999 1722 1053 dicit
1756 998 1979 1067 Aposto-
2081 996 2343 1064 rapinam,
2380 1006 2431 1050 et
2459 1004 2649 1051 caetera
2680 998 2801 1050 talia
2826 1000 2975 1066 quasi
3017 1000 3330 1067 gravissima
3357 1003 3635 1058 detestan-

418 1093 535 1155 lus:
571 1098 835 1152 Iudicium
859 1095 1064 1166 quidem
1086 1107 1150 1146 ex
1171 1107 1271 1144 uno
1302 1090 1355 1141 in
1380 1087 1893 1150 condemnationem;
1930 1096 1979 1139 et
2080 1101 2184 1156 tur,
2214 1092 2474 1160 spiritalia
2498 1106 2642 1155 vero,
2671 1106 2788 1160 quas
2822 1107 2927 1145 non
2957 1093 3131 1147 minus
3156 1093 3374 1147 damnat
3408 1096 3638 1162 Aposto-

415 1173 616 1254 magnie
641 1182 883 1236 charitati
915 1180 1029 1248 ejus
1066 1178 1263 1249 gratias
1314 1184 1520 1244 agentes
1571 1173 1745 1243 (Rom.
1788 1173 1863 1243 v).
1904 1171 1978 1227 De
2080 1180 2180 1245 lus,
2236 1181 2337 1236 hoc
2364 1189 2468 1244 est,
2509 1181 2950 1244 amaritudinem,
3000 1182 3155 1245 iram,
3189 1182 3636 1251 indignationem,

417 1290 518 1343 qua
566 1271 707 1327 idem
735 1272 846 1341 ipse
886 1270 1014 1326 dicit
1047 1267 1229 1337 gratia:
1263 1264 1611 1335 praedicator:
1643 1260 1972 1315 Commendat

2077 1268 2382 1333 clamorem,
2413 1269 2817 1338 blasphemiam,
2857 1258 3155 1339 superbiam
3181 1310 3195 1334 ,
3241 1283 3298 1337 et
3328 1272 3637 1337 avaritiam,

415 1374 585 1417 autem
625 1377 774 1416 suam
797 1361 1098 1413 charitatem
1131 1355 1271 1409 Deus
1299 1355 1354 1406 in
1379 1353 1545 1417 nobis,
1587 1352 1831 1422 quoniam
1860 1367 1975 1404 cum

416 1453 585 1505 adhuc
634 1461 921 1521 peccatores
955 1462 1211 1512 essemus,
1253 1444 1491 1498 Christus
1526 1456 1622 1514 pro
1662 1443 1805 1497 nobis
1841 1458 1980 1496 mor-

414 1550 534 1592 tuus
562 1548 654 1591 est.
695 1536 937 1605 Oportuit
965 1543 1019 1589 et
1048 1532 1134 1588 illa
1166 1548 1272 1588 non
1300 1532 1568 1597 omittere,
1607 1531 1662 1585 id
1691 1540 1791 1596 est,
1832 1531 1976 1587 elec-

418 1640 665 1696 mosynas
696 1624 964 1679 fructuum
998 1632 1350 1677 terrenornm.
1392 1619 1509 1675 Non
1528 1634 1657 1690 ergo
1683 1634 1741 1675 se
1770 1619 1974 1688 fallant,

413 1714 503 1781 qui
528 1727 622 1782 per
657 1712 1017 1782 eleemosynas
1043 1709 1335 1780 quaslibet-
1354 1709 1681 1779 largissimas
1708 1706 1976 1763 fructuum

413 1817 657 1866 suorum,
698 1800 952 1869 cujusque
1002 1800 1241 1868 pecunia:
1277 1798 1644 1867 impunitatem
1692 1812 1752 1853 se
1796 1811 1978 1853 emere

2076 1374 2196 1426 qua:
2220 1358 2480 1413 idolorum
2507 1368 2591 1413 est
2619 1360 2867 1424 servitus,
2914 1368 2972 1413 ut
2992 1360 3127 1413 levia
3157 1369 3524 1415 contemnunt.

2159 1445 2245 1502 Va:
2269 1449 2427 1513 vobis,
2460 1448 2638 1501 scriba:
2664 1458 2710 1501 et
2733 1446 2989 1503 Pharisa’i
3003 1449 3306 1518 hypocrita,
3334 1450 3459 1518 quia
3486 1449 3639 1501 simi-

2075 1535 2148 1590 les
2175 1537 2297 1590 estis
2314 1537 2561 1606 sepulcris
2585 1536 2859 1602 dealbatis,
2906 1554 3022 1606 qua:
3042 1553 3077 1589 α
3108 1537 3237 1605 foris
3268 1546 3444 1606 patent
3470 1538 3640 1590 horni-

2048 1646 2049 1649 η
2076 1625 2228 1679 nibus
2253 1625 2502 1695 speciosa,
2523 1625 2667 1678 intus
2693 1641 2808 1678 vero
2830 1623 2980 1695 plena
3005 1635 3121 1678 sunt
3162 1626 3360 1679 ossibus
3406 1634 3639 1677 mortuo-

2076 1729 2214 1780 rum,
2236 1726 2285 1768 et
2318 1714 2458 1768 omni
2480 1716 2749 1784 spurcitia.
2796 1712 2882 1767 Sic
2912 1724 2960 1767 et
2988 1729 3070 1767 vos
3110 1730 3141 1766 a
3164 1713 3292 1781 foris
3314 1714 3521 1781 quidem
3542 1730 3639 1781 pa-

2077 1807 2199 1860 retis
2234 1806 2522 1860 hominibus
2540 1805 2693 1875 justi,
2715 1806 2853 1859 intus
2877 1814 3049 1859 autem
3075 1804 3209 1873 pleni
3234 1805 3354 1857 estis
3378 1802 3640 1872 hypocrisi

413 1893 717 1945 existimant
752 1892 803 1945 in
833 1890 1123 1944 facinerum
1153 1889 1486 1943 immanitate
1506 1929 1522 1951 ,
1560 1904 1623 1943 ac
1654 1886 1974 1959 ﬂagitiorum
2001 1882 2049 1942 Β
2074 1905 2122 1949 et
2152 1896 2436 1965 iniquitate.
2481 1894 2749 1964 Sepulcris
2775 1908 2988 1964 quoque
3024 1907 3118 1949 eos
3139 1893 3489 1961 comparavit,
3516 1906 3639 1961 qum

415 1980 647 2048 nequitia
676 1978 1037 2048 permanendi.

487 2067 648 2119 Duces
672 2066 795 2119 cwci
816 2063 1104 2119 enatantes
1130 2064 1364 2129 culicem,
1392 2064 1644 2120 cautelam
1663 2075 1836 2120 autem
1859 2065 1976 2136 glu-

413 2160 609 2210 tientes.
656 2154 925 2210 Camelum
953 2161 1081 2222 puto
1106 2168 1225 2208 esse
1244 2152 1397 2221 juxta
1451 2169 1667 2209 sensum
1696 2155 1975 2223 praesentis

416 2245 511 2299 loci
538 2253 591 2298 et
614 2242 1035 2314 magnitudinem
1057 2252 1463 2312 praceptorum,
1492 2242 1772 2312 judicium,
1804 2251 1858 2298 et
1882 2243 1977 2298 mi-

415 2332 793 2398 sericordiam,
862 2339 918 2386 et
972 2331 1170 2397 fidem;
1239 2332 1463 2388 culicem
1513 2342 1693 2388 autem
1740 2333 1974 2387 decimas

412 2432 623 2489 mentm,
674 2431 730 2478 ct
756 2423 929 2487 aneti,
984 2432 1035 2477 et
1069 2423 1286 2491 cymini,
1325 2432 1380 2477 et
1432 2423 1754 2494 reliquorum
1789 2423 1971 2477 vilium

413 2515 638 2569 olerum.
687 2513 808 2568 llaec
840 2522 1035 2567 contra
1063 2520 1325 2582 praecepta
1364 2513 1475 2576 Dei,
1500 2528 1619 2581 qua:
1653 2513 1809 2583 digna
1850 2520 1975 2568 sunt

411 2603 727 2657 devoramus
776 2611 934 2671 atque
957 2601 1295 2671 negligimus,
1343 2611 1397 2656 et
1424 2604 1673 2673 Opinione
1702 2603 1973 2675 religionis

413 2695 464 2748 iu
491 2692 667 2760 parvis
687 2706 804 2761 qtae
821 2690 1037 2745 lucrum
1063 2690 1259 2745 habent
1290 2691 1614 2762 diligentiam
1638 2693 1973 2748 demonstra—

411 2793 548 2832 mus.
576 2774 759 2849 (Aug.-)
802 2775 1032 2831 Possunt
1080 2785 1255 2832 tamen
1284 2779 1397 2832 haec
1435 2793 1531 2847 per
1570 2778 1877 2850 allegoriam
1905 2779 1973 2833 ad

408 2868 620 2924 Judazos
647 2866 851 2922 referri.
882 2865 1017 2933 Quia
1038 2867 1353 2924 dimiserunt
1387 2868 1707 2935 Barrabam,
1740 2870 1832 2941 qui
1866 2882 1971 2924 non

409 2959 631 3013 solverat
661 2948 937 3013 sabbatum
957 2998 970 3021 ,
1000 2958 1140 3027 quod
1169 2973 1360 3028 magna
1384 2958 1658 3029 diligentia
1684 2952 1975 3013 carnaliter

407 3049 780 3114 observabant,
800 3036 1110 3104 occiderunt
1138 3056 1317 3103 autem
1346 3048 1625 3103 Dominunt
1656 3049 1971 3120 spiritaliter

2073 1981 2306 2036 humano
2332 1996 2495 2050 opere
2518 1981 2769 2050 cultuque
2795 1980 3145 2050 splendentia,
3179 1984 3513 2035 martuorum
3543 1993 3635 2032 os-

2072 2067 2222 2122 sibus
2243 2075 2300 2122 et
2318 2067 2638 2122 cadaverum
2664 2068 3261 2128 immunditiisinterius
3285 2067 3597 2121 sordescant
3620 2083 3635 2126 ;

2071 2155 2359 2227 praeferant
2382 2156 2585 2211 scilicet
2616 2158 2859 2212 inanibus
2882 2158 3060 2212 verbis
3079 2156 3300 2224 iustitia:
3319 2156 3603 2224 speciosita
3618 2187 3634 2195 -

2074 2253 2212 2312 tem,
2240 2244 2471 2299 habeant
2491 2258 2618 2299 vero
2661 2244 2799 2298 intra
2826 2243 3251 2315 seconscientia:~
3272 2257 3383 2297 sua:
3411 2242 3633 2295 mentis-

2072 2347 2177 2403 que
2199 2333 2441 2390 fetorem.
2483 2333 2620 2389 Hinc
2653 2333 2781 2389 illud
2825 2333 2969 2404 quod
2986 2335 3046 2388 in
3077 2333 3242 2388 calice
3266 2340 3321 2388 et
3350 2333 3636 2402 paropside

2069 2438 2236 2493 supra
2260 2423 2677 2489 demonstrabat,
2715 2438 2780 2477 eo
2818 2424 2958 2492 quod
2986 2421 3121 2478 foris
3161 2422 3255 2477 loti
3282 2432 3537 2477 cssentct
3561 2424 3648 2501 in:

2073 2512 2335 2566 trinsecus
2358 2510 2575 2577 sordidi,
2609 2511 2709 2565 hoc
2734 2526 2874 2566 nunc
2906 2526 3008 2581 per
3029 2512 3332 2581 exemplum
3366 2524 3635 2580 sepulcro-

2072 2614 2190 2653 rum
2213 2600 2465 2669 replicat:
2490 2601 2633 2670 quod
2655 2600 2921 2669 quomodo
2949 2599 3189 2670 sepulcra
3208 2600 3514 2655 forinsecus
3542 2600 3633 2653 lita

2073 2698 2197 2746 sunt
2225 2692 2388 2757 calce,
2411 2699 2466 2746 et
2488 2700 2676 2747 ornata
2703 2691 3073 2754 marmoribus,
3113 2700 3167 2745 et
3192 2706 3323 2745 auro
3344 2691 3635 2745 coloribus—

2073 2792 2185 2847 que
2207 2780 2475 2844 distincta,
2522 2780 2664 2835 intus
2708 2787 2889 2834 autem
2916 2779 3069 2849 plena
3096 2790 3222 2834 sunt
3253 2779 3465 2835 ossibus
3491 2794 3635 2832 mor-

2075 2877 2282 2925 tuorum
2306 2889 2318 2925 :
2346 2871 2427 2925 sic
2462 2878 2517 2926 et
2544 2872 2780 2941 perversi
2818 2871 3082 2938 magistri,
3112 2874 3236 2940 quia
3287 2870 3390 2924 alia
3417 2871 3632 2932 docent,

2072 2969 2128 3013 et
2150 2959 2253 3013 alia
2276 2959 2495 3024 faciunt,
2521 2959 2830 3013 munditiam
2852 2958 3033 3014 habitu
3058 2959 3242 3023 vestis,
3270 2968 3326 3013 et
3349 2960 3634 3014 verborum

2073 3045 2370 3101 humilitate
2403 3047 2870 3111 demonstrarent,
2924 3047 3067 3100 intus
3096 3055 3272 3100 autem
3316 3044 3458 3114 pleni
3510 3053 3637 3099 sunt

407 3137 689 3193 sabbatum
730 3136 1107 3203 insinuantem,
1148 3135 1542 3207 perjudicium,
1569 3145 1624 3191 et
1667 3137 1971 3191 miscricor—
2012 3205 2039 3207 _
2070 3136 2215 3190 amni
2244 3136 2523 3204 spurcitia,
2547 3144 2599 3191 et
2625 3135 2870 3201 avaritia,
2902 3143 2957 3189 et
2982 3134 3218 3190 libidine.
3251 3135 3490 3203 Denique
3518 3149 3633 3187 ma-

409 3227 574 3293 diam,
601 3237 657 3283 et
687 3225 864 3292 tidem,
887 3243 1004 3298 quae
1032 3228 1104 3281 illi
1133 3205 1362 3283 maxime
1383 3230 1810 3284 contemnebant.
1838 3226 1970 3281 Nam
1998 3205 2043 3265 (ἶ
2074 3222 2319 3289 nifestius
2351 3224 2453 3280 hoc
2482 3225 2651 3294 ipsum
2681 3224 2931 3293 exprimit
2955 3222 3192 3279 inferens
3218 3225 3295 3278 sic
3377 3223 3445 3277 Et
3476 3237 3569 3277 vos
3599 3236 3629 3276 a

409 3316 677 3373 ctculicis
724 3312 1073 3372 nominonon
1123 3318 1353 3372 absurde
1404 3317 1660 3388 ﬁguratur
1687 3317 1973 3373 seditiosus

409 3407 697 3473 homicida,
730 3408 856 3476 quia
890 3407 992 3461 hoc
1020 3406 1214 3461 animal
1234 3446 1248 3471 ,
1295 3415 1349 3461 et
1384 3406 1669 3475 strependo
1691 3405 1973 3475 inquietat,

409 3505 465 3551 et
490 3496 750 3566 sanguine
777 3495 1114 3561 delectatur;
1160 3506 1213 3551 et
1252 3496 1439 3551 cameli
1493 3497 1710 3551 nomine
1756 3505 1974 3567 propter

414 3584 780 3639 humiliantem
829 3598 888 3639 se
928 3583 996 3638 ad
1022 3586 1294 3639 subeunda
1330 3599 1495 3640 onera
1532 3585 1971 3656 magnitudinem,

412 3682 768 3745 congruenter
793 3673 1109 3744 intelligitur
1132 3673 1407 3729 Dominus.

492 3762 579 3816 Va:
604 3762 762 3828 vobis,
791 3761 973 3817 scribta
998 3771 1046 3817 et
1076 3759 1334 3816 Pharisa'i
1360 3764 1660 3832 hypocrita,
1691 3764 1780 3833 qui
1823 3779 1976 3817 mun-

411 3850 569 3915 datis,
599 3850 736 3921 quod
782 3850 848 3904 de
875 3850 1002 3920 foris
1032 3860 1105 3905 est
1133 3850 1309 3905 calicis
1336 3868 1354 3917 ;
1399 3860 1446 3905 et
1487 3852 1807 3922 paropsidis,
1835 3853 1974 3908 intus

411 3948 582 3993 autem
600 3939 737 4010 pleni
759 3940 879 3994 estis
910 3940 1091 4009 rapina
1119 3949 1167 3993 et
1194 3940 1520 3995 immunditia
1543 3940 1568 3993 .°
1600 3941 1834 3996 Diversis
1852 3956 1973 4003 ver-

411 4024 494 4081 bis
521 4027 709 4092 eqdem
733 4042 840 4098 quo
860 4042 1017 4098 supra
1048 4043 1207 4083 sensu
1234 4028 1410 4099 arguit
1433 4028 1730 4085 Pharisazos
1758 4030 1976 4086 simula-

418 4115 577 4169 tionis
601 4122 761 4183 atque
774 4116 1039 4170 mendacii
1059 4156 1074 4182 ,
1100 4117 1240 4186 quod
1267 4117 1409 4172 aliud
1432 4118 1719 4174 ostendant
1748 4119 1975 4173 homini-

415 4204 512 4257 bus
543 4203 710 4269 foris,
751 4204 891 4259 aliud
935 4204 1075 4260 domi
1125 4215 1304 4277 agant.
1350 4207 1467 4263 Non
1512 4209 1654 4278 quod
1709 4210 1764 4264 in
1809 4209 1976 4265 calice

413 4308 596 4347 eorum
630 4301 685 4348 et
707 4295 987 4365 paropside
1016 4297 1322 4364 superstitio
1352 4306 1668 4365 moraretur,
1708 4298 1800 4353 sed
1826 4298 1973 4369 “quod

416 4384 718 4439 hominibus
754 4384 1095 4439 ostenderent
1121 4387 1455 4441 sanctitatem
1479 4387 1534 4441 in
1561 4388 1765 4453 habitu,
1789 4389 1842 4443 in
1863 4404 1976 4444 ser-

415 4470 589 4539 mone,
622 4475 674 4529 in
704 4474 1066 4544 phylacteriis,
1098 4478 1149 4531 in
1177 4475 1423 4543 fimbriis,
1450 4478 1504 4533 in
1536 4478 1838 4534 orationum
1860 4479 1976 4534 lon-
2010 4544 2023 4545 ί
2074 4477 2287 4532 etiamsi
2315 4491 2563 4533 sermone
2584 4492 2690 4532 non
2719 4477 2925 4540 dicunt,
2955 4490 3114 4545 opere
3143 4475 3457 4545 loquuntur,
3477 4489 3542 4529 ex
3569 4476 3656 4528 eo'

2075 3311 2205 3368 foris
2230 3313 2443 3381 quidem
2470 3315 2671 3382 paretis
2715 3314 3017 3382 horninibus
3046 3312 3178 3381 justi
3198 3354 3219 3379 ,
3266 3314 3410 3368 intus
3453 3321 3631 3367 autem

2072 3403 2213 3474 pleni
2239 3404 2369 3459 estis
2399 3403 2665 3474 hypocrisi
2694 3404 3070 3473 etiniquitate.
3344 3461 3354 3467 ,

2154 3489 2245 3548 Vae
2269 3492 2428 3558 vobis,
2457 3494 2638 3547 scribae
2660 3504 2709 3547 et
2742 3493 3002 3548 Pilumni
3025 3492 3327 3563 hypocritte,
3354 3494 3479 3563 quia
3496 3494 3627 3547 adi-

2071 3582 2242 3651 [iratis
2277 3580 2511 3651 sepulcra
2548 3581 2948 3652 prophetarum,
2990 3592 3039 3636 et
3076 3583 3271 3636 ornatis
3301 3591 3631 3635 monumenta

2066 3672 2352 3741 justorunt,
2389 3680 2439 3726 et
2467 3672 2639 3725 dicitis
2662 3687 2686 3739 νς
2715 3670 2778 3726 Si
2818 3671 3095 3741 fuissemus
3125 3672 3179 3725 in
3219 3671 3401 3725 diebus
3425 3681 3631 3740 patrum

2073 3770 2389 3827 nostrorum,
2420 3777 2523 3814 non
2549 3776 2773 3815 essemus
2794 3760 2922 3814 socii
2942 3776 3117 3815 eorum
3139 3760 3196 3813 in
3224 3762 3477 3828 sanguine
3505 3774 3631 3827 pro-

2071 3850 2362 3920 phetarum.
2391 3847 2577 3919 Itaque
2622 3849 2911 3902 testimonio
2955 3849 3075 3902 estis
3115 3847 3486 3916 nobismetipsis
3508 3846 3631 3915 quia

2071 3937 2170 4007 lilii
2188 3940 2311 3993 estis
2349 3953 2527 4001 eorum
2552 3938 2641 4010 qui
2664 3938 2934 4009 prophetas
2972 3937 3285 3992 occiderunt.
3323 3935 3633 3990 Prudentis-

2072 4027 2211 4084 simo
2237 4027 2543 4098 syllogismo
2586 4028 2881 4099 arguit‘eos
2907 4026 3045 4082 filios
3066 4040 3186 4081 esse
3214 4025 3631 4089 homicidarum,

2073 4112 2199 4173 dum
2244 4118 2343 4189 ipsi
2373 4119 2625 4189 Opinione
2654 4118 2908 4174 bonitatis
2938 4126 2995 4173 et
3019 4117 3200 4189 gloria:
3238 4116 3292 4170 in
3330 4115 3525 4186 populo
3547 4130 3633 4170 se-

2072 4207 2254 4279 pulcra
2298 4209 2563 4264 mdillcant
2589 4209 2967 4279 prophetarum
2984 4248 3001 4275 ,
3032 4222 3166 4277 quos
3190 4205 3421 4275 majores
3448 4220 3631 4260 eorum

2074 4299 2453 4356 interfecerunt
2472 4308 2530 4355 et
2550 4300 2764 4357 dicunt:
2789 4298 2846 4354 Si
2872 4299 3156 4355 fuissemus
3182 4298 3235 4353 in
3260 4297 3350 4352 illo
3374 4304 3627 4367 tempore,

2074 4404 2181 4444 non
2209 4388 2521 4445 fecissemus
2553 4404 2617 4444 ea
2645 4405 2764 4459 quas
2802 4388 3044 4444 fecerunt
3088 4399 3268 4459 patres
3293 4390 3485 4444 nostri.
3518 4387 3631 4442 Hoc

414 4566 669 4634 gitudine,
697 4576 752 4621 et
778 4566 829 4619 in
856 4566 1061 4620 caeteris
1097 4568 1417 4633 istiusmodi,
1448 4569 1769 4625 intrinsecus
1790 4580 1969 4626 autem
2000 4544 2051 4602 D
2076 4568 2219 4637 quod
2262 4567 2545 4621 ambitiose
2594 4574 2651 4621 et
2698 4544 3003 4632 magnifice,
3027 4544 3294 4621 aedificant
3344 4565 3633 4619 memorias

414 4663 592 4710 essent
619 4644 864 4710 vitiorum
900 4656 1144 4711 sordibus
1180 4656 1339 4726 pleni.
1369 4658 1563 4715 Calicis
1589 4675 1817 4730 namque
1846 4675 1972 4717 usus

416 4745 636 4800 interior
661 4754 763 4809 est,
798 4746 887 4814 qui
912 4747 955 4800 si
994 4746 1346 4811 obsorduerit,
1377 4749 1504 4817 quid
1543 4750 1786 4819 proficiet
1832 4751 1971 4808 lotus

416 4832 692 4886 exterius?
730 4831 952 4901 (Ililar.)
981 4835 1154 4902 Atque
1195 4833 1312 4886 ideo
1340 4835 1607 4892 interioris
1633 4840 1972 4894 conscientiae

418 4922 560 4976 nitor
586 4930 664 4978 est
684 4924 1029 4987 obtinendos,
1061 4935 1119 4976 ut
1152 4938 1213 4976 ea
1248 4938 1366 4992 quae
1391 4927 1628 4993 corporis
1656 4938 1781 4982 sunt
1807 4928 1971 4983 forin-

417 5026 573 5066 secus
602 5012 875 5066 laventur?
1772 5020 1775 5021 '

491 5097 754 5155 Pharistce
780 5116 929 5163 arce,
955 5102 1149 5159 munda
1189 5105 1330 5172 prius
1358 5106 1495 5175 quod
1529 5110 1666 5162 intus
1691 5117 1765 5160 est
1792 5108 1969 5162 calicis

416 5203 462 5245 et
501 5191 809 5261 paropsidis,
841 5199 895 5242 ut
936 5192 1027 5258 ﬁat
1065 5202 1110 5246 et
1134 5193 1193 5247 id.
1215 5195 1351 5263 quod
1380 5196 1571 5265 deforis
1597 5207 1668 5250 est
1697 5194 1965 5251 mundum.

420 5282 530 5337 iloc
548 5291 647 5345 est,
679 5280 873 5335 munda
898 5280 1044 5349 prius
1081 5296 1172 5335 cor
1198 5292 1252 5337 et
1270 5285 1644 5346 conscientiam
1669 5300 1697 5337 a
1722 5287 1970 5354 concupi-

418 5372 617 5425 scentia
640 5379 695 5425 et
722 5370 901 5440 pravis
930 5370 1227 5435 desideriis,
1254 5388 1283 5426 a
1314 5374 1497 5429 fraude
1537 5384 1592 5429 et
1634 5376 1774 5441 dolo,
1809 5385 1863 5430 et
1892 5379 1969 5432 sic

419 5459 547 5513 foris
574 5475 667 5529 per
696 5475 855 5529 opera
885 5460 1134 5515 ostendes
1168 5463 1426 5517 veraciter
1451 5465 1808 5517 sanctilalem.
1862 5464 1970 5520 No-

421 5548 634 5599 tandum
675 5556 848 5601 autem
879 5548 1016 5615 quod
1052 5549 1188 5617 apud
1221 5547 1414 5602 Lucam
1460 5553 1531 5604 ita
1563 5553 1816 5620 scriptum
1848 5562 1968 5607 est:

421 5634 598 5692 Stulti,
643 5651 807 5688 nonne
855 5635 943 5693 qui
986 5635 1102 5702 fecit
1152 5636 1287 5704 quod
1338 5637 1529 5703 rlrforis
1570 5649 1665 5702 est,
1712 5642 1867 5693 etiam
1916 5642 1970 5693 id

416 5722 551 5785 quod
591 5724 724 5775 intus
756 5732 826 5775 es!
860 5723 1020 5790 ferit?
1062 5722 1207 5791 (Luc.
1247 5728 1344 5793 ru.)
1402 5724 1580 5796 [lita]
1622 5728 1741 5791 Qui,
1775 5728 1965 5796 inquit,

2077 4655 2395 4719 occisorum,
2424 4669 2558 4723 quos
2581 4670 2613 4708 a
2646 4654 2888 4723 patribus
2909 4653 3020 4708 suis
3063 4652 3332 4724 jugulatos
3370 4667 3489 4707 esse
3524 4667 3631 4706 non

2077 4754 2289 4817 negant.
2315 4744 2534 4817 (Meum)
2574 4744 2686 4798 Non
2712 4746 2854 4799 enim
2885 4753 3100 4815 propter
3127 4759 3362 4798 amorem
3392 4744 3632 4798 veritatis

2077 4846 2131 4891 et
2159 4835 2374 4905 pietatis
2399 4833 2500 4888 hoc
2520 4832 2786 4887 fecerunt:
2836 4833 2929 4887 sed
2966 4840 3182 4900 propter
3214 4830 3451 4886 favorem
3482 4846 3629 4884 vana:

2077 4926 2246 4980 laudis
2295 4924 2585 4994 hypocrita;
2634 4922 2812 4976 omnia
2865 4920 3125 4975 fallaciter
3164 4919 3451 4991 faciebant.
3498 4917 3628 4989 (Ve-

2080 5014 2246 5084 nant.)
2277 5014 2351 5068 Ac
2375 5014 2492 5067 ideo
2518 5027 2622 5067 non
2648 5021 2989 5065 monumenta
3010 5008 3387 5080 prophetarum
3417 5020 3625 5067 ornare.

2075 5104 2166 5158 sed
2197 5100 2565 5157 interfectores
2599 5099 2977 5170 prophetarum
3021 5097 3234 5159 imitari,
3263 5095 3480 5151 sceleris
3524 5102 3625 5147 est.

2075 5191 2241 5246 Judrei
2263 5205 2390 5259 ergo
2412 5190 2787 5259 prophetarum
2813 5197 3150 5243 monumenta
3176 5185 3507 5247 aediﬁcando,
3529 5198 3627 5252 pa-

2078 5288 2464 5333 trumrsuorum
2504 5278 2640 5333 facta
2677 5277 2765 5347 qui
2819 5278 2917 5331 hos
2950 5276 3260 5331 occiderunt
3312 5274 3625 5344 arguebant.

2081 5369 2186 5423 Sed
2232 5378 2452 5437 paterna
2499 5367 2737 5423 facinora
2786 5365 3119 5431 aemulando,
3173 5366 3299 5420 dum
3355 5364 3627 5418 Christum

2078 5456 2449 5528 apostolosque
2476 5457 2615 5527 illius
2644 5456 3021 5522 insequuntur,
3066 5457 3119 5508 in
3168 5454 3371 5523 seipsos
3414 5462 3631 5507 semen-

2078 5546 2204 5600 tiam
2227 5547 2623 5614 retorquebant,
2641 5544 2833 5598 eadem
2852 5543 3094 5599 videlicet
3113 5542 3211 5610 ipsi
3234 5557 3351 5611 qua:
3374 5542 3423 5595 in
3441 5556 3634 5610 paren-

2078 5638 2219 5692 tibus
2258 5638 2578 5691 damnabunt
2629 5644 2867 5705 agentes.
2923 5633 3255 5687 Sitnulabant
3302 5634 3517 5703 quidem
3572 5638 3634 5699 se

2075 5728 2143 5779 ob
2167 5728 2401 5780 favorem
2424 5726 2558 5793 vulgi
2586 5726 2902 5795 captandum
2930 5732 3136 5793 patrum
3158 5738 3375 5778 suorum
3411 5723 3637 5776 horrere
