3922 6320
318 172 339 224 1
350 169 457 224 8⁸ἷῦ

1259 156 1604 216 COMMENT.
1642 153 1708 208 IN
1751 148 2179 207 MATTll.-EUM.
2218 180 2285 190 —
2324 149 2449 204 LIB.
2494 147 2600 203 V'll'.

311 288 610 356 perﬁdiam,
634 281 919 336 memorias
942 280 1330 349 prophetarum
1350 277 1440 345 qui
1483 275 1550 328 ab
1585 274 1664 328 eis
1700 270 1862 327 occisi
1893 268 1943 328 A
1970 266 2117 330 dare,
2160 265 2411 320 omittant
2438 267 2600 320 alium
2649 264 2780 333 legis
2807 270 2853 317 et
2903 261 3312 331 prophetarum,
3365 259 3526 310 ulittm

313 384 441 430 sunt
465 371 742 444 magniﬁce
765 369 1028 433 ornando,
1064 372 1156 422 sed
1186 369 1299 436 ipso
1326 380 1488 441 opere
1511 363 1868 417 testiﬁcantur
1897 390 1901 394 -

315 473 574 536 quantum
604 470 838 532 paterna:
878 460 1129 529 nequitize
1172 456 1528 518 consentiam,
1561 453 1863 513 Dominum,

313 557 497 626 quivult
527 553 727 608 eisdem
756 550 1031 622 prophetis
1078 556 1161 602 est
1204 547 1619 615 prtenuntiatus,
1659 541 1868 611 injuriis

315 646 538 716 agendo.
583 644 682 699 Ubi
701 659 768 703 se
793 641 995 713 pariter
1037 647 1090 694 et
1117 638 1253 692 ﬁlios
1282 634 1667 691 homicidarum
1717 640 1772 687 et
1800 631 1866 686 ad

316 752 427 790 sine
468 733 824 790 damnationis
861 741 1201 800 augmentum
1255 727 1486 789 scientes
1525 737 1749 806 peccare
1780 723 1870 778 de-

315 826 540 879 clarant.
1351 829 1353 831 ’
1834 830 1837 831 ⁷

392 934 456 987 Et
481 951 569 987 vos
597 932 798 1002 implete
820 948 1110 986 mensuram
1138 939 1346 1000 patrum
1383 936 1684 982 vestrorum.
1715 922 1867 995 (Hie-

319 1025 456 1093 ron.)
501 1023 744 1078 Probatis
787 1021 1147 1090 superioribus
1174 1019 1348 1084 dictis,
1373 1017 1515 1087 quod
1555 1015 1652 1070 illii‘
1691 1022 1872 1071 essent

316 1112 705 1168 homicidarum
733 1120 789 1166 et
830 1125 1016 1166 eorum
1063 1109 1155 1180 qui
1205 1099 1490 1178 prophetas
1517 1106 1867 1170 occiderunt,

317 1218 458 1256 nunc
508 1201 774 1257 concludit
808 1193 962 1271 quod
993 1198 1248 1262 voluerat,
1281 1208 1336 1253 et
1375 1197 1528 1268 quasi
1577 1204 1870 1252 extremam

316 1292 836 1363 syllogismi‘partem
861 1290 1028 1361 ponit.
1056 1287 1123 1344 Et
1153 1304 1260 1352 vos,
1289 1288 1484 1357 inquit,
1510 1273 1712 1357 implete
1729 1302 1872 1340 men-

288 1365 494 1435 suram
534 1388 740 1450 patrum
767 1389 1071 1444 uestrorum,
1095 1379 1196 1445 hoc
1235 1386 1338 1443 est,
1366 1376 1508 1446 quod
1532 1375 1638 1432 illis
1679 1375 1869 1442 defuit,

315 1488 458 1526 nunc
483 1472 713 1541 implete.
742 1472 820 1537 llli
847 1470 1227 1528 interfecerunt
1246 1484 1447 1535 servos,
1469 1483 1565 1524 vos
1588 1466 1869 1523 Dominum

316 1561 649 1630 crucitigite;
685 1560 759 1613 illi
801 1561 1109 1630 prepbetas,
1147 1573 1242 1614 vos
1263 1543 1392 1612 eum'
1411 1558 1507 1628 qui
1531 1572 1561 1610 a
1599 1557 1872 1628 prophetis

1969 353 2104 408 Novi
2129 354 2458 408 Tcstamenti
2486 356 2651 407 Deum
2683 352 2910 420 prmdica
2924 368 2998 404 re.

2037 441 2107 496 Ut
2133 444 2569 512 veniatsupervos
2593 443 2760 494 omnis
2787 441 2995 508 sanguis
3011 428 3311 508 justus,qui
3340 439 3534 505 c/I'nsus

1968 542 2040 587 est
2055 541 2412 601 superterram
2429 532 2454 584 2’
2469 531 2484 602 (
2501 529 2744 599 Venant.)
2759 528 2938 582 Veniat
2961 544 3113 597 super
3128 545 3209 580 ros
3232 528 3395 580 omnis
3418 543 3536 577 san-

1969 625 2082 694 guis
2106 623 2278 691 iustus
2311 623 2456 686 dicit,
2483 623 2534 676 id
2561 631 2659 684 est,
2679 621 2911 675 vindicta
2941 618 3100 687 justas
3126 618 3535 684 ultionis,qu:n‘n

1968 730 2069 785 pro
2113 713 2281 772 effuso
2321 714 2866 785 sanguinejustorum
2908 719 3233 766 meruerunt.
3276 710 3540 774 Qumritur

1967 815 2098 874 ergo
2115 804 2381 874 quomodo
2400 803 2616 873 sanguis
2630 803 2865 855 omnium
2891 802 3144 869 propheta
3153 792 3268 851 rum
3285 807 3442 866 atque
3459 798 3537 865 ju-

1969 902 2176 950 storum
2188 894 2254 950 ab
2271 909 2373 948 una
2388 893 2688 948 Judmorum
2707 892 3051 961 generatione
3077 891 3400 959 requiratur,
3418 907 3537 943 cunt

1971 993 2026 1041 et
2048 983 2201 1040 multi
2223 993 2529 1040 sanctorum
2547 985 2806 1038 sive-ante
2831 982 3272 1043 incarnationem,
3297 997 3388 1034 seu
3422 991 3536 1050 post

1970 1083 2220 1139 mortem,
2241 1073 2804 1140 resurrectionemque
2832 1071 3156 1135 Salvatoris,
3187 1071 3250 1122 ab
3278 1071 3394 1124 aliis
3421 1081 3539 1123 sunt

1971 1165 2277 1222 nationibus
2306 1164 2642 1232 interempti,
2677 1170 2732 1217 et
2775 1163 2890 1231 ipse
2916 1161 3171 1214 Dominus
3198 1159 3392 1214 Iudaeis
3419 1161 3544 1213 licet

1971 1252 2407 1317 acclamantibus,
2451 1267 2481 1306 a
2510 1251 2756 1307 Romano
2787 1258 2963 1304 tamen
2998 1250 3225 1319 praeside
3260 1249 3543 1302 Romanis-

1970 1363 2075 1418 que
2103 1349 2176 1404 sit
2209 1348 2469 1404 militibus
2498 1345 2806 1403 cruciﬁxus.
2840 1345 2960 1400 'Sed
2987 1333 3153 1399 moris
3190 1354 3273 1399 est
3303 1344 3542 1412 Scriptu-

1972 1453 2152 1493 rarum
2174 1437 2309 1494 duas
2339 1452 2480 1508 saepe
2524 1435 2896 1507 generationes
2940 1435 3236 1499 hominum,
3279 1433 3540 1486 bonorum

1972 1529 2178 1602 scilicet
2205 1529 2574 1599 malorumque
2616 1536 2950 1597 computare,
2973 1528 3074 1581 hoc
3099 1536 3182 1581 est
3224 1540 3414 1579 eorum
3446 1524 3538 1592 qui

315 1610 604 1718 magis
626 1610 1241 1719 ἑεὶΪ⁷Ν3ἑι⁷ίῖιῖιὲῖἰᾹωέιζ
1271 1610 1385 1704 si;
1402 1610 1871 1717 ιῖιιαείέηζὲιιιοά

1979 1634 2079 1673 non
2111 1634 2177 1673 ea:
2198 1610 2558 1689 sanguinibus,
2598 1632 2758 1688 neque
2786 1632 2849 1669 es
2894 1613 3156 1669 voluntate
3189 1615 3318 1678 viri,
3351 1614 3439 1667 sed
3478 1629 3541 1666 ea:

212 1777 217 1786 .
317 1738 519 1793 facturi”
535 1753 638 1792 non
666 1748 820 1793 erant
845 1738 946 1792 nisi
967 1736 1234 1806 iussisset,
1259 1738 1351 1792 sed
1380 1739 1611 1794 ostendit
1629 1737 1771 1809 quod
1791 1753 1876 1793 es-

318 1837 438 1881 sent
460 1826 672 1882 facturi.
1402 1839 1405 1842 '

390 1938 698 2008 Serpentes,
746 1938 1008 2008 progenies
1064 1937 1371 2007 viperarum.
1430 1937 1543 1994 Hoc
1601 1939 1773 2008 ipsum
1823 1947 1884 1994 et

316 2028 551 2082 Joannes
596 2028 830 2095 Baptista
873 2027 1082 2081 dixerat
1139 2050 1151 2079 ι
1210 2008 1374 2082 δίου(
1401 2043 1530 2098 ergo
1570 2027 1637 2082 de
1680 2027 1881 2097 viperis

316 2125 610 2171 nascuntur
645 2117 856 2185 viperae,
888 2115 965 2170 sic
995 2116 1059 2170 de
1095 2115 1372 2171 homicidis
1396 2115 1639 2185 patribus
1664 2101 1778 2174 vos.
1801 2115 1880 2169 in-

316 2207 453 2276 quit,
477 2207 586 2260 nati
613 2207 743 2261 estis
765 2207 1066 2263 homicidae.

389 2317 659 2384 Quomodo
706 2318 914 2388 fugietis
959 2338 991 2372 a
1027 2320 1232 2387 judicio
1283 2319 1563 2389 gehennae!
1614 2317 1879 2390 (Chrys)

317 2406 566 2476 Nunquid
609 2405 864 2481 sepulcra.
895 2416 1198 2462 sanctorum
1230 2407 1574 2471 aediﬁcantes,
1605 2423 1681 2460 an.
1702 2408 1879 2477 potius

317 2512 348 2549 a
375 2495 574 2549 malitia
611 2496 773 2550 corda
800 2503 979 2550 vestra
1011 2496 1361 2561 mundantes;
1412 2497 1650 2565 nunquid
1677 2498 1757 2552 sic
1793 2496 1881 2567 ju-

319 2586 462 2639 dicat
488 2584 646 2648 Deus,
681 2585 947 2652 quomodo
967 2583 1169 2651 judicat
1196 2585 1387 2639 homo?
1411 2585 1580 2640 Homo
1608 2585 1878 2640 hominem

315 2671 516 2741 iudicat
539 2673 590 2726 in
608 2673 945 2743 cpere,Deus
965 2682 1144 2727 autem
1171 2674 1222 2727 in
1244 2674 1422 2728 corde.
1451 2674 1578 2740 Qua:
1601 2682 1682 2729 est
1703 2685 1880 2730 autem

319 2761 421 2814 ista
447 2760 650 2827 justitia
678 2770 891 2815 sanctos
921 2761 1124 2824 colere,
1153 2769 1208 2820 et
1238 2771 1580 2816 contemnere
1630 2763 1883 2818 sanctita-

321 2852 464 2905 tem?
487 2851 697 2905 Primus
722 2852 916 2920 gradus
937 2859 1018 2906 est
1041 2853 1254 2929 pietatis
1284 2853 1621 2908 sanctitatem
1644 2853 1881 2925 diligere,

320 2938 513 2993 deinde
556 2947 803 3003 sanctos,
855 2941 977 3007 quia
1018 2956 1122 2995 non
1168 2941 1336 2995 sancti
1369 2948 1491 2995 ante
1541 2942 1877 2997 sanctitatem
1905 2939 1950 3000 C

321 3027 549 3090 fuerunt,
583 3029 676 3084 sed
714 3029 1120 3084 sanctitasaute
1150 3039 1390 3086 sanctos.
1412 3030 1538 3085 Sine
1558 3047 1721 3086 causa
1750 3047 1879 3102 ergo

314 3117 490 3187 iustos
512 3121 767 3186 honorat,
793 3122 882 3190 qui
914 3119 1197 3189 justitiam.
1224 3110 1461 3192 spernit-
1489 3122 1765 3188 Quomodo
1793 3123 1877 3176 fu-

322 3210 510 3279 gietis?
555 3209 800 3280 Nunquid
829 3212 1125 3273 liberabant
1157 3213 1479 3278 vos-sancti,
1504 3229 1728 3282 quorum
1760 3229 1878 3270 mo-

322 3306 575 3351 numenta
597 3301 836 3373 ornatis?
861 3299 974 3354 Non
997 3311 1218 3370 possunt
1238 3303 1408 3357 sancti
1442 3304 1599 3358 amici
1626 3318 1745 3360 esse
1765 3303 1879 3358 illo-

297 3418 299 3421 -
323 3402 467 3452 rum,
488 3370 680 3456 quibus
705 3370 846 3443 Deus
865 3396 950 3443 est
975 3390 1247 3445 inimicus.

396 3498 524 3552 Ideo
567 3517 679 3555 ecce
705 3518 796 3572 ego
830 3503 973 3555 mitto
1011 3502 1080 3555 ad
1115 3520 1199 3557 vos
1224 3505 1514 3574 prophetas,
1538 3514 1583 3558 et
1605 3506 1877 3574 sapientes,

323 3590 614 3652 ct'scribas,
647 3599 693 3642 et
730 3606 794 3644 ea:
820 3589 922 3643 illis
956 3592 1197 3644 occidetis
1218 3632 1231 3656 ,
1262 3602 1310 3646 et
1350 3595 1680 3664 cruci/igetis,
1729 3605 1776 3649 ct
1815 3611 1881 3649 ea:

325 3679 398 3730 eis
424 3678 750 3747 ﬂage'labitis
788 3680 841 3732 in
885 3681 1156 3750 synagogis
1197 3685 1396 3748 vestris,
1422 3693 1470 3736 et
1511 3685 1878 3754 persequamini

325 3768 389 3819 de
418 3768 618 3820 civitate
657 3768 710 3821 in
757 3770 1028 3826 civitatem.
1070 3769 1179 3827 lloc
1217 3773 1358 3840 quod
1387 3781 1509 3827 ante
1538 3761 1876 3829 dixeramus:

329 3853 540 3923 [inplete
586 3872 876 3909 mensuram
921 3867 1125 3926 patrum
1162 3868 1464 3925 vestrorum,
1488 3861 1555 3914 ad
1597 3876 1894 3930 personam

328 3943 534 3996 Domini
563 3945 847 4012 pertinere,
879 3959 943 3998 eo
967 3947 1106 4024 quod
1152 3947 1473 4002 occidendus
1499 3957 1640 4003 esset
1677 3950 1744 4003 ab
1778 3951 1873 4013 eis,

329 4041 502 4099 potest
529 4041 582 4086 et
605 4035 672 4086 ad
712 4035 997 4109 discipulos
1020 4036 1152 4103 ejus
1178 4038 1387 4104 referri,
1415 4039 1480 4093 de
1518 4040 1710 4107 quibus
1740 4055 1879 4094 nunc

327 4123 456 4176 dicit
487 4141 498 4176 :
547 4123 679 4177 Ecce
717 4126 862 4178 mitto
901 4130 968 4178 ad
997 4129 1082 4180 eos
1112 4130 1403 4198 prop/tetas,
1442 4139 1488 4182 et
1521 4131 1805 4199 sapientes,
1831 4142 1877 4184 et

327 4214 539 4276 scribas,
577 4226 622 4266 et
648 4231 713 4268 ea:
735 4215 840 4268 illis
861 4217 1124 4284 oecidetis,
1151 4229 1196 4271 et
1220 4221 1545 4289 cruci/igetis,
1573 4230 1619 4274 et
1640 4221 1875 4290 ﬂagella-

327 4303 444 4355 bitis
472 4304 525 4356 in
565 4308 837 4376 synagogis
871 4310 1046 4361 vestris
1067 4348 1082 4373 ,
1123 4319 1170 4361 et
1198 4293 1567 4380 persequamini
1591 4312 1653 4364 de
1681 4314 1880 4365 ciritate

261 4465 278 4478 .
325 4396 381 4446 in
437 4397 713 4459 civitatem,
759 4406 810 4448 ut
838 4398 1090 4465 impleatis
1129 4417 1426 4454 mensuram
1461 4413 1663 4470 patrum
1694 4415 1882 4457 vestro-

328 4497 461 4535 rum.
493 4483 765 4552 Simulque
785 4486 1006 4539 observa
1041 4487 1190 4555 juxta
1217 4488 1525 4556 Apostolum
1562 4492 1880 4546 scribentem

327 4568 396 4621 ad
416 4570 737 4636 Corinthios,
776 4573 920 4626 varia
949 4589 1069 4628 esse
1093 4576 1632 4646 dona-discipulbrum
1663 4578 1879 4647 Christi,

327 4657 461 4712 alios
481 4661 783 4728 prophetas,
808 4663 896 4731 qui
925 4673 1142 4718 ventura
1169 4667 1487 4733 praedicant;
1517 4668 1647 4723 alios
1676 4671 1885 4740 sapien-

330 4758 432 4812 tes,
478 4750 567 4816 qui
597 4751 840 4804 noverint
876 4755 1087 4820 quando
1122 4756 1348 4810 debeant
1392 4752 1650 4826 profcrre'
1678 4776 1880 4816 sermo-

328 4853 481 4902 nem;
515 4839 646 4895 alios
685 4843 888 4896 scribas
926 4844 978 4897 in
1028 4845 1141 4915 lege
1185 4848 1538 4913 doctissimos,
1569 4866 1634 4904 ex
1686 4852 1878 4921 quibus

329 4928 592 4995 lapidatus
616 4940 700 4984 est
719 4931 1046 5006 Stephanus,
1067 4935 1264 4992 Paulus
1287 4940 1512 5003 occisus,
1547 4938 1732 4993 Petrus
1757 4957 1879 4994 cru-

327 5020 539 5085 ciﬁxus,
585 5020 826 5090 ﬂagelluti
857 5024 908 5078 in
951 5026 1172 5079 Actibus
1203 5029 1560 5095 apostolorum
1601 5029 1873 5098 discipuli;

329 5118 382 5161 et
403 5111 663 5175 persecuti
693 5126 783 5164 eos
810 5123 933 5166 sunt
959 5114 1022 5167 de
1045 5115 1258 5169 civitate
1287 5117 1336 5169 in
1375 5117 1667 5182 civitatem,
1695 5120 1876 5187 expel-

329 5197 499 5251 lentes
521 5199 584 5253 de
603 5200 802 5265 Judaea,
835 5211 892 5255 ut
913 5205 977 5257 ad
999 5206 1234 5274 gentium
1263 5203 1509 5275 populum
1535 5211 1880 5280 transmigra-

330 5295 450 5340 rent
477 5289 544 5341 ad
571 5289 1015 5346 disseminandum
1055 5295 1395 5364 Evangelium
1419 5295 1612 5350 Christi
1638 5296 1771 5366 (Act.
1805 5297 1879 5368 ν).

333 5375 392 5429 Si
439 5385 612 5430 autem
643 5380 779 5445 idem
811 5380 972 5434 Filius
999 5381 1088 5436 Dei
1137 5385 1440 5451 prophetas,
1489 5384 1578 5453 qui
1615 5385 1881 5451 apostolos

334 5464 499 5529 illisit,
527 5476 734 5523 cessent
756 5470 990 5523 lmrctici
1018 5470 1227 5525 Christo
1249 5487 1310 5525 ex
1337 5473 1534 5537 virgine
1563 5473 1881 5541 principium

1979 1708 2088 1766 Deo
2107 1710 2218 1763 nati
2241 1716 2361 1763 sunt
2402 1706 2583 1780 (Iona.
2615 1706 2689 1776 ι),
2718 1715 2772 1760 et
2820 1719 3024 1771 eorum,
3066 1705 3258 1773 quibus
3304 1704 3537 1757 dicitur:

1985 1797 2086 1853 Vos
2110 1814 2176 1852 es;
2200 1808 2348 1870 patre
2371 1795 2579 1851 diabolo
2605 1796 2727 1851 estis
2750 1795 2927 1867 (Joan.
2953 1795 3071 1867 vm)
3094 1835 3108 1861 ,
3139 1802 3192 1850 et
3233 1794 3359 1849 alibi
3384 1835 3398 1859 ,
3421 1792 3542 1848 Ser-

1975 1898 2171 1959 pentes,
2207 1887 2470 1959 generatio
2516 1888 2828 1957 viperarum.
2871 1885 3121 1942 Omnium
3162 1887 3305 1939 enim
3337 1885 3544 1953 iniquo-

1977 1998 2117 2048 rum,
2142 1993 2198 2038 et
2220 1983 2646 2052 pet-secutorum,
2667 1988 2724 2036 et
2746 1978 3136 2034 homicidarum
3165 1993 3195 2032 a
3216 1977 3350 2046 Cain
3376 1991 3544 2046 usque

1979 2073 2045 2129 ad
2091 2077 2251 2130 tinem
2280 2072 2461 2128 sectili
2495 2087 2602 2126 una
2641 2071 2917 2142 generatio
2957 2077 3070 2134 est;
3118 2075 3171 2123 et
3197 2068 3242 2123 si
3282 2083 3388 2123 non
3418 2075 3544 2123 sunt

1975 2165 2164 2220 omnes
2182 2164 2236 2218 in
2256 2170 2501 2231 tempore
2535 2176 2673 2227 uno,
2700 2175 2888 2216 omnes
2918 2167 3096 2213 tamen
3121 2172 3319 2228 corpus
3348 2154 3542 2211 diaboli

1977 2264 2031 2310 et
2053 2254 2244 2310 civitas
2270 2253 2578 2324 Babylonia,
2625 2251 2679 2308 id
2702 2259 2804 2316 est,
2847 2249 3175 2306 confusionis
3221 2264 3252 2302 a
3293 2247 3557 2302 fidelibus

1979 2342 2333 2412 appellantur.
2394 2406 2401 2412 _
2629 2332 2631 2334 ’

2048 2431 2092 2483 Α
2123 2429 2373 2500 sanguine
2411 2427 2538 2483 Abel
2566 2429 2700 2498 justi
2726 2442 2885 2498 usque
2911 2427 2992 2480 ad"
3005 2426 3308 2497 sanguinem
3337 2423 3546 2478 Zacha-

1980 2520 2077 2574 τίω
2117 2519 2220 2588 ﬁlii
2242 2518 2536 2584 Baracltite,
2579 2534 2730 2588 quem
2759 2517 3016 2572 occidistis
3041 2517 3182 2570 inter
3222 2513 3468 2585 templum
3497 2525 3543 2567 ct

1981 2607 2188 2661 altare?
2212 2607 2391 2674 Quare
2423 2622 2453 2660 a
2484 2607 2745 2677 sanguine
2771 2605 2925 2671 Abel,
2948 2606 3039 2675 qui
3085 2606 3291 2675 primus
3341 2611 3543 2673 marty-

1942 2737 1945 2740 .
1981 2697 2122 2751 rium
2144 2711 2339 2767 passus
2358 2703 2462 2759 est,
2485 2695 2679 2749 mirum
2709 2691 2948 2759 nonest;
2979 2693 3072 2749 sed
3114 2708 3282 2762 quare
3310 2691 3547 2760 adusque

1983 2788 2297 2859 sanguinem
2340 2775 2617 2842 Zacharias
2644 2786 2990 2856 quaerendum
3021 2793 3131 2848 est,
3163 2799 3286 2839 cum
3312 2792 3368 2838 et
3391 2785 3544 2837 multi

1985 2887 2107 2949 post
2127 2893 2251 2934 eum
2274 2893 2444 2949 usque
2486 2877 2554 2933 ad
2584 2877 2920 2932 nativitatem
2942 2875 3162 2941 Christi,
3191 2883 3244 2930 et
3278 2876 3393 2945 ipso
3422 2890 3544 2929 mox

1980 2977 2106 3024 nato
2133 2968 2448 3024 lnnoccntes
2485 2968 2541 3022 in
2582 2953 2851 3023 Bethleem
2890 2967 3044 3037 pueri
3080 2966 3189 3022 sint
3216 2967 3283 3022 ab
3312 2966 3412 3023 hac
3457 2981 3544 3036 ge-

1976 3059 2249 3120 neratione
2298 3058 2557 3130 perempti
2611 3077 2624 3111 :
2677 3057 2781 3113 nisi
2811 3055 2973 3124 ,forte
3013 3061 3142 3128 quia
3178 3056 3311 3110 Abel
3361 3065 3547 3128 pastor

1974 3149 2152 3204 ovium
2173 3148 2326 3222 (Gen.
2354 3148 2462 3220 iv),
2489 3148 2777 3204 Zacharias
2825 3141 3076 3202 sacerdos
3114 3145 3244 3212 fuit;
3283 3153 3338 3202 et
3367 3146 3456 3203 hic
3488 3148 3544 3201 in

1976 3254 2184 3310 campo,
2231 3238 2321 3294 ille
2361 3239 2415 3294 in
2449 3239 2588 3294 atrio
2621 3237 2802 3308 templi
2847 3244 3070 3293 necatus
3110 3245 3210 3302 est,
3260 3236 3541 3307 utriusque

1975 3331 2170 3399 gradus
2212 3336 2476 3399 martyres
2507 3335 2563 3383 et
2607 3327 2746 3382 laici'
2774 3327 3007 3393 scilicet,
3037 3334 3094 3382 et
3132 3325 3321 3392 altaris
3362 3325 3539 3381 otiieio

1975 3420 2264 3489 mancipati
2322 3420 2422 3474 sub
2487 3433 2671 3474 eorum
2721 3417 2890 3473 voluit
2954 3416 3208 3472 intimare
3259 3414 3536 3472 vocabulo.

1978 3509 2244 3581 (Hieron.)
2270 3509 2686 3564 Juxta-litteram
2710 3523 2837 3563 vero
2874 3507 2940 3563 de
2980 3507 3111 3563 Abel
3138 3506 3278 3561 nulla
3306 3516 3390 3562 est
3418 3522 3535 3561 am-

1976 3597 2206 3668 biguitas
2230 3597 2360 3668 quin
2397 3597 2468 3652 sit
2503 3597 2711 3667 justus,
2740 3610 2899 3654 auem
2938 3594 3068 3651 Cain
3104 3595 3269 3650 frater
3293 3595 3406 3664 ejus
3449 3612 3540 3652 oc-

1977 3687 2134 3752 cidit;
2170 3687 2347 3757 justus
2373 3692 2551 3741 autem
2575 3701 2681 3741 non
2719 3686 2888 3740 solum
2919 3700 2985 3740 ex
3012 3683 3219 3739 Domini
3249 3698 3389 3738 nunc
3409 3698 3540 3738 .sen-

1978 3778 2162 3843 tentia,
2191 3769 2286 3833 sed
2310 3791 2376 3832 ex
2401 3776 2672 3833 Genescos
2693 3777 2996 3832 testimonio
3022 3775 3420 3846 comprobatur,
3451 3777 3540 3831 ubi

1978 3875 2195 3936 accepta
2217 3866 2332 3936 ejus
2359 3881 2389 3919 a
2414 3865 2639 3921 Domino
2656 3872 2947 3920 narrantur
2968 3880 3209 3920 munera.
3240 3863 3538 3930 Quaerimus

1978 3955 2099 4023 quis
2123 3954 2192 4008 sit
2224 3955 2326 4009 iste
2342 3953 2631 4008 Zacharias
2652 3953 2795 4008 ﬁlius
2811 3953 3101 4017 Barachiaz,
3120 3953 3241 4022 quia
3266 3953 3459 4006 multos
3475 3954 3538 4007 le-

1980 4044 2154 4112 gimus
2174 4042 2481 4097 Zacharias.
2498 4042 2564 4096 Et
2584 4057 2652 4098 ne
2669 4042 2835 4097 libera
2864 4041 3016 4096 nobis
3048 4042 3318 4094 tribuatur
3339 4043 3541 4096 erroris

1980 4132 2223 4196 facultas,
2260 4132 2496 4187 additum
2525 4141 2607 4187 est
2630 4132 2833 4197 :Quem
2861 4132 3118 4186 occidistis
3143 4132 3276 4184 inter
3296 4132 3553 4200 templum-

1979 4232 2028 4276 et
2054 4221 2235 4276 altare.
2250 4221 2308 4276 In
2331 4221 2557 4275 diversis
2574 4221 2783 4276 diversa
2797 4221 2920 4291 legi,
2936 4228 2990 4274 et
3015 4220 3182 4274 debeo
3211 4220 3550 4290 singulorum»

1982 4311 2260 4381 Opiniones
2285 4323 2502 4380 ponere.
2518 4309 2621 4363 Alii
2645 4309 2959 4364 Zachariam
2983 4308 3145 4362 tilium
3166 4308 3236 4361 Ba
3247 4310 3438 4362 rachia:
3456 4310 3537 4364 di-

1982 4408 2129 4466 cunt,
2174 4401 2266 4470 qui
2312 4401 2367 4454 in
2396 4386 2671 4455 duodecim
2719 4399 2991 4469 prophetis
3033 4399 3278 4454 decimus
3301 4407 3408 4462 est,
3446 4416 3537 4469 pa-

1983 4488 2184 4557 trisque
2207 4503 2400 4542 nomen
2438 4489 2488 4543 in
2517 4504 2583 4544 eo
2622 4488 2950 4551 consentiat;
2985 4487 3078 4542 sed
3119 4489 3206 4543 ubi
3232 4489 3441 4542 occisus
3468 4491 3536 4542 sit

1984 4577 2122 4630 inter
2157 4576 2410 4645 templum
2450 4585 2506 4631 et
2556 4576 2743 4641 altare,
2800 4575 3075 4645 Scriptura
3120 4591 3225 4630 non
3277 4575 3531 4644 loquitur,

1985 4668 2213 4720 maxime
2239 4681 2359 4720 cum
2390 4665 2715 4734 temporibus
2735 4665 2867 4734 ejus,
2891 4664 2977 4716 vix
3006 4665 3171 4716 ruinas
3214 4663 3391 4732 templi
3420 4662 3531 4718 fue-

1983 4757 2110 4808 rint.
2133 4754 2234 4808 Alii
2257 4754 2573 4810 Zachariam
2598 4762 2804 4822 patrem
2837 4751 3056 4805 Joannis
3087 4751 3303 4820 intelligi
3330 4751 3531 4818 volunt,

1982 4861 2045 4898 ex
2094 4845 2410 4914 quibusdam
2467 4844 2885 4913 apocryphorum
2941 4840 3091 4894 libris
3140 4842 3527 4910 approbantes,

1982 4939 2121 5005 quod
2151 4944 2430 5006 propterea
2457 4935 2665 4989 occisus
2693 4934 2780 4998 sit,
2806 4934 2938 5003 quia-
2963 4932 3254 4987 Salvatoris
3273 4937 3532 5002 pradica-

1983 5027 2119 5081 verit
2162 5027 2465 5080 adventurm.
2499 5023 2608 5078 Hoc
2636 5023 2757 5093 quia
2803 5023 2866 5076 de
2909 5022 3197 5091 Scripturis
3232 5039 3335 5075 non
3372 5025 3529 5078 habet

1983 5115 2373 5177 auctoritatem,
2396 5114 2579 5167 eadem
2605 5111 2855 5165 facilitate
2895 5112 3246 5164 contemnitur
3275 5127 3376 5179 qua
3411 5127 3528 5180 pro-

1981 5205 2155 5257 batur.
2195 5202 2294 5255 Alii
2320 5203 2474 5255 istum
2499 5202 2679 5254 volunt
2707 5213 2824 5253 esse
2851 5195 3183 5260 Zachariam,
3206 5200 3292 5266 qui
3323 5199 3528 5252 occisus

1984 5293 2100 5347 sita
2130 5292 2252 5347 Joas
2271 5307 2390 5360 rege
2412 5291 2604 5346 ludam
2643 5290 2781 5342 inter
2826 5288 3076 5356 templum
3107 5297 3159 5340 et
3198 5288 3394 5348 altare,
3427 5289 3526 5341 sic-

1983 5393 2041 5436 ut
2083 5384 2281 5451 Regum
2317 5390 2500 5435 narrat
2549 5380 2788 5434 historia.
2825 5378 2927 5432 Sed
2969 5377 3354 5431 observandum
3384 5380 3525 5443 quod

1988 5474 2073 5527 ille
2129 5469 2417 5526 Zacharias
2470 5479 2570 5523 non
2615 5470 2679 5523 sit
2727 5468 2865 5522 ﬁlius
2903 5467 3208 5531 Barachiu‘,
3249 5466 3339 5518 scd
3388 5465 3526 5521 ﬁlius
