3922 6364
366 203 518 260 1075·
1019 201 1080 259 Β.
1120 202 1376 258 ΗΑΒᾹΝΙ
1416 202 1637 260 HAURI
1679 199 1938 258 ARClllE

2044 200 2349 258 HUGUNT.
2392 202 2676 260 OPERUM
2715 206 2892 266 PARS
2930 208 2973 262 Γ.
3481 211 3642 266 1078

359 315 561 371 Juiadze
606 315 902 371 sacerdotis
933 335 944 368 :
985 316 1124 369 unde
1151 325 1207 371 et
1241 315 1519 386 Scriptum
1565 315 1732 370 refert
1761 333 1776 368 :
1813 313 1934 368 Non
1961 315 2012 376 Α
2038 313 2438 369 Deutcronomii
2484 314 2735 385 legimus
2760 315 2918 370 aliam
2979 302 3380 376 similitudinem
3406 362 3420 384 ,
3479 322 3638 378 sicut

359 405 459 474 fuit
487 404 782 458 recordatus
809 403 939 459 Joas
968 408 1132 475 putris
1172 407 1285 475 ejus
1310 404 1539 472 Joaidtu,
1566 422 1686 475 qua:
1724 405 1824 459 sibi
1857 406 1934 473 fe-
2038 403 2215 472 aquila
2263 415 2546 476 protegere
2611 405 2795 459 niddm
2847 422 3002 461 suum
3029 449 3045 474 ,
3110 418 3166 464 et
3225 427 3394 482 super
3442 412 3636 482 pullos

357 495 509 550 cisset
532 495 664 550 bona
691 494 777 568 (II
809 495 992 551 Paral.
1022 497 1192 568 sxw).
1217 497 1351 553 Cum
1381 514 1512 568 ergo
1536 509 1590 554 et
1618 497 1935 554 Zachariam
2037 509 2185 560 suos,
2223 509 2359 564 quos
2385 496 2711 552 desideravit
2746 500 3054 568 expandens
3091 502 3204 558 alas
3235 506 3480 574 suscepit
3504 520 3628 565 eos.

362 594 680 650 teneamus,
717 596 772 642 et
808 588 1098 644 occisionis
1144 591 1448 645 consentiat
1505 590 1656 644 locus
1681 628 1695 653 ,
1739 587 1949 656 quam--
2034 593 2089 637 et
2130 582 2250 636 tulit
2281 599 2443 654 super
2488 599 2701 654 pennas
2736 602 2870 642 suas
2912 587 3106 659 (Deut.
3151 594 3358 663 xuii).
3400 593 3630 668 [Bt-.1

361 690 481 733 mus
519 693 684 748 quare
719 677 995 735 Barachite
1042 681 1239 736 dicitur
1274 681 1447 746 ﬁlius,
1469 691 1524 737 et
1565 697 1670 736 non
1714 678 1946 741 Joiadze-

360 771 621 828 Daracbia
665 773 718 827 in
764 773 940 844 lingua
989 783 1172 830 nostra
1223 776 1521 830 benedictus
1549 775 1759 829 Domini
1798 774 1934 830 dicis

359 874 477 931 tur;
507 873 564 920 et
605 866 898 922 sacerdotis
941 865 1144 922 J‘oiadze
1179 868 1398 938 justitia
1442 869 1666 923 Hebraeo
1719 867 1951 940 nominef

361 954 773 1010 demonstratur.
821 957 876 1011 ln
929 957 1221 1030 Evangelio
1265 975 1380 1028 quo»
1413 967 1639 1012 utuntur
1669 957 1933 1012 Nazareni

359 1059 458 1115 pro
494 1042 613 1100 lilio
654 1046 929 1101 Baraoltite
978 1047 1142 1101 lilium
1187 1047 1387 1101 .loiadze
1432 1048 1694 1116 scriptum
1735 1046 1938 1116 reperit-

361 1150 500 1189 ntus.
535 1135 898 1206 Simpliciorcs
943 1135 1138 1190 fratres
1173 1137 1315 1189 inter
1353 1136 1538 1190 ruinas
1566 1135 1747 1204 templi
1774 1143 1830 1190 et
1860 1135 1935 1188 ab

361 1227 528 1291 laris,
579 1227 691 1282 sive
717 1228 768 1280 in
807 1235 1082 1296 portarum
1119 1225 1386 1290 exitibus,
1437 1241 1557 1295 qua;
1600 1225 1804 1280 Siloam
1839 1224 1935 1279 du-

362 1316 529 1382 cunt,
570 1318 726 1370 rubra
776 1331 900 1369 saxa
942 1323 1322 1392 monstrantes,
1358 1315 1636 1372 Zachariae
1673 1315 1970 1398 sanguine,

359 1416 551 1477 putant
580 1422 699 1463 esse
724 1407 950 1478 polluta.
976 1407 1094 1462 Sed.
1111 1424 1209 1470 nos
1252 1423 1358 1463 non
1386 1409 1808 1468 eondemnamus
1849 1421 1946 1462 er-

362 1513 567 1561 rorem,
621 1500 708 1568 qui
741 1501 804 1554 de
839 1499 964 1554 odio
991 1497 1319 1564 J‘udawrum,
1345 1509 1400 1554 et
1439 1499 1561 1554 ﬁdei
1593 1499 1793 1568 pietate
1843 1499 1944 1552 de-

362 1587 584 1645 scendit.
1722 1609 1726 1613 ·

2037 671 2104 726 Ει
2143 673 2363 741 pulchre
2405 674 2497 743 qui
2543 673 2809 742 Herodem
2857 677 2924 733 de
2968 693 3066 736 sua
3110 695 3242 736 nece
3288 691 3630 740 tractantem

2035 767 2248 837 vulpem
2290 777 2603 834 vocaverat,
2632 768 2868 840 seipsum
2907 773 2992 825 avi
3031 784 3332 843 comparat.
3373 775 3630 832 Fraudu—

2035 859 2177 912 lenta
2223 859 2591 929 cnimvulpes-
2642 875 2856 930 semper
2901 863 3126 918 insidias
3173 864 3367 919 avibus
3394 867 3652 922 tendeue

2037 964 2143 1002 ιιοιι
2171 957 2364 1003 cessat.

2107 1037 2240 1093 Ecce
2265 1039 2584 1111 relinquetur
2611 1041 2751 1095 vobis
2779 1043 2966 1097 domus
3008 1055 3176 1098 vestra
3207 1046 3436 1100 deserta.
3464 1046 3616 1117 (Hie.

2036 1127 2174 1199 ron.)
2200 1126 2312 1183 Hoc
2341 1129 2515 1204 ipsum
2540 1144 2616 1184 et
2635 1143 2864 1199 persona
2901 1129 3148 1192 Ieremia:
3172 1142 3298 1188 ante
3317 1133 3432 1203 jam
3459 1136 3621 1190 dixe-

2008 1228 2120 1272 'rat
2168 1232 2193 1271 ε·
2236 1217 2444 1289 Reliqui
2493 1236 2662 1289 meum
2703 1220 2952 1286 domum,
3010 1222 3188 1276 dimisi
3255 1225 3622 1281 haerea’itatem

2033 1325 2221 1373 meam,
2243 1309 2385 1380 facta
2409 1319 2483 1364 est
2508 1310 2637 1363 mihi
2666 1311 2944 1366 Iitcreditas
2973 1329 3088 1366 mea
3113 1314 3262 1386 quasi
3284 1313 3364 1370 leo
3389 1318 3445 1370 in
3483 1317 3624 1371 silva

2036 1399 2250 1472 (darem.
2295 1399 2414 1472 xu).
2462 1399 2739 1472 Desertam
2788 1401 3105 1458 intimorum
3146 1405 3386 1471 domum,
3418 1406 3470 1462 id
3504 1416 3615 1470 est,

2037 1491 2291 1563 templum
2318 1492 2464 1562 illud,
2497 1493 2638 1562 quod
2665 1503 2790 1549 ante
2835 1492 3070 1566 fulgebat
3104 1488 3393 1568 augustum
3420 1497 3620 1562 oculis,

2036 1583 2462 1652 comprobamus.
2495 1582 2632 1651 Quia
2661 1578 3019 1640 habitatorem
3050 1585 3323 1642 Christum
3359 1586 3617 1659 peth,

429 1679 591 1732 Amen
617 1677 732 1731 dico
763 1679 936 1744 vobis,
960 1681 1156 1733 venient
1188 1650 1306 1755 lia'c'
1327 1679 1502 1732 omnia
1524 1693 1679 1755 super
1723 1692 1946 1746 genera—
1966 1672 2007 1729 Β
2035 1683 2088 1728 et
2109 1650 2472 1730 hreredit‘atem
2501 1650 2790 1745 praeripere
2815 1677 3053 1748 gestiens
3089 1679 3288 1739 occidit
3322 1650 3615 1736 hieredem.

360 1771 549 1823 tionem
579 1769 752 1822 istaut.
785 1767 959 1837 Super
983 1769 1127 1822 illam
1151 1769 1335 1837 utique
1359 1767 1780 1838 generationem,
1811 1780 1931 1836 quae

362 1858 554 1914 merito
583 1873 693 1914 suae
719 1858 1007 1929 impietatis
1032 1859 1422 1926 condemnatur
1448 1872 1479 1911 a
1523 1856 1782 1919 Domino,
1812 1869 1934 1927 qua:

361 1965 392 2003 a
415 1948 586 2020 primo
610 1948 878 2019 parricida
923 1964 1091 2021 usque
1138 1950 1204 2004 ad
1237 1947 1585 2004 novissimum
1619 1945 1934 2018 perditionis

359 2038 549 2107 ﬁlium,
589 2056 697 2097 non
744 2028 939 2113 utique
981 2057 1144 2110 super
1186 2040 1589 2113 generationem
1637 2045 1930 2102 rectorum,

360 2148 479 2203 qua:
502 2113 786 2188 awDom‘ino
811 2132 1154 2188 henedicetur
1181 2128 1352 2204 (Psal.
1379 2128 1534 2200 χχιιι)
1555 2169 1570 2194 ,
1597 2143 1720 2200 quae
1747 2140 1934 2182 ascen-

361 2220 452 2277 det
479 2223 531 2276 in
561 2231 798 2276 montem
822 2220 1056 2284 Domini,
1085 2227 1138 2274 et
1167 2218 1332 2274 stabit
1379 2217 1433 2272 in
1464 2217 1581 2273 loco
1607 2227 1795 2272 sancto
1817 2214 1935 2284 ejus

362 2311 637 2381 generatio
670 2311 1024 2381 quaerentium
1069 2311 1389 2376 Dominum,
1418 2306 1806 2378 requirentium
1856 2303 1935 2358 lu-

363 2404 497 2459 ciem
532 2403 624 2458 Dei
651 2401 836 2457 Jacoh.

433 2491 785 2557 Hierusalem,
821 2491 1146 2546 Hierusalem
1165 2532 1181 2557 ,
1209 2507 1326 2561 quae
1350 2490 1542 2544 occidis
1569 2489 1938 2559 prophetas,et'

359 2581 566 2653 lepidas
611 2600 695 2636 eos
740 2584 828 2654 qui
859 2582 928 2636 ad
968 2591 1018 2635 te
1066 2583 1212 2636 missi
1256 2591 1394 2636 sunt.
1442 2580 1779 2636 Hierusalem
1832 2593 1936 2632 non

361 2687 492 2727 saxa
519 2681 573 2727 et
597 2670 818 2728 aediﬁcia
841 2670 1074 2727 civitatis
1098 2669 1189 2725 sed
1221 2671 1550 2725 habitatores
1583 2675 1752 2729 vocat,
1777 2681 1939 2736 quam

359 2761 532 2832 patris
571 2761 774 2834 plangit
799 2759 1015 2827 affectu,
1045 2761 1184 2816 sicut
1227 2769 1284 2814 et
1330 2761 1382 2814 in
1413 2759 1520 2814 alio
1547 2759 1663 2814 loco
1689 2757 1935 2828 legimus,

361 2855 504 2925 quod
527 2849 715 2910 vidéns
741 2870 862 2909 eam
888 2853 1096 2908 ﬁeverit
1119 2851 1270 2924 (Luc.
1301 2851 1435 2924 nx).

435 2943 646 3010 Quoties
676 2942 816 2999 volui
845 2960 1154 3014 congregare
1173 2941 1310 3011 ﬁlios
1339 2951 1482 3006 tuos,
1502 2938 1943 3012 quemadmodum

2034 1765 2215 1837 (Aug.)
2236 1765 2408 1837 Ipsam
2436 1767 2705 1822 civitatem
2744 1783 2910 1838 quam
2929 1769 3223 1827 secundum
3252 1771 3418 1826 alium
3448 1786 3617 1828 erats-

2033 1844 2276 1928 gelistam
2320 1857 2504 1911 nidum
2534 1874 2691 1914 suum
2719 1868 3029 1926 vocaverat,
3059 1876 3201 1917 nunc
3248 1862 3468 1930 domum
3513 1860 3614 1922 1n.-

2033 1947 2268 2002 daeorum
2299 1947 2548 2018 appellat.
2576 1947 2713 2015 Quaa-
2731 1965 2846 2004 non
2867 1950 3135 2026 immerito
3158 1949 3370 2006 Domini
3410 1950 3619 2006 auxilio

2034 2034 2249 2102 nudata,
2297 2053 2407 2093 sua:
2461 2032 2651 2094 ditioni
2708 2038 3049 2110 relinquitur,
3103 2041 3229 2113 quia
3277 2057 3384 2097 non
3431 2032 3618 2119 solum

2035 2129 2169 2206 avis
2200 2130 2345 2184 illius
2373 2129 2775 2200 omnipotentis,
2816 2125 2978 2202 quam
3010 2127 3312 2187 .Iiatthaaus
3357 2129 3639 2204 gallinam-

2034 2231 2326 2293 nuncupat,
2351 2222 2451 2278 alis
2477 2223 2682 2294 protegi
2711 2225 2975 2294 despexit,
2992 2225 3085 2281 sed
3115 2231 3171 2280 et
3196 2227 3444 2282 eamdem
3461 2241 3620 2280 avem

2035 2327 2094 2366 se
2157 2320 2436 2382 protegere
2487 2312 2754 2368 volentem
2805 2314 3054 2384 vulpibus
3105 2313 3469 2370 devorandum
3495 2355 3510 2379 ,
3562 2315 3617 2369 id

2035 2414 2119 2458 est
2142 2403 2358 2470 Herodi,
2402 2403 2465 2479 et
2503 2405 2680 2460 Pilato
2729 2406 3152 2479 erucillgendurn
3190 2408 3416 2463 tradidit
3457 2405 3619 2462 Chri-

2036 2503 2209 2548 stum.
2249 2493 2362 2549 Ne'e
2406 2477 2554 2571 mora
2583 2494 2820 2566 vulpium
2865 2477 3344 2563 earumdem,ihoc
3390 2506 3493 2562 est,
3525 2509 3639 2571 re-_

2036 2599 2162 2654 gum
2205 2593 2362 2640 terra:
2388 2570 2447 2640 et
2487 2585 2600 2655 ipsa
2642 2585 2826 2654 rapina
2879 2585 3184 2641 devoratur.
3231 2584 3426 2640 Occiso
3469 2570 3634 2649 enim;

2038 2675 2263 2730 Domino
2301 2663 2585 2731 venerunt
2614 2675 2841 2730 Romani
2884 2682 2942 2731 et
2969 2677 3126 2747 quasi
3167 2677 3353 2733 nidum
3386 2691 3613 2730 vacuum

2038 2751 2352 2837 diripientes
2390 2764 2630 2843 tulerunt
2664 2781 2853 2822 eorum
2898 2765 3107 2833 locum,
3153 2777 3402 2839 gentem,
3448 2762 3616 2823 et‘re-

2111 2944 2242 2999 Dico
2269 2945 2404 2998 enim
2433 2947 2569 2999 ralis
2601 2959 2624 2996 ε
2647 2945 2773 2999 Non
2809 2961 2889 3000 me
2932 2947 3167 3002 videbitis
3219 2948 3407 3001 nmodo
3451 2951 3617 3002 donee

363 3033 561 3106 gallina
611 3035 781 3106 pullos
823 3009 959 3092 suos.
973 3009 1245 3104 congregat
1283 3033 1378 3087 sub
1410 3009 1556 3097 alas,
1597 3041 1645 3086 et
1681 3029 1938 3086 noluisti?

2044 3037 2231 3090 dicatis
2279 3051 2296 3088 :
2347 3035 2668 3094 Benedictus
2694 3040 2786 3109 qui
2842 3039 2975 3094 venit
3020 3041 3078 3093 in
3121 3041 3330 3094 nomine
3376 3038 3606 3120 Domini.

362 3126 421 3184 ιιι
453 3127 681 3182 ωειιίιη
716 3127 857 3196 quod
906 3125 1036 3180 dicit
1075 3127 1336 3179 adversus
1369 3124 1586 3194 impiam
1637 3122 1936 3185 civitatem,

365 3218 579 3285 Quoties
620 3219 756 3274 volui
777 3234 1086 3288 congregare
1123 3216 1258 3286 ﬁlios
1286 3226 1400 3270 tuos
1430 3225 1476 3269 et
1507 3213 1720 3268 noluisti
1732 3213 1760 3266 2
1782 3227 1939 3281 appa-

366 3326 486 3368 rere
508 3311 718 3367 videtur
747 3319 1001 3381 tanquam
1029 3309 1123 3364 Dei
1162 3307 1410 3363 voluntas
1448 3313 1700 3376 superata
1727 3304 1800 3359 sit
1841 3305 1941 3358 bo—

369 3403 572 3458 minum
607 3401 873 3456 voluntate
898 3441 918 3464 ,
963 3410 1016 3455 ct
1065 3398 1448 3456 inﬁrmissimis
1493 3397 1728 3453 nolendo
1769 3397 1940 3466 impe—

369 3493 662 3556 dientibus,
713 3507 817 3548 non
859 3491 1091 3562 potuerit
1137 3489 1313 3544 facere
1346 3489 1752 3562 potentissimus
1794 3487 1936 3557 quod

366 3583 598 3640 volebat.
628 3583 694 3641 Et
715 3583 802 3637 ubi
830 3592 911 3636 est
937 3582 1023 3636 illa
1051 3581 1458 3651 omnipotentia,
1485 3595 1604 3650 quae
1635 3579 1689 3632 in
1733 3577 1859 3631 caelo
1890 3587 1936 3629 et

367 3675 579 3728 interra
617 3673 790 3726 omnia
835 3676 1152 3741 qucccunqu'e
1185 3669 1339 3724 voluit
1383 3669 1501 3739 fecit
1546 3665 1717 3741 (Paul.
1748 3667 1933 3736 cxiii),

370 3765 415 3820 si
456 3764 703 3834 colligere
739 3762 874 3817 ﬁlios
917 3759 1212 3816 Jerusalem
1239 3761 1426 3824 voluit,
1452 3767 1506 3813 et
1531 3775 1636 3814 non
1666 3758 1830 3812 fecit?
1855 3758 1936 3810 An

370 3856 546 3924 potius
578 3852 664 3907 illa
690 3851 828 3906 ﬁlios
855 3866 981 3906 suos
1007 3851 1073 3904 ab
1122 3850 1236 3920 ipso
1283 3848 1457 3919 colligi
1486 3847 1691 3902 noluit?
1732 3845 1837 3900 Sed
1873 3862 1935 3900 ea

369 3927 582 4015 quoque
619 3943 833 3998 nolente
864 3943 1000 3997 ﬁlios
1024 3943 1138 4012 ejus
1167 3941 1379 4011 collegit
1406 3941 1517 4010 ipse
1563 3954 1698 4009 quos
1730 3939 1894 4012 voluit
1923 3957 1932 3990 :

371 4040 494 4108 quia
521 4036 572 4089 in
598 4033 734 4089 caelo
761 4034 891 4088 etin
928 4043 1092 4098 terra,
1123 4050 1226 4087 non
1277 4033 1517 4102 qumdatn
1558 4030 1750 4094 voluit,
1779 4038 1829 4082 et
1863 4028 1938 4083 le-

372 4127 722 4198 cit,qumdam
748 4142 877 4181 vero
900 4126 1084 4191 voluit,
1107 4133 1161 4180 ct
1187 4143 1292 4181 non
1320 4121 1638 4189 fecit,sedin
1661 4123 1786 4178 creto
1808 4134 1852 4176 et
1885 4123 1938 4176 in

373 4233 534 4284 terra,
565 4220 737 4273 omnia
772 4235 1023 4289 quacunq
1146 4217 1309 4282 aluit,
1353 4216 1491 4286 fecit.
1542 4214 1741 4285 (Hier)
1789 4213 1939 4280 Quod

371 4321 550 4365 autem
599 4308 768 4362 dicit:
820 4307 1031 4372 Quoties
1241 4322 1553 4376 congregare
1594 4305 1731 4372 ﬁlios
1783 4304 1940 4356 tuos?

375 4417 562 4456 omnes
600 4411 744 4455 retro
790 4399 1080 4468 prophetas
1107 4404 1138 4452 δ
1187 4413 1245 4452 se
1288 4397 1482 4452 missos
1529 4410 1648 4450 esse
1685 4403 1931 4449 testatur.

375 4492 596 4548 Gallina:
639 4505 850 4564 quoque
900 4490 1299 4546 similitudinem
1365 4488 1516 4558 ponit
1564 4477 1938 4556 congregantis

376 4586 474 4640 sub
504 4585 615 4639 alas
665 4583 836 4652 pullos
861 4597 1006 4637 suos.
1049 4581 1228 4652 (.4ug.)
1279 4580 1392 4636 Hoc
1445 4595 1616 4651 genus
1651 4580 1941 4634 animantis

375 4688 624 4745 magnum
651 4669 898 4726 affectum
941 4671 995 4724 in
1043 4668 1180 4724 ﬁlios
1221 4669 1402 4734 habet,
1434 4670 1508 4722 ita
1555 4677 1614 4724 ut
1643 4684 1831 4724 eorum
1861 4669 1940 4720 in-

375 4763 628 4832 ﬁrmitate
665 4761 875 4828 affecta,
906 4771 962 4816 et
1000 4762 1113 4830 ipsa
1157 4761 1491 4826 inﬁrmetur;
1523 4771 1579 4815 et
1607 4761 1769 4830 (quod
1801 4756 1940 4813 diili-

376 4855 529 4910 cilius
548 4855 600 4908 in
626 4855 834 4910 caeteris
857 4852 1219 4915 animantibus
1243 4852 1506 4922 invenies)
1537 4852 1636 4907 alis
1667 4853 1779 4906 suis
1802 4849 1937 4920 ﬁlios

378 4957 682 5018 protegens,
723 4954 906 5003 contra
951 4945 1166 5000 milvum
1195 4953 1433 5016 pugnat:
1465 4946 1543 4999 sic
1571 4946 1732 5000 etiam
1769 4955 1940 4999 mater

378 5047 558 5093 nostra
598 5037 859 5106 sapientia
907 5035 1000 5090 Dei
1027 5051 1122 5105 per
1147 5037 1324 5090 carnis
1366 5037 1758 5116 susceptionem
1792 5036 1939 5089 inﬁr-

378 5135 522 5182 mata
564 5124 957 5197 quodammodo
984 5123 1144 5195 (unde
1176 5125 1445 5195 apostolus
1473 5125 1600 5179 dicit
1628 5142 1645 5178 :
1680 5124 1833 5190 Quod
1861 5127 1940 5179 in-

376 5217 585 5284 ﬁrmum
629 5225 702 5269 est
724 5215 862 5278 ‘Dei,
895 5215 1082 5282 fortius
1129 5224 1204 5279 est
1245 5215 1536 5286 hominibus
1567 5213 1628 5286 [I
1659 5212 1782 5268 Cor.
1813 5214 1940 5285 1]),

377 5281 608 5376 protegit
651 5281 1012 5359 inﬁrmitatem
1061 5311 1333 5368 nostram,
1360 5281 1416 5358 et
1459 5281 1667 5360 resistit
1711 5281 1942 5371 diabolo,

379 5408 446 5450 ne
474 5407 574 5450 nos
617 5393 808 5463 rapiat.
851 5393 906 5448 in
961 5407 1068 5460 qua
1094 5390 1422 5458 defensione,
1448 5395 1590 5464 quod
1639 5392 1727 5447 illa
1757 5393 1946 5447 adver-

376 5498 472 5541 sus
527 5481 747 5538 milvutn
791 5491 1021 5538 conatur
1074 5481 1301 5546 aﬁ‘cctu,
1351 5485 1466 5538 haec
1518 5486 1775 5540 adversm
1830 5486 1945 5539 dia-

375 5571 559 5630 bolum
609 5571 816 5644 perﬁcit
860 5581 1143 5647 potestate.
1193 5571 1413 5646 (Ηίετ.)
1444 5573 1579 5630 item
1630 5576 1682 5630 in
1721 5573 1945 5632 Cantica

2018 3127 2220 3200 (Λεία.)
2246 3125 2370 3183 Haec
2395 3125 2610 3197 quidem
2639 3129 2808 3184 turbae
2834 3130 3085 3184 dixerunt
3111 3129 3337 3184 Domino
3365 3115 3610 3185 venienie

2042 3216 2372 3274 Hierusalem
2396 3258 2409 3282 ,
2462 3217 2559 3274 sed
2599 3216 2725 3288 quia
2772 3218 2947 3275 anas
2994 3234 3103 3276 non
3136 3220 3287 3285 dicit,
3317 3219 3458 3290 quod
3488 3219 3611 3274 hinc

2040 3310 2331 3366 abcesserit
2355 3310 2633 3375 Dominus,
2661 3318 2726 3366 ut
2747 3326 2854 3367 non
2885 3313 3119 3377 veniret,
3147 3313 3252 3366 nisi
3276 3326 3343 3368 eo
3369 3315 3612 3381 tempore

2038 3419 2144 3471 quo
2161 3402 2273 3472 iam
2322 3397 2448 3456 illud
2483 3401 2754 3458 diceretur
2805 3403 3150 3473 (perseverat
3188 3403 3386 3473 quippe
3432 3403 3485 3456 in
3527 3401 3613 3457 iti-

2039 3507 2167 3546 nere
2209 3506 2328 3556 suo,
2357 3491 2528 3547 donec
2553 3493 2735 3547 veniat
2778 3491 3128 3565 Jerusalem),
3179 3495 3323 3564 cogit
3371 3491 3614 3564 proiet‘to
3703 3524 3706 3525 ν

2041 3583 2392 3654 hoe'mystioe
2422 3565 2665 3654 inteliigi,
2710 3571 2813 3640 hoc
2838 3594 2948 3649 est,
2987 3586 3054 3642 de
3092 3585 3181 3639 illo
3209 3585 3328 3656 ejus
3357 3582 3612 3666 adventu,

2038 3691 2145 3744 quo
2178 3677 2230 3730 in
2265 3675 2510 3732 claritate
2535 3685 2796 3733 venturus
2835 3686 2919 3733 est
2949 3677 3100 3749 (Luc.
3148 3675 3292 3748 xm).
3331 3673 3615 3749 [νωθῆ]

2039 3767 2271 3835 Maxime
2293 3784 2419 3823 cum
2455 3769 2735 3825 Mattheus
2777 3770 2899 3824 haec
2934 3768 3217 3824 Dominum
3252 3776 3376 3838 post
3402 3766 3608 3822 decan-

2039 3867 2179 3913 tatas
2205 3858 2324 3911 eiﬁa
2355 3860 2509 3922 turba
2565 3859 2750 3913 laudes
2793 3859 2990 3914 dixisse
3040 3866 3288 3922 testetur,
3338 3871 3410 3911 ne
3455 3856 3613 3910 aliter

2038 3948 2178 4016 quod
2227 3947 2380 4012 dicit,
2419 3948 2518 4002 hoc
2560 3955 2664 4013 est,
2709 3948 2813 4002 nisi
2857 3947 3231 4018 penitentiam
3277 3946 3518 4017 egeritis,
3555 3954 3613 4000 et

2037 4037 2270 4094 confessi
2323 4037 2532 4093 fueritis
2560 4038 2732 4108 ipsum
2783 4052 2904 4093 esse
2951 4027 3053 4102 ine,
3086 4038 3152 4092 de
3198 4051 3309 4106 quo
3336 4036 3616 4105 prophetae

2039 4132 2372 4194 cecinerunt,
2399 4128 2593 4184 Filium
2624 4129 3014 4199 omnipotentis
3061 4128 3258 4193 Patris,
3308 4142 3486 4182 meam
3534 4126 3611 4180 fa-

2042 4219 2176 4272 ciem
2223 4233 2326 4271 non
2357 4217 2621 4273 videbitis.
2664 4217 2875 4272 [labent
2899 4215 3069 4272 Judaei
3095 4217 3280 4271 datum
3317 4217 3423 4274 sibi
3467 4224 3608 4270 tem-

2043 4324 2141 4377 pus
2188 4294 2547 4376 paenitentiae,
2582 4305 2940 4361 conﬁteantur
2985 4293 3359 4372 benedictum,
3404 4305 3494 4375 qui
3523 4317 3612 4358 ve-

2044 4399 2118 4451 nit
2159 4399 2212 4451 in
2257 4398 2474 4484 nomine
2517 4397 2835 4464 Domini,.et
2878 4397 3086 4453 Christi-
3106 4413 3207 4453 ora
3255 4397 3608 4468 eonspicient.

2497 4525 2504 4536 '
2613 4510 2838 4568 CAPUT
2876 4507 3062 4569 XXIV.

2046 4599 2124 4653 De
2153 4609 2412 4670 structura
2438 4601 2614 4670 templi
2636 4613 2683 4655 et
2707 4603 2870 4669 signis
2898 4603 3290 4658 nouissimorum
3317 4603 3539 4667 dierum,
3563 4615 3610 4658 et

2116 4671 2336 4741 adventu
2376 4669 2691 4733 Saluatoris;
2719 4671 2786 4724 de
2821 4672 3087 4741 vigilantia
3113 4674 3246 4728 servi
3283 4674 3426 4740 boni,
3447 4684 3493 4727 et
3520 4690 3608 4728 oc-

2119 4757 2241 4793 casu
2268 4739 2634 4793 elementorum
2652 4780 2667 4804 ,
2696 4750 2804 4796 etc.

2120 4851 2226 4925 ιι.]
2271 4853 2336 4906 Et
2366 4870 2617 4922 egressam
2634 4853 2784 4907 Iesus
2834 4856 2897 4908 de
2940 4854 3126 4923 templo
3148 4855 3254 4908 ibat
3302 4864 3349 4909 et
3391 4870 3610 4909 accesse-

2049 4953 2167 4995 runt
2213 4943 2453 5012 discipuli
2499 4943 2649 5012 ejus,
2691 4952 2746 4995 ut
2795 4942 3115 4997 ostenderent
3155 4943 3204 4995 ei
3242 4943 3609 5010 adiﬁcationes

2049 5033 2242 5102 templi.
2277 5033 2393 5103 Ipse
2418 5044 2587 5086 autem
2627 5033 2936 5102 respondens
2971 5032 3104 5087 dixit
3132 5035 3205 5087 eis
3227 5050 3245 5087 :
3280 5031 3477 5106 Videtis
3503 5032 3609 5085 hac

2050 5126 2220 5177 omnia
2237 5125 2262 5177 1’
2281 5125 2441 5178 Amen
2463 5125 2579 5177 dico
2602 5125 2739 5178 vobis
2765 5142 2867 5178 non
2898 5125 3210 5195 relinquetur
3247 5127 3331 5178 hic
3356 5123 3486 5193 lupis
3524 5114 3615 5175 sui

2049 5231 2141 5284 per
2167 5215 2408 5283 lapidem,
2434 5217 2521 5285 qui
2555 5233 2656 5269 non
2695 5216 3011 5270 destruatur.
3039 5216 3306 5287 (Hieron)
3341 5215 3500 5269 Juxta
3523 5214 3608 5267 lti-

2047 5306 2268 5361 storiam
2317 5306 2630 5360 manifestus
2657 5315 2740 5360 est
2766 5323 2977 5369 sensus,
3026 5309 3151 5376 quia
3205 5305 3609 5376 quadragesimo

2048 5394 2284 5449 secundo
2309 5389 2449 5448 anno
2471 5404 2586 5464 post
2608 5395 2909 5462 passionem
2936 5393 3145 5447 Domini
3171 5395 3272 5446 sub
3288 5392 3609 5460 Vespasiano

2046 5496 2101 5539 et
2131 5485 2250 5540 Tito
2294 5484 2652 5540 Romanorum
2703 5486 3069 5556 principibus,
3115 5467 3188 5538 ita
3244 5483 3484 5538 funditus
3529 5491 3613 5536 est

2042 5583 2159 5650 ipsa
2199 5576 2389 5632 civitas
2438 5589 2626 5631 eversa
2671 5591 2794 5630 cum
2831 5576 3026 5645 templo
3070 5589 3168 5630 suo
3195 5573 3612 5644 magniﬁcentis-
