  <div class='ocr_page' id='page_1' title='image "/cluster/home/n/w/nwhite01/storage/ocr_20150623/107/uva.x000827064/544.png"; bbox 0 0 3922 6322; ppageno 0'>
   <div class='ocr_carea' id='block_1_1' title="bbox 222 275 358 332">
    <p class='ocr_par' dir='ltr' id='par_1_1' title="bbox 222 275 358 332">
     <span class='ocr_line' id='line_1_1' title="bbox 222 275 358 332; baseline 0.015 -2"><span class='ocrx_word' id='word_1_1' title='bbox 222 275 358 332; x_wconf 73' lang='lat' dir='ltr'><strong>i077</strong></span> 
     </span>
    </p>
   </div>
   <div class='ocr_carea' id='block_1_2' title="bbox 1179 273 2530 337">
    <p class='ocr_par' dir='ltr' id='par_1_2' title="bbox 1179 273 2530 337">
     <span class='ocr_line' id='line_1_2' title="bbox 1179 273 2530 337; baseline 0.004 -6"><span class='ocrx_word' id='word_1_2' title='bbox 1179 273 1526 331; x_wconf 74' lang='lat' dir='ltr'><strong>COMMENT.</strong></span> <span class='ocrx_word' id='word_1_3' title='bbox 1568 275 1636 330; x_wconf 77' lang='lat' dir='ltr'><strong>lN</strong></span> <span class='ocrx_word' id='word_1_4' title='bbox 1672 276 2106 332; x_wconf 68' lang='grc' dir='ltr'><strong>ΜΑΤΤΗίΕυΜ.</strong></span> <span class='ocrx_word' id='word_1_5' title='bbox 2143 306 2217 319; x_wconf 90' lang='grc'><strong><em>-</em></strong></span> <span class='ocrx_word' id='word_1_6' title='bbox 2250 277 2376 336; x_wconf 85' lang='lat' dir='ltr'><strong>LlB.</strong></span> <span class='ocrx_word' id='word_1_7' title='bbox 2422 279 2530 337; x_wconf 62' lang='grc' dir='ltr'><strong>ΥΠ.</strong></span> 
     </span>
    </p>
   </div>
   <div class='ocr_carea' id='block_1_3' title="bbox 3334 290 3464 342">
    <p class='ocr_par' dir='ltr' id='par_1_3' title="bbox 3334 290 3464 342">
     <span class='ocr_line' id='line_1_3' title="bbox 3334 290 3464 342; baseline 0.015 -2"><span class='ocrx_word' id='word_1_8' title='bbox 3334 290 3464 342; x_wconf 66' lang='grc' dir='ltr'><strong>1θῖἱῖ</strong></span> 
     </span>
    </p>
   </div>
   <div class='ocr_carea' id='block_1_4' title="bbox 217 390 3463 470">
    <p class='ocr_par' dir='ltr' id='par_1_4' title="bbox 217 390 3463 470">
     <span class='ocr_line' id='line_1_4' title="bbox 217 390 3463 470; baseline 0.003 -25"><span class='ocrx_word' id='word_1_9' title='bbox 217 390 397 460; x_wconf 81' lang='lat' dir='ltr'><strong>simu,</strong></span> <span class='ocrx_word' id='word_1_10' title='bbox 445 399 501 445; x_wconf 92' lang='lat' dir='ltr'><strong>ut</strong></span> <span class='ocrx_word' id='word_1_11' title='bbox 530 390 643 446; x_wconf 82' lang='lat' dir='ltr'><strong>solo</strong></span> <span class='ocrx_word' id='word_1_12' title='bbox 672 399 1068 459; x_wconf 80' lang='lat' dir='ltr'><strong>coaequaretur;</strong></span> <span class='ocrx_word' id='word_1_13' title='bbox 1106 392 1248 464; x_wconf 92' lang='lat' dir='ltr'><strong>quod</strong></span> <span class='ocrx_word' id='word_1_14' title='bbox 1290 395 1450 448; x_wconf 89' lang='lat' dir='ltr'><strong>etiam</strong></span> <span class='ocrx_word' id='word_1_15' title='bbox 1496 394 1651 448; x_wconf 86' lang='lat' dir='ltr'><strong>modo</strong></span> <span class='ocrx_word' id='word_1_16' title='bbox 1680 409 1792 445; x_wconf 88' lang='lat' dir='ltr'><strong>am-</strong></span> <span class='ocrx_word' id='word_1_17' title='bbox 1821 394 1866 453; x_wconf 79' lang='grc' dir='ltr'><strong>Α</strong></span> <span class='ocrx_word' id='word_1_18' title='bbox 1895 403 2032 446; x_wconf 82' lang='lat' dir='ltr'><strong>ctum</strong></span> <span class='ocrx_word' id='word_1_19' title='bbox 2067 402 2140 448; x_wconf 90' lang='lat' dir='ltr'><strong>est</strong></span> <span class='ocrx_word' id='word_1_20' title='bbox 2178 393 2528 468; x_wconf 64' lang='lat' dir='ltr'><strong>nillil-[190&quot;.</strong></span> <span class='ocrx_word' id='word_1_21' title='bbox 2570 397 2632 469; x_wconf 71' lang='lat'><strong>1])</strong></span> <span class='ocrx_word' id='word_1_22' title='bbox 2666 399 2718 451; x_wconf 90' lang='lat' dir='ltr'><strong>in</strong></span> <span class='ocrx_word' id='word_1_23' title='bbox 2747 398 2995 452; x_wconf 88' lang='lat' dir='ltr'><strong>omnibus</strong></span> <span class='ocrx_word' id='word_1_24' title='bbox 3035 407 3211 453; x_wconf 85' lang='lat' dir='ltr'><strong>autem</strong></span> <span class='ocrx_word' id='word_1_25' title='bbox 3265 409 3463 470; x_wconf 83' lang='lat' dir='ltr'><strong>tempo-</strong></span> 
     </span>
    </p>
   </div>
   <div class='ocr_carea' id='block_1_5' title="bbox 214 477 1792 564">
    <p class='ocr_par' dir='ltr' id='par_1_5' title="bbox 214 477 1792 564">
     <span class='ocr_line' id='line_1_5' title="bbox 214 477 1792 564; baseline 0.001 -30"><span class='ocrx_word' id='word_1_26' title='bbox 214 479 368 536; x_wconf 83' lang='lat' dir='ltr'><strong>bitus</strong></span> <span class='ocrx_word' id='word_1_27' title='bbox 386 477 682 545; x_wconf 90' lang='lat' dir='ltr'><strong>murorum,</strong></span> <span class='ocrx_word' id='word_1_28' title='bbox 714 481 807 549; x_wconf 99' lang='lat' dir='ltr'><strong>qui</strong></span> <span class='ocrx_word' id='word_1_29' title='bbox 845 481 1016 564; x_wconf 71' lang='lat' dir='ltr'><strong>ipsum</strong></span> <span class='ocrx_word' id='word_1_30' title='bbox 1061 481 1236 537; x_wconf 91' lang='lat' dir='ltr'><strong>locum</strong></span> <span class='ocrx_word' id='word_1_31' title='bbox 1267 484 1589 548; x_wconf 88' lang='lat' dir='ltr'><strong>circumdat,</strong></span> <span class='ocrx_word' id='word_1_32' title='bbox 1627 492 1792 537; x_wconf 90' lang='lat' dir='ltr'><strong>testa-</strong></span> 
     </span>
    </p>
   </div>
   <div class='ocr_carea' id='block_1_6' title="bbox 218 566 1790 646">
    <p class='ocr_par' dir='ltr' id='par_1_6' title="bbox 218 566 1790 646">
     <span class='ocr_line' id='line_1_6' title="bbox 218 566 1790 646; baseline 0.002 -20"><span class='ocrx_word' id='word_1_33' title='bbox 218 580 329 635; x_wconf 89' lang='lat' dir='ltr'><strong>tur,</strong></span> <span class='ocrx_word' id='word_1_34' title='bbox 366 587 486 628; x_wconf 85' lang='lat' dir='ltr'><strong>cum</strong></span> <span class='ocrx_word' id='word_1_35' title='bbox 515 571 691 625; x_wconf 90' lang='lat' dir='ltr'><strong>locum</strong></span> <span class='ocrx_word' id='word_1_36' title='bbox 719 569 973 633; x_wconf 66' lang='lat' dir='ltr'><strong>Calvarias</strong></span> <span class='ocrx_word' id='word_1_37' title='bbox 996 575 1085 629; x_wconf 90' lang='lat' dir='ltr'><strong>ubi</strong></span> <span class='ocrx_word' id='word_1_38' title='bbox 1117 574 1372 630; x_wconf 87' lang='lat' dir='ltr'><strong>Dominus</strong></span> <span class='ocrx_word' id='word_1_39' title='bbox 1393 585 1543 630; x_wconf 91' lang='lat' dir='ltr'><strong>extra</strong></span> <span class='ocrx_word' id='word_1_40' title='bbox 1581 566 1790 646; x_wconf 73' lang='lat' dir='ltr'><strong>portam</strong></span> 
     </span>
    </p>
   </div>
   <div class='ocr_carea' id='block_1_7' title="bbox 215 660 1793 740">
    <p class='ocr_par' dir='ltr' id='par_1_7' title="bbox 215 660 1793 740">
     <span class='ocr_line' id='line_1_7' title="bbox 215 660 1793 740; baseline 0.004 -25"><span class='ocrx_word' id='word_1_41' title='bbox 215 675 411 729; x_wconf 81' lang='lat' dir='ltr'><strong>passus</strong></span> <span class='ocrx_word' id='word_1_42' title='bbox 458 667 556 721; x_wconf 88' lang='lat' dir='ltr'><strong>est,</strong></span> <span class='ocrx_word' id='word_1_43' title='bbox 591 660 728 714; x_wconf 82' lang='lat' dir='ltr'><strong>inira</strong></span> <span class='ocrx_word' id='word_1_44' title='bbox 777 678 958 718; x_wconf 89' lang='lat' dir='ltr'><strong>muros</strong></span> <span class='ocrx_word' id='word_1_45' title='bbox 1008 665 1365 740; x_wconf 84' lang='lat' dir='ltr'><strong>amplectitur.</strong></span> <span class='ocrx_word' id='word_1_46' title='bbox 1396 665 1632 740; x_wconf 68' lang='lat' dir='ltr'><strong>(MANL)</strong></span> <span class='ocrx_word' id='word_1_47' title='bbox 1685 666 1793 722; x_wconf 89' lang='lat' dir='ltr'><strong>Sed</strong></span> 
     </span>
    </p>
   </div>
   <div class='ocr_carea' id='block_1_8' title="bbox 217 747 1790 830">
    <p class='ocr_par' dir='ltr' id='par_1_8' title="bbox 217 747 1790 830">
     <span class='ocr_line' id='line_1_8' title="bbox 217 747 1790 830; baseline 0.004 -23"><span class='ocrx_word' id='word_1_48' title='bbox 217 753 448 824; x_wconf 83' lang='lat' dir='ltr'><strong>mystice</strong></span> <span class='ocrx_word' id='word_1_49' title='bbox 473 754 756 809; x_wconf 79' lang='lat' dir='ltr'><strong>recedente</strong></span> <span class='ocrx_word' id='word_1_50' title='bbox 785 752 1009 810; x_wconf 90' lang='lat' dir='ltr'><strong>Domino</strong></span> <span class='ocrx_word' id='word_1_51' title='bbox 1060 755 1126 810; x_wconf 90' lang='lat' dir='ltr'><strong>de</strong></span> <span class='ocrx_word' id='word_1_52' title='bbox 1180 751 1377 827; x_wconf 78' lang='lat' dir='ltr'><strong>templo</strong></span> <span class='ocrx_word' id='word_1_53' title='bbox 1428 759 1606 814; x_wconf 85' lang='lat' dir='ltr'><strong>omnia</strong></span> <span class='ocrx_word' id='word_1_54' title='bbox 1658 747 1790 830; x_wconf 89' lang='lat' dir='ltr'><strong>legis</strong></span> 
     </span>
    </p>
   </div>
   <div class='ocr_carea' id='block_1_9' title="bbox 217 842 1790 918">
    <p class='ocr_par' dir='ltr' id='par_1_9' title="bbox 217 842 1790 918">
     <span class='ocr_line' id='line_1_9' title="bbox 217 842 1790 918; baseline 0.005 -21"><span class='ocrx_word' id='word_1_55' title='bbox 217 842 444 898; x_wconf 78' lang='lat' dir='ltr'><strong>:ediilcia</strong></span> <span class='ocrx_word' id='word_1_56' title='bbox 489 852 545 897; x_wconf 89' lang='lat' dir='ltr'><strong>et</strong></span> <span class='ocrx_word' id='word_1_57' title='bbox 592 845 909 918; x_wconf 82' lang='lat' dir='ltr'><strong>compositio</strong></span> <span class='ocrx_word' id='word_1_58' title='bbox 961 846 1338 902; x_wconf 70' lang='lat' dir='ltr'><strong>mandatorum</strong></span> <span class='ocrx_word' id='word_1_59' title='bbox 1389 849 1462 903; x_wconf 86' lang='lat' dir='ltr'><strong>ita</strong></span> <span class='ocrx_word' id='word_1_60' title='bbox 1518 844 1790 905; x_wconf 78' lang='lat' dir='ltr'><strong>destructa</strong></span> 
     </span>
    </p>
   </div>
   <div class='ocr_carea' id='block_1_10' title="bbox 215 932 1789 1008">
    <p class='ocr_par' dir='ltr' id='par_1_10' title="bbox 215 932 1789 1008">
     <span class='ocr_line' id='line_1_10' title="bbox 215 932 1789 1008; baseline 0.008 -24"><span class='ocrx_word' id='word_1_61' title='bbox 215 939 332 996; x_wconf 89' lang='lat' dir='ltr'><strong>est,</strong></span> <span class='ocrx_word' id='word_1_62' title='bbox 364 940 425 986; x_wconf 93' lang='lat' dir='ltr'><strong>ut</strong></span> <span class='ocrx_word' id='word_1_63' title='bbox 447 932 578 986; x_wconf 86' lang='lat' dir='ltr'><strong>nihil</strong></span> <span class='ocrx_word' id='word_1_64' title='bbox 607 949 637 987; x_wconf 90' lang='lat' dir='ltr'><strong>a</strong></span> <span class='ocrx_word' id='word_1_65' title='bbox 681 933 880 989; x_wconf 66' lang='lat' dir='ltr'><strong>Iudaeis</strong></span> <span class='ocrx_word' id='word_1_66' title='bbox 925 936 1093 1004; x_wconf 87' lang='lat' dir='ltr'><strong>possit</strong></span> <span class='ocrx_word' id='word_1_67' title='bbox 1125 936 1364 1006; x_wconf 89' lang='lat' dir='ltr'><strong>impleri,</strong></span> <span class='ocrx_word' id='word_1_68' title='bbox 1411 949 1465 994; x_wconf 92' lang='lat' dir='ltr'><strong>et</strong></span> <span class='ocrx_word' id='word_1_69' title='bbox 1494 941 1666 1008; x_wconf 85' lang='lat' dir='ltr'><strong>capite</strong></span> <span class='ocrx_word' id='word_1_70' title='bbox 1696 952 1789 996; x_wconf 88' lang='lat' dir='ltr'><strong>su-</strong></span> 
     </span>
    </p>
   </div>
   <div class='ocr_carea' id='block_1_11' title="bbox 217 1022 1788 1101">
    <p class='ocr_par' dir='ltr' id='par_1_11' title="bbox 217 1022 1788 1101">
     <span class='ocr_line' id='line_1_11' title="bbox 217 1022 1788 1101; baseline 0.004 -23"><span class='ocrx_word' id='word_1_71' title='bbox 217 1022 366 1101; x_wconf 81' lang='lat' dir='ltr'><strong>blato</strong></span> <span class='ocrx_word' id='word_1_72' title='bbox 391 1025 638 1080; x_wconf 77' lang='lat' dir='ltr'><strong>uniVersa</strong></span> <span class='ocrx_word' id='word_1_73' title='bbox 667 1024 808 1080; x_wconf 89' lang='lat' dir='ltr'><strong>inter</strong></span> <span class='ocrx_word' id='word_1_74' title='bbox 841 1041 900 1081; x_wconf 90' lang='lat' dir='ltr'><strong>se</strong></span> <span class='ocrx_word' id='word_1_75' title='bbox 930 1033 1167 1083; x_wconf 88' lang='lat' dir='ltr'><strong>membra</strong></span> <span class='ocrx_word' id='word_1_76' title='bbox 1192 1041 1565 1101; x_wconf 86' lang='lat' dir='ltr'><strong>compugnant.</strong></span> <span class='ocrx_word' id='word_1_77' title='bbox 1586 1031 1788 1085; x_wconf 90' lang='lat' dir='ltr'><strong>Divini-</strong></span> 
     </span>
    </p>
   </div>
   <div class='ocr_carea' id='block_1_12' title="bbox 219 1110 1787 1190">
    <p class='ocr_par' dir='ltr' id='par_1_12' title="bbox 219 1110 1787 1190">
     <span class='ocr_line' id='line_1_12' title="bbox 219 1110 1787 1190; baseline 0.004 -24"><span class='ocrx_word' id='word_1_78' title='bbox 219 1121 308 1168; x_wconf 73' lang='lat' dir='ltr'><strong>tus</strong></span> <span class='ocrx_word' id='word_1_79' title='bbox 329 1121 512 1169; x_wconf 83' lang='lat' dir='ltr'><strong>autem</strong></span> <span class='ocrx_word' id='word_1_80' title='bbox 561 1123 906 1185; x_wconf 82' lang='lat' dir='ltr'><strong>procuratum</strong></span> <span class='ocrx_word' id='word_1_81' title='bbox 936 1125 1040 1182; x_wconf 89' lang='lat' dir='ltr'><strong>est,</strong></span> <span class='ocrx_word' id='word_1_82' title='bbox 1071 1125 1129 1172; x_wconf 92' lang='lat' dir='ltr'><strong>ut</strong></span> <span class='ocrx_word' id='word_1_83' title='bbox 1153 1110 1444 1187; x_wconf 67' lang='lat' dir='ltr'><strong>patefacta~</strong></span> <span class='ocrx_word' id='word_1_84' title='bbox 1471 1135 1569 1190; x_wconf 88' lang='lat' dir='ltr'><strong>per</strong></span> <span class='ocrx_word' id='word_1_85' title='bbox 1602 1122 1787 1175; x_wconf 89' lang='lat' dir='ltr'><strong>orbem</strong></span> 
     </span>
    </p>
   </div>
   <div class='ocr_carea' id='block_1_13' title="bbox 217 1194 1787 1278">
    <p class='ocr_par' dir='ltr' id='par_1_13' title="bbox 217 1194 1787 1278">
     <span class='ocr_line' id='line_1_13' title="bbox 217 1194 1787 1278; baseline 0.006 -22"><span class='ocrx_word' id='word_1_86' title='bbox 217 1201 344 1257; x_wconf 81' lang='lat' dir='ltr'><strong>tidel</strong></span> <span class='ocrx_word' id='word_1_87' title='bbox 392 1194 716 1273; x_wconf 75' lang='lat' dir='ltr'><strong>evangelicae</strong></span> <span class='ocrx_word' id='word_1_88' title='bbox 765 1206 938 1274; x_wconf 87' lang='lat' dir='ltr'><strong>gratia</strong></span> <span class='ocrx_word' id='word_1_89' title='bbox 984 1206 1238 1275; x_wconf 85' lang='lat' dir='ltr'><strong>templum</strong></span> <span class='ocrx_word' id='word_1_90' title='bbox 1270 1209 1461 1276; x_wconf 76' lang='lat' dir='ltr'><strong>‘ipsum</strong></span> <span class='ocrx_word' id='word_1_91' title='bbox 1519 1210 1787 1278; x_wconf 73' lang='lat' dir='ltr'><strong>quondam</strong></span> 
     </span>
    </p>
   </div>
   <div class='ocr_carea' id='block_1_14' title="bbox 215 1293 1789 1368">
    <p class='ocr_par' dir='ltr' id='par_1_14' title="bbox 215 1293 1789 1368">
     <span class='ocr_line' id='line_1_14' title="bbox 215 1293 1789 1368; baseline 0.006 -23"><span class='ocrx_word' id='word_1_92' title='bbox 215 1299 526 1362; x_wconf 85' lang='lat' dir='ltr'><strong>augustum,</strong></span> <span class='ocrx_word' id='word_1_93' title='bbox 556 1305 680 1347; x_wconf 88' lang='lat' dir='ltr'><strong>cum</strong></span> <span class='ocrx_word' id='word_1_94' title='bbox 723 1293 836 1348; x_wconf 86' lang='lat' dir='ltr'><strong>suis</strong></span> <span class='ocrx_word' id='word_1_95' title='bbox 880 1295 1214 1349; x_wconf 69' lang='lat' dir='ltr'><strong>caeremoniis</strong></span> <span class='ocrx_word' id='word_1_96' title='bbox 1242 1296 1540 1363; x_wconf 87' lang='lat' dir='ltr'><strong>tolleretur,</strong></span> <span class='ocrx_word' id='word_1_97' title='bbox 1577 1313 1644 1352; x_wconf 91' lang='lat' dir='ltr'><strong>ne</strong></span> <span class='ocrx_word' id='word_1_98' title='bbox 1669 1301 1789 1368; x_wconf 85' lang='lat' dir='ltr'><strong>quis</strong></span> 
     </span>
    </p>
   </div>
   <div class='ocr_carea' id='block_1_15' title="bbox 216 1367 1788 1452">
    <p class='ocr_par' dir='ltr' id='par_1_15' title="bbox 216 1367 1788 1452">
     <span class='ocr_line' id='line_1_15' title="bbox 216 1367 1788 1452; baseline 0.006 -17"><span class='ocrx_word' id='word_1_99' title='bbox 216 1367 358 1436; x_wconf 78' lang='lat' dir='ltr'><strong>forte</strong></span> <span class='ocrx_word' id='word_1_100' title='bbox 397 1383 574 1437; x_wconf 86' lang='lat' dir='ltr'><strong>adhuc</strong></span> <span class='ocrx_word' id='word_1_101' title='bbox 612 1382 867 1451; x_wconf 89' lang='lat' dir='ltr'><strong>parvulus</strong></span> <span class='ocrx_word' id='word_1_102' title='bbox 898 1398 963 1438; x_wconf 89' lang='lat' dir='ltr'><strong>ac</strong></span> <span class='ocrx_word' id='word_1_103' title='bbox 1008 1383 1214 1440; x_wconf 84' lang='lat' dir='ltr'><strong>lactans</strong></span> <span class='ocrx_word' id='word_1_104' title='bbox 1259 1385 1312 1439; x_wconf 89' lang='lat' dir='ltr'><strong>in</strong></span> <span class='ocrx_word' id='word_1_105' title='bbox 1357 1385 1479 1452; x_wconf 80' lang='lat' dir='ltr'><strong>ﬁde,</strong></span> <span class='ocrx_word' id='word_1_106' title='bbox 1505 1388 1550 1442; x_wconf 88' lang='lat' dir='ltr'><strong>si</strong></span> <span class='ocrx_word' id='word_1_107' title='bbox 1582 1367 1788 1444; x_wconf 87' lang='lat' dir='ltr'><strong>videret</strong></span> 
     </span>
    </p>
   </div>
   <div class='ocr_carea' id='block_1_16' title="bbox 214 1470 1793 1548">
    <p class='ocr_par' dir='ltr' id='par_1_16' title="bbox 214 1470 1793 1548">
     <span class='ocr_line' id='line_1_16' title="bbox 214 1470 1793 1548; baseline 0.006 -24"><span class='ocrx_word' id='word_1_108' title='bbox 214 1470 304 1525; x_wconf 86' lang='lat' dir='ltr'><strong>illa</strong></span> <span class='ocrx_word' id='word_1_109' title='bbox 331 1486 648 1541; x_wconf 86' lang='lat' dir='ltr'><strong>permanere</strong></span> <span class='ocrx_word' id='word_1_110' title='bbox 674 1488 791 1541; x_wconf 68' lang='lat' dir='ltr'><strong>qua:</strong></span> <span class='ocrx_word' id='word_1_111' title='bbox 817 1488 848 1526; x_wconf 85' lang='lat' dir='ltr'><strong>a</strong></span> <span class='ocrx_word' id='word_1_112' title='bbox 883 1473 1158 1543; x_wconf 80' lang='lat' dir='ltr'><strong>prophetis</strong></span> <span class='ocrx_word' id='word_1_113' title='bbox 1182 1477 1384 1532; x_wconf 84' lang='lat' dir='ltr'><strong>sanctis</strong></span> <span class='ocrx_word' id='word_1_114' title='bbox 1422 1475 1582 1544; x_wconf 81' lang='lat' dir='ltr'><strong>facta,</strong></span> <span class='ocrx_word' id='word_1_115' title='bbox 1611 1493 1729 1548; x_wconf 69' lang='lat' dir='ltr'><strong>qua:</strong></span> <span class='ocrx_word' id='word_1_116' title='bbox 1757 1494 1793 1534; x_wconf 86' lang='lat' dir='ltr'><strong>a</strong></span> 
     </span>
    </p>
   </div>
   <div class='ocr_carea' id='block_1_17' title="bbox 213 1559 1786 1637">
    <p class='ocr_par' dir='ltr' id='par_1_17' title="bbox 213 1559 1786 1637">
     <span class='ocr_line' id='line_1_17' title="bbox 213 1559 1786 1637; baseline 0.008 -23"><span class='ocrx_word' id='word_1_117' title='bbox 213 1559 447 1615; x_wconf 81' lang='lat' dir='ltr'><strong>Domino</strong></span> <span class='ocrx_word' id='word_1_118' title='bbox 465 1572 592 1617; x_wconf 91' lang='lat' dir='ltr'><strong>sunt</strong></span> <span class='ocrx_word' id='word_1_119' title='bbox 620 1562 884 1632; x_wconf 90' lang='lat' dir='ltr'><strong>instituta,</strong></span> <span class='ocrx_word' id='word_1_120' title='bbox 903 1565 1215 1620; x_wconf 89' lang='lat' dir='ltr'><strong>admirando</strong></span> <span class='ocrx_word' id='word_1_121' title='bbox 1239 1575 1481 1622; x_wconf 87' lang='lat' dir='ltr'><strong>sanctum</strong></span> <span class='ocrx_word' id='word_1_122' title='bbox 1499 1566 1786 1637; x_wconf 67' lang='lat' dir='ltr'><strong>&#39;steculare,</strong></span> 
     </span>
    </p>
   </div>
   <div class='ocr_carea' id='block_1_18' title="bbox 215 1653 1788 1727">
    <p class='ocr_par' dir='ltr' id='par_1_18' title="bbox 215 1653 1788 1727">
     <span class='ocr_line' id='line_1_18' title="bbox 215 1653 1788 1727; baseline 0.009 -22"><span class='ocrx_word' id='word_1_123' title='bbox 215 1653 476 1724; x_wconf 78' lang='lat' dir='ltr'><strong>paulatim</strong></span> <span class='ocrx_word' id='word_1_124' title='bbox 515 1669 546 1707; x_wconf 88' lang='lat' dir='ltr'><strong>a</strong></span> <span class='ocrx_word' id='word_1_125' title='bbox 588 1655 900 1711; x_wconf 82' lang='lat' dir='ltr'><strong>sinceritate</strong></span> <span class='ocrx_word' id='word_1_126' title='bbox 931 1656 1214 1727; x_wconf 66' lang='lat' dir='ltr'><strong>ﬁdei,quaa</strong></span> <span class='ocrx_word' id='word_1_127' title='bbox 1257 1668 1340 1714; x_wconf 89' lang='lat' dir='ltr'><strong>est</strong></span> <span class='ocrx_word' id='word_1_128' title='bbox 1368 1660 1420 1714; x_wconf 91' lang='lat' dir='ltr'><strong>in</strong></span> <span class='ocrx_word' id='word_1_129' title='bbox 1458 1657 1672 1718; x_wconf 85' lang='lat' dir='ltr'><strong>Christo</strong></span> <span class='ocrx_word' id='word_1_130' title='bbox 1699 1661 1788 1719; x_wconf 53' lang='lat' dir='ltr'><strong>ie?-</strong></span> 
     </span>
    </p>
   </div>
   <div class='ocr_carea' id='block_1_19' title="bbox 1891 481 3463 562">
    <p class='ocr_par' dir='ltr' id='par_1_19' title="bbox 1891 481 3463 562">
     <span class='ocr_line' id='line_1_19' title="bbox 1891 481 3463 562; baseline 0.005 -26"><span class='ocrx_word' id='word_1_131' title='bbox 1891 484 2039 560; x_wconf 77' lang='lat' dir='ltr'><strong>ribus</strong></span> <span class='ocrx_word' id='word_1_132' title='bbox 2065 484 2228 538; x_wconf 89' lang='lat' dir='ltr'><strong>etiam</strong></span> <span class='ocrx_word' id='word_1_133' title='bbox 2250 485 2365 545; x_wconf 83' lang='lat' dir='ltr'><strong>dies</strong></span> <span class='ocrx_word' id='word_1_134' title='bbox 2392 485 2578 556; x_wconf 91' lang='lat' dir='ltr'><strong>judicii</strong></span> <span class='ocrx_word' id='word_1_135' title='bbox 2613 481 2716 552; x_wconf 81' lang='lat' dir='ltr'><strong>sit,</strong></span> <span class='ocrx_word' id='word_1_136' title='bbox 2734 503 2839 556; x_wconf 88' lang='lat' dir='ltr'><strong>qua</strong></span> <span class='ocrx_word' id='word_1_137' title='bbox 2869 490 3252 562; x_wconf 79' lang='lat' dir='ltr'><strong>consequentia</strong></span> <span class='ocrx_word' id='word_1_138' title='bbox 3284 500 3463 559; x_wconf 78' lang='lat' dir='ltr'><strong>potest</strong></span> 
     </span>
    </p>
   </div>
   <div class='ocr_carea' id='block_1_20' title="bbox 1889 572 3451 646">
    <p class='ocr_par' dir='ltr' id='par_1_20' title="bbox 1889 572 3451 646">
     <span class='ocr_line' id='line_1_20' title="bbox 1889 572 3451 646; baseline 0.006 -20"><span class='ocrx_word' id='word_1_139' title='bbox 1889 572 2004 642; x_wconf 85' lang='lat' dir='ltr'><strong>ejus</strong></span> <span class='ocrx_word' id='word_1_140' title='bbox 2053 573 2300 644; x_wconf 87' lang='lat' dir='ltr'><strong>ignorare</strong></span> <span class='ocrx_word' id='word_1_141' title='bbox 2348 586 2580 646; x_wconf 88' lang='lat' dir='ltr'><strong>partem,</strong></span> <span class='ocrx_word' id='word_1_142' title='bbox 2632 576 2781 644; x_wconf 89' lang='lat' dir='ltr'><strong>cujus</strong></span> <span class='ocrx_word' id='word_1_143' title='bbox 2833 585 3002 631; x_wconf 89' lang='lat' dir='ltr'><strong>totum</strong></span> <span class='ocrx_word' id='word_1_144' title='bbox 3059 580 3310 632; x_wconf 83' lang='lat' dir='ltr'><strong>noverit?</strong></span> <span class='ocrx_word' id='word_1_145' title='bbox 3340 582 3451 635; x_wconf 85' lang='lat' dir='ltr'><strong>iluc</strong></span> 
     </span>
    </p>
   </div>
   <div class='ocr_carea' id='block_1_21' title="bbox 1889 665 3460 739">
    <p class='ocr_par' dir='ltr' id='par_1_21' title="bbox 1889 665 3460 739">
     <span class='ocr_line' id='line_1_21' title="bbox 1889 665 3460 739; baseline 0.004 -22"><span class='ocrx_word' id='word_1_146' title='bbox 1889 671 2102 734; x_wconf 85' lang='lat' dir='ltr'><strong>quoque</strong></span> <span class='ocrx_word' id='word_1_147' title='bbox 2131 665 2417 721; x_wconf 91' lang='lat' dir='ltr'><strong>dicendum</strong></span> <span class='ocrx_word' id='word_1_148' title='bbox 2444 672 2565 722; x_wconf 87' lang='lat' dir='ltr'><strong>est:</strong></span> <span class='ocrx_word' id='word_1_149' title='bbox 2607 667 2744 735; x_wconf 87' lang='lat' dir='ltr'><strong>Quid</strong></span> <span class='ocrx_word' id='word_1_150' title='bbox 2791 677 2872 723; x_wconf 89' lang='lat' dir='ltr'><strong>est</strong></span> <span class='ocrx_word' id='word_1_151' title='bbox 2925 669 3096 739; x_wconf 76' lang='lat' dir='ltr'><strong>majus</strong></span> <span class='ocrx_word' id='word_1_152' title='bbox 3142 669 3332 723; x_wconf 84' lang='lat' dir='ltr'><strong>notitia</strong></span> <span class='ocrx_word' id='word_1_153' title='bbox 3362 669 3460 724; x_wconf 84' lang='lat' dir='ltr'><strong>Pa-</strong></span> 
     </span>
    </p>
   </div>
   <div class='ocr_carea' id='block_1_22' title="bbox 1889 744 3461 830">
    <p class='ocr_par' dir='ltr' id='par_1_22' title="bbox 1889 744 3461 830">
     <span class='ocr_line' id='line_1_22' title="bbox 1889 744 3461 830; baseline 0.004 -23"><span class='ocrx_word' id='word_1_154' title='bbox 1889 755 2010 818; x_wconf 87' lang='lat' dir='ltr'><strong>tris,</strong></span> <span class='ocrx_word' id='word_1_155' title='bbox 2041 770 2108 808; x_wconf 90' lang='lat' dir='ltr'><strong>an</strong></span> <span class='ocrx_word' id='word_1_156' title='bbox 2130 753 2364 824; x_wconf 76' lang='lat' dir='ltr'><strong>judicii?</strong></span> <span class='ocrx_word' id='word_1_157' title='bbox 2401 754 2457 810; x_wconf 90' lang='lat' dir='ltr'><strong>Si</strong></span> <span class='ocrx_word' id='word_1_158' title='bbox 2488 755 2659 824; x_wconf 82' lang='lat' dir='ltr'><strong>majus</strong></span> <span class='ocrx_word' id='word_1_159' title='bbox 2709 757 2876 822; x_wconf 89' lang='lat' dir='ltr'><strong>novit,</strong></span> <span class='ocrx_word' id='word_1_160' title='bbox 2936 744 3201 827; x_wconf 84' lang='lat' dir='ltr'><strong>quomodo</strong></span> <span class='ocrx_word' id='word_1_161' title='bbox 3249 760 3461 830; x_wconf 80' lang='lat' dir='ltr'><strong>ignorat</strong></span> 
     </span>
    </p>
   </div>
   <div class='ocr_carea' id='block_1_23' title="bbox 1889 834 3455 922">
    <p class='ocr_par' dir='ltr' id='par_1_23' title="bbox 1889 834 3455 922">
     <span class='ocr_line' id='line_1_23' title="bbox 1889 834 3455 922; baseline 0.004 -25"><span class='ocrx_word' id='word_1_162' title='bbox 1889 844 2031 913; x_wconf 91' lang='lat' dir='ltr'><strong>quod</strong></span> <span class='ocrx_word' id='word_1_163' title='bbox 2095 834 2271 900; x_wconf 87' lang='lat' dir='ltr'><strong>minus</strong></span> <span class='ocrx_word' id='word_1_164' title='bbox 2315 847 2439 900; x_wconf 85' lang='lat' dir='ltr'><strong>est?</strong></span> <span class='ocrx_word' id='word_1_165' title='bbox 2469 845 2743 917; x_wconf 87' lang='lat' dir='ltr'><strong>Scriptum</strong></span> <span class='ocrx_word' id='word_1_166' title='bbox 2788 848 3058 919; x_wconf 76' lang='lat' dir='ltr'><strong>legimus:</strong></span> <span class='ocrx_word' id='word_1_167' title='bbox 3116 847 3304 903; x_wconf 81' lang='lat' dir='ltr'><strong>Omnia</strong></span> <span class='ocrx_word' id='word_1_168' title='bbox 3339 868 3455 922; x_wconf 76' lang='lat' dir='ltr'><strong>qum</strong></span> 
     </span>
    </p>
   </div>
   <div class='ocr_carea' id='block_1_24' title="bbox 1889 925 3459 1011">
    <p class='ocr_par' dir='ltr' id='par_1_24' title="bbox 1889 925 3459 1011">
     <span class='ocr_line' id='line_1_24' title="bbox 1889 925 3459 1011; baseline 0.007 -26"><span class='ocrx_word' id='word_1_169' title='bbox 1889 930 2068 988; x_wconf 81' lang='lat' dir='ltr'><strong>Patris</strong></span> <span class='ocrx_word' id='word_1_170' title='bbox 2121 944 2264 1000; x_wconf 85' lang='lat' dir='ltr'><strong>sunt,</strong></span> <span class='ocrx_word' id='word_1_171' title='bbox 2299 925 2426 990; x_wconf 72' lang='lat' dir='ltr'><strong>milii</strong></span> <span class='ocrx_word' id='word_1_172' title='bbox 2479 938 2672 990; x_wconf 84' lang='lat' dir='ltr'><strong>tradita</strong></span> <span class='ocrx_word' id='word_1_173' title='bbox 2711 947 2831 992; x_wconf 85' lang='lat' dir='ltr'><strong>sunt</strong></span> <span class='ocrx_word' id='word_1_174' title='bbox 2866 937 3016 1011; x_wconf 87' lang='lat' dir='ltr'><strong>(Luc.</strong></span> <span class='ocrx_word' id='word_1_175' title='bbox 3058 938 3134 1011; x_wconf 87' lang='lat' dir='ltr'><strong>x).</strong></span> <span class='ocrx_word' id='word_1_176' title='bbox 3175 939 3230 993; x_wconf 88' lang='lat' dir='ltr'><strong>Si</strong></span> <span class='ocrx_word' id='word_1_177' title='bbox 3280 942 3459 996; x_wconf 86' lang='lat' dir='ltr'><strong>omnia</strong></span> 
     </span>
    </p>
   </div>
   <div class='ocr_carea' id='block_1_25' title="bbox 1888 1019 3459 1096">
    <p class='ocr_par' dir='ltr' id='par_1_25' title="bbox 1888 1019 3459 1096">
     <span class='ocr_line' id='line_1_25' title="bbox 1888 1019 3459 1096; baseline 0.006 -20"><span class='ocrx_word' id='word_1_178' title='bbox 1888 1023 2067 1078; x_wconf 86' lang='lat' dir='ltr'><strong>Patris</strong></span> <span class='ocrx_word' id='word_1_179' title='bbox 2115 1024 2236 1079; x_wconf 88' lang='lat' dir='ltr'><strong>Filii</strong></span> <span class='ocrx_word' id='word_1_180' title='bbox 2283 1034 2424 1092; x_wconf 65' lang='lat' dir='ltr'><strong>sunt,</strong></span> <span class='ocrx_word' id='word_1_181' title='bbox 2454 1041 2561 1096; x_wconf 90' lang='lat' dir='ltr'><strong>qua</strong></span> <span class='ocrx_word' id='word_1_182' title='bbox 2615 1019 3002 1083; x_wconf 26' lang='lat' dir='ltr'><strong>ratione‘un‘ius</strong></span> <span class='ocrx_word' id='word_1_183' title='bbox 3049 1031 3155 1086; x_wconf 92' lang='lat' dir='ltr'><strong>diei</strong></span> <span class='ocrx_word' id='word_1_184' title='bbox 3187 1031 3290 1087; x_wconf 89' lang='lat' dir='ltr'><strong>sibi</strong></span> <span class='ocrx_word' id='word_1_185' title='bbox 3319 1033 3459 1086; x_wconf 85' lang='lat' dir='ltr'><strong>noti-</strong></span> 
     </span>
    </p>
   </div>
   <div class='ocr_carea' id='block_1_26' title="bbox 1889 1112 3535 1196">
    <p class='ocr_par' dir='ltr' id='par_1_26' title="bbox 1889 1112 3535 1196">
     <span class='ocr_line' id='line_1_26' title="bbox 1889 1112 3535 1196; baseline 0.007 -30"><span class='ocrx_word' id='word_1_186' title='bbox 1889 1112 2019 1166; x_wconf 85' lang='lat' dir='ltr'><strong>tiam</strong></span> <span class='ocrx_word' id='word_1_187' title='bbox 2049 1115 2359 1196; x_wconf 60' lang='lat' dir='ltr'><strong>reservavit,</strong></span> <span class='ocrx_word' id='word_1_188' title='bbox 2410 1124 2466 1172; x_wconf 91' lang='lat' dir='ltr'><strong>et</strong></span> <span class='ocrx_word' id='word_1_189' title='bbox 2515 1117 2686 1172; x_wconf 88' lang='lat' dir='ltr'><strong>noluit</strong></span> <span class='ocrx_word' id='word_1_190' title='bbox 2736 1133 2868 1196; x_wconf 81' lang='lat' dir='ltr'><strong>eam</strong></span> <span class='ocrx_word' id='word_1_191' title='bbox 2905 1120 3305 1185; x_wconf 81' lang='lat' dir='ltr'><strong>communicare</strong></span> <span class='ocrx_word' id='word_1_192' title='bbox 3337 1136 3458 1176; x_wconf 90' lang='lat' dir='ltr'><strong>cum</strong></span> <span class='ocrx_word' id='word_1_193' title='bbox 3528 1190 3535 1194; x_wconf 95' lang='lat'>_</span> 
     </span>
    </p>
   </div>
   <div class='ocr_carea' id='block_1_27' title="bbox 1888 1194 3456 1282">
    <p class='ocr_par' dir='ltr' id='par_1_27' title="bbox 1888 1194 3456 1282">
     <span class='ocr_line' id='line_1_27' title="bbox 1888 1194 3456 1282; baseline 0.004 -24"><span class='ocrx_word' id='word_1_194' title='bbox 1888 1199 2044 1258; x_wconf 84' lang='lat' dir='ltr'><strong>Filio.</strong></span> <span class='ocrx_word' id='word_1_195' title='bbox 2076 1199 2182 1257; x_wconf 90' lang='lat' dir='ltr'><strong>Sed</strong></span> <span class='ocrx_word' id='word_1_196' title='bbox 2209 1194 2264 1257; x_wconf 85' lang='lat' dir='ltr'><strong>et</strong></span> <span class='ocrx_word' id='word_1_197' title='bbox 2290 1195 2756 1262; x_wconf 72' lang='lat' dir='ltr'><strong>hoc-inferendum</strong></span> <span class='ocrx_word' id='word_1_198' title='bbox 2791 1226 2803 1261; x_wconf 90' lang='lat'><strong>:</strong></span> <span class='ocrx_word' id='word_1_199' title='bbox 2833 1194 2891 1264; x_wconf 85' lang='lat' dir='ltr'><strong>Si</strong></span> <span class='ocrx_word' id='word_1_200' title='bbox 2931 1206 3294 1282; x_wconf 45' lang='lat' dir='ltr'><strong>novissimum.</strong></span> <span class='ocrx_word' id='word_1_201' title='bbox 3314 1211 3456 1266; x_wconf 93' lang='lat' dir='ltr'><strong>diem</strong></span> 
     </span>
    </p>
   </div>
   <div class='ocr_carea' id='block_1_28' title="bbox 1889 1282 3461 1366">
    <p class='ocr_par' dir='ltr' id='par_1_28' title="bbox 1889 1282 3461 1366">
     <span class='ocr_line' id='line_1_28' title="bbox 1889 1282 3461 1366; baseline 0.006 -21"><span class='ocrx_word' id='word_1_202' title='bbox 1889 1300 2190 1363; x_wconf 84' lang='lat' dir='ltr'><strong>temporum</strong></span> <span class='ocrx_word' id='word_1_203' title='bbox 2215 1295 2450 1365; x_wconf 82' lang='lat' dir='ltr'><strong>ignorat,</strong></span> <span class='ocrx_word' id='word_1_204' title='bbox 2475 1282 2529 1352; x_wconf 80' lang='lat' dir='ltr'><strong>et</strong></span> <span class='ocrx_word' id='word_1_205' title='bbox 2551 1296 2902 1366; x_wconf 88' lang='lat' dir='ltr'><strong>penultimnm</strong></span> <span class='ocrx_word' id='word_1_206' title='bbox 2930 1307 2985 1353; x_wconf 90' lang='lat' dir='ltr'><strong>et</strong></span> <span class='ocrx_word' id='word_1_207' title='bbox 3019 1306 3314 1354; x_wconf 89' lang='lat' dir='ltr'><strong>retrorsum</strong></span> <span class='ocrx_word' id='word_1_208' title='bbox 3346 1313 3461 1355; x_wconf 80' lang='lat' dir='ltr'><strong>om-</strong></span> 
     </span>
    </p>
   </div>
   <div class='ocr_carea' id='block_1_29' title="bbox 1888 1374 3457 1462">
    <p class='ocr_par' dir='ltr' id='par_1_29' title="bbox 1888 1374 3457 1462">
     <span class='ocr_line' id='line_1_29' title="bbox 1888 1374 3457 1462; baseline 0.004 -27"><span class='ocrx_word' id='word_1_209' title='bbox 1888 1398 2002 1437; x_wconf 88' lang='lat' dir='ltr'><strong>nes.</strong></span> <span class='ocrx_word' id='word_1_210' title='bbox 2036 1374 2151 1439; x_wconf 80' lang='lat' dir='ltr'><strong>Non</strong></span> <span class='ocrx_word' id='word_1_211' title='bbox 2181 1385 2326 1440; x_wconf 89' lang='lat' dir='ltr'><strong>enim</strong></span> <span class='ocrx_word' id='word_1_212' title='bbox 2375 1393 2552 1457; x_wconf 71' lang='lat' dir='ltr'><strong>poteSt</strong></span> <span class='ocrx_word' id='word_1_213' title='bbox 2583 1385 2720 1452; x_wconf 80' lang='lat' dir='ltr'><strong>ﬁeri,</strong></span> <span class='ocrx_word' id='word_1_214' title='bbox 2751 1394 2812 1441; x_wconf 90' lang='lat' dir='ltr'><strong>ut</strong></span> <span class='ocrx_word' id='word_1_215' title='bbox 2838 1388 2927 1458; x_wconf 90' lang='lat' dir='ltr'><strong>qui</strong></span> <span class='ocrx_word' id='word_1_216' title='bbox 2965 1390 3197 1462; x_wconf 88' lang='lat' dir='ltr'><strong>primum</strong></span> <span class='ocrx_word' id='word_1_217' title='bbox 3227 1387 3457 1462; x_wconf 77' lang='lat' dir='ltr'><strong>ignorat,</strong></span> 
     </span>
    </p>
   </div>
   <div class='ocr_carea' id='block_1_30' title="bbox 1887 1473 3462 1546">
    <p class='ocr_par' dir='ltr' id='par_1_30' title="bbox 1887 1473 3462 1546">
     <span class='ocr_line' id='line_1_30' title="bbox 1887 1473 3462 1546; baseline 0.004 -21"><span class='ocrx_word' id='word_1_218' title='bbox 1887 1473 2024 1526; x_wconf 81' lang='lat' dir='ltr'><strong>sciat</strong></span> <span class='ocrx_word' id='word_1_219' title='bbox 2075 1473 2201 1542; x_wconf 89' lang='lat' dir='ltr'><strong>quid</strong></span> <span class='ocrx_word' id='word_1_220' title='bbox 2249 1474 2541 1529; x_wconf 85' lang='lat' dir='ltr'><strong>secundum</strong></span> <span class='ocrx_word' id='word_1_221' title='bbox 2592 1477 2679 1530; x_wconf 90' lang='lat' dir='ltr'><strong>sit.</strong></span> <span class='ocrx_word' id='word_1_222' title='bbox 2732 1473 2900 1546; x_wconf 91' lang='lat' dir='ltr'><strong>igitur</strong></span> <span class='ocrx_word' id='word_1_223' title='bbox 2945 1476 3068 1545; x_wconf 85' lang='lat' dir='ltr'><strong>quia</strong></span> <span class='ocrx_word' id='word_1_224' title='bbox 3114 1475 3462 1545; x_wconf 86' lang='lat' dir='ltr'><strong>probavimus</strong></span> 
     </span>
    </p>
   </div>
   <div class='ocr_carea' id='block_1_31' title="bbox 1887 1565 3461 1643">
    <p class='ocr_par' dir='ltr' id='par_1_31' title="bbox 1887 1565 3461 1643">
     <span class='ocr_line' id='line_1_31' title="bbox 1887 1565 3461 1643; baseline 0.001 -24"><span class='ocrx_word' id='word_1_225' title='bbox 1887 1579 1994 1620; x_wconf 89' lang='lat' dir='ltr'><strong>non</strong></span> <span class='ocrx_word' id='word_1_226' title='bbox 2050 1565 2298 1636; x_wconf 86' lang='lat' dir='ltr'><strong>ignorare</strong></span> <span class='ocrx_word' id='word_1_227' title='bbox 2331 1565 2543 1621; x_wconf 78' lang='lat' dir='ltr'><strong>Filium</strong></span> <span class='ocrx_word' id='word_1_228' title='bbox 2570 1566 3044 1643; x_wconf 84' lang='lat' dir='ltr'><strong>consummationis</strong></span> <span class='ocrx_word' id='word_1_229' title='bbox 3099 1567 3260 1638; x_wconf 89' lang='lat' dir='ltr'><strong>diem,</strong></span> <span class='ocrx_word' id='word_1_230' title='bbox 3297 1581 3461 1622; x_wconf 86' lang='lat' dir='ltr'><strong>causa</strong></span> 
     </span>
    </p>
   </div>
   <div class='ocr_carea' id='block_1_32' title="bbox 1888 1648 3460 1731">
    <p class='ocr_par' dir='ltr' id='par_1_32' title="bbox 1888 1648 3460 1731">
     <span class='ocr_line' id='line_1_32' title="bbox 1888 1648 3460 1731; baseline 0.004 -22"><span class='ocrx_word' id='word_1_231' title='bbox 1888 1648 2158 1711; x_wconf 82' lang='lat' dir='ltr'><strong>reddenda</strong></span> <span class='ocrx_word' id='word_1_232' title='bbox 2183 1665 2268 1712; x_wconf 86' lang='lat' dir='ltr'><strong>est</strong></span> <span class='ocrx_word' id='word_1_233' title='bbox 2304 1658 2401 1713; x_wconf 87' lang='lat' dir='ltr'><strong>cur</strong></span> <span class='ocrx_word' id='word_1_234' title='bbox 2431 1657 2680 1731; x_wconf 85' lang='lat' dir='ltr'><strong>ignorare</strong></span> <span class='ocrx_word' id='word_1_235' title='bbox 2725 1658 2952 1715; x_wconf 85' lang='lat' dir='ltr'><strong>dicatur.</strong></span> <span class='ocrx_word' id='word_1_236' title='bbox 2985 1659 3274 1730; x_wconf 81' lang='lat' dir='ltr'><strong>Apostolus</strong></span> <span class='ocrx_word' id='word_1_237' title='bbox 3299 1675 3460 1730; x_wconf 87' lang='lat' dir='ltr'><strong>super</strong></span> 
     </span>
    </p>
   </div>
   <div class='ocr_carea' id='block_1_33' title="bbox 214 1744 3457 1818">
    <p class='ocr_par' dir='ltr' id='par_1_33' title="bbox 214 1744 3457 1818">
     <span class='ocr_line' id='line_1_33' title="bbox 214 1744 3457 1818; baseline 0.006 -17"><span class='ocrx_word' id='word_1_238' title='bbox 214 1745 312 1812; x_wconf 78' lang='lat' dir='ltr'><strong>sit,</strong></span> <span class='ocrx_word' id='word_1_239' title='bbox 341 1747 411 1803; x_wconf 85' lang='lat' dir='ltr'><strong>ad</strong></span> <span class='ocrx_word' id='word_1_240' title='bbox 453 1748 724 1804; x_wconf 86' lang='lat' dir='ltr'><strong>carnalem</strong></span> <span class='ocrx_word' id='word_1_241' title='bbox 765 1749 1043 1804; x_wconf 78' lang='lat' dir='ltr'><strong>laberetur</strong></span> <span class='ocrx_word' id='word_1_242' title='bbox 1092 1749 1446 1807; x_wconf 73' lang='lat' dir='ltr'><strong>Judaismum.</strong></span> <span class='ocrx_word' id='word_1_243' title='bbox 1497 1753 1794 1814; x_wconf 83' lang='lat' dir='ltr'><strong>Providens</strong></span> <span class='ocrx_word' id='word_1_244' title='bbox 1820 1745 1868 1805; x_wconf 83' lang='grc' dir='ltr'><strong><em>Β</em></strong></span> <span class='ocrx_word' id='word_1_245' title='bbox 1897 1744 2180 1816; x_wconf 66' lang='lat' dir='ltr'><strong>Salvam-‘8</strong></span> <span class='ocrx_word' id='word_1_246' title='bbox 2204 1747 2422 1817; x_wconf 60' lang='lat' dir='ltr'><strong>scripsit</strong></span> <span class='ocrx_word' id='word_1_247' title='bbox 2447 1746 2558 1801; x_wconf 76' lang='grc' dir='ltr'><strong>εἰη</strong></span> <span class='ocrx_word' id='word_1_248' title='bbox 2590 1763 2692 1818; x_wconf 74' lang='lat' dir='ltr'><strong>quo</strong></span> <span class='ocrx_word' id='word_1_249' title='bbox 2730 1757 2850 1802; x_wconf 64' lang='lat' dir='ltr'><strong>sunt</strong></span> <span class='ocrx_word' id='word_1_250' title='bbox 2885 1764 3060 1804; x_wconf 72' lang='grc' dir='ltr'><strong>οτηηεε</strong></span> <span class='ocrx_word' id='word_1_251' title='bbox 3105 1748 3335 1803; x_wconf 69' lang='lat' dir='ltr'><strong>thesauri</strong></span> <span class='ocrx_word' id='word_1_252' title='bbox 3367 1765 3457 1804; x_wconf 80' lang='grc' dir='ltr'><strong>εα-</strong></span> 
     </span>
    </p>
   </div>
   <div class='ocr_carea' id='block_1_34' title="bbox 213 1832 1789 1908">
    <p class='ocr_par' dir='ltr' id='par_1_34' title="bbox 213 1832 1789 1908">
     <span class='ocr_line' id='line_1_34' title="bbox 213 1832 1789 1908; baseline 0.006 -17"><span class='ocrx_word' id='word_1_253' title='bbox 213 1832 347 1908; x_wconf 80' lang='lat' dir='ltr'><strong>ergo</strong></span> <span class='ocrx_word' id='word_1_254' title='bbox 382 1836 525 1895; x_wconf 84' lang='lat' dir='ltr'><strong>Deus</strong></span> <span class='ocrx_word' id='word_1_255' title='bbox 573 1837 872 1893; x_wconf 80' lang='lat' dir='ltr'><strong>inﬁrmitati</strong></span> <span class='ocrx_word' id='word_1_256' title='bbox 922 1848 1142 1905; x_wconf 64' lang='lat' dir='ltr'><strong>nostra,</strong></span> <span class='ocrx_word' id='word_1_257' title='bbox 1187 1849 1244 1895; x_wconf 90' lang='lat' dir='ltr'><strong>et</strong></span> <span class='ocrx_word' id='word_1_258' title='bbox 1289 1841 1581 1898; x_wconf 87' lang='lat' dir='ltr'><strong>Ecclesiam</strong></span> <span class='ocrx_word' id='word_1_259' title='bbox 1636 1836 1789 1900; x_wconf 83' lang='lat' dir='ltr'><strong>suam</strong></span> 
     </span>
    </p>
   </div>
   <div class='ocr_carea' id='block_1_35' title="bbox 216 1927 1812 1998">
    <p class='ocr_par' dir='ltr' id='par_1_35' title="bbox 216 1927 1812 1998">
     <span class='ocr_line' id='line_1_35' title="bbox 216 1927 1812 1998; baseline 0.008 -17"><span class='ocrx_word' id='word_1_260' title='bbox 216 1927 562 1998; x_wconf 77' lang='lat' dir='ltr'><strong>multiplicari</strong></span> <span class='ocrx_word' id='word_1_261' title='bbox 591 1927 928 1994; x_wconf 88' lang='lat' dir='ltr'><strong>desiderans,</strong></span> <span class='ocrx_word' id='word_1_262' title='bbox 958 1929 1138 1984; x_wconf 90' lang='lat' dir='ltr'><strong>omnia</strong></span> <span class='ocrx_word' id='word_1_263' title='bbox 1170 1928 1256 1984; x_wconf 88' lang='lat' dir='ltr'><strong>illa</strong></span> <span class='ocrx_word' id='word_1_264' title='bbox 1301 1931 1538 1987; x_wconf 84' lang='lat' dir='ltr'><strong>subverti</strong></span> <span class='ocrx_word' id='word_1_265' title='bbox 1572 1931 1700 1989; x_wconf 83' lang='lat' dir='ltr'><strong>fecit</strong></span> <span class='ocrx_word' id='word_1_266' title='bbox 1728 1950 1812 1992; x_wconf 90' lang='lat' dir='ltr'><strong>ac.</strong></span> 
     </span>
    </p>
   </div>
   <div class='ocr_carea' id='block_1_36' title="bbox 145 2011 1791 2098">
    <p class='ocr_par' dir='ltr' id='par_1_36' title="bbox 145 2011 1791 2098">
     <span class='ocr_line' id='line_1_36' title="bbox 145 2011 1791 2098; baseline 0.007 -25"><span class='ocrx_word' id='word_1_267' title='bbox 145 2011 150 2013; x_wconf 65' lang='grc'><strong>’</strong></span> <span class='ocrx_word' id='word_1_268' title='bbox 214 2018 434 2086; x_wconf 84' lang='lat' dir='ltr'><strong>penitus</strong></span> <span class='ocrx_word' id='word_1_269' title='bbox 481 2017 714 2086; x_wconf 80' lang='lat' dir='ltr'><strong>auferri,</strong></span> <span class='ocrx_word' id='word_1_270' title='bbox 744 2030 1007 2091; x_wconf 80' lang='lat' dir='ltr'><strong>quatenus</strong></span> <span class='ocrx_word' id='word_1_271' title='bbox 1033 2012 1238 2079; x_wconf 86' lang='lat' dir='ltr'><strong>umbra&#39;</strong></span> <span class='ocrx_word' id='word_1_272' title='bbox 1270 2035 1324 2080; x_wconf 89' lang='lat' dir='ltr'><strong>et</strong></span> <span class='ocrx_word' id='word_1_273' title='bbox 1372 2035 1498 2098; x_wconf 88' lang='lat' dir='ltr'><strong>typo</strong></span> <span class='ocrx_word' id='word_1_274' title='bbox 1544 2021 1791 2086; x_wconf 81' lang='lat' dir='ltr'><strong>cessante</strong></span> 
     </span>
    </p>
   </div>
   <div class='ocr_carea' id='block_1_37' title="bbox 213 2111 1794 2190">
    <p class='ocr_par' dir='ltr' id='par_1_37' title="bbox 213 2111 1794 2190">
     <span class='ocr_line' id='line_1_37' title="bbox 213 2111 1794 2190; baseline 0.012 -29"><span class='ocrx_word' id='word_1_275' title='bbox 213 2123 367 2173; x_wconf 85' lang='lat' dir='ltr'><strong>vero,</strong></span> <span class='ocrx_word' id='word_1_276' title='bbox 409 2111 522 2179; x_wconf 81' lang='lat' dir='ltr'><strong>ipsa</strong></span> <span class='ocrx_word' id='word_1_277' title='bbox 540 2111 652 2182; x_wconf 89' lang='lat' dir='ltr'><strong>jam</strong></span> <span class='ocrx_word' id='word_1_278' title='bbox 689 2113 886 2169; x_wconf 89' lang='lat' dir='ltr'><strong>veritas</strong></span> <span class='ocrx_word' id='word_1_279' title='bbox 909 2129 1007 2186; x_wconf 90' lang='lat' dir='ltr'><strong>per</strong></span> <span class='ocrx_word' id='word_1_280' title='bbox 1030 2116 1217 2172; x_wconf 87' lang='lat' dir='ltr'><strong>orbem</strong></span> <span class='ocrx_word' id='word_1_281' title='bbox 1255 2114 1528 2175; x_wconf 84' lang='lat' dir='ltr'><strong>declarata</strong></span> <span class='ocrx_word' id='word_1_282' title='bbox 1545 2120 1794 2190; x_wconf 81' lang='lat' dir='ltr'><strong>palmam</strong></span> 
     </span>
    </p>
   </div>
   <div class='ocr_carea' id='block_1_38' title="bbox 209 2204 1238 2253">
    <p class='ocr_par' dir='ltr' id='par_1_38' title="bbox 209 2204 1238 2253">
     <span class='ocr_line' id='line_1_38' title="bbox 209 2204 1238 2253; baseline 0.003 -1"><span class='ocrx_word' id='word_1_283' title='bbox 209 2206 445 2253; x_wconf 78' lang='lat' dir='ltr'><strong>teneret.</strong></span> <span class='ocrx_word' id='word_1_284' title='bbox 807 2204 813 2209; x_wconf 85' lang='lat'>&#39;</span> <span class='ocrx_word' id='word_1_285' title='bbox 1234 2226 1238 2229; x_wconf 84' lang='lat'><em>-</em></span> 
     </span>
    </p>
   </div>
   <div class='ocr_carea' id='block_1_39' title="bbox 285 2288 1789 2372">
    <p class='ocr_par' dir='ltr' id='par_1_39' title="bbox 285 2288 1789 2372">
     <span class='ocr_line' id='line_1_39' title="bbox 285 2288 1789 2372; baseline 0.01 -28"><span class='ocrx_word' id='word_1_286' title='bbox 285 2288 511 2345; x_wconf 69' lang='lat' dir='ltr'><strong>Sedente</strong></span> <span class='ocrx_word' id='word_1_287' title='bbox 538 2302 715 2346; x_wconf 75' lang='lat' dir='ltr'><strong>autem</strong></span> <span class='ocrx_word' id='word_1_288' title='bbox 754 2310 997 2372; x_wconf 46' lang='lat' dir='ltr'><strong>eo.super</strong></span> <span class='ocrx_word' id='word_1_289' title='bbox 1019 2307 1242 2351; x_wconf 81' lang='lat' dir='ltr'><strong>montem</strong></span> <span class='ocrx_word' id='word_1_290' title='bbox 1290 2298 1477 2355; x_wconf 77' lang='lat' dir='ltr'><strong>Olireti</strong></span> <span class='ocrx_word' id='word_1_291' title='bbox 1495 2343 1519 2372; x_wconf 16' lang='grc' dir='ltr'><strong>,γ</strong></span> <span class='ocrx_word' id='word_1_292' title='bbox 1562 2315 1789 2358; x_wconf 86' lang='lat' dir='ltr'><strong>accesse-</strong></span> 
     </span>
    </p>
   </div>
   <div class='ocr_carea' id='block_1_40' title="bbox 208 2371 1840 2462">
    <p class='ocr_par' dir='ltr' id='par_1_40' title="bbox 208 2371 1840 2462">
     <span class='ocr_line' id='line_1_40' title="bbox 208 2371 1840 2462; baseline 0.01 -29"><span class='ocrx_word' id='word_1_293' title='bbox 208 2392 339 2440; x_wconf 75' lang='lat' dir='ltr'><strong>runt</strong></span> <span class='ocrx_word' id='word_1_294' title='bbox 367 2382 439 2434; x_wconf 84' lang='lat' dir='ltr'><strong>ad</strong></span> <span class='ocrx_word' id='word_1_295' title='bbox 461 2399 580 2436; x_wconf 77' lang='lat' dir='ltr'><strong>eum</strong></span> <span class='ocrx_word' id='word_1_296' title='bbox 605 2371 848 2455; x_wconf 80' lang='lat' dir='ltr'><strong>discipuli</strong></span> <span class='ocrx_word' id='word_1_297' title='bbox 887 2387 1003 2457; x_wconf 85' lang='lat' dir='ltr'><strong>ejus</strong></span> <span class='ocrx_word' id='word_1_298' title='bbox 1031 2398 1250 2462; x_wconf 84' lang='lat' dir='ltr'><strong>secreto,</strong></span> <span class='ocrx_word' id='word_1_299' title='bbox 1273 2390 1497 2447; x_wconf 86' lang='lat' dir='ltr'><strong>dicentes</strong></span> <span class='ocrx_word' id='word_1_300' title='bbox 1511 2371 1544 2448; x_wconf 54' lang='grc' dir='ltr'><strong><em>ἐ</em></strong></span> <span class='ocrx_word' id='word_1_301' title='bbox 1564 2393 1662 2448; x_wconf 85' lang='lat' dir='ltr'><strong>Dic</strong></span> <span class='ocrx_word' id='word_1_302' title='bbox 1697 2412 1790 2449; x_wconf 89' lang='lat' dir='ltr'><strong>no-</strong></span> <span class='ocrx_word' id='word_1_303' title='bbox 1835 2405 1840 2409; x_wconf 81' lang='grc'><em>’</em></span> 
     </span>
    </p>
   </div>
   <div class='ocr_carea' id='block_1_41' title="bbox 213 2469 1785 2548">
    <p class='ocr_par' dir='ltr' id='par_1_41' title="bbox 213 2469 1785 2548">
     <span class='ocr_line' id='line_1_41' title="bbox 213 2469 1785 2548; baseline 0.008 -25"><span class='ocrx_word' id='word_1_304' title='bbox 213 2469 294 2523; x_wconf 78' lang='lat' dir='ltr'><strong>bis</strong></span> <span class='ocrx_word' id='word_1_305' title='bbox 340 2472 552 2541; x_wconf 77' lang='lat' dir='ltr'><strong>quando</strong></span> <span class='ocrx_word' id='word_1_306' title='bbox 584 2472 695 2527; x_wconf 72' lang='lat' dir='ltr'><strong>Iure</strong></span> <span class='ocrx_word' id='word_1_307' title='bbox 733 2485 901 2537; x_wconf 80' lang='lat' dir='ltr'><strong>erunt,</strong></span> <span class='ocrx_word' id='word_1_308' title='bbox 932 2485 980 2529; x_wconf 85' lang='lat' dir='ltr'><strong>et</strong></span> <span class='ocrx_word' id='word_1_309' title='bbox 1008 2477 1146 2547; x_wconf 84' lang='lat' dir='ltr'><strong>quod</strong></span> <span class='ocrx_word' id='word_1_310' title='bbox 1176 2478 1380 2548; x_wconf 86' lang='lat' dir='ltr'><strong>signum</strong></span> <span class='ocrx_word' id='word_1_311' title='bbox 1416 2479 1663 2536; x_wconf 74' lang='lat' dir='ltr'><strong>adventus</strong></span> <span class='ocrx_word' id='word_1_312' title='bbox 1689 2483 1785 2548; x_wconf 85' lang='lat' dir='ltr'><strong>tui,</strong></span> 
     </span>
    </p>
   </div>
   <div class='ocr_carea' id='block_1_42' title="bbox 211 2553 1789 2641">
    <p class='ocr_par' dir='ltr' id='par_1_42' title="bbox 211 2553 1789 2641">
     <span class='ocr_line' id='line_1_42' title="bbox 211 2553 1789 2641; baseline 0.009 -28"><span class='ocrx_word' id='word_1_313' title='bbox 211 2570 261 2614; x_wconf 91' lang='lat' dir='ltr'><strong>et</strong></span> <span class='ocrx_word' id='word_1_314' title='bbox 301 2563 761 2618; x_wconf 67' lang='lat' dir='ltr'><strong>consummationis</strong></span> <span class='ocrx_word' id='word_1_315' title='bbox 805 2563 1022 2620; x_wconf 66' lang='lat' dir='ltr'><strong>saeculi?</strong></span> <span class='ocrx_word' id='word_1_316' title='bbox 1064 2567 1122 2621; x_wconf 93' lang='lat' dir='ltr'><strong>ln</strong></span> <span class='ocrx_word' id='word_1_317' title='bbox 1170 2553 1475 2641; x_wconf 52' lang='lat' dir='ltr'><strong>Evangelia</strong></span> <span class='ocrx_word' id='word_1_318' title='bbox 1507 2560 1670 2626; x_wconf 78' lang='lat' dir='ltr'><strong>Marci</strong></span> <span class='ocrx_word' id='word_1_319' title='bbox 1713 2572 1789 2627; x_wconf 86' lang='lat' dir='ltr'><strong>ita</strong></span> 
     </span>
    </p>
   </div>
   <div class='ocr_carea' id='block_1_43' title="bbox 211 2643 1790 2722">
    <p class='ocr_par' dir='ltr' id='par_1_43' title="bbox 211 2643 1790 2722">
     <span class='ocr_line' id='line_1_43' title="bbox 211 2643 1790 2722; baseline 0.006 -15"><span class='ocrx_word' id='word_1_320' title='bbox 211 2651 476 2722; x_wconf 78' lang='lat' dir='ltr'><strong>scriptum</strong></span> <span class='ocrx_word' id='word_1_321' title='bbox 504 2660 628 2706; x_wconf 84' lang='lat' dir='ltr'><strong>est:</strong></span> <span class='ocrx_word' id='word_1_322' title='bbox 661 2643 730 2706; x_wconf 81' lang='lat' dir='ltr'><strong>Et</strong></span> <span class='ocrx_word' id='word_1_323' title='bbox 784 2670 900 2708; x_wconf 82' lang='lat' dir='ltr'><strong>eum</strong></span> <span class='ocrx_word' id='word_1_324' title='bbox 945 2655 1140 2711; x_wconf 87' lang='lat' dir='ltr'><strong>sederet</strong></span> <span class='ocrx_word' id='word_1_325' title='bbox 1193 2657 1249 2713; x_wconf 90' lang='lat' dir='ltr'><strong>in</strong></span> <span class='ocrx_word' id='word_1_326' title='bbox 1300 2649 1473 2714; x_wconf 79' lang='lat' dir='ltr'><strong>monte</strong></span> <span class='ocrx_word' id='word_1_327' title='bbox 1520 2658 1790 2716; x_wconf 75' lang='lat' dir='ltr'><strong>Oliuarum</strong></span> 
     </span>
    </p>
   </div>
   <div class='ocr_carea' id='block_1_44' title="bbox 211 2739 1784 2820">
    <p class='ocr_par' dir='ltr' id='par_1_44' title="bbox 211 2739 1784 2820">
     <span class='ocr_line' id='line_1_44' title="bbox 211 2739 1784 2820; baseline 0.008 -25"><span class='ocrx_word' id='word_1_328' title='bbox 211 2751 396 2795; x_wconf 80' lang='lat' dir='ltr'><strong>contra</strong></span> <span class='ocrx_word' id='word_1_329' title='bbox 416 2739 680 2812; x_wconf 70' lang='lat' dir='ltr'><strong>templum,</strong></span> <span class='ocrx_word' id='word_1_330' title='bbox 707 2745 1096 2816; x_wconf 78' lang='lat' dir='ltr'><strong>interrogabant</strong></span> <span class='ocrx_word' id='word_1_331' title='bbox 1122 2763 1238 2801; x_wconf 83' lang='lat' dir='ltr'><strong>eum</strong></span> <span class='ocrx_word' id='word_1_332' title='bbox 1266 2746 1547 2820; x_wconf 80' lang='lat' dir='ltr'><strong>separatim</strong></span> <span class='ocrx_word' id='word_1_333' title='bbox 1577 2749 1784 2816; x_wconf 87' lang='lat' dir='ltr'><strong>Petrus,</strong></span> 
     </span>
    </p>
   </div>
   <div class='ocr_carea' id='block_1_45' title="bbox 210 2829 1788 2910">
    <p class='ocr_par' dir='ltr' id='par_1_45' title="bbox 210 2829 1788 2910">
     <span class='ocr_line' id='line_1_45' title="bbox 210 2829 1788 2910; baseline 0.006 -25"><span class='ocrx_word' id='word_1_334' title='bbox 210 2840 263 2885; x_wconf 86' lang='lat' dir='ltr'><strong>et</strong></span> <span class='ocrx_word' id='word_1_335' title='bbox 285 2829 536 2894; x_wconf 61' lang='lat' dir='ltr'><strong>iacebas,</strong></span> <span class='ocrx_word' id='word_1_336' title='bbox 563 2840 612 2885; x_wconf 90' lang='lat' dir='ltr'><strong>et</strong></span> <span class='ocrx_word' id='word_1_337' title='bbox 639 2831 891 2900; x_wconf 80' lang='lat' dir='ltr'><strong>Ioannes,</strong></span> <span class='ocrx_word' id='word_1_338' title='bbox 920 2845 968 2889; x_wconf 91' lang='lat' dir='ltr'><strong>et</strong></span> <span class='ocrx_word' id='word_1_339' title='bbox 995 2835 1263 2909; x_wconf 76' lang='lat' dir='ltr'><strong>Andreas:</strong></span> <span class='ocrx_word' id='word_1_340' title='bbox 1287 2837 1383 2892; x_wconf 86' lang='lat' dir='ltr'><strong>Dic</strong></span> <span class='ocrx_word' id='word_1_341' title='bbox 1404 2839 1548 2893; x_wconf 81' lang='lat' dir='ltr'><strong>nobis</strong></span> <span class='ocrx_word' id='word_1_342' title='bbox 1579 2839 1788 2910; x_wconf 82' lang='lat' dir='ltr'><strong>quando</strong></span> 
     </span>
    </p>
   </div>
   <div class='ocr_carea' id='block_1_46' title="bbox 213 2913 1789 2998">
    <p class='ocr_par' dir='ltr' id='par_1_46' title="bbox 213 2913 1789 2998">
     <span class='ocr_line' id='line_1_46' title="bbox 213 2913 1789 2998; baseline 0.007 -22"><span class='ocrx_word' id='word_1_343' title='bbox 213 2924 316 2976; x_wconf 84' lang='lat' dir='ltr'><strong>ista</strong></span> <span class='ocrx_word' id='word_1_344' title='bbox 341 2923 514 2992; x_wconf 69' lang='lat' dir='ltr'><strong>ﬁant?</strong></span> <span class='ocrx_word' id='word_1_345' title='bbox 537 2921 733 2994; x_wconf 69' lang='lat' dir='ltr'><strong>(lare.</strong></span> <span class='ocrx_word' id='word_1_346' title='bbox 764 2924 908 2997; x_wconf 78' lang='lat' dir='ltr'><strong>xm),</strong></span> <span class='ocrx_word' id='word_1_347' title='bbox 938 2934 994 2982; x_wconf 90' lang='lat' dir='ltr'><strong>et</strong></span> <span class='ocrx_word' id='word_1_348' title='bbox 1022 2935 1236 2982; x_wconf 61' lang='lat' dir='ltr'><strong>cetera.</strong></span> <span class='ocrx_word' id='word_1_349' title='bbox 1281 2913 1416 2998; x_wconf 84' lang='lat' dir='ltr'><strong>Quia</strong></span> <span class='ocrx_word' id='word_1_350' title='bbox 1448 2918 1789 2987; x_wconf 89' lang='lat' dir='ltr'><strong>laudantibus</strong></span> 
     </span>
    </p>
   </div>
   <div class='ocr_carea' id='block_1_47' title="bbox 211 3008 1786 3092">
    <p class='ocr_par' dir='ltr' id='par_1_47' title="bbox 211 3008 1786 3092">
     <span class='ocr_line' id='line_1_47' title="bbox 211 3008 1786 3092; baseline 0.004 -24"><span class='ocrx_word' id='word_1_351' title='bbox 211 3014 538 3085; x_wconf 80' lang='lat' dir='ltr'><strong>quibusdam</strong></span> <span class='ocrx_word' id='word_1_352' title='bbox 594 3015 978 3073; x_wconf 69' lang='lat' dir='ltr'><strong>aedificationes</strong></span> <span class='ocrx_word' id='word_1_353' title='bbox 1041 3017 1262 3088; x_wconf 82' lang='lat' dir='ltr'><strong>templi,</strong></span> <span class='ocrx_word' id='word_1_354' title='bbox 1313 3008 1577 3077; x_wconf 78' lang='lat' dir='ltr'><strong>Dominus</strong></span> <span class='ocrx_word' id='word_1_355' title='bbox 1610 3022 1786 3092; x_wconf 84' lang='lat' dir='ltr'><strong>palam</strong></span> 
     </span>
    </p>
   </div>
   <div class='ocr_carea' id='block_1_48' title="bbox 1891 1835 3461 1916">
    <p class='ocr_par' dir='ltr' id='par_1_48' title="bbox 1891 1835 3461 1916">
     <span class='ocr_line' id='line_1_48' title="bbox 1891 1835 3461 1916; baseline 0.003 -26"><span class='ocrx_word' id='word_1_356' title='bbox 1891 1837 2100 1916; x_wconf 78' lang='lat' dir='ltr'><strong>pientite</strong></span> <span class='ocrx_word' id='word_1_357' title='bbox 2128 1837 2418 1891; x_wconf 75' lang='lat' dir='ltr'><strong>absconditi</strong></span> <span class='ocrx_word' id='word_1_358' title='bbox 2439 1835 2660 1909; x_wconf 84' lang='lat' dir='ltr'><strong>(Coloss.</strong></span> <span class='ocrx_word' id='word_1_359' title='bbox 2689 1838 2772 1911; x_wconf 86' lang='lat' dir='ltr'><strong>li).</strong></span> <span class='ocrx_word' id='word_1_360' title='bbox 2809 1837 2945 1894; x_wconf 89' lang='lat' dir='ltr'><strong>Sunt</strong></span> <span class='ocrx_word' id='word_1_361' title='bbox 2978 1845 3107 1910; x_wconf 85' lang='lat' dir='ltr'><strong>ergo</strong></span> <span class='ocrx_word' id='word_1_362' title='bbox 3132 1844 3322 1895; x_wconf 86' lang='lat' dir='ltr'><strong>omnes</strong></span> <span class='ocrx_word' id='word_1_363' title='bbox 3344 1839 3461 1895; x_wconf 84' lang='lat' dir='ltr'><strong>the-</strong></span> 
     </span>
    </p>
   </div>
   <div class='ocr_carea' id='block_1_49' title="bbox 1891 1923 3459 2005">
    <p class='ocr_par' dir='ltr' id='par_1_49' title="bbox 1891 1923 3459 2005">
     <span class='ocr_line' id='line_1_49' title="bbox 1891 1923 3459 2005; baseline 0.001 -21"><span class='ocrx_word' id='word_1_364' title='bbox 1891 1928 2036 1984; x_wconf 78' lang='lat' dir='ltr'><strong>sauri</strong></span> <span class='ocrx_word' id='word_1_365' title='bbox 2081 1929 2136 1984; x_wconf 87' lang='lat' dir='ltr'><strong>in</strong></span> <span class='ocrx_word' id='word_1_366' title='bbox 2173 1923 2390 1987; x_wconf 73' lang='lat' dir='ltr'><strong>Christo</strong></span> <span class='ocrx_word' id='word_1_367' title='bbox 2416 1931 2693 2001; x_wconf 66' lang='lat' dir='ltr'><strong>sapientia:</strong></span> <span class='ocrx_word' id='word_1_368' title='bbox 2721 1940 2775 1986; x_wconf 91' lang='lat' dir='ltr'><strong>et</strong></span> <span class='ocrx_word' id='word_1_369' title='bbox 2803 1931 3062 2005; x_wconf 59' lang='lat' dir='ltr'><strong>scientias,</strong></span> <span class='ocrx_word' id='word_1_370' title='bbox 3103 1931 3196 1986; x_wconf 90' lang='lat' dir='ltr'><strong>sed</strong></span> <span class='ocrx_word' id='word_1_371' title='bbox 3227 1931 3459 1987; x_wconf 89' lang='lat' dir='ltr'><strong>abscon-</strong></span> 
     </span>
    </p>
   </div>
   <div class='ocr_carea' id='block_1_50' title="bbox 1892 2007 3504 2088">
    <p class='ocr_par' dir='ltr' id='par_1_50' title="bbox 1892 2007 3504 2088">
     <span class='ocr_line' id='line_1_50' title="bbox 1892 2007 3504 2088; baseline 0.001 -13"><span class='ocrx_word' id='word_1_372' title='bbox 1892 2019 1990 2076; x_wconf 86' lang='lat' dir='ltr'><strong>diti</strong></span> <span class='ocrx_word' id='word_1_373' title='bbox 2018 2008 2163 2074; x_wconf 87' lang='lat' dir='ltr'><strong>sunt.</strong></span> <span class='ocrx_word' id='word_1_374' title='bbox 2213 2018 2397 2088; x_wconf 84' lang='lat' dir='ltr'><strong>Quare</strong></span> <span class='ocrx_word' id='word_1_375' title='bbox 2445 2019 2787 2075; x_wconf 84' lang='lat' dir='ltr'><strong>absconditi?</strong></span> <span class='ocrx_word' id='word_1_376' title='bbox 2837 2021 2966 2076; x_wconf 88' lang='lat' dir='ltr'><strong>Post</strong></span> <span class='ocrx_word' id='word_1_377' title='bbox 3011 2022 3458 2076; x_wconf 82' lang='lat' dir='ltr'><strong>resurrectionem</strong></span> <span class='ocrx_word' id='word_1_378' title='bbox 3497 2007 3504 2019; x_wconf 76' lang='grc'><strong>’</strong></span> 
     </span>
    </p>
   </div>
   <div class='ocr_carea' id='block_1_51' title="bbox 1891 2098 3462 2182">
    <p class='ocr_par' dir='ltr' id='par_1_51' title="bbox 1891 2098 3462 2182">
     <span class='ocr_line' id='line_1_51' title="bbox 1891 2098 3462 2182; baseline 0.003 -19"><span class='ocrx_word' id='word_1_379' title='bbox 1891 2098 2261 2181; x_wconf 70' lang='lat' dir='ltr'><strong>interrogatus</strong></span> <span class='ocrx_word' id='word_1_380' title='bbox 2291 2109 2356 2166; x_wconf 87' lang='lat' dir='ltr'><strong>ab</strong></span> <span class='ocrx_word' id='word_1_381' title='bbox 2382 2109 2641 2182; x_wconf 87' lang='lat' dir='ltr'><strong>apostolis</strong></span> <span class='ocrx_word' id='word_1_382' title='bbox 2663 2111 2728 2166; x_wconf 91' lang='lat' dir='ltr'><strong>de</strong></span> <span class='ocrx_word' id='word_1_383' title='bbox 2765 2111 2872 2178; x_wconf 90' lang='lat' dir='ltr'><strong>die,</strong></span> <span class='ocrx_word' id='word_1_384' title='bbox 2897 2106 3213 2167; x_wconf 76' lang='lat' dir='ltr'><strong>manifestus</strong></span> <span class='ocrx_word' id='word_1_385' title='bbox 3240 2117 3462 2181; x_wconf 89' lang='lat' dir='ltr'><strong>respon-</strong></span> 
     </span>
    </p>
   </div>
   <div class='ocr_carea' id='block_1_52' title="bbox 1895 2187 3457 2278">
    <p class='ocr_par' dir='ltr' id='par_1_52' title="bbox 1895 2187 3457 2278">
     <span class='ocr_line' id='line_1_52' title="bbox 1895 2187 3457 2278; baseline 0 -24"><span class='ocrx_word' id='word_1_386' title='bbox 1895 2199 2007 2254; x_wconf 85' lang='lat' dir='ltr'><strong>dit:</strong></span> <span class='ocrx_word' id='word_1_387' title='bbox 2044 2197 2166 2252; x_wconf 87' lang='lat' dir='ltr'><strong>Non</strong></span> <span class='ocrx_word' id='word_1_388' title='bbox 2198 2198 2275 2254; x_wconf 72' lang='lat' dir='ltr'><strong>est</strong></span> <span class='ocrx_word' id='word_1_389' title='bbox 2311 2201 2683 2278; x_wconf 9' lang='lat' dir='ltr'><strong>oestrumrscire</strong></span> <span class='ocrx_word' id='word_1_390' title='bbox 2715 2209 2946 2278; x_wconf 80' lang='lat' dir='ltr'><strong>tempora</strong></span> <span class='ocrx_word' id='word_1_391' title='bbox 2974 2187 3310 2272; x_wconf 68' lang='lat' dir='ltr'><strong>e&#39;tmomenta</strong></span> <span class='ocrx_word' id='word_1_392' title='bbox 3338 2215 3457 2274; x_wconf 72' lang='lat' dir='ltr'><strong>qua:</strong></span> 
     </span>
    </p>
   </div>
   <div class='ocr_carea' id='block_1_53' title="bbox 1891 2275 3457 2363">
    <p class='ocr_par' dir='ltr' id='par_1_53' title="bbox 1891 2275 3457 2363">
     <span class='ocr_line' id='line_1_53' title="bbox 1891 2275 3457 2363; baseline 0.001 -20"><span class='ocrx_word' id='word_1_393' title='bbox 1891 2289 2052 2344; x_wconf 85' lang='lat' dir='ltr'><strong>Pater</strong></span> <span class='ocrx_word' id='word_1_394' title='bbox 2085 2289 2257 2360; x_wconf 79' lang='lat' dir='ltr'><strong>posuit</strong></span> <span class='ocrx_word' id='word_1_395' title='bbox 2291 2277 2346 2344; x_wconf 82' lang='lat' dir='ltr'><strong>in</strong></span> <span class='ocrx_word' id='word_1_396' title='bbox 2377 2308 2472 2346; x_wconf 81' lang='lat' dir='ltr'><strong>sua</strong></span> <span class='ocrx_word' id='word_1_397' title='bbox 2501 2277 2752 2360; x_wconf 82' lang='lat' dir='ltr'><strong>potestate</strong></span> <span class='ocrx_word' id='word_1_398' title='bbox 2790 2275 2928 2363; x_wconf 65' lang='lat' dir='ltr'><strong>(Act.</strong></span> <span class='ocrx_word' id='word_1_399' title='bbox 2956 2289 3016 2363; x_wconf 84' lang='lat' dir='ltr'><strong>i).</strong></span> <span class='ocrx_word' id='word_1_400' title='bbox 3047 2288 3274 2358; x_wconf 84' lang='lat' dir='ltr'><strong>Quando</strong></span> <span class='ocrx_word' id='word_1_401' title='bbox 3291 2288 3457 2344; x_wconf 86' lang='lat' dir='ltr'><strong>dicit:</strong></span> 
     </span>
    </p>
   </div>
   <div class='ocr_carea' id='block_1_54' title="bbox 1891 2365 3461 2464">
    <p class='ocr_par' dir='ltr' id='par_1_54' title="bbox 1891 2365 3461 2464">
     <span class='ocr_line' id='line_1_54' title="bbox 1891 2365 3461 2464; baseline 0.001 -28"><span class='ocrx_word' id='word_1_402' title='bbox 1891 2379 2113 2436; x_wconf 81' lang='lat' dir='ltr'><strong>Nonest</strong></span> <span class='ocrx_word' id='word_1_403' title='bbox 2147 2392 2373 2461; x_wconf 75' lang='lat' dir='ltr'><strong>uestrum</strong></span> <span class='ocrx_word' id='word_1_404' title='bbox 2409 2383 2562 2462; x_wconf 81' lang='lat' dir='ltr'><strong>seire,</strong></span> <span class='ocrx_word' id='word_1_405' title='bbox 2601 2365 2837 2464; x_wconf 69' lang='lat' dir='ltr'><strong>ostendit</strong></span> <span class='ocrx_word' id='word_1_406' title='bbox 2860 2381 3002 2451; x_wconf 92' lang='lat' dir='ltr'><strong>quod</strong></span> <span class='ocrx_word' id='word_1_407' title='bbox 3033 2383 3148 2452; x_wconf 90' lang='lat' dir='ltr'><strong>ipse</strong></span> <span class='ocrx_word' id='word_1_408' title='bbox 3181 2383 3333 2446; x_wconf 86' lang='lat' dir='ltr'><strong>sciat,</strong></span> <span class='ocrx_word' id='word_1_409' title='bbox 3366 2379 3461 2437; x_wconf 84' lang='lat' dir='ltr'><strong>sed</strong></span> 
     </span>
    </p>
   </div>
   <div class='ocr_carea' id='block_1_55' title="bbox 1890 2456 3460 2545">
    <p class='ocr_par' dir='ltr' id='par_1_55' title="bbox 1890 2456 3460 2545">
     <span class='ocr_line' id='line_1_55' title="bbox 1890 2456 3460 2545; baseline 0.003 -21"><span class='ocrx_word' id='word_1_410' title='bbox 1890 2485 1996 2525; x_wconf 92' lang='lat' dir='ltr'><strong>non</strong></span> <span class='ocrx_word' id='word_1_411' title='bbox 2018 2456 2235 2541; x_wconf 84' lang='lat' dir='ltr'><strong>expedit</strong></span> <span class='ocrx_word' id='word_1_412' title='bbox 2259 2488 2416 2528; x_wconf 87' lang='lat' dir='ltr'><strong>nosse</strong></span> <span class='ocrx_word' id='word_1_413' title='bbox 2444 2456 2718 2543; x_wconf 79' lang='lat' dir='ltr'><strong>apostolis,</strong></span> <span class='ocrx_word' id='word_1_414' title='bbox 2743 2456 3048 2545; x_wconf 32' lang='lat' dir='ltr'><strong>u&#39;t‘semper</strong></span> <span class='ocrx_word' id='word_1_415' title='bbox 3065 2475 3259 2529; x_wconf 84' lang='lat' dir='ltr'><strong>incerti</strong></span> <span class='ocrx_word' id='word_1_416' title='bbox 3279 2474 3345 2529; x_wconf 89' lang='lat' dir='ltr'><strong>de</strong></span> <span class='ocrx_word' id='word_1_417' title='bbox 3365 2473 3460 2528; x_wconf 86' lang='lat' dir='ltr'><strong>ad-</strong></span> 
     </span>
    </p>
   </div>
   <div class='ocr_carea' id='block_1_56' title="bbox 1888 2553 3455 2637">
    <p class='ocr_par' dir='ltr' id='par_1_56' title="bbox 1888 2553 3455 2637">
     <span class='ocr_line' id='line_1_56' title="bbox 1888 2553 3455 2637; baseline 0 -19"><span class='ocrx_word' id='word_1_418' title='bbox 1888 2574 2050 2628; x_wconf 72' lang='lat' dir='ltr'><strong>ventu</strong></span> <span class='ocrx_word' id='word_1_419' title='bbox 2075 2565 2293 2635; x_wconf 87' lang='lat' dir='ltr'><strong>judicis,</strong></span> <span class='ocrx_word' id='word_1_420' title='bbox 2332 2565 2410 2620; x_wconf 85' lang='lat' dir='ltr'><strong>sic</strong></span> <span class='ocrx_word' id='word_1_421' title='bbox 2445 2560 2684 2636; x_wconf 83' lang='lat' dir='ltr'><strong>quotidie</strong></span> <span class='ocrx_word' id='word_1_422' title='bbox 2720 2566 2904 2637; x_wconf 80' lang='lat' dir='ltr'><strong>vivant</strong></span> <span class='ocrx_word' id='word_1_423' title='bbox 2927 2566 3078 2635; x_wconf 90' lang='lat' dir='ltr'><strong>quasi</strong></span> <span class='ocrx_word' id='word_1_424' title='bbox 3107 2553 3207 2619; x_wconf 87' lang='lat' dir='ltr'><strong>alia</strong></span> <span class='ocrx_word' id='word_1_425' title='bbox 3240 2565 3326 2620; x_wconf 86' lang='lat' dir='ltr'><strong>die</strong></span> <span class='ocrx_word' id='word_1_426' title='bbox 3366 2564 3455 2634; x_wconf 89' lang='lat' dir='ltr'><strong>ju-</strong></span> 
     </span>
    </p>
   </div>
   <div class='ocr_carea' id='block_1_57' title="bbox 1889 2651 3461 2730">
    <p class='ocr_par' dir='ltr' id='par_1_57' title="bbox 1889 2651 3461 2730">
     <span class='ocr_line' id='line_1_57' title="bbox 1889 2651 3461 2730; baseline -0.001 -23"><span class='ocrx_word' id='word_1_427' title='bbox 1889 2653 2098 2716; x_wconf 85' lang='lat' dir='ltr'><strong>dicandi</strong></span> <span class='ocrx_word' id='word_1_428' title='bbox 2127 2653 2254 2730; x_wconf 82' lang='lat' dir='ltr'><strong>sint.</strong></span> <span class='ocrx_word' id='word_1_429' title='bbox 2286 2651 2526 2724; x_wconf 82' lang='lat' dir='ltr'><strong>Denique</strong></span> <span class='ocrx_word' id='word_1_430' title='bbox 2550 2659 2962 2730; x_wconf 79' lang='lat' dir='ltr'><strong>etconsequens</strong></span> <span class='ocrx_word' id='word_1_431' title='bbox 2983 2651 3252 2722; x_wconf 78' lang='lat' dir='ltr'><strong>Evangelii</strong></span> <span class='ocrx_word' id='word_1_432' title='bbox 3283 2665 3461 2707; x_wconf 90' lang='lat' dir='ltr'><strong>sermo</strong></span> 
     </span>
    </p>
   </div>
   <div class='ocr_carea' id='block_1_58' title="bbox 1889 2727 3461 2821">
    <p class='ocr_par' dir='ltr' id='par_1_58' title="bbox 1889 2727 3461 2821">
     <span class='ocr_line' id='line_1_58' title="bbox 1889 2727 3461 2821; baseline 0.001 -25"><span class='ocrx_word' id='word_1_433' title='bbox 1889 2741 2121 2813; x_wconf 85' lang='lat' dir='ltr'><strong>idipsum</strong></span> <span class='ocrx_word' id='word_1_434' title='bbox 2148 2727 2317 2821; x_wconf 79' lang='lat' dir='ltr'><strong>cogit</strong></span> <span class='ocrx_word' id='word_1_435' title='bbox 2362 2743 2610 2821; x_wconf 71' lang='lat' dir='ltr'><strong>intelligi,</strong></span> <span class='ocrx_word' id='word_1_436' title='bbox 2635 2778 2637 2780; x_wconf 65' lang='grc' dir='ltr'><strong>ς</strong></span> <span class='ocrx_word' id='word_1_437' title='bbox 2670 2727 2856 2799; x_wconf 84' lang='lat' dir='ltr'><strong>dicens</strong></span> <span class='ocrx_word' id='word_1_438' title='bbox 2890 2739 3349 2814; x_wconf 4' lang='lat' dir='ltr'><strong>quoqu&#39;eantrem</strong></span> <span class='ocrx_word' id='word_1_439' title='bbox 3375 2748 3461 2797; x_wconf 74' lang='grc' dir='ltr'><strong>εο-</strong></span> 
     </span>
    </p>
   </div>
   <div class='ocr_carea' id='block_1_59' title="bbox 1890 2817 3458 2913">
    <p class='ocr_par' dir='ltr' id='par_1_59' title="bbox 1890 2817 3458 2913">
     <span class='ocr_line' id='line_1_59' title="bbox 1890 2817 3458 2913; baseline -0.001 -27"><span class='ocrx_word' id='word_1_440' title='bbox 1890 2832 2009 2913; x_wconf 86' lang='lat' dir='ltr'><strong>lum</strong></span> <span class='ocrx_word' id='word_1_441' title='bbox 2027 2828 2206 2898; x_wconf 73' lang='lat' dir='ltr'><strong>nosse,</strong></span> <span class='ocrx_word' id='word_1_442' title='bbox 2233 2817 2287 2888; x_wconf 89' lang='lat' dir='ltr'><strong>in</strong></span> <span class='ocrx_word' id='word_1_443' title='bbox 2310 2824 2476 2913; x_wconf 78' lang='lat' dir='ltr'><strong>Patre</strong></span> <span class='ocrx_word' id='word_1_444' title='bbox 2502 2817 2913 2912; x_wconf 78' lang='lat' dir='ltr'><strong>comprehendit</strong></span> <span class='ocrx_word' id='word_1_445' title='bbox 2938 2830 2992 2888; x_wconf 86' lang='lat' dir='ltr'><strong>et</strong></span> <span class='ocrx_word' id='word_1_446' title='bbox 3014 2822 3213 2906; x_wconf 77' lang='lat' dir='ltr'><strong>Filium</strong></span> <span class='ocrx_word' id='word_1_447' title='bbox 3239 2849 3252 2904; x_wconf 70' lang='grc' dir='ltr'><strong><em>ς</em></strong></span> <span class='ocrx_word' id='word_1_448' title='bbox 3284 2826 3458 2887; x_wconf 86' lang='lat' dir='ltr'><strong>omnis</strong></span> 
     </span>
    </p>
   </div>
   <div class='ocr_carea' id='block_1_60' title="bbox 1879 2901 3458 3000">
    <p class='ocr_par' dir='ltr' id='par_1_60' title="bbox 1879 2901 3458 3000">
     <span class='ocr_line' id='line_1_60' title="bbox 1879 2901 3458 3000; baseline -0.001 -24"><span class='ocrx_word' id='word_1_449' title='bbox 1879 2911 2033 2976; x_wconf 81' lang='lat' dir='ltr'><strong>enim</strong></span> <span class='ocrx_word' id='word_1_450' title='bbox 2059 2917 2234 2992; x_wconf 75' lang='lat' dir='ltr'><strong>pater,</strong></span> <span class='ocrx_word' id='word_1_451' title='bbox 2286 2908 2381 2978; x_wconf 81' lang='lat' dir='ltr'><strong>lilii</strong></span> <span class='ocrx_word' id='word_1_452' title='bbox 2407 2906 2610 3000; x_wconf 75' lang='lat' dir='ltr'><strong>nomen</strong></span> <span class='ocrx_word' id='word_1_453' title='bbox 2626 2901 2739 2978; x_wconf 50' lang='lat' dir='ltr'><strong>:e&#39;s&#39;t.</strong></span> <span class='ocrx_word' id='word_1_454' title='bbox 2769 2918 2950 2994; x_wconf 65' lang='grc' dir='ltr'><strong>(λης.)</strong></span> <span class='ocrx_word' id='word_1_455' title='bbox 2972 2902 3057 2975; x_wconf 80' lang='grc' dir='ltr'><strong>Ἐι</strong></span> <span class='ocrx_word' id='word_1_456' title='bbox 3081 2901 3458 2991; x_wconf 65' lang='grc' dir='ltr'><strong>(Ῑὶιοᾶόὶοιῑιηι</strong></span> 
     </span>
    </p>
   </div>
   <div class='ocr_carea' id='block_1_61' title="bbox 1887 3006 3457 3088">
    <p class='ocr_par' dir='ltr' id='par_1_61' title="bbox 1887 3006 3457 3088">
     <span class='ocr_line' id='line_1_61' title="bbox 1887 3006 3457 3088; baseline -0.003 -20"><span class='ocrx_word' id='word_1_457' title='bbox 1887 3023 1975 3068; x_wconf 88' lang='lat' dir='ltr'><strong>est</strong></span> <span class='ocrx_word' id='word_1_458' title='bbox 2000 3015 2208 3070; x_wconf 85' lang='lat' dir='ltr'><strong>nescire</strong></span> <span class='ocrx_word' id='word_1_459' title='bbox 2229 3006 2445 3088; x_wconf 76' lang='lat' dir='ltr'><strong>Filium,</strong></span> <span class='ocrx_word' id='word_1_460' title='bbox 2474 3011 2557 3068; x_wconf 74' lang='lat' dir='ltr'><strong>sic</strong></span> <span class='ocrx_word' id='word_1_461' title='bbox 2581 3011 2783 3068; x_wconf 78' lang='lat' dir='ltr'><strong>dictum</strong></span> <span class='ocrx_word' id='word_1_462' title='bbox 2809 3020 2914 3077; x_wconf 85' lang='lat' dir='ltr'><strong>est,</strong></span> <span class='ocrx_word' id='word_1_463' title='bbox 2944 3011 3069 3081; x_wconf 88' lang='lat' dir='ltr'><strong>quia</strong></span> <span class='ocrx_word' id='word_1_464' title='bbox 3089 3008 3220 3066; x_wconf 80' lang='lat' dir='ltr'><strong>facit</strong></span> <span class='ocrx_word' id='word_1_465' title='bbox 3236 3007 3457 3065; x_wconf 76' lang='lat' dir='ltr'><strong>nescire</strong></span> 
     </span>
    </p>
   </div>
   <div class='ocr_carea' id='block_1_62' title="bbox 213 3093 3433 3196">
    <p class='ocr_par' dir='ltr' id='par_1_62' title="bbox 213 3093 3433 3196">
     <span class='ocr_line' id='line_1_62' title="bbox 213 3093 3433 3196; baseline 0.003 -38"><span class='ocrx_word' id='word_1_466' title='bbox 213 3104 565 3175; x_wconf 86' lang='lat' dir='ltr'><strong>responderat</strong></span> <span class='ocrx_word' id='word_1_467' title='bbox 595 3105 708 3160; x_wconf 70' lang='lat' dir='ltr'><strong>haec</strong></span> <span class='ocrx_word' id='word_1_468' title='bbox 731 3121 852 3162; x_wconf 87' lang='lat' dir='ltr'><strong>esse</strong></span> <span class='ocrx_word' id='word_1_469' title='bbox 875 3107 1056 3175; x_wconf 75' lang='lat' dir='ltr'><strong>omnia</strong></span> <span class='ocrx_word' id='word_1_470' title='bbox 1081 3109 1422 3176; x_wconf 82' lang='lat' dir='ltr'><strong>destruenda,</strong></span> <span class='ocrx_word' id='word_1_471' title='bbox 1439 3111 1683 3196; x_wconf 72' lang='lat' dir='ltr'><strong>discipuli</strong></span> <span class='ocrx_word' id='word_1_472' title='bbox 1705 3126 1790 3167; x_wconf 85' lang='lat' dir='ltr'><strong>se-</strong></span> <span class='ocrx_word' id='word_1_473' title='bbox 1891 3104 2157 3196; x_wconf 58' lang='grc' dir='ltr'><strong>Ιιοιῇίηξὲεν</strong></span> <span class='ocrx_word' id='word_1_474' title='bbox 2179 3101 2259 3196; x_wconf 8' lang='lat' dir='ltr'><strong>pia</strong></span> <span class='ocrx_word' id='word_1_475' title='bbox 2553 3098 2634 3157; x_wconf 68' lang='grc' dir='ltr'><strong>θῖέ</strong></span> <span class='ocrx_word' id='word_1_476' title='bbox 2871 3099 3035 3196; x_wconf 36' lang='lat' dir='ltr'><strong>(ille?</strong></span> <span class='ocrx_word' id='word_1_477' title='bbox 3061 3093 3334 3196; x_wconf 53' lang='grc' dir='ltr'><strong>Ῐηξξξιῖξέξ</strong></span> <span class='ocrx_word' id='word_1_478' title='bbox 3358 3100 3433 3154; x_wconf 65' lang='grc' dir='ltr'><strong>δεῖ</strong></span> 
     </span>
    </p>
   </div>
   <div class='ocr_carea' id='block_1_63' title="bbox 210 3193 1822 3271">
    <p class='ocr_par' dir='ltr' id='par_1_63' title="bbox 210 3193 1822 3271">
     <span class='ocr_line' id='line_1_63' title="bbox 210 3193 1822 3271; baseline 0.005 -21"><span class='ocrx_word' id='word_1_479' title='bbox 210 3205 367 3250; x_wconf 86' lang='lat' dir='ltr'><strong>creto</strong></span> <span class='ocrx_word' id='word_1_480' title='bbox 391 3205 601 3266; x_wconf 86' lang='lat' dir='ltr'><strong>tempus</strong></span> <span class='ocrx_word' id='word_1_481' title='bbox 629 3206 684 3252; x_wconf 88' lang='lat' dir='ltr'><strong>et</strong></span> <span class='ocrx_word' id='word_1_482' title='bbox 727 3198 879 3269; x_wconf 88' lang='lat' dir='ltr'><strong>signa</strong></span> <span class='ocrx_word' id='word_1_483' title='bbox 905 3199 1174 3270; x_wconf 65' lang='lat' dir='ltr'><strong>praedicta:</strong></span> <span class='ocrx_word' id='word_1_484' title='bbox 1201 3193 1596 3271; x_wconf 51' lang='lat' dir='ltr'><strong>(le&#39;trltructionisw</strong></span> <span class='ocrx_word' id='word_1_485' title='bbox 1626 3201 1790 3257; x_wconf 85' lang='lat' dir='ltr'><strong>inter—</strong></span> <span class='ocrx_word' id='word_1_486' title='bbox 1817 3193 1822 3204; x_wconf 79' lang='grc'><em>’</em></span> 
     </span>
    </p>
   </div>
   <div class='ocr_carea' id='block_1_64' title="bbox 214 3288 1789 3364">
    <p class='ocr_par' dir='ltr' id='par_1_64' title="bbox 214 3288 1789 3364">
     <span class='ocr_line' id='line_1_64' title="bbox 214 3288 1789 3364; baseline 0.002 -22"><span class='ocrx_word' id='word_1_487' title='bbox 214 3296 430 3364; x_wconf 81' lang='lat' dir='ltr'><strong>rogant,</strong></span> <span class='ocrx_word' id='word_1_488' title='bbox 481 3289 724 3345; x_wconf 83' lang='lat' dir='ltr'><strong>dicentes</strong></span> <span class='ocrx_word' id='word_1_489' title='bbox 752 3307 766 3343; x_wconf 91' lang='lat'><strong>:</strong></span> <span class='ocrx_word' id='word_1_490' title='bbox 792 3288 891 3343; x_wconf 84' lang='lat' dir='ltr'><strong>Die</strong></span> <span class='ocrx_word' id='word_1_491' title='bbox 938 3291 1086 3344; x_wconf 83' lang='lat' dir='ltr'><strong>nobis</strong></span> <span class='ocrx_word' id='word_1_492' title='bbox 1113 3291 1320 3360; x_wconf 81' lang='lat' dir='ltr'><strong>quando</strong></span> <span class='ocrx_word' id='word_1_493' title='bbox 1367 3293 1476 3344; x_wconf 59' lang='lat' dir='ltr'><strong>Ita’c</strong></span> <span class='ocrx_word' id='word_1_494' title='bbox 1509 3303 1689 3360; x_wconf 86' lang='lat' dir='ltr'><strong>erunt,</strong></span> <span class='ocrx_word' id='word_1_495' title='bbox 1739 3300 1789 3345; x_wconf 81' lang='lat' dir='ltr'><strong>et</strong></span> 
     </span>
    </p>
   </div>
   <div class='ocr_carea' id='block_1_65' title="bbox 208 3375 1792 3455">
    <p class='ocr_par' dir='ltr' id='par_1_65' title="bbox 208 3375 1792 3455">
     <span class='ocr_line' id='line_1_65' title="bbox 208 3375 1792 3455; baseline 0.003 -24"><span class='ocrx_word' id='word_1_496' title='bbox 208 3375 357 3445; x_wconf 69' lang='lat' dir='ltr'><strong>quod</strong></span> <span class='ocrx_word' id='word_1_497' title='bbox 375 3380 582 3449; x_wconf 76' lang='lat' dir='ltr'><strong>signum</strong></span> <span class='ocrx_word' id='word_1_498' title='bbox 598 3379 853 3455; x_wconf 73' lang='lat' dir='ltr'><strong>aduentus</strong></span> <span class='ocrx_word' id='word_1_499' title='bbox 873 3379 975 3444; x_wconf 79' lang='lat' dir='ltr'><strong>tui,</strong></span> <span class='ocrx_word' id='word_1_500' title='bbox 999 3389 1047 3434; x_wconf 85' lang='lat' dir='ltr'><strong>et</strong></span> <span class='ocrx_word' id='word_1_501' title='bbox 1090 3380 1545 3435; x_wconf 82' lang='lat' dir='ltr'><strong>consummationis</strong></span> <span class='ocrx_word' id='word_1_502' title='bbox 1570 3380 1792 3440; x_wconf 66' lang='grc' dir='ltr'><strong>τεταμιιῖ</strong></span> 
     </span>
    </p>
   </div>
   <div class='ocr_carea' id='block_1_66' title="bbox 213 3453 1791 3538">
    <p class='ocr_par' dir='ltr' id='par_1_66' title="bbox 213 3453 1791 3538">
     <span class='ocr_line' id='line_1_66' title="bbox 213 3453 1791 3538; baseline 0.003 -19"><span class='ocrx_word' id='word_1_503' title='bbox 213 3467 258 3519; x_wconf 81' lang='grc' dir='ltr'><strong>Τ</strong></span> <span class='ocrx_word' id='word_1_504' title='bbox 264 3468 342 3522; x_wconf 84' lang='lat' dir='ltr'><strong>ria</strong></span> <span class='ocrx_word' id='word_1_505' title='bbox 357 3476 553 3538; x_wconf 70' lang='lat' dir='ltr'><strong>autem</strong></span> <span class='ocrx_word' id='word_1_506' title='bbox 571 3453 662 3524; x_wconf 80' lang='lat' dir='ltr'><strong>hic</strong></span> <span class='ocrx_word' id='word_1_507' title='bbox 676 3453 1057 3538; x_wconf 75' lang='lat' dir='ltr'><strong>interrogant:</strong></span> <span class='ocrx_word' id='word_1_508' title='bbox 1089 3471 1183 3534; x_wconf 87' lang='lat' dir='ltr'><strong>Dic</strong></span> <span class='ocrx_word' id='word_1_509' title='bbox 1206 3460 1420 3538; x_wconf 79' lang='lat' dir='ltr'><strong>quando</strong></span> <span class='ocrx_word' id='word_1_510' title='bbox 1440 3459 1791 3525; x_wconf 78' lang='lat' dir='ltr'><strong>evertendam</strong></span> 
     </span>
    </p>
   </div>
   <div class='ocr_carea' id='block_1_67' title="bbox 212 3555 1792 3637">
    <p class='ocr_par' dir='ltr' id='par_1_67' title="bbox 212 3555 1792 3637">
     <span class='ocr_line' id='line_1_67' title="bbox 212 3555 1792 3637; baseline 0.001 -25"><span class='ocrx_word' id='word_1_511' title='bbox 212 3563 298 3612; x_wconf 80' lang='lat' dir='ltr'><strong>est</strong></span> <span class='ocrx_word' id='word_1_512' title='bbox 325 3558 603 3627; x_wconf 76' lang='lat' dir='ltr'><strong>templum.</strong></span> <span class='ocrx_word' id='word_1_513' title='bbox 635 3557 882 3614; x_wconf 86' lang='lat' dir='ltr'><strong>Secundo</strong></span> <span class='ocrx_word' id='word_1_514' title='bbox 912 3572 929 3612; x_wconf 89' lang='lat'><strong>:</strong></span> <span class='ocrx_word' id='word_1_515' title='bbox 962 3556 1117 3626; x_wconf 75' lang='lat' dir='ltr'><strong>Quod</strong></span> <span class='ocrx_word' id='word_1_516' title='bbox 1141 3555 1357 3629; x_wconf 69' lang='lat' dir='ltr'><strong>signum</strong></span> <span class='ocrx_word' id='word_1_517' title='bbox 1378 3559 1629 3614; x_wconf 81' lang='lat' dir='ltr'><strong>adventus</strong></span> <span class='ocrx_word' id='word_1_518' title='bbox 1675 3559 1792 3637; x_wconf 63' lang='lat' dir='ltr'><strong>tui!</strong></span> 
     </span>
    </p>
   </div>
   <div class='ocr_carea' id='block_1_68' title="bbox 142 3641 1788 3720">
    <p class='ocr_par' dir='ltr' id='par_1_68' title="bbox 142 3641 1788 3720">
     <span class='ocr_line' id='line_1_68' title="bbox 142 3641 1788 3720; baseline 0.002 -17"><span class='ocrx_word' id='word_1_519' title='bbox 142 3656 144 3658; x_wconf 76' lang='lat'><strong>&#39;</strong></span> <span class='ocrx_word' id='word_1_520' title='bbox 211 3647 421 3704; x_wconf 87' lang='lat' dir='ltr'><strong>scilicet</strong></span> <span class='ocrx_word' id='word_1_521' title='bbox 459 3648 527 3702; x_wconf 84' lang='lat' dir='ltr'><strong>ad</strong></span> <span class='ocrx_word' id='word_1_522' title='bbox 565 3641 896 3720; x_wconf 65' lang='lat' dir='ltr'><strong>regnandum</strong></span> <span class='ocrx_word' id='word_1_523' title='bbox 924 3649 1312 3718; x_wconf 73' lang='lat' dir='ltr'><strong>temperanter,</strong></span> <span class='ocrx_word' id='word_1_524' title='bbox 1355 3650 1502 3720; x_wconf 84' lang='lat' dir='ltr'><strong>quod</strong></span> <span class='ocrx_word' id='word_1_525' title='bbox 1543 3643 1788 3720; x_wconf 87' lang='lat' dir='ltr'><strong>discipuli</strong></span> 
     </span>
    </p>
   </div>
   <div class='ocr_carea' id='block_1_69' title="bbox 212 3726 1786 3809">
    <p class='ocr_par' dir='ltr' id='par_1_69' title="bbox 212 3726 1786 3809">
     <span class='ocr_line' id='line_1_69' title="bbox 212 3726 1786 3809; baseline 0.004 -20"><span class='ocrx_word' id='word_1_526' title='bbox 212 3735 332 3790; x_wconf 71' lang='lat' dir='ltr'><strong>fore</strong></span> <span class='ocrx_word' id='word_1_527' title='bbox 370 3735 726 3806; x_wconf 83' lang='lat' dir='ltr'><strong>putaverunt‘,</strong></span> <span class='ocrx_word' id='word_1_528' title='bbox 764 3743 826 3791; x_wconf 89' lang='lat' dir='ltr'><strong>ut</strong></span> <span class='ocrx_word' id='word_1_529' title='bbox 868 3746 935 3792; x_wconf 87' lang='lat' dir='ltr'><strong>ex</strong></span> <span class='ocrx_word' id='word_1_530' title='bbox 987 3737 1095 3792; x_wconf 91' lang='lat' dir='ltr'><strong>alio</strong></span> <span class='ocrx_word' id='word_1_531' title='bbox 1145 3735 1266 3794; x_wconf 78' lang='lat' dir='ltr'><strong>luco</strong></span> <span class='ocrx_word' id='word_1_532' title='bbox 1317 3726 1652 3809; x_wconf 58' lang='lat' dir='ltr'><strong>intelligitur,</strong></span> <span class='ocrx_word' id='word_1_533' title='bbox 1696 3738 1786 3795; x_wconf 89' lang='lat' dir='ltr'><strong>ubi</strong></span> 
     </span>
    </p>
   </div>
   <div class='ocr_carea' id='block_1_70' title="bbox 212 3816 1787 3898">
    <p class='ocr_par' dir='ltr' id='par_1_70' title="bbox 212 3816 1787 3898">
     <span class='ocr_line' id='line_1_70' title="bbox 212 3816 1787 3898; baseline 0.002 -19"><span class='ocrx_word' id='word_1_534' title='bbox 212 3833 466 3894; x_wconf 65' lang='lat' dir='ltr'><strong>quaerunt</strong></span> <span class='ocrx_word' id='word_1_535' title='bbox 495 3842 512 3879; x_wconf 86' lang='lat'><strong>:</strong></span> <span class='ocrx_word' id='word_1_536' title='bbox 543 3820 784 3891; x_wconf 77' lang='lat' dir='ltr'><strong>Domine,</strong></span> <span class='ocrx_word' id='word_1_537' title='bbox 812 3826 859 3880; x_wconf 90' lang='lat' dir='ltr'><strong>si</strong></span> <span class='ocrx_word' id='word_1_538' title='bbox 884 3827 966 3879; x_wconf 78' lang='lat' dir='ltr'><strong>in</strong></span> <span class='ocrx_word' id='word_1_539' title='bbox 995 3835 1221 3898; x_wconf 77' lang='lat' dir='ltr'><strong>tmpore</strong></span> <span class='ocrx_word' id='word_1_540' title='bbox 1270 3825 1366 3880; x_wconf 74' lang='lat' dir='ltr'><strong>hoc</strong></span> <span class='ocrx_word' id='word_1_541' title='bbox 1395 3841 1398 3844; x_wconf 73' lang='grc'><strong>’</strong></span> <span class='ocrx_word' id='word_1_542' title='bbox 1422 3828 1657 3884; x_wconf 85' lang='lat' dir='ltr'><strong>restitues</strong></span> <span class='ocrx_word' id='word_1_543' title='bbox 1707 3816 1787 3882; x_wconf 23' lang='lat' dir='ltr'><strong>re.-</strong></span> 
     </span>
    </p>
   </div>
   <div class='ocr_carea' id='block_1_71' title="bbox 211 3911 1789 3988">
    <p class='ocr_par' dir='ltr' id='par_1_71' title="bbox 211 3911 1789 3988">
     <span class='ocr_line' id='line_1_71' title="bbox 211 3911 1789 3988; baseline 0.003 -21"><span class='ocrx_word' id='word_1_544' title='bbox 211 3930 374 3984; x_wconf 83' lang='lat' dir='ltr'><strong>gnum</strong></span> <span class='ocrx_word' id='word_1_545' title='bbox 403 3913 606 3968; x_wconf 85' lang='lat' dir='ltr'><strong>israel.’</strong></span> <span class='ocrx_word' id='word_1_546' title='bbox 631 3915 765 3986; x_wconf 78' lang='lat' dir='ltr'><strong>(Act.</strong></span> <span class='ocrx_word' id='word_1_547' title='bbox 802 3914 864 3987; x_wconf 86' lang='grc' dir='ltr'><strong>ι.)</strong></span> <span class='ocrx_word' id='word_1_548' title='bbox 895 3915 1097 3970; x_wconf 87' lang='lat' dir='ltr'><strong>Tamen</strong></span> <span class='ocrx_word' id='word_1_549' title='bbox 1131 3916 1344 3971; x_wconf 75' lang='lat' dir='ltr'><strong>videtur</strong></span> <span class='ocrx_word' id='word_1_550' title='bbox 1365 3911 1479 3972; x_wconf 62' lang='lat' dir='ltr'><strong>haec</strong></span> <span class='ocrx_word' id='word_1_551' title='bbox 1507 3913 1789 3988; x_wconf 72' lang='lat' dir='ltr'><strong>discipulo-</strong></span> 
     </span>
    </p>
   </div>
   <div class='ocr_carea' id='block_1_72' title="bbox 213 3992 1785 4079">
    <p class='ocr_par' dir='ltr' id='par_1_72' title="bbox 213 3992 1785 4079">
     <span class='ocr_line' id='line_1_72' title="bbox 213 3992 1785 4079; baseline 0.003 -20"><span class='ocrx_word' id='word_1_552' title='bbox 213 3993 734 4076; x_wconf 83' lang='lat' dir='ltr'><strong>rum_intérrogatio</strong></span> <span class='ocrx_word' id='word_1_553' title='bbox 764 3992 829 4062; x_wconf 89' lang='lat' dir='ltr'><strong>de</strong></span> <span class='ocrx_word' id='word_1_554' title='bbox 870 4005 1104 4062; x_wconf 87' lang='lat' dir='ltr'><strong>adventu</strong></span> <span class='ocrx_word' id='word_1_555' title='bbox 1147 4008 1217 4062; x_wconf 83' lang='lat' dir='ltr'><strong>ad</strong></span> <span class='ocrx_word' id='word_1_556' title='bbox 1251 4008 1512 4076; x_wconf 86' lang='lat' dir='ltr'><strong>judicium</strong></span> <span class='ocrx_word' id='word_1_557' title='bbox 1561 4005 1785 4079; x_wconf 80' lang='lat' dir='ltr'><strong>intelligi</strong></span> 
     </span>
    </p>
   </div>
   <div class='ocr_carea' id='block_1_73' title="bbox 211 4086 1846 4166">
    <p class='ocr_par' dir='ltr' id='par_1_73' title="bbox 211 4086 1846 4166">
     <span class='ocr_line' id='line_1_73' title="bbox 211 4086 1846 4166; baseline 0.004 -20"><span class='ocrx_word' id='word_1_558' title='bbox 211 4106 410 4163; x_wconf 84' lang='lat' dir='ltr'><strong>posse;</strong></span> <span class='ocrx_word' id='word_1_559' title='bbox 445 4093 796 4148; x_wconf 85' lang='lat' dir='ltr'><strong>advertebant</strong></span> <span class='ocrx_word' id='word_1_560' title='bbox 821 4094 966 4149; x_wconf 92' lang='lat' dir='ltr'><strong>enim</strong></span> <span class='ocrx_word' id='word_1_561' title='bbox 997 4094 1152 4149; x_wconf 90' lang='lat' dir='ltr'><strong>illum</strong></span> <span class='ocrx_word' id='word_1_562' title='bbox 1189 4094 1309 4151; x_wconf 81' lang='lat' dir='ltr'><strong>fore&#39;</strong></span> <span class='ocrx_word' id='word_1_563' title='bbox 1331 4096 1566 4166; x_wconf 78' lang='lat' dir='ltr'><strong>judiCem</strong></span> <span class='ocrx_word' id='word_1_564' title='bbox 1606 4086 1783 4164; x_wconf 77' lang='lat' dir='ltr'><strong>homl-</strong></span> <span class='ocrx_word' id='word_1_565' title='bbox 1829 4090 1846 4100; x_wconf 79' lang='grc'><em>’</em></span> 
     </span>
    </p>
   </div>
   <div class='ocr_carea' id='block_1_74' title="bbox 213 4169 1785 4251">
    <p class='ocr_par' dir='ltr' id='par_1_74' title="bbox 213 4169 1785 4251">
     <span class='ocr_line' id='line_1_74' title="bbox 213 4169 1785 4251; baseline 0.003 -11"><span class='ocrx_word' id='word_1_566' title='bbox 213 4198 365 4246; x_wconf 85' lang='lat' dir='ltr'><strong>num,</strong></span> <span class='ocrx_word' id='word_1_567' title='bbox 395 4169 602 4238; x_wconf 43' lang='lat' dir='ltr'><strong>tum-&#39;ex</strong></span> <span class='ocrx_word' id='word_1_568' title='bbox 628 4184 730 4247; x_wconf 87' lang='lat' dir='ltr'><strong>his,</strong></span> <span class='ocrx_word' id='word_1_569' title='bbox 766 4193 877 4238; x_wconf 91' lang='lat' dir='ltr'><strong>tum</strong></span> <span class='ocrx_word' id='word_1_570' title='bbox 922 4183 1042 4240; x_wconf 90' lang='lat' dir='ltr'><strong>aliis</strong></span> <span class='ocrx_word' id='word_1_571' title='bbox 1067 4226 1082 4251; x_wconf 95' lang='lat'><strong>,</strong></span> <span class='ocrx_word' id='word_1_572' title='bbox 1113 4193 1168 4239; x_wconf 88' lang='lat' dir='ltr'><strong>et</strong></span> <span class='ocrx_word' id='word_1_573' title='bbox 1210 4185 1445 4243; x_wconf 82' lang='lat' dir='ltr'><strong>maxime</strong></span> <span class='ocrx_word' id='word_1_574' title='bbox 1491 4183 1558 4243; x_wconf 85' lang='lat' dir='ltr'><strong>iis</strong></span> <span class='ocrx_word' id='word_1_575' title='bbox 1604 4181 1785 4246; x_wconf 78' lang='lat' dir='ltr'><strong>verbis</strong></span> 
     </span>
    </p>
   </div>
   <div class='ocr_carea' id='block_1_75' title="bbox 214 4268 1780 4352">
    <p class='ocr_par' dir='ltr' id='par_1_75' title="bbox 214 4268 1780 4352">
     <span class='ocr_line' id='line_1_75' title="bbox 214 4268 1780 4352; baseline 0.003 -22"><span class='ocrx_word' id='word_1_576' title='bbox 214 4275 454 4330; x_wconf 66' lang='lat' dir='ltr'><strong>Mattbaai</strong></span> <span class='ocrx_word' id='word_1_577' title='bbox 503 4301 515 4328; x_wconf 83' lang='grc'>;</span> <span class='ocrx_word' id='word_1_578' title='bbox 570 4273 636 4328; x_wconf 88' lang='lat' dir='ltr'><strong>In</strong></span> <span class='ocrx_word' id='word_1_579' title='bbox 672 4268 998 4346; x_wconf 83' lang='lat' dir='ltr'><strong>generatione</strong></span> <span class='ocrx_word' id='word_1_580' title='bbox 1029 4275 1251 4350; x_wconf 76' lang='lat' dir='ltr'><strong>(Matth.</strong></span> <span class='ocrx_word' id='word_1_581' title='bbox 1298 4294 1390 4333; x_wconf 75' lang='lat' dir='ltr'><strong>xu</strong></span> <span class='ocrx_word' id='word_1_582' title='bbox 1408 4280 1449 4352; x_wconf 83' lang='lat'><strong>).</strong></span> <span class='ocrx_word' id='word_1_583' title='bbox 1494 4289 1542 4334; x_wconf 74' lang='grc' dir='ltr'><strong>ι.</strong></span> <span class='ocrx_word' id='word_1_584' title='bbox 1587 4319 1602 4333; x_wconf 94' lang='grc'><strong>.</strong></span> <span class='ocrx_word' id='word_1_585' title='bbox 1646 4303 1678 4336; x_wconf 93' lang='grc'><strong>.·</strong></span> <span class='ocrx_word' id='word_1_586' title='bbox 1706 4318 1722 4337; x_wconf 93' lang='grc'><strong>.</strong></span> <span class='ocrx_word' id='word_1_587' title='bbox 1765 4320 1780 4335; x_wconf 93' lang='grc'><strong>.</strong></span> 
     </span>
    </p>
   </div>
   <div class='ocr_carea' id='block_1_76' title="bbox 215 4402 1780 4425">
    <p class='ocr_par' dir='ltr' id='par_1_76' title="bbox 215 4402 1780 4425">
     <span class='ocr_line' id='line_1_76' title="bbox 215 4402 1780 4425; baseline 0.004 -8"><span class='ocrx_word' id='word_1_588' title='bbox 215 4402 1780 4425; x_wconf 63' lang='grc' dir='ltr'><strong>οισεσεο-θοοιοοοοοαοοοοοοοοοο</strong></span> 
     </span>
    </p>
   </div>
   <div class='ocr_carea' id='block_1_77' title="bbox 1891 3180 3459 3272">
    <p class='ocr_par' dir='ltr' id='par_1_77' title="bbox 1891 3180 3459 3272">
     <span class='ocr_line' id='line_1_77' title="bbox 1891 3180 3459 3272; baseline -0.003 -23"><span class='ocrx_word' id='word_1_589' title='bbox 1891 3205 2031 3249; x_wconf 87' lang='lat' dir='ltr'><strong>rent.</strong></span> <span class='ocrx_word' id='word_1_590' title='bbox 2069 3180 2197 3265; x_wconf 83' lang='lat' dir='ltr'><strong>Legi</strong></span> <span class='ocrx_word' id='word_1_591' title='bbox 2245 3180 2569 3268; x_wconf 74' lang='lat' dir='ltr'><strong>quoqiic&#39;ih</strong></span> <span class='ocrx_word' id='word_1_592' title='bbox 2618 3180 2893 3272; x_wconf 72' lang='lat' dir='ltr'><strong>cujusdam</strong></span> <span class='ocrx_word' id='word_1_593' title='bbox 2947 3188 3083 3246; x_wconf 85' lang='lat' dir='ltr'><strong>libro</strong></span> <span class='ocrx_word' id='word_1_594' title='bbox 3108 3186 3284 3244; x_wconf 75' lang='lat' dir='ltr'><strong>tilium</strong></span> <span class='ocrx_word' id='word_1_595' title='bbox 3307 3185 3459 3267; x_wconf 88' lang='lat' dir='ltr'><strong>hunc</strong></span> 
     </span>
    </p>
   </div>
   <div class='ocr_carea' id='block_1_78' title="bbox 1889 3273 3460 3362">
    <p class='ocr_par' dir='ltr' id='par_1_78' title="bbox 1889 3273 3460 3362">
     <span class='ocr_line' id='line_1_78' title="bbox 1889 3273 3460 3362; baseline -0.003 -26"><span class='ocrx_word' id='word_1_596' title='bbox 1889 3282 1982 3353; x_wconf 90' lang='lat' dir='ltr'><strong>qui</strong></span> <span class='ocrx_word' id='word_1_597' title='bbox 2029 3282 2132 3336; x_wconf 93' lang='lat' dir='ltr'><strong>hoc</strong></span> <span class='ocrx_word' id='word_1_598' title='bbox 2182 3281 2300 3359; x_wconf 88' lang='lat' dir='ltr'><strong>loco</strong></span> <span class='ocrx_word' id='word_1_599' title='bbox 2340 3273 2559 3362; x_wconf 72' lang='lat' dir='ltr'><strong>punitur</strong></span> <span class='ocrx_word' id='word_1_600' title='bbox 2587 3281 2710 3334; x_wconf 75' lang='lat' dir='ltr'><strong>n&#39;on&#39;</strong></span> <span class='ocrx_word' id='word_1_601' title='bbox 2735 3275 3087 3348; x_wconf 72' lang='lat' dir='ltr'><strong>unigenitum,</strong></span> <span class='ocrx_word' id='word_1_602' title='bbox 3120 3275 3214 3334; x_wconf 83' lang='lat' dir='ltr'><strong>sed</strong></span> <span class='ocrx_word' id='word_1_603' title='bbox 3245 3273 3460 3346; x_wconf 78' lang='lat' dir='ltr'><strong>adopti-</strong></span> 
     </span>
    </p>
   </div>
   <div class='ocr_carea' id='block_1_79' title="bbox 1889 3364 3455 3441">
    <p class='ocr_par' dir='ltr' id='par_1_79' title="bbox 1889 3364 3455 3441">
     <span class='ocr_line' id='line_1_79' title="bbox 1889 3364 3455 3441; baseline -0.004 -16"><span class='ocrx_word' id='word_1_604' title='bbox 1889 3372 2173 3437; x_wconf 87' lang='lat' dir='ltr'><strong>vum,&#39;boc</strong></span> <span class='ocrx_word' id='word_1_605' title='bbox 2221 3370 2592 3441; x_wconf 69' lang='lat' dir='ltr'><strong>estpoptuain</strong></span> <span class='ocrx_word' id='word_1_606' title='bbox 2633 3368 3000 3440; x_wconf 69' lang='lat' dir='ltr'><strong>Christianum</strong></span> <span class='ocrx_word' id='word_1_607' title='bbox 3045 3368 3179 3422; x_wconf 81' lang='lat' dir='ltr'><strong>velle</strong></span> <span class='ocrx_word' id='word_1_608' title='bbox 3216 3364 3455 3437; x_wconf 79' lang='lat' dir='ltr'><strong>intelligi.</strong></span> 
     </span>
    </p>
   </div>
   <div class='ocr_carea' id='block_1_80' title="bbox 1889 3447 3464 3532">
    <p class='ocr_par' dir='ltr' id='par_1_80' title="bbox 1889 3447 3464 3532">
     <span class='ocr_line' id='line_1_80' title="bbox 1889 3447 3464 3532; baseline -0.004 -19"><span class='ocrx_word' id='word_1_609' title='bbox 1889 3459 1967 3514; x_wconf 90' lang='lat' dir='ltr'><strong>De</strong></span> <span class='ocrx_word' id='word_1_610' title='bbox 2000 3473 2108 3530; x_wconf 82' lang='lat' dir='ltr'><strong>quo</strong></span> <span class='ocrx_word' id='word_1_611' title='bbox 2132 3474 2163 3514; x_wconf 89' lang='lat' dir='ltr'><strong>a</strong></span> <span class='ocrx_word' id='word_1_612' title='bbox 2185 3459 2310 3516; x_wconf 74' lang='lat' dir='ltr'><strong>&quot;Deo</strong></span> <span class='ocrx_word' id='word_1_613' title='bbox 2330 3451 2682 3532; x_wconf 44' lang='lat' dir='ltr'><strong>{traicitur}</strong></span> <span class='ocrx_word' id='word_1_614' title='bbox 2711 3458 2824 3529; x_wconf 82' lang='lat' dir='ltr'><strong>Ego</strong></span> <span class='ocrx_word' id='word_1_615' title='bbox 2873 3475 2960 3512; x_wconf 87' lang='lat' dir='ltr'><strong>ero</strong></span> <span class='ocrx_word' id='word_1_616' title='bbox 2991 3447 3096 3511; x_wconf 81' lang='lat' dir='ltr'><strong>illis</strong></span> <span class='ocrx_word' id='word_1_617' title='bbox 3140 3457 3198 3511; x_wconf 84' lang='lat' dir='ltr'><strong>in</strong></span> <span class='ocrx_word' id='word_1_618' title='bbox 3224 3455 3464 3518; x_wconf 81' lang='lat' dir='ltr'><strong>Patrem,</strong></span> 
     </span>
    </p>
   </div>
   <div class='ocr_carea' id='block_1_81' title="bbox 1888 3534 3459 3622">
    <p class='ocr_par' dir='ltr' id='par_1_81' title="bbox 1888 3534 3459 3622">
     <span class='ocr_line' id='line_1_81' title="bbox 1888 3534 3459 3622; baseline -0.004 -18"><span class='ocrx_word' id='word_1_619' title='bbox 1888 3561 1939 3604; x_wconf 85' lang='lat' dir='ltr'><strong>et</strong></span> <span class='ocrx_word' id='word_1_620' title='bbox 1961 3551 2060 3622; x_wconf 85' lang='lat' dir='ltr'><strong>ipsi</strong></span> <span class='ocrx_word' id='word_1_621' title='bbox 2087 3561 2238 3604; x_wconf 79' lang='lat' dir='ltr'><strong>erant</strong></span> <span class='ocrx_word' id='word_1_622' title='bbox 2263 3550 2391 3604; x_wconf 71' lang='lat' dir='ltr'><strong>mihi</strong></span> <span class='ocrx_word' id='word_1_623' title='bbox 2416 3549 2471 3605; x_wconf 87' lang='lat' dir='ltr'><strong>in</strong></span> <span class='ocrx_word' id='word_1_624' title='bbox 2495 3549 2653 3618; x_wconf 73' lang='lat' dir='ltr'><strong>ﬁlios.</strong></span> <span class='ocrx_word' id='word_1_625' title='bbox 2690 3547 2752 3603; x_wconf 87' lang='lat' dir='ltr'><strong>Si</strong></span> <span class='ocrx_word' id='word_1_626' title='bbox 2774 3549 2920 3603; x_wconf 86' lang='lat' dir='ltr'><strong>enim</strong></span> <span class='ocrx_word' id='word_1_627' title='bbox 2964 3549 3065 3602; x_wconf 91' lang='lat' dir='ltr'><strong>hoc</strong></span> <span class='ocrx_word' id='word_1_628' title='bbox 3095 3534 3160 3618; x_wconf 81' lang='lat' dir='ltr'><strong>de</strong></span> <span class='ocrx_word' id='word_1_629' title='bbox 3183 3546 3459 3618; x_wconf 75' lang='lat' dir='ltr'><strong>nnigepitu</strong></span> 
     </span>
    </p>
   </div>
   <div class='ocr_carea' id='block_1_82' title="bbox 1888 3627 3456 3711">
    <p class='ocr_par' dir='ltr' id='par_1_82' title="bbox 1888 3627 3456 3711">
     <span class='ocr_line' id='line_1_82' title="bbox 1888 3627 3456 3711; baseline -0.004 -16"><span class='ocrx_word' id='word_1_630' title='bbox 1888 3641 2032 3700; x_wconf 83' lang='lat' dir='ltr'><strong>Filio</strong></span> <span class='ocrx_word' id='word_1_631' title='bbox 2052 3633 2424 3711; x_wconf 67' lang='lat' dir='ltr'><strong>praedixisset,-</strong></span> <span class='ocrx_word' id='word_1_632' title='bbox 2459 3645 2736 3708; x_wconf 78' lang='lat' dir='ltr'><strong>nunquam</strong></span> <span class='ocrx_word' id='word_1_633' title='bbox 2763 3627 2812 3692; x_wconf 79' lang='lat' dir='ltr'><strong>ei</strong></span> <span class='ocrx_word' id='word_1_634' title='bbox 2867 3637 3084 3707; x_wconf 80' lang='lat' dir='ltr'><strong>angelos</strong></span> <span class='ocrx_word' id='word_1_635' title='bbox 3123 3635 3456 3706; x_wconf 70' lang='lat' dir='ltr'><strong>pra-posuis-</strong></span> 
     </span>
    </p>
   </div>
   <div class='ocr_carea' id='block_1_83' title="bbox 1889 3723 3450 3810">
    <p class='ocr_par' dir='ltr' id='par_1_83' title="bbox 1889 3723 3450 3810">
     <span class='ocr_line' id='line_1_83' title="bbox 1889 3723 3450 3810; baseline -0.005 -22"><span class='ocrx_word' id='word_1_636' title='bbox 1889 3740 1975 3788; x_wconf 87' lang='lat' dir='ltr'><strong>set</strong></span> <span class='ocrx_word' id='word_1_637' title='bbox 2001 3750 2015 3786; x_wconf 91' lang='lat'><strong>:</strong></span> <span class='ocrx_word' id='word_1_638' title='bbox 2045 3725 2126 3788; x_wconf 86' lang='lat' dir='ltr'><strong>sic</strong></span> <span class='ocrx_word' id='word_1_639' title='bbox 2147 3731 2292 3786; x_wconf 86' lang='lat' dir='ltr'><strong>enim</strong></span> <span class='ocrx_word' id='word_1_640' title='bbox 2327 3730 2424 3796; x_wconf 88' lang='lat' dir='ltr'><strong>ait,</strong></span> <span class='ocrx_word' id='word_1_641' title='bbox 2467 3729 2649 3802; x_wconf 79' lang='lat' dir='ltr'><strong>Nequa</strong></span> <span class='ocrx_word' id='word_1_642' title='bbox 2685 3728 2856 3801; x_wconf 80' lang='lat' dir='ltr'><strong>angeli</strong></span> <span class='ocrx_word' id='word_1_643' title='bbox 2892 3728 3156 3792; x_wconf 75' lang='lat' dir='ltr'><strong>calorum,</strong></span> <span class='ocrx_word' id='word_1_644' title='bbox 3188 3724 3362 3810; x_wconf 72' lang='lat' dir='ltr'><strong>neque</strong></span> <span class='ocrx_word' id='word_1_645' title='bbox 3381 3723 3450 3794; x_wconf 76' lang='lat' dir='ltr'><strong>ﬁ—</strong></span> 
     </span>
    </p>
   </div>
   <div class='ocr_carea' id='block_1_84' title="bbox 1887 3810 3458 3893">
    <p class='ocr_par' dir='ltr' id='par_1_84' title="bbox 1887 3810 3458 3893">
     <span class='ocr_line' id='line_1_84' title="bbox 1887 3810 3458 3893; baseline -0.005 -14"><span class='ocrx_word' id='word_1_646' title='bbox 1887 3824 2028 3889; x_wconf 78' lang='lat' dir='ltr'><strong>tius&#39;;</strong></span> <span class='ocrx_word' id='word_1_647' title='bbox 2057 3813 2344 3879; x_wconf 82' lang='lat' dir='ltr'><strong>ostendens</strong></span> <span class='ocrx_word' id='word_1_648' title='bbox 2379 3837 2486 3877; x_wconf 92' lang='lat' dir='ltr'><strong>non</strong></span> <span class='ocrx_word' id='word_1_649' title='bbox 2531 3823 2598 3877; x_wconf 87' lang='lat' dir='ltr'><strong>de</strong></span> <span class='ocrx_word' id='word_1_650' title='bbox 2629 3810 2922 3893; x_wconf 83' lang='lat' dir='ltr'><strong>unigenito,</strong></span> <span class='ocrx_word' id='word_1_651' title='bbox 2963 3820 3058 3875; x_wconf 86' lang='lat' dir='ltr'><strong>sed</strong></span> <span class='ocrx_word' id='word_1_652' title='bbox 3101 3820 3171 3875; x_wconf 86' lang='lat' dir='ltr'><strong>de</strong></span> <span class='ocrx_word' id='word_1_653' title='bbox 3210 3819 3458 3888; x_wconf 80' lang='lat' dir='ltr'><strong>adoptivo</strong></span> 
     </span>
    </p>
   </div>
   <div class='ocr_carea' id='block_1_85' title="bbox 1887 3896 3458 3984">
    <p class='ocr_par' dir='ltr' id='par_1_85' title="bbox 1887 3896 3458 3984">
     <span class='ocr_line' id='line_1_85' title="bbox 1887 3896 3458 3984; baseline -0.004 -16"><span class='ocrx_word' id='word_1_654' title='bbox 1887 3913 2084 3984; x_wconf 76' lang='lat' dir='ltr'><strong>populo</strong></span> <span class='ocrx_word' id='word_1_655' title='bbox 2105 3914 2210 3969; x_wconf 85' lang='lat' dir='ltr'><strong>hoc</strong></span> <span class='ocrx_word' id='word_1_656' title='bbox 2231 3901 2453 3968; x_wconf 87' lang='lat' dir='ltr'><strong>dixisse.</strong></span> <span class='ocrx_word' id='word_1_657' title='bbox 2481 3909 2624 3966; x_wconf 80' lang='lat' dir='ltr'><strong>Nulli</strong></span> <span class='ocrx_word' id='word_1_658' title='bbox 2679 3898 2831 3966; x_wconf 69' lang='lat' dir='ltr'><strong>enini</strong></span> <span class='ocrx_word' id='word_1_659' title='bbox 2882 3896 3192 3966; x_wconf 82' lang='lat' dir='ltr'><strong>sanctorum</strong></span> <span class='ocrx_word' id='word_1_660' title='bbox 3243 3908 3458 3979; x_wconf 87' lang='lat' dir='ltr'><strong>angelo-</strong></span> 
     </span>
    </p>
   </div>
   <div class='ocr_carea' id='block_1_86' title="bbox 1887 3989 3457 4076">
    <p class='ocr_par' dir='ltr' id='par_1_86' title="bbox 1887 3989 3457 4076">
     <span class='ocr_line' id='line_1_86' title="bbox 1887 3989 3457 4076; baseline -0.003 -16"><span class='ocrx_word' id='word_1_661' title='bbox 1887 4019 2029 4072; x_wconf 90' lang='lat' dir='ltr'><strong>rum,</strong></span> <span class='ocrx_word' id='word_1_662' title='bbox 2068 4018 2243 4076; x_wconf 87' lang='lat' dir='ltr'><strong>neque</strong></span> <span class='ocrx_word' id='word_1_663' title='bbox 2283 3990 2442 4060; x_wconf 80' lang='lat' dir='ltr'><strong>alicui</strong></span> <span class='ocrx_word' id='word_1_664' title='bbox 2483 3989 3104 4068; x_wconf 80' lang='lat' dir='ltr'><strong>sanctorumhominum</strong></span> <span class='ocrx_word' id='word_1_665' title='bbox 3161 4001 3315 4072; x_wconf 82' lang='lat' dir='ltr'><strong>hujus</strong></span> <span class='ocrx_word' id='word_1_666' title='bbox 3351 4001 3457 4056; x_wconf 89' lang='lat' dir='ltr'><strong>diei</strong></span> 
     </span>
    </p>
   </div>
   <div class='ocr_carea' id='block_1_87' title="bbox 1886 4080 3451 4174">
    <p class='ocr_par' dir='ltr' id='par_1_87' title="bbox 1886 4080 3451 4174">
     <span class='ocr_line' id='line_1_87' title="bbox 1886 4080 3451 4174; baseline -0.003 -23"><span class='ocrx_word' id='word_1_667' title='bbox 1886 4080 2132 4151; x_wconf 79' lang='lat' dir='ltr'><strong>notitiam</strong></span> <span class='ocrx_word' id='word_1_668' title='bbox 2165 4096 2481 4151; x_wconf 78' lang='lat' dir='ltr'><strong>concessum</strong></span> <span class='ocrx_word' id='word_1_669' title='bbox 2514 4080 2849 4174; x_wconf 72' lang='lat' dir='ltr'><strong>esthabere,</strong></span> <span class='ocrx_word' id='word_1_670' title='bbox 2899 4105 3058 4162; x_wconf 89' lang='lat' dir='ltr'><strong>quem</strong></span> <span class='ocrx_word' id='word_1_671' title='bbox 3100 4090 3245 4147; x_wconf 88' lang='lat' dir='ltr'><strong>solus</strong></span> <span class='ocrx_word' id='word_1_672' title='bbox 3271 4087 3451 4160; x_wconf 83' lang='lat' dir='ltr'><strong>Pater,</strong></span> 
     </span>
    </p>
   </div>
   <div class='ocr_carea' id='block_1_88' title="bbox 1886 4179 3453 4257">
    <p class='ocr_par' dir='ltr' id='par_1_88' title="bbox 1886 4179 3453 4257">
     <span class='ocr_line' id='line_1_88' title="bbox 1886 4179 3453 4257; baseline -0.001 -14"><span class='ocrx_word' id='word_1_673' title='bbox 1886 4197 1941 4244; x_wconf 89' lang='lat' dir='ltr'><strong>et</strong></span> <span class='ocrx_word' id='word_1_674' title='bbox 1965 4187 2131 4243; x_wconf 89' lang='lat' dir='ltr'><strong>Filius</strong></span> <span class='ocrx_word' id='word_1_675' title='bbox 2159 4197 2215 4242; x_wconf 91' lang='lat' dir='ltr'><strong>et</strong></span> <span class='ocrx_word' id='word_1_676' title='bbox 2253 4185 2488 4257; x_wconf 86' lang='lat' dir='ltr'><strong>Spiritus</strong></span> <span class='ocrx_word' id='word_1_677' title='bbox 2513 4186 2773 4248; x_wconf 64' lang='lat' dir='ltr'><strong>sanctus,2</strong></span> <span class='ocrx_word' id='word_1_678' title='bbox 2803 4179 2984 4249; x_wconf 78' lang='lat' dir='ltr'><strong>idest,</strong></span> <span class='ocrx_word' id='word_1_679' title='bbox 3033 4199 3172 4240; x_wconf 86' lang='lat' dir='ltr'><strong>unus</strong></span> <span class='ocrx_word' id='word_1_680' title='bbox 3223 4179 3363 4242; x_wconf 86' lang='lat' dir='ltr'><strong>Deus</strong></span> <span class='ocrx_word' id='word_1_681' title='bbox 3401 4188 3453 4242; x_wconf 89' lang='lat' dir='ltr'><strong>in</strong></span> 
     </span>
    </p>
   </div>
   <div class='ocr_carea' id='block_1_89' title="bbox 1843 4273 3006 4347">
    <p class='ocr_par' dir='ltr' id='par_1_89' title="bbox 1843 4273 3006 4347">
     <span class='ocr_line' id='line_1_89' title="bbox 1843 4273 3006 4347; baseline -0.005 -13"><span class='ocrx_word' id='word_1_682' title='bbox 1843 4283 1848 4288; x_wconf 83' lang='grc'><em>“</em></span> <span class='ocrx_word' id='word_1_683' title='bbox 1886 4295 1982 4334; x_wconf 86' lang='lat' dir='ltr'><strong>sua</strong></span> <span class='ocrx_word' id='word_1_684' title='bbox 2015 4279 2239 4335; x_wconf 85' lang='lat' dir='ltr'><strong>scientia</strong></span> <span class='ocrx_word' id='word_1_685' title='bbox 2285 4277 2412 4331; x_wconf 82' lang='lat' dir='ltr'><strong>aliis</strong></span> <span class='ocrx_word' id='word_1_686' title='bbox 2436 4273 2768 4346; x_wconf 79' lang='lat' dir='ltr'><strong>incognitum</strong></span> <span class='ocrx_word' id='word_1_687' title='bbox 2807 4283 3006 4347; x_wconf 86' lang='lat' dir='ltr'><strong>servat.</strong></span> 
     </span>
    </p>
   </div>
   <div class='ocr_carea' id='block_1_90' title="bbox 1957 4331 3455 4446">
    <p class='ocr_par' dir='ltr' id='par_1_90' title="bbox 1957 4331 3455 4446">
     <span class='ocr_line' id='line_1_90' title="bbox 1957 4331 3455 4446; baseline -0.002 -22"><span class='ocrx_word' id='word_1_688' title='bbox 2329 4368 2386 4420; x_wconf 83' lang='lat' dir='ltr'><strong>in</strong></span> <span class='ocrx_word' id='word_1_689' title='bbox 2406 4331 2592 4439; x_wconf 66' lang='lat' dir='ltr'><strong>diebu:</strong></span> <span class='ocrx_word' id='word_1_690' title='bbox 2618 4363 2751 4435; x_wconf 83' lang='lat' dir='ltr'><strong>Noe,</strong></span> <span class='ocrx_word' id='word_1_691' title='bbox 2781 4365 2855 4419; x_wconf 81' lang='lat' dir='ltr'><strong>ita</strong></span> <span class='ocrx_word' id='word_1_692' title='bbox 2879 4344 2979 4419; x_wconf 81' lang='lat' dir='ltr'><strong>erit</strong></span> <span class='ocrx_word' id='word_1_693' title='bbox 2998 4374 3048 4419; x_wconf 80' lang='lat' dir='ltr'><strong>et</strong></span> <span class='ocrx_word' id='word_1_694' title='bbox 3081 4331 3455 4446; x_wconf 74' lang='lat' dir='ltr'><strong>adventus/itii</strong></span> 
     </span>
    </p>
   </div>
   <div class='ocr_carea' id='block_1_91' title="bbox 214 4435 3453 4536">
    <p class='ocr_par' dir='ltr' id='par_1_91' title="bbox 214 4435 3453 4536">
     <span class='ocr_line' id='line_1_91' title="bbox 214 4435 3453 4536; baseline 0.002 -26"><span class='ocrx_word' id='word_1_695' title='bbox 214 4495 230 4509; x_wconf 94' lang='lat'><strong>.</strong></span> <span class='ocrx_word' id='word_1_696' title='bbox 277 4495 292 4510; x_wconf 93' lang='lat'><strong>.</strong></span> <span class='ocrx_word' id='word_1_697' title='bbox 337 4452 357 4508; x_wconf 93' lang='lat'><em>:</em></span> <span class='ocrx_word' id='word_1_698' title='bbox 401 4493 416 4508; x_wconf 97' lang='lat'><strong>.</strong></span> <span class='ocrx_word' id='word_1_699' title='bbox 473 4494 488 4509; x_wconf 95' lang='lat'><strong>.</strong></span> <span class='ocrx_word' id='word_1_700' title='bbox 537 4492 552 4508; x_wconf 95' lang='lat'><strong>.</strong></span> <span class='ocrx_word' id='word_1_701' title='bbox 595 4494 610 4509; x_wconf 94' lang='lat'><strong>.</strong></span> <span class='ocrx_word' id='word_1_702' title='bbox 660 4495 674 4508; x_wconf 92' lang='lat'><strong>.</strong></span> <span class='ocrx_word' id='word_1_703' title='bbox 717 4494 732 4510; x_wconf 95' lang='lat'><strong>.</strong></span> <span class='ocrx_word' id='word_1_704' title='bbox 777 4493 792 4509; x_wconf 96' lang='lat'><strong>.</strong></span> <span class='ocrx_word' id='word_1_705' title='bbox 832 4476 848 4509; x_wconf 60' lang='grc' dir='ltr'><em>,η</em></span> <span class='ocrx_word' id='word_1_706' title='bbox 891 4494 906 4508; x_wconf 95' lang='grc'><strong>.</strong></span> <span class='ocrx_word' id='word_1_707' title='bbox 951 4496 963 4509; x_wconf 94' lang='grc'>.</span> <span class='ocrx_word' id='word_1_708' title='bbox 1009 4494 1023 4509; x_wconf 95' lang='grc'><strong><em>.</em></strong></span> <span class='ocrx_word' id='word_1_709' title='bbox 1184 4496 1200 4510; x_wconf 96' lang='grc'><strong>.</strong></span> <span class='ocrx_word' id='word_1_710' title='bbox 1361 4496 1375 4512; x_wconf 91' lang='grc'><strong>.</strong></span> <span class='ocrx_word' id='word_1_711' title='bbox 1417 4499 1429 4512; x_wconf 95' lang='grc'>.</span> <span class='ocrx_word' id='word_1_712' title='bbox 1474 4498 1488 4514; x_wconf 95' lang='grc'><strong>.</strong></span> <span class='ocrx_word' id='word_1_713' title='bbox 1531 4499 1546 4514; x_wconf 93' lang='grc'>.</span> <span class='ocrx_word' id='word_1_714' title='bbox 1590 4495 1608 4515; x_wconf 93' lang='lat'><strong>.</strong></span> <span class='ocrx_word' id='word_1_715' title='bbox 1647 4501 1659 4516; x_wconf 94' lang='lat'><strong>.</strong></span> <span class='ocrx_word' id='word_1_716' title='bbox 1810 4435 2129 4517; x_wconf 80' lang='lat' dir='ltr'><strong>Dhominis.</strong></span> <span class='ocrx_word' id='word_1_717' title='bbox 2187 4455 2378 4534; x_wconf 67' lang='grc' dir='ltr'><strong>(ιω.)</strong></span> <span class='ocrx_word' id='word_1_718' title='bbox 2409 4437 2656 4536; x_wconf 57' lang='lat' dir='ltr'><strong>sum</strong></span> <span class='ocrx_word' id='word_1_719' title='bbox 2685 4456 2948 4518; x_wconf 76' lang='lat' dir='ltr'><strong>adv&#39;entns</strong></span> <span class='ocrx_word' id='word_1_720' title='bbox 2985 4463 3066 4519; x_wconf 87' lang='lat' dir='ltr'><strong>sui</strong></span> <span class='ocrx_word' id='word_1_721' title='bbox 3105 4442 3245 4520; x_wconf 87' lang='lat' dir='ltr'><strong>diem</strong></span> <span class='ocrx_word' id='word_1_722' title='bbox 3289 4461 3453 4531; x_wconf 86' lang='lat' dir='ltr'><strong>pluri-</strong></span> 
     </span>
    </p>
   </div>
   <div class='ocr_carea' id='block_1_92' title="bbox 284 4520 1786 4620">
    <p class='ocr_par' dir='ltr' id='par_1_92' title="bbox 284 4520 1786 4620">
     <span class='ocr_line' id='line_1_92' title="bbox 284 4520 1786 4620; baseline 0.005 -21"><span class='ocrx_word' id='word_1_723' title='bbox 284 4545 367 4600; x_wconf 88' lang='lat' dir='ltr'><strong>De</strong></span> <span class='ocrx_word' id='word_1_724' title='bbox 388 4545 475 4599; x_wconf 79' lang='lat' dir='ltr'><strong>die</strong></span> <span class='ocrx_word' id='word_1_725' title='bbox 507 4555 678 4599; x_wconf 84' lang='lat' dir='ltr'><strong>autem</strong></span> <span class='ocrx_word' id='word_1_726' title='bbox 704 4545 818 4612; x_wconf 86' lang='lat' dir='ltr'><strong>illa,</strong></span> <span class='ocrx_word' id='word_1_727' title='bbox 854 4555 902 4600; x_wconf 89' lang='lat' dir='ltr'><strong>et</strong></span> <span class='ocrx_word' id='word_1_728' title='bbox 923 4546 1053 4600; x_wconf 81' lang='lat' dir='ltr'><strong>hora</strong></span> <span class='ocrx_word' id='word_1_729' title='bbox 1077 4520 1227 4601; x_wconf 81' lang='lat' dir='ltr'><strong>nemo</strong></span> <span class='ocrx_word' id='word_1_730' title='bbox 1264 4549 1380 4608; x_wconf 79' lang='lat' dir='ltr'><strong>scit.</strong></span> <span class='ocrx_word' id='word_1_731' title='bbox 1418 4558 1578 4620; x_wconf 74' lang='lat' dir='ltr'><strong>neque</strong></span> <span class='ocrx_word' id='word_1_732' title='bbox 1614 4531 1786 4619; x_wconf 70' lang='lat' dir='ltr'><strong>angeli</strong></span> 
     </span>
    </p>
   </div>
   <div class='ocr_carea' id='block_1_93' title="bbox 213 4627 1829 4710">
    <p class='ocr_par' dir='ltr' id='par_1_93' title="bbox 213 4627 1829 4710">
     <span class='ocr_line' id='line_1_93' title="bbox 213 4627 1829 4710; baseline 0.004 -20"><span class='ocrx_word' id='word_1_733' title='bbox 213 4635 484 4702; x_wconf 73' lang='lat' dir='ltr'><strong>calorum,</strong></span> <span class='ocrx_word' id='word_1_734' title='bbox 523 4635 624 4690; x_wconf 79' lang='lat' dir='ltr'><strong>nisi</strong></span> <span class='ocrx_word' id='word_1_735' title='bbox 647 4632 809 4690; x_wconf 86' lang='lat' dir='ltr'><strong>Pater</strong></span> <span class='ocrx_word' id='word_1_736' title='bbox 842 4636 986 4691; x_wconf 82' lang='lat' dir='ltr'><strong>sdlus</strong></span> <span class='ocrx_word' id='word_1_737' title='bbox 1009 4639 1038 4691; x_wconf 66' lang='grc' dir='ltr'><em>γ</em></span> <span class='ocrx_word' id='word_1_738' title='bbox 1072 4637 1091 4709; x_wconf 88' lang='lat'>(</span> <span class='ocrx_word' id='word_1_739' title='bbox 1099 4635 1344 4710; x_wconf 82' lang='lat' dir='ltr'><strong>Hieron.)</strong></span> <span class='ocrx_word' id='word_1_740' title='bbox 1373 4637 1438 4694; x_wconf 88' lang='lat' dir='ltr'><strong>ln&#39;</strong></span> <span class='ocrx_word' id='word_1_741' title='bbox 1461 4627 1783 4710; x_wconf 85' lang='lat' dir='ltr'><strong>quihusdam</strong></span> <span class='ocrx_word' id='word_1_742' title='bbox 1827 4663 1829 4665; x_wconf 58' lang='grc' dir='ltr'>ί</span> 
     </span>
    </p>
   </div>
   <div class='ocr_carea' id='block_1_94' title="bbox 211 4719 1785 4798">
    <p class='ocr_par' dir='ltr' id='par_1_94' title="bbox 211 4719 1785 4798">
     <span class='ocr_line' id='line_1_94' title="bbox 211 4719 1785 4798; baseline 0.002 -15"><span class='ocrx_word' id='word_1_743' title='bbox 211 4725 494 4783; x_wconf 86' lang='lat' dir='ltr'><strong>codicibus</strong></span> <span class='ocrx_word' id='word_1_744' title='bbox 521 4719 760 4781; x_wconf 87' lang='lat' dir='ltr'><strong>additum</strong></span> <span class='ocrx_word' id='word_1_745' title='bbox 794 4719 894 4792; x_wconf 75' lang='lat' dir='ltr'><strong>est,</strong></span> <span class='ocrx_word' id='word_1_746' title='bbox 927 4742 1092 4798; x_wconf 79' lang='lat' dir='ltr'><strong>neque</strong></span> <span class='ocrx_word' id='word_1_747' title='bbox 1125 4725 1320 4792; x_wconf 83' lang='lat' dir='ltr'><strong>Filias,-</strong></span> <span class='ocrx_word' id='word_1_748' title='bbox 1359 4731 1479 4783; x_wconf 83' lang='lat' dir='ltr'><strong>cum</strong></span> <span class='ocrx_word' id='word_1_749' title='bbox 1503 4728 1557 4783; x_wconf 88' lang='lat' dir='ltr'><strong>in</strong></span> <span class='ocrx_word' id='word_1_750' title='bbox 1581 4725 1785 4787; x_wconf 63' lang='lat' dir='ltr'><strong>Graecis</strong></span> 
     </span>
    </p>
   </div>
   <div class='ocr_carea' id='block_1_95' title="bbox 212 4813 1784 4887">
    <p class='ocr_par' dir='ltr' id='par_1_95' title="bbox 212 4813 1784 4887">
     <span class='ocr_line' id='line_1_95' title="bbox 212 4813 1784 4887; baseline 0.001 -16"><span class='ocrx_word' id='word_1_751' title='bbox 212 4827 272 4871; x_wconf 89' lang='lat' dir='ltr'><strong>et</strong></span> <span class='ocrx_word' id='word_1_752' title='bbox 293 4818 530 4872; x_wconf 85' lang='lat' dir='ltr'><strong>maxime</strong></span> <span class='ocrx_word' id='word_1_753' title='bbox 557 4817 862 4872; x_wconf 81' lang='lat' dir='ltr'><strong>Adamantii</strong></span> <span class='ocrx_word' id='word_1_754' title='bbox 905 4818 1074 4872; x_wconf 92' lang='lat' dir='ltr'><strong>nostri</strong></span> <span class='ocrx_word' id='word_1_755' title='bbox 1119 4815 1516 4887; x_wconf 84' lang='lat' dir='ltr'><strong>exemplaribus</strong></span> <span class='ocrx_word' id='word_1_756' title='bbox 1543 4819 1647 4873; x_wconf 86' lang='lat' dir='ltr'><strong>hoc</strong></span> <span class='ocrx_word' id='word_1_757' title='bbox 1676 4813 1784 4873; x_wconf 85' lang='lat' dir='ltr'><strong>non</strong></span> 
     </span>
    </p>
   </div>
   <div class='ocr_carea' id='block_1_96' title="bbox 214 4890 1779 4980">
    <p class='ocr_par' dir='ltr' id='par_1_96' title="bbox 214 4890 1779 4980">
     <span class='ocr_line' id='line_1_96' title="bbox 214 4890 1779 4980; baseline 0.001 -17"><span class='ocrx_word' id='word_1_758' title='bbox 214 4890 485 4963; x_wconf 69' lang='lat' dir='ltr'><strong>habeatur</strong></span> <span class='ocrx_word' id='word_1_759' title='bbox 527 4907 838 4978; x_wconf 84' lang='lat' dir='ltr'><strong>ascriptum.</strong></span> <span class='ocrx_word' id='word_1_760' title='bbox 889 4905 1148 4976; x_wconf 82' lang='lat' dir='ltr'><strong>Sed’quia</strong></span> <span class='ocrx_word' id='word_1_761' title='bbox 1174 4908 1228 4962; x_wconf 91' lang='lat' dir='ltr'><strong>in</strong></span> <span class='ocrx_word' id='word_1_762' title='bbox 1259 4906 1525 4962; x_wconf 88' lang='lat' dir='ltr'><strong>nonnullis</strong></span> <span class='ocrx_word' id='word_1_763' title='bbox 1564 4907 1779 4980; x_wconf 89' lang='lat' dir='ltr'><strong>legitur,</strong></span> 
     </span>
    </p>
   </div>
   <div class='ocr_carea' id='block_1_97' title="bbox 213 4986 1780 5070">
    <p class='ocr_par' dir='ltr' id='par_1_97' title="bbox 213 4986 1780 5070">
     <span class='ocr_line' id='line_1_97' title="bbox 213 4986 1780 5070; baseline 0.001 -17"><span class='ocrx_word' id='word_1_764' title='bbox 213 4997 587 5053; x_wconf 80' lang='lat' dir='ltr'><strong>disserendum</strong></span> <span class='ocrx_word' id='word_1_765' title='bbox 637 4997 865 5051; x_wconf 86' lang='lat' dir='ltr'><strong>videtur.</strong></span> <span class='ocrx_word' id='word_1_766' title='bbox 916 4986 1122 5070; x_wconf 81' lang='lat' dir='ltr'><strong>Gaudet</strong></span> <span class='ocrx_word' id='word_1_767' title='bbox 1173 4991 1333 5053; x_wconf 78' lang='lat' dir='ltr'><strong>Arius</strong></span> <span class='ocrx_word' id='word_1_768' title='bbox 1360 5005 1416 5052; x_wconf 90' lang='lat' dir='ltr'><strong>et</strong></span> <span class='ocrx_word' id='word_1_769' title='bbox 1463 4995 1780 5065; x_wconf 83' lang='lat' dir='ltr'><strong>Eunomius,</strong></span> 
     </span>
    </p>
   </div>
   <div class='ocr_carea' id='block_1_98' title="bbox 212 5084 1782 5159">
    <p class='ocr_par' dir='ltr' id='par_1_98' title="bbox 212 5084 1782 5159">
     <span class='ocr_line' id='line_1_98' title="bbox 212 5084 1782 5159; baseline 0.003 -19"><span class='ocrx_word' id='word_1_770' title='bbox 212 5087 374 5157; x_wconf 86' lang='lat' dir='ltr'><strong>quasi</strong></span> <span class='ocrx_word' id='word_1_771' title='bbox 403 5087 702 5157; x_wconf 88' lang='lat' dir='ltr'><strong>ignorantia</strong></span> <span class='ocrx_word' id='word_1_772' title='bbox 731 5087 973 5159; x_wconf 85' lang='lat' dir='ltr'><strong>magistri</strong></span> <span class='ocrx_word' id='word_1_773' title='bbox 1002 5084 1168 5158; x_wconf 84' lang='lat' dir='ltr'><strong>gloria</strong></span> <span class='ocrx_word' id='word_1_774' title='bbox 1199 5089 1581 5159; x_wconf 85' lang='lat' dir='ltr'><strong>discipulorum</strong></span> <span class='ocrx_word' id='word_1_775' title='bbox 1605 5091 1695 5155; x_wconf 87' lang='lat' dir='ltr'><strong>sit,</strong></span> <span class='ocrx_word' id='word_1_776' title='bbox 1727 5101 1782 5146; x_wconf 90' lang='lat' dir='ltr'><strong>et</strong></span> 
     </span>
    </p>
   </div>
   <div class='ocr_carea' id='block_1_99' title="bbox 212 5177 1780 5252">
    <p class='ocr_par' dir='ltr' id='par_1_99' title="bbox 212 5177 1780 5252">
     <span class='ocr_line' id='line_1_99' title="bbox 212 5177 1780 5252; baseline 0.003 -21"><span class='ocrx_word' id='word_1_777' title='bbox 212 5178 427 5242; x_wconf 85' lang='lat' dir='ltr'><strong>dicunt,</strong></span> <span class='ocrx_word' id='word_1_778' title='bbox 450 5191 556 5231; x_wconf 91' lang='lat' dir='ltr'><strong>non</strong></span> <span class='ocrx_word' id='word_1_779' title='bbox 583 5185 760 5246; x_wconf 82' lang='lat' dir='ltr'><strong>potest</strong></span> <span class='ocrx_word' id='word_1_780' title='bbox 777 5177 1000 5248; x_wconf 62' lang='lat' dir='ltr'><strong>aequalis</strong></span> <span class='ocrx_word' id='word_1_781' title='bbox 1020 5193 1138 5236; x_wconf 87' lang='lat' dir='ltr'><strong>esse</strong></span> <span class='ocrx_word' id='word_1_782' title='bbox 1158 5179 1248 5248; x_wconf 91' lang='lat' dir='ltr'><strong>qui</strong></span> <span class='ocrx_word' id='word_1_783' title='bbox 1269 5180 1417 5234; x_wconf 87' lang='lat' dir='ltr'><strong>novit</strong></span> <span class='ocrx_word' id='word_1_784' title='bbox 1435 5190 1490 5235; x_wconf 91' lang='lat' dir='ltr'><strong>et</strong></span> <span class='ocrx_word' id='word_1_785' title='bbox 1513 5182 1605 5250; x_wconf 93' lang='lat' dir='ltr'><strong>qui</strong></span> <span class='ocrx_word' id='word_1_786' title='bbox 1632 5182 1780 5252; x_wconf 86' lang='lat' dir='ltr'><strong>igno-</strong></span> 
     </span>
    </p>
   </div>
   <div class='ocr_carea' id='block_1_100' title="bbox 214 5267 1780 5337">
    <p class='ocr_par' dir='ltr' id='par_1_100' title="bbox 214 5267 1780 5337">
     <span class='ocr_line' id='line_1_100' title="bbox 214 5267 1780 5337; baseline 0.003 -15"><span class='ocrx_word' id='word_1_787' title='bbox 214 5277 324 5322; x_wconf 87' lang='lat' dir='ltr'><strong>rat.</strong></span> <span class='ocrx_word' id='word_1_788' title='bbox 375 5267 570 5323; x_wconf 82' lang='lat' dir='ltr'><strong>Contra</strong></span> <span class='ocrx_word' id='word_1_789' title='bbox 616 5284 749 5337; x_wconf 89' lang='lat' dir='ltr'><strong>quos</strong></span> <span class='ocrx_word' id='word_1_790' title='bbox 795 5270 1028 5324; x_wconf 85' lang='lat' dir='ltr'><strong>breviter</strong></span> <span class='ocrx_word' id='word_1_791' title='bbox 1071 5271 1172 5325; x_wconf 91' lang='lat' dir='ltr'><strong>ista</strong></span> <span class='ocrx_word' id='word_1_792' title='bbox 1201 5271 1423 5326; x_wconf 85' lang='lat' dir='ltr'><strong>dicenda</strong></span> <span class='ocrx_word' id='word_1_793' title='bbox 1451 5282 1577 5326; x_wconf 89' lang='lat' dir='ltr'><strong>sunt</strong></span> <span class='ocrx_word' id='word_1_794' title='bbox 1607 5291 1620 5326; x_wconf 89' lang='lat'><strong>:</strong></span> <span class='ocrx_word' id='word_1_795' title='bbox 1646 5271 1780 5326; x_wconf 89' lang='lat' dir='ltr'><strong>Cum</strong></span> 
     </span>
    </p>
   </div>
   <div class='ocr_carea' id='block_1_101' title="bbox 211 5355 1774 5427">
    <p class='ocr_par' dir='ltr' id='par_1_101' title="bbox 211 5355 1774 5427">
     <span class='ocr_line' id='line_1_101' title="bbox 211 5355 1774 5427; baseline 0.005 -18"><span class='ocrx_word' id='word_1_796' title='bbox 211 5358 400 5410; x_wconf 87' lang='lat' dir='ltr'><strong>omnia</strong></span> <span class='ocrx_word' id='word_1_797' title='bbox 442 5367 682 5427; x_wconf 88' lang='lat' dir='ltr'><strong>tempora</strong></span> <span class='ocrx_word' id='word_1_798' title='bbox 736 5357 927 5413; x_wconf 83' lang='lat' dir='ltr'><strong>iecerit</strong></span> <span class='ocrx_word' id='word_1_799' title='bbox 969 5357 1145 5424; x_wconf 85' lang='lat' dir='ltr'><strong>Jesus,</strong></span> <span class='ocrx_word' id='word_1_800' title='bbox 1178 5361 1229 5414; x_wconf 90' lang='lat' dir='ltr'><strong>id</strong></span> <span class='ocrx_word' id='word_1_801' title='bbox 1265 5355 1364 5424; x_wconf 82' lang='lat' dir='ltr'><strong>est,</strong></span> <span class='ocrx_word' id='word_1_802' title='bbox 1397 5358 1629 5415; x_wconf 86' lang='lat' dir='ltr'><strong>Verbum</strong></span> <span class='ocrx_word' id='word_1_803' title='bbox 1659 5363 1774 5417; x_wconf 87' lang='lat' dir='ltr'><strong>Dei.</strong></span> 
     </span>
    </p>
   </div>
   <div class='ocr_carea' id='block_1_102' title="bbox 214 5443 1778 5520">
    <p class='ocr_par' dir='ltr' id='par_1_102' title="bbox 214 5443 1778 5520">
     <span class='ocr_line' id='line_1_102' title="bbox 214 5443 1778 5520; baseline 0.002 -20"><span class='ocrx_word' id='word_1_804' title='bbox 214 5443 434 5518; x_wconf 67' lang='lat' dir='ltr'><strong>(Omnia</strong></span> <span class='ocrx_word' id='word_1_805' title='bbox 465 5445 603 5499; x_wconf 83' lang='lat' dir='ltr'><strong>enim</strong></span> <span class='ocrx_word' id='word_1_806' title='bbox 638 5462 729 5516; x_wconf 91' lang='lat' dir='ltr'><strong>per</strong></span> <span class='ocrx_word' id='word_1_807' title='bbox 776 5448 943 5500; x_wconf 84' lang='lat' dir='ltr'><strong>iosum</strong></span> <span class='ocrx_word' id='word_1_808' title='bbox 979 5448 1118 5517; x_wconf 84' lang='lat' dir='ltr'><strong>[acta</strong></span> <span class='ocrx_word' id='word_1_809' title='bbox 1157 5455 1275 5500; x_wconf 87' lang='lat' dir='ltr'><strong>sunt</strong></span> <span class='ocrx_word' id='word_1_810' title='bbox 1312 5457 1358 5500; x_wconf 88' lang='lat' dir='ltr'><strong>et</strong></span> <span class='ocrx_word' id='word_1_811' title='bbox 1395 5449 1505 5502; x_wconf 89' lang='lat' dir='ltr'><strong>sine</strong></span> <span class='ocrx_word' id='word_1_812' title='bbox 1549 5451 1658 5518; x_wconf 84' lang='lat' dir='ltr'><strong>ipso</strong></span> <span class='ocrx_word' id='word_1_813' title='bbox 1694 5451 1778 5520; x_wconf 78' lang='lat' dir='ltr'><strong>[a-</strong></span> 
     </span>
    </p>
   </div>
   <div class='ocr_carea' id='block_1_103' title="bbox 271 5547 1764 5627">
    <p class='ocr_par' dir='ltr' id='par_1_103' title="bbox 271 5547 1764 5627">
     <span class='ocr_line' id='line_1_103' title="bbox 271 5547 1764 5627; baseline 0.001 -17"><span class='ocrx_word' id='word_1_814' title='bbox 271 5557 314 5596; x_wconf 80' lang='grc' dir='ltr'>ἰ</span> <span class='ocrx_word' id='word_1_815' title='bbox 344 5554 454 5627; x_wconf 78' lang='lat' dir='ltr'><strong>ilic</strong></span> <span class='ocrx_word' id='word_1_816' title='bbox 481 5557 722 5627; x_wconf 64' lang='lat' dir='ltr'><strong>quaedam</strong></span> <span class='ocrx_word' id='word_1_817' title='bbox 775 5547 1167 5622; x_wconf 84' lang='lat' dir='ltr'><strong>desiderantur,</strong></span> <span class='ocrx_word' id='word_1_818' title='bbox 1229 5573 1347 5627; x_wconf 66' lang='lat' dir='ltr'><strong>quae</strong></span> <span class='ocrx_word' id='word_1_819' title='bbox 1408 5558 1548 5612; x_wconf 90' lang='lat' dir='ltr'><strong>inter</strong></span> <span class='ocrx_word' id='word_1_820' title='bbox 1599 5574 1764 5614; x_wconf 82' lang='lat' dir='ltr'><strong>excu-</strong></span> 
     </span>
    </p>
   </div>
   <div class='ocr_carea' id='block_1_104' title="bbox 213 5625 1761 5696">
    <p class='ocr_par' dir='ltr' id='par_1_104' title="bbox 213 5625 1761 5696">
     <span class='ocr_line' id='line_1_104' title="bbox 213 5625 1761 5696; baseline 0.003 -18"><span class='ocrx_word' id='word_1_821' title='bbox 213 5625 450 5682; x_wconf 81' lang='lat' dir='ltr'><strong>dcndum</strong></span> <span class='ocrx_word' id='word_1_822' title='bbox 488 5625 518 5680; x_wconf 83' lang='lat' dir='ltr'><strong>a</strong></span> <span class='ocrx_word' id='word_1_823' title='bbox 558 5626 815 5682; x_wconf 89' lang='lat' dir='ltr'><strong>militibus</strong></span> <span class='ocrx_word' id='word_1_824' title='bbox 868 5632 1045 5683; x_wconf 83' lang='lat' dir='ltr'><strong>omnia</strong></span> <span class='ocrx_word' id='word_1_825' title='bbox 1101 5625 1433 5684; x_wconf 84' lang='lat' dir='ltr'><strong>vastantibus</strong></span> <span class='ocrx_word' id='word_1_826' title='bbox 1489 5628 1761 5696; x_wconf 82' lang='lat' dir='ltr'><strong>deperdita</strong></span> 
     </span>
    </p>
   </div>
   <div class='ocr_carea' id='block_1_105' title="bbox 1886 4543 3453 4626">
    <p class='ocr_par' dir='ltr' id='par_1_105' title="bbox 1886 4543 3453 4626">
     <span class='ocr_line' id='line_1_105' title="bbox 1886 4543 3453 4626; baseline -0.001 -20"><span class='ocrx_word' id='word_1_827' title='bbox 1886 4554 1989 4614; x_wconf 85' lang='lat' dir='ltr'><strong>mis</strong></span> <span class='ocrx_word' id='word_1_828' title='bbox 2015 4553 2247 4608; x_wconf 74' lang='lat' dir='ltr'><strong>afﬁrmat</strong></span> <span class='ocrx_word' id='word_1_829' title='bbox 2281 4551 2559 4624; x_wconf 87' lang='lat' dir='ltr'><strong>exemplis.</strong></span> <span class='ocrx_word' id='word_1_830' title='bbox 2599 4552 2734 4606; x_wconf 86' lang='lat' dir='ltr'><strong>Nam</strong></span> <span class='ocrx_word' id='word_1_831' title='bbox 2786 4567 2945 4621; x_wconf 89' lang='lat' dir='ltr'><strong>quem</strong></span> <span class='ocrx_word' id='word_1_832' title='bbox 2973 4552 3166 4623; x_wconf 83' lang='lat' dir='ltr'><strong>fulguri</strong></span> <span class='ocrx_word' id='word_1_833' title='bbox 3195 4543 3306 4607; x_wconf 85' lang='lat' dir='ltr'><strong>cito</strong></span> <span class='ocrx_word' id='word_1_834' title='bbox 3333 4567 3453 4626; x_wconf 85' lang='lat' dir='ltr'><strong>om-</strong></span> 
     </span>
    </p>
   </div>
   <div class='ocr_carea' id='block_1_106' title="bbox 1887 4633 3451 4713">
    <p class='ocr_par' dir='ltr' id='par_1_106' title="bbox 1887 4633 3451 4713">
     <span class='ocr_line' id='line_1_106' title="bbox 1887 4633 3451 4713; baseline -0.002 -16"><span class='ocrx_word' id='word_1_835' title='bbox 1887 4643 1974 4697; x_wconf 92' lang='lat' dir='ltr'><strong>nia</strong></span> <span class='ocrx_word' id='word_1_836' title='bbox 2035 4636 2384 4697; x_wconf 85' lang='lat' dir='ltr'><strong>transvoiantl</strong></span> <span class='ocrx_word' id='word_1_837' title='bbox 2449 4635 2881 4713; x_wconf 71' lang='lat' dir='ltr'><strong>comparaverat,</strong></span> <span class='ocrx_word' id='word_1_838' title='bbox 2923 4633 3191 4697; x_wconf 83' lang='lat' dir='ltr'><strong>eumdem</strong></span> <span class='ocrx_word' id='word_1_839' title='bbox 3266 4641 3451 4696; x_wconf 90' lang='lat' dir='ltr'><strong>diebus</strong></span> 
     </span>
    </p>
   </div>
   <div class='ocr_carea' id='block_1_107' title="bbox 1887 4729 3452 4800">
    <p class='ocr_par' dir='ltr' id='par_1_107' title="bbox 1887 4729 3452 4800">
     <span class='ocr_line' id='line_1_107' title="bbox 1887 4729 3452 4800; baseline -0.001 -17"><span class='ocrx_word' id='word_1_840' title='bbox 1887 4729 2017 4796; x_wconf 80' lang='lat' dir='ltr'><strong>Noe,</strong></span> <span class='ocrx_word' id='word_1_841' title='bbox 2047 4730 2131 4786; x_wconf 88' lang='lat' dir='ltr'><strong>vel</strong></span> <span class='ocrx_word' id='word_1_842' title='bbox 2175 4730 2313 4786; x_wconf 87' lang='lat' dir='ltr'><strong>Loth</strong></span> <span class='ocrx_word' id='word_1_843' title='bbox 2343 4731 2634 4786; x_wconf 72' lang='lat' dir='ltr'><strong>secundum</strong></span> <span class='ocrx_word' id='word_1_844' title='bbox 2662 4730 2824 4786; x_wconf 89' lang='lat' dir='ltr'><strong>alium</strong></span> <span class='ocrx_word' id='word_1_845' title='bbox 2861 4729 3259 4800; x_wconf 84' lang='lat' dir='ltr'><strong>evangelistam,</strong></span> <span class='ocrx_word' id='word_1_846' title='bbox 3287 4745 3452 4799; x_wconf 84' lang='lat' dir='ltr'><strong>quan—</strong></span> 
     </span>
    </p>
   </div>
   <div class='ocr_carea' id='block_1_108' title="bbox 1887 4812 3446 4892">
    <p class='ocr_par' dir='ltr' id='par_1_108' title="bbox 1887 4812 3446 4892">
     <span class='ocr_line' id='line_1_108' title="bbox 1887 4812 3446 4892; baseline -0.002 -19"><span class='ocrx_word' id='word_1_847' title='bbox 1887 4821 1955 4873; x_wconf 87' lang='lat' dir='ltr'><strong>do</strong></span> <span class='ocrx_word' id='word_1_848' title='bbox 1985 4820 2278 4890; x_wconf 84' lang='lat' dir='ltr'><strong>repentinus</strong></span> <span class='ocrx_word' id='word_1_849' title='bbox 2325 4812 2642 4876; x_wconf 80' lang='lat' dir='ltr'><strong>mortalibus</strong></span> <span class='ocrx_word' id='word_1_850' title='bbox 2676 4819 2970 4891; x_wconf 76' lang='lat' dir='ltr'><strong>supervenit</strong></span> <span class='ocrx_word' id='word_1_851' title='bbox 3025 4819 3266 4873; x_wconf 82' lang='lat' dir='ltr'><strong>interitus</strong></span> <span class='ocrx_word' id='word_1_852' title='bbox 3296 4817 3446 4892; x_wconf 86' lang='lat' dir='ltr'><strong>(Luc.</strong></span> 
     </span>
    </p>
   </div>
   <div class='ocr_carea' id='block_1_109' title="bbox 1888 4909 2393 4982">
    <p class='ocr_par' dir='ltr' id='par_1_109' title="bbox 1888 4909 2393 4982">
     <span class='ocr_line' id='line_1_109' title="bbox 1888 4909 2393 4982; baseline 0 -17"><span class='ocrx_word' id='word_1_853' title='bbox 1888 4909 2045 4982; x_wconf 78' lang='lat' dir='ltr'><strong>xm),</strong></span> <span class='ocrx_word' id='word_1_854' title='bbox 2075 4912 2393 4981; x_wconf 63' lang='lat' dir='ltr'><strong>equiparat.</strong></span> 
     </span>
    </p>
   </div>
   <div class='ocr_carea' id='block_1_110' title="bbox 1951 4988 3452 5070">
    <p class='ocr_par' dir='ltr' id='par_1_110' title="bbox 1951 4988 3452 5070">
     <span class='ocr_line' id='line_1_110' title="bbox 1951 4988 3452 5070; baseline -0.001 -16"><span class='ocrx_word' id='word_1_855' title='bbox 1951 4998 2261 5070; x_wconf 21' lang='lat' dir='ltr'><strong>‘Sieurenitn</strong></span> <span class='ocrx_word' id='word_1_856' title='bbox 2280 5007 2436 5069; x_wconf 81' lang='lat' dir='ltr'><strong>erant</strong></span> <span class='ocrx_word' id='word_1_857' title='bbox 2473 5003 2525 5056; x_wconf 90' lang='lat' dir='ltr'><strong>in</strong></span> <span class='ocrx_word' id='word_1_858' title='bbox 2556 4988 2736 5055; x_wconf 73' lang='lat' dir='ltr'><strong>diebus</strong></span> <span class='ocrx_word' id='word_1_859' title='bbox 2766 4999 2876 5054; x_wconf 72' lang='lat' dir='ltr'><strong>mn-</strong></span> <span class='ocrx_word' id='word_1_860' title='bbox 2899 5010 3026 5054; x_wconf 87' lang='lat' dir='ltr'><strong>ante&#39;</strong></span> <span class='ocrx_word' id='word_1_861' title='bbox 3072 4991 3325 5054; x_wconf 52' lang='lat' dir='ltr'><strong>datiuum</strong></span> <span class='ocrx_word' id='word_1_862' title='bbox 3366 5015 3452 5052; x_wconf 83' lang='lat' dir='ltr'><strong>co-</strong></span> 
     </span>
    </p>
   </div>
   <div class='ocr_carea' id='block_1_111' title="bbox 1885 5084 3449 5166">
    <p class='ocr_par' dir='ltr' id='par_1_111' title="bbox 1885 5084 3449 5166">
     <span class='ocr_line' id='line_1_111' title="bbox 1885 5084 3449 5166; baseline -0.004 -20"><span class='ocrx_word' id='word_1_863' title='bbox 1885 5090 2166 5166; x_wconf 84' lang='lat' dir='ltr'><strong>medentes,</strong></span> <span class='ocrx_word' id='word_1_864' title='bbox 2206 5103 2254 5146; x_wconf 88' lang='lat' dir='ltr'><strong>et</strong></span> <span class='ocrx_word' id='word_1_865' title='bbox 2297 5091 2538 5154; x_wconf 84' lang='lat' dir='ltr'><strong>bibentes,</strong></span> <span class='ocrx_word' id='word_1_866' title='bbox 2593 5084 2858 5156; x_wconf 74' lang='lat' dir='ltr'><strong>nubentes,</strong></span> <span class='ocrx_word' id='word_1_867' title='bbox 2896 5101 2944 5144; x_wconf 81' lang='lat' dir='ltr'><strong>et</strong></span> <span class='ocrx_word' id='word_1_868' title='bbox 2979 5099 3192 5159; x_wconf 82' lang='lat' dir='ltr'><strong>nuptum</strong></span> <span class='ocrx_word' id='word_1_869' title='bbox 3241 5087 3449 5142; x_wconf 86' lang='lat' dir='ltr'><strong>traden-</strong></span> 
     </span>
    </p>
   </div>
   <div class='ocr_carea' id='block_1_112' title="bbox 1887 5170 3444 5250">
    <p class='ocr_par' dir='ltr' id='par_1_112' title="bbox 1887 5170 3444 5250">
     <span class='ocr_line' id='line_1_112' title="bbox 1887 5170 3444 5250; baseline -0.003 -13"><span class='ocrx_word' id='word_1_870' title='bbox 1887 5194 1980 5237; x_wconf 86' lang='lat' dir='ltr'><strong>tes.</strong></span> <span class='ocrx_word' id='word_1_871' title='bbox 2008 5181 2124 5238; x_wconf 79' lang='lat' dir='ltr'><strong>Non</strong></span> <span class='ocrx_word' id='word_1_872' title='bbox 2146 5183 2235 5237; x_wconf 90' lang='lat' dir='ltr'><strong>hic</strong></span> <span class='ocrx_word' id='word_1_873' title='bbox 2250 5181 2405 5250; x_wconf 85' lang='lat' dir='ltr'><strong>juxta</strong></span> <span class='ocrx_word' id='word_1_874' title='bbox 2444 5178 2696 5236; x_wconf 86' lang='lat' dir='ltr'><strong>vesanum</strong></span> <span class='ocrx_word' id='word_1_875' title='bbox 2722 5170 3024 5246; x_wconf 60' lang='lat' dir='ltr'><strong>Eiarcionls,</strong></span> <span class='ocrx_word' id='word_1_876' title='bbox 3064 5189 3120 5234; x_wconf 88' lang='lat' dir='ltr'><strong>et</strong></span> <span class='ocrx_word' id='word_1_877' title='bbox 3145 5177 3444 5242; x_wconf 69' lang='lat' dir='ltr'><strong>Manichrei,</strong></span> 
     </span>
    </p>
   </div>
   <div class='ocr_carea' id='block_1_113' title="bbox 1887 5264 3442 5342">
    <p class='ocr_par' dir='ltr' id='par_1_113' title="bbox 1887 5264 3442 5342">
     <span class='ocr_line' id='line_1_113' title="bbox 1887 5264 3442 5342; baseline -0.007 -13"><span class='ocrx_word' id='word_1_878' title='bbox 1887 5283 1943 5329; x_wconf 89' lang='lat' dir='ltr'><strong>et</strong></span> <span class='ocrx_word' id='word_1_879' title='bbox 1968 5264 2178 5327; x_wconf 87' lang='lat' dir='ltr'><strong>&#39;i‘atiani</strong></span> <span class='ocrx_word' id='word_1_880' title='bbox 2218 5272 2474 5342; x_wconf 87' lang='lat' dir='ltr'><strong>principis</strong></span> <span class='ocrx_word' id='word_1_881' title='bbox 2512 5270 2906 5325; x_wconf 80' lang='lat' dir='ltr'><strong>Encratitarum</strong></span> <span class='ocrx_word' id='word_1_882' title='bbox 2949 5269 3138 5340; x_wconf 83' lang='lat' dir='ltr'><strong>dogma</strong></span> <span class='ocrx_word' id='word_1_883' title='bbox 3176 5267 3442 5337; x_wconf 84' lang='lat' dir='ltr'><strong>conjugia,</strong></span> 
     </span>
    </p>
   </div>
   <div class='ocr_carea' id='block_1_114' title="bbox 1883 5347 3434 5424">
    <p class='ocr_par' dir='ltr' id='par_1_114' title="bbox 1883 5347 3434 5424">
     <span class='ocr_line' id='line_1_114' title="bbox 1883 5347 3434 5424; baseline -0.005 -7"><span class='ocrx_word' id='word_1_884' title='bbox 1883 5363 1967 5418; x_wconf 88' lang='lat' dir='ltr'><strong>vel</strong></span> <span class='ocrx_word' id='word_1_885' title='bbox 2018 5363 2266 5416; x_wconf 83' lang='lat' dir='ltr'><strong>alimenta</strong></span> <span class='ocrx_word' id='word_1_886' title='bbox 2315 5347 2655 5424; x_wconf 79' lang='lat' dir='ltr'><strong>damnantur,</strong></span> <span class='ocrx_word' id='word_1_887' title='bbox 2704 5375 2825 5415; x_wconf 91' lang='lat' dir='ltr'><strong>cum</strong></span> <span class='ocrx_word' id='word_1_888' title='bbox 2862 5360 2923 5414; x_wconf 85' lang='lat' dir='ltr'><strong>in</strong></span> <span class='ocrx_word' id='word_1_889' title='bbox 2951 5361 3036 5414; x_wconf 91' lang='lat' dir='ltr'><strong>his</strong></span> <span class='ocrx_word' id='word_1_890' title='bbox 3061 5358 3434 5422; x_wconf 89' lang='lat' dir='ltr'><strong>successionis,</strong></span> 
     </span>
    </p>
   </div>
   <div class='ocr_carea' id='block_1_115' title="bbox 1884 5446 3439 5518">
    <p class='ocr_par' dir='ltr' id='par_1_115' title="bbox 1884 5446 3439 5518">
     <span class='ocr_line' id='line_1_115' title="bbox 1884 5446 3439 5518; baseline -0.004 -13"><span class='ocrx_word' id='word_1_891' title='bbox 1884 5452 1936 5505; x_wconf 91' lang='lat' dir='ltr'><strong>in</strong></span> <span class='ocrx_word' id='word_1_892' title='bbox 1975 5449 2080 5503; x_wconf 90' lang='lat' dir='ltr'><strong>illis</strong></span> <span class='ocrx_word' id='word_1_893' title='bbox 2106 5457 2312 5502; x_wconf 64' lang='lat' dir='ltr'><strong>natura:</strong></span> <span class='ocrx_word' id='word_1_894' title='bbox 2339 5449 2444 5502; x_wconf 87' lang='lat' dir='ltr'><strong>sint</strong></span> <span class='ocrx_word' id='word_1_895' title='bbox 2476 5448 2648 5518; x_wconf 82' lang='lat' dir='ltr'><strong>posita</strong></span> <span class='ocrx_word' id='word_1_896' title='bbox 2684 5447 2960 5513; x_wconf 88' lang='lat' dir='ltr'><strong>subsidia;</strong></span> <span class='ocrx_word' id='word_1_897' title='bbox 2987 5448 3080 5504; x_wconf 86' lang='lat' dir='ltr'><strong>sed</strong></span> <span class='ocrx_word' id='word_1_898' title='bbox 3107 5446 3260 5516; x_wconf 80' lang='lat' dir='ltr'><strong>juxta</strong></span> <span class='ocrx_word' id='word_1_899' title='bbox 3297 5446 3439 5514; x_wconf 88' lang='lat' dir='ltr'><strong>quod</strong></span> 
     </span>
    </p>
   </div>
   <div class='ocr_carea' id='block_1_116' title="bbox 1877 5553 3435 5683">
    <p class='ocr_par' dir='ltr' id='par_1_116' title="bbox 1877 5553 3435 5683">
     <span class='ocr_line' id='line_1_116' title="bbox 1877 5553 3435 5683; baseline 0 -71"><span class='ocrx_word' id='word_1_900' title='bbox 1877 5569 2023 5683; x_wconf 53' lang='lat' dir='ltr'><strong>funt,</strong></span> <span class='ocrx_word' id='word_1_901' title='bbox 2053 5567 2113 5613; x_wconf 91' lang='lat' dir='ltr'><strong>ut</strong></span> <span class='ocrx_word' id='word_1_902' title='bbox 2138 5560 2191 5613; x_wconf 90' lang='lat' dir='ltr'><strong>in</strong></span> <span class='ocrx_word' id='word_1_903' title='bbox 2217 5553 2533 5615; x_wconf 67' lang='lat' dir='ltr'><strong>Prml‘ationc</strong></span> <span class='ocrx_word' id='word_1_904' title='bbox 2561 5559 2631 5614; x_wconf 86' lang='lat' dir='ltr'><strong>ad</strong></span> <span class='ocrx_word' id='word_1_905' title='bbox 2650 5557 2909 5614; x_wconf 88' lang='lat' dir='ltr'><strong>lectorem</strong></span> <span class='ocrx_word' id='word_1_906' title='bbox 2947 5557 3197 5616; x_wconf 84' lang='lat' dir='ltr'><strong>habetur.</strong></span> <span class='ocrx_word' id='word_1_907' title='bbox 3223 5557 3435 5614; x_wconf 72' lang='lat' dir='ltr'><strong>Euros</strong></span> 
     </span>
     <span class='ocr_line' id='line_1_117' title="bbox 1906 5644 3110 5683; baseline 0.001 -3"><span class='ocrx_word' id='word_1_908' title='bbox 1906 5644 2242 5683; x_wconf 67' lang='lat' dir='ltr'><strong>.ttLONlENSiS.</strong></span> <span class='ocrx_word' id='word_1_909' title='bbox 3107 5657 3110 5660; x_wconf 70' lang='grc'><strong>’</strong></span> 
     </span>
    </p>
   </div>
   <div class='ocr_carea' id='block_1_117' title="bbox 1906 5644 3110 5684">
    <p class='ocr_par' dir='ltr' id='par_1_117' title="bbox 1906 5644 3110 5684">
     <span class='ocr_line' id='line_1_118' title="bbox 1906 5644 3110 5684; baseline 0.005 -4"><span class='ocrx_word' id='word_1_910' title='bbox 1906 5644 2242 5684; x_wconf 57' lang='grc' dir='ltr'><strong>ωιοκιεκςιε.</strong></span> <span class='ocrx_word' id='word_1_911' title='bbox 3107 5657 3110 5660; x_wconf 83' lang='grc'><strong>’</strong></span> 
     </span>
    </p>
   </div>
  </div>
