3922 6374
3595 100 3885 240 “-Ἴ

480 256 620 311 una
1114 259 1171 315 ιι.
1216 261 1472 318 ηΑιιΑΝι
1505 235 1733 320 utaut
1758 261 2045 318 ARCHIEP

2151 263 2420 320 [OGUNT.
2463 264 2745 320 OPEllUM
2781 266 2956 320 PARS
2993 267 3033 321 ῐ.
3604 270 3752 325 {080

477 364 760 433 Apostolus
807 366 925 419 ait:
972 353 1160 421 Omnia
1200 371 1327 423 mihi
1377 372 1548 430 licent.
1589 373 1678 424 sed
1727 388 1827 423 non
1867 371 2038 422 omnia
2070 372 2115 429 Α
2144 371 2356 436 generis
2415 373 2736 437 exercuerit,
2810 383 3185 444 terrenamquc
3234 378 3623 433 substantiam
3676 385 3750 435 ait

477 456 752 525 exlirdiunt
798 455 847 526 (1
888 453 1010 510 Cor.
1043 460 1144 527 vi),
1203 461 1588 516 immoderatus
1643 464 1818 531 potius
1873 461 2045 515 licito-
2152 460 2473 528 acquirenda
2511 460 2748 515 coelestia
2787 461 3193 531 dispensaverit.
3237 467 3604 537 Relinquetur
3647 485 3746 521 au-

477 561 596 599 rum
628 556 755 598 usus
784 548 1042 616 arguitur.
1080 550 1260 620 Neque
1295 555 1438 606 enim
1468 555 1591 622 quia
1632 554 1744 606 haec
1795 555 2046 622 agebant,

479 637 570 688 sed
595 637 716 704 quia
748 636 830 690 his
855 652 913 691 se
952 647 1091 692 totos
1118 640 1355 695 dedendo
1380 641 1472 694 Dei
1506 640 1707 707 judicia
1743 650 2050 696 cotitemnc-

479 726 627 790 bant,
661 743 797 795 aqua
825 729 908 782 vel
959 730 1078 797 igne
1104 731 1402 798 perierunt.
1457 731 1729 804 (Hieron)
1780 733 2048 800 Qtneritur

480 821 748 887 quomodo
797 837 956 891 supra
1013 822 1270 891 scriptum
1313 824 1420 878 sit:
1465 823 1648 896 Surget
1679 828 1812 878 enim
1847 843 1968 893 gens
1995 827 2050 878 in

479 923 697 980 gentem,
739 924 784 966 et
841 929 1054 982 regnum
1113 924 1290 968 contra
1347 933 1582 986 regnum,
1624 928 1669 970 et
1707 928 1854 969 erunt
1893 918 2056 986 pesti-—

481 1004 672 1066 lentia',
726 1007 774 1056 et
799 1004 983 1072 fames,
1040 1014 1088 1057 et
1135 1015 1460 1060 terrtcmotus
1494 1006 1704 1076 (Matth.
1751 1007 1917 1075 xxvii)
1946 1025 1959 1068 ;
1993 1017 2050 1059 et

481 1109 624 1148 nunc
647 1110 706 1147 ea
731 1093 906 1149 futura
933 1103 1320 1160 memorantur,
1344 1113 1461 1165 qua:
1487 1098 1634 1164 pacis
1673 1097 1866 1149 indicia
1899 1107 2042 1149 sunt.

484 1181 587 1236 Sed
616 1184 988 1237 aestimandum
1033 1185 1183 1254 juxta
1224 1185 1562 1253 Apostolum,
1612 1187 1752 1254 quod
1793 1198 1914 1254 post
1951 1204 2049 1255 pu-

484 1289 634 1342 gnas,
673 1275 1059 1340 dissensiones,
1108 1276 1457 1346 pestilentias,
1520 1275 1711 1342 fames,
1777 1287 2047 1331 termento-

485 1373 674 1430 tus,ct
733 1371 925 1419 cetera
981 1365 1175 1434 quibus
1213 1380 1381 1433 genus
1433 1373 1673 1420 vastalur
1729 1367 2043 1428 humanum,

485 1455 660 1507 hrevis
697 1455 1043 1509 subsecutur’a
1074 1455 1143 1508 sit
1175 1470 1277 1524 pax
1303 1472 1421 1525 qua:
1445 1458 1626 1526 quieta
1656 1458 1834 1511 omnia
1865 1474 2046 1526 repro-

485 1549 678 1610 mittat,
743 1557 802 1602 ut
855 1548 986 1604 ﬁdes
1034 1549 1367 1604 credentium
1404 1552 1805 1619 comprobetur,
1867 1561 2049 1605 utrum

484 1639 770 1694 transactis
820 1640 973 1694 malis
1026 1649 1244 1710 sperent
1290 1639 1527 1708 iudicem
1583 1656 1702 1696 esse
1740 1651 2041 1695 venturmn.
2082 1696 2092 1710 λ

2152 559 2257 603 tem
2324 566 2440 620 qua:
2496 552 2758 623 conjugiis
2795 551 2863 606 ob
2893 552 3174 610 illecebras
3213 560 3392 612 carnis
3426 557 3740 621 servierit;

2151 650 2362 694 terrena
2398 658 2526 696 vero
2574 644 2619 697 si
2658 659 2761 712 qua
2798 643 3052 698 Ecclesiae
3085 645 3166 699 vel
3197 650 3522 717 pauperibus
3569 651 3742 704 obtu-

2151 730 2294 792 lerit,
2333 731 2450 784 ideo
2499 731 2718 798 fecerit,
2755 741 2812 786 ut
2863 735 3014 802 quasi
3069 736 3340 805 redempta
3378 739 3622 794 Domino
3656 739 3742 794 his

2150 818 2376 888 amplius
2405 821 2658 874 abundet.

2221 910 2335 964 Duo
2373 912 2427 965 in
2467 911 2618 976 lecto,
2668 931 2803 968 unus
2846 927 3166 982 aestimetur,
3201 928 3261 971 et‘
3287 935 3417 972 unus
3457 921 3736 990 relinque-

2148 1011 2250 1054 tur.
2295 1003 2408 1056 Duo
2432 1011 2591 1056 erunt
2627 1004 2680 1057 in
2709 1003 2869 1069 lecto,
2923 1006 2994 1060 illi
3046 1007 3294 1064 videlicet
3328 1010 3414 1078 qui
3449 1013 3640 1065 otium
3681 1022 3735 1065 et

2147 1091 2380 1158 quietem
2407 1091 2631 1161 eligunt,
2659 1109 2832 1164 neque
2876 1097 3105 1165 negotiis
3151 1100 3517 1164 swcularibns,
3549 1097 3752 1170 neque

2147 1182 2374 1251 negotiis
2413 1183 2792 1239 ecclesiasticis
2817 1187 3082 1256 occupati.
3125 1188 3254 1254 Qua:
3293 1191 3506 1247 illorum
3568 1195 3732 1261 quies

2146 1270 2268 1326 lecti
2299 1274 2513 1328 nomine
2535 1274 2834 1342 signiﬁcata
2860 1287 2962 1332 est.
2988 1276 3138 1332 Unus
3167 1292 3479 1346 assumetur,
3508 1293 3561 1337 et
3593 1283 3738 1337 alter

2147 1361 2478 1431 relinquetur,
2539 1379 2642 1418 non
2699 1367 2862 1434 quasi-
2897 1367 2962 1421 dc
3017 1369 3224 1425 duobus
3260 1370 3574 1428 hominibus
3639 1374 3730 1426 di—

2145 1440 2289 1502 etum
2318 1451 2541 1514 est,.sed
2567 1453 2633 1507 de
2654 1453 2860 1509 duobus
2898 1457 3184 1525 generibus
3214 1457 3582 1515 aﬂcctionum.
3621 1462 3727 1528 Qui

2145 1545 2285 1598 enim
2322 1556 2540 1616 propter
2583 1548 2748 1602 Deum
2787 1550 3129 1606 continentiae
3179 1553 3460 1619 studuerit,
3505 1565 3569 1608 ut
3605 1555 3730 1610 sine

2150 1636 2506 1693 sollicitudine
2555 1639 2740 1694 vivens
2778 1642 2975 1711 cogitet
2999 1658 3118 1712 qua:
3145 1643 3240 1699 Dei
3281 1655 3426 1709 sunt,
3463 1661 3728 1701 assume-

484 1729 592 1784 lloc
632 1739 716 1784 est
743 1731 884 1785 enim
929 1703 1069 1800 qu‘od
1119 1732 1172 1784 in
1221 1703 1386 1785 Paulo
1425 1732 1688 1802 legimus:
1721 1731 1944 1798 Quando
1967 1732 2047 1784 di-
2082 1703 2123 1761 Β
2151 1732 2239 1778 ιιιι·
2263 1739 2292 1778 a
2331 1724 2452 1779 Deo.
2489 1725 2587 1792 Qui
2622 1743 2746 1783 vero
2770 1703 3126 1786 velvhttmana:
3158 1733 3336 1789 laudis
3385 1749 3598 1800 amore,
3632 1736 3718 1789 vel

479 1822 667 1882 .rerint,
701 1818 817 1874 Pax
849 1829 895 1874 et
925 1822 1196 1886 securitas,
1237 1831 1358 1874 tunc
1388 1825 1682 1891 repentinus
1715 1823 1794 1876 eis
1811 1839 2051 1892 superre-

484 1913 584 1964 niet
612 1912 846 1966 interitus
881 1911 932 1984 (1
968 1912 1145 1966 Thess.
1177 1912 1247 1984 v),
1308 1915 1446 1968 sicut
1496 1914 1646 1970 dolor
1673 1917 2046 1983 parturientis,

482 2009 534 2054 et
559 2015 663 2054 non
690 1999 961 2072 eliugient.

555 2087 725 2160 Usque
746 2091 814 2143 ad
833 2108 949 2145 eum
973 2093 1109 2146 diem
1145 2111 1246 2164 quo
1283 2095 1511 2147 introivit
1536 2095 1590 2148 in
1626 2111 1802 2149 arcam
1830 2094 1968 2162 Noe,
1997 2110 2044 2152 et

483 2198 583 2233 non
605 2191 945 2251 cognoverunt
973 2183 1134 2252 donec
1165 2185 1294 2237 venit
1317 2184 1591 2250 diluvium,
1617 2197 1666 2240 et
1691 2186 1814 2240 tulit
1837 2203 2046 2252 omnes;

482 2274 553 2325 ita
576 2274 622 2325 et
651 2272 897 2326 aduentus
942 2259 1068 2327 Filii
1109 2274 1350 2329 hominis.
1395 2276 1578 2346 (Rm)
1619 2276 1837 2348 Mystice
1866 2288 2058 2334 autem

483 2358 593 2415 Noe
622 2375 800 2414 arcam
826 2361 1075 2427 aediﬁcat,
1113 2377 1234 2416 cum
1267 2364 1528 2420 Dominus
1559 2365 1852 2421 Ecclesiam
1882 2368 1946 2423 de
1967 2369 2045 2422 vi-

481 2449 845 2515 risﬁdelibus,
894 2452 1044 2520 quasi
1104 2451 1261 2521 lignis
1297 2453 1560 2524 laevigatis
1592 2453 1877 2511 adunando
1919 2472 2045 2513 eon-

479 2538 656 2594 struit.
723 2538 898 2606 Quam
955 2539 1192 2609 perfecte
1243 2551 1669 2597 consummatam
1720 2544 2050 2615 ingreditur,

479 2642 600 2681 cum
627 2627 766 2683 hanc
789 2629 841 2682 in
873 2627 960 2683 die
983 2627 1168 2697 iudicii
1196 2631 1480 2700 praesentia
1513 2647 1623 2688 suae
1649 2635 1871 2690 visionis
1890 2645 2048 2692 mter—

477 2733 580 2773 nus
631 2719 905 2774 habitator
958 2720 1210 2776 illustrat.
1249 2722 1354 2777 Sed
1383 2737 1506 2778 cum
1553 2739 1678 2778 arca
1724 2725 2044 2790 aedificatur,

478 2808 648 2878 iniqui
685 2808 1046 2875 luxuriantur,
1098 2826 1219 2866 eum
1273 2827 1400 2866 vero
1431 2811 1682 2879 intratur,
1724 2813 2041 2870 intereunt:

476 2900 602 2969 quia
647 2900 738 2969 qui
795 2900 998 2956 sanctis
1025 2900 1114 2956 hic
1148 2902 1480 2956 certantibus
1508 2902 1787 2966 insultant,
1830 2903 1911 2958 eis
1939 2903 2055 2958 illia-

477 2991 746 3045 coronatis
774 2998 973 3046 veterna
997 2990 1340 3046 damnatione
1372 2990 1694 3060 plectentur.

551 3077 695 3131 Tunc
732 3079 837 3131 duo
861 3088 1012 3133 erunt
1040 3079 1094 3133 in
1117 3095 1266 3149 agro,
1321 3096 1457 3136 unus
1500 3091 1809 3146 assumctur,
1837 3093 1883 3136 et
1907 3089 2040 3137 unus

476 3167 813 3239 relinquetur.
854 3167 1014 3232 Tune,
1066 3169 1257 3239 inquit,
1290 3170 1394 3223 duo
1430 3181 1580 3225 erunt
1628 3173 1682 3226 in
1712 3189 1858 3243 agro.
1889 3172 2043 3244 (Hie-

479 3256 618 3330 ron.)
660 3244 924 3324 Quando?
961 3266 1201 3328 tempore
1258 3259 1505 3315 videlicet
1567 3262 2046 3318 consummationis

477 3355 638 3417 atque
659 3346 844 3418 iudicii
873 3334 978 3404 duo
1030 3349 1083 3403 in
1111 3363 1240 3420 agro
1260 3349 1462 3418 pariter
1491 3350 1850 3416 invenientur,
1896 3368 2045 3408 eum-

482 3441 604 3497 dem
634 3439 894 3498 habentes
917 3442 1180 3510 laborem,
1225 3452 1282 3500 et
1310 3446 1464 3514 quasi
1491 3461 1675 3516 parem
1720 3458 2056 3517 sementem,

481 3529 576 3584 sed
600 3528 803 3586 fructus
833 3530 1034 3588 laboris
1061 3547 1167 3587 non
1214 3547 1366 3604 aeque
1394 3535 1730 3605 recipientes.
1764 3536 2046 3611 (Venant.)

479 3617 760 3690 Significat
789 3629 974 3677 autem
993 3636 1096 3677 eos
1111 3622 1208 3693 qui
1238 3631 1532 3693 operantur
1579 3627 1632 3680 in
1661 3626 1913 3685 Ecclesiae
1939 3630 2041 3683 ml~

477 3709 720 3775 nisterio,
747 3717 999 3782 tanquam
1029 3712 1082 3768 in
1114 3727 1242 3783 agro
1270 3713 1389 3778 Dei,
1425 3701 1514 3770 cui
1536 3729 1665 3771 suus
1691 3717 1923 3788 agricola
1958 3719 2043 3773 di-

477 3801 674 3867 cebat;
703 3801 798 3856 Dei
823 3802 1151 3873 agricultura
1195 3805 1318 3858 estis
1358 3803 1412 3876 (Ι
1445 3797 1566 3862 Cor.
1591 3805 1696 3876 tu).
1728 3805 2044 3864 Assumetur

477 3899 653 3944 autem
686 3889 772 3944 ille
807 3892 899 3961 qui
929 3905 1032 3963 non
1055 3891 1367 3948 adulterans
1406 3895 1631 3950 verbum
1663 3894 1778 3961 Dei,
1811 3897 1904 3952 sed
1932 3898 2038 3952 sic-

475 3988 534 4032 ut
561 3994 625 4033 ex
653 3980 782 4047 Deo,
837 3995 1017 4035 coram
1067 3980 1179 4036 Deo
1236 3982 1448 4039 locutus
1485 3983 1539 4038 in
1592 3983 1808 4040 Christo
1836 3985 2041 4054 fuerit;

475 4069 566 4138 qui
621 4083 749 4123 vero
775 4068 1048 4124 Christum
1075 4071 1476 4127 annuntiaverit
1506 4086 1612 4126 non
1643 4081 1792 4128 caste
1818 4073 1913 4128 sed
1950 4088 2042 4129 oc-

482 4160 715 4225 casione,
744 4159 1073 4229 relinquetur
1100 4161 1169 4217 ab
1203 4175 1288 4217 eo.

551 4247 732 4316 (Aug.)
765 4246 897 4301 Dure
941 4248 1190 4304 metentes
1235 4252 1291 4304 in
1321 4250 1477 4316 mola,
1523 4268 1627 4306 una
1675 4238 1968 4310 assametur
1993 4265 2041 4310 et

478 4352 582 4388 una
625 4335 960 4436 relinquetur.
991 4337 1521 4438 Molentes‘appellat
1545 4356 1641 4398 eos
1675 4344 1764 4412 qui
1792 4343 1844 4398 in
1871 4343 2035 4415 plebi-
2066 4379 2118 4438 Β

477 4424 574 4477 bus
605 4424 878 4478 constituti
903 4433 1160 4494 reguntur
1187 4441 1217 4481 a
1244 4426 1569 4492 doctoribus,
1599 4437 1818 4499 agentes
1838 4445 1905 4486 ea
1921 4445 2051 4505 quze

477 4525 601 4565 sunt
640 4514 797 4582 hujus
845 4511 1046 4567 saeculi.
1099 4509 1242 4579 Quos
1292 4523 1347 4570 et
1377 4515 1695 4572 feminarum
1726 4519 1940 4574 nomine
1968 4520 2038 4574 si-

479 4602 765 4671 gniﬁcavit,
800 4603 922 4673 quia
954 4603 1212 4669 consiliis,
1249 4614 1306 4659 ut
1333 4607 1462 4672 dixi,
1499 4607 1794 4677 peritorum
1823 4609 1933 4680 regi
1960 4608 2040 4665 eis

477 4691 710 4760 expedit.
738 4691 803 4746 Et
830 4693 1074 4747 molentes
1100 4693 1253 4759 dixit,
1295 4703 1512 4765 propter
1545 4697 1916 4768 temporalium
1947 4715 2038 4754 ne-

481 4783 744 4849 gotiorum
771 4784 977 4847 orbem,
1007 4775 1184 4854 atque
1203 4785 1484 4860 circuitum
1517 4805 1529 4840 :
1580 4804 1716 4858 quas
1751 4797 1926 4845 tamen
1955 4805 2039 4844 se-

489 4875 716 4930 cundum
751 4873 912 4928 alium
957 4875 1341 4946 evangelistam
1374 4877 1424 4930 in
1454 4893 1560 4932 uno
1587 4880 1848 4935 molentes
1883 4880 2040 4946 dixit,

481 4968 535 5021 in
563 4974 818 5035 quantum
842 4966 907 5021 de
935 4967 1062 5036 ipsis
1101 4968 1285 5031 rebus,
1310 4976 1366 5022 et
1409 4969 1638 5038 negotiis
1664 4970 1774 5024 suis
1801 4973 2041 5040 przebent

482 5056 757 5112 servitium
803 5057 989 5110 usibus
1047 5057 1320 5111 Ecclesize.
1353 5056 1630 5127 (Venant.)
1695 5057 2040 5129 Unaquazque

477 5147 621 5200 enim
662 5144 816 5214 hujus
851 5145 1032 5198 mundi
1057 5147 1194 5200 actio
1231 5147 1366 5201 mola
1396 5158 1498 5211 est,
1549 5163 1666 5217 quze
1688 5150 1812 5202 dum
1841 5150 2037 5209 multas

482 5249 639 5289 curas
677 5234 936 5302 congerit,
982 5235 1246 5289 humanas
1297 5245 1504 5290 mentes
1539 5238 1690 5305 quasi
1728 5253 1823 5307 per
1847 5254 2035 5309 gyrum

482 5326 661 5386 vertit,
714 5333 872 5392 atque
901 5338 966 5378 ex
1007 5338 1065 5378 se
1091 5323 1234 5377 velut
1293 5323 1491 5380 farinas
1527 5325 1764 5395 projicit,
1800 5327 1924 5396 quia
1954 5328 2026 5380 in-

483 5415 664 5482 quieto
720 5413 866 5467 cordi
917 5427 1128 5481 semper
1172 5412 1554 5468 minutissimas
1588 5416 1940 5484 cogitationes
1961 5417 2040 5484 gi-

485 5504 612 5569 gnit.
642 5485 765 5554 'Una
806 5512 1117 5564 assumetur,
1154 5513 1198 5554 et
1228 5499 1390 5553 altera
1418 5502 1747 5571 relinquetur.
1786 5504 2039 5557 Assumo-

487 5603 569 5642 tur
607 5607 666 5646 ea
695 5606 816 5658 pars
851 5605 966 5658 quae
1001 5591 1261 5644 connubia
1299 5601 1514 5657 promer
1555 5607 1787 5645 amorem
1838 5600 2042 5646 tantum

2150 1811 2252 1866 alia
2278 1813 2513 1882 qualibet
2537 1816 2788 1870 vitiorum
2811 1821 3148 1888 correptione
3169 1830 3367 1876 statum
3398 1823 3735 1877 monasticae

2147 1904 2293 1967 vitae,
2321 1921 2439 1974 quo—
2458 1907 2692 1963 imbutus
2728 1919 2812 1964 est
2836 1910 3068 1975 haeserit,
3089 1912 3177 1967 hic
3217 1913 3728 1984 ubireh'nqneadus

2147 1993 2217 2046 sit
2256 1991 2502 2048 Jeremize
2558 1996 2970 2054 lamentationes
3019 2002 3320 2068 insinuant,
3367 2006 3473 2074 .qui
3529 2007 3722 2059 otiosa:

2148 2083 2427 2155 eiquslibet
2473 2095 2526 2141 et
2577 2091 2894 2158 peccatricis
2924 2093 3119 2149 animm
3177 2096 3276 2150 sub
3305 2094 3502 2152 Iudaee
3535 2101 3729 2167 specie

2148 2172 2352 2242 lapsum
2409 2175 2739 2244 describens,
2793 2182 2911 2235 ait:
2981 2180 3228 2238 Viderunt
3280 2202 3395 2240 eam
3431 2187 3627 2252 hostes,
3668 2199 3719 2242 et

2146 2264 2434 2323 deriserunt
2472 2267 2689 2322 sabbata
2735 2270 2849 2340 ejus
2888 2271 3102 2342 (Thren.
3127 2274 3190 2345 ι).
3223 2272 3410 2348 Magi}
3446 2276 3556 2332 Nec
3580 2287 3720 2348 puto

2149 2353 2252 2406 alia
2290 2369 2486 2424 genera
2518 2371 2636 2412 esse
2673 2357 2948 2415 hominum
2990 2362 3187 2432 quibus
3206 2373 3420 2418 constat
3445 2364 3725 2430 Ecclesia,

2145 2460 2306 2514 quam
2345 2446 2444 2501 ista
2480 2448 2585 2504 tria
2634 2449 2886 2506 habentia
2917 2452 3076 2508 binas
3109 2452 3448 2510 differentias
3492 2466 3720 2527 propter

2145 2536 2562 2605 assumptionem
2611 2548 2666 2594 et
2702 2539 3056 2600 relictionem.
3096 2541 3353 2609 Quamvis
3399 2546 3452 2600 in
3490 2546 3727 2617 singulis

2145 2623 2326 2678 multae
2376 2626 2674 2682 studiorum
2745 2627 3186 2701 voluntatumque
3237 2634 3598 2702 diversitates,
3647 2637 3716 2690 ad

2146 2715 2490 2770 concordiam
2522 2725 2701 2773 tamen
2742 2719 3110 2792 unitatemque
3150 2728 3558 2780 concurrentes
3591 2741 3715 2794 pos-

2143 2805 2252 2859 sint
2279 2805 2528 2860 invenivi.
2571 2806 2722 2880 Unde
2744 2816 2806 2863 et
2825 2806 3076 2878 Ezechiel
3103 2811 3363 2882 propheta
3415 2822 3530 2869 tres
3569 2817 3724 2872 viros

2142 2892 2409 2949 liberatos
2457 2895 2591 2950 vidit
2646 2895 2788 2963 Noe,
2826 2897 3030 2962 Daniel,
3083 2907 3142 2955 et
3171 2899 3275 2958 Job
3321 2899 3542 2974 (Bacch.
3576 2906 3709 2972 xiv).

2148 2981 2357 3058 [Greg._1
2387 2986 2444 3040 1n
2492 2988 2686 3057 quibus
2735 2989 2982 3044 videlicet
3017 2991 3210 3058 tribus,
3262 3003 3504 3049 rectores
3542 2997 3714 3050 conti-

2145 3082 2355 3140 nentes,
2396 3084 2557 3145 atqne
2609 3077 2876 3148 coniugati
2905 3079 3101 3151 signati
3132 3091 3278 3136 sunt.
3321 3081 3454 3138 Nam
3485 3083 3598 3138 Noe
3627 3101 3716 3138 ar-

2144 3181 2261 3223 cam
2284 3167 2343 3222 in
2365 3167 2523 3223 undis
2543 3169 2893 3239 rexitratque
2925 3170 3048 3226 ideo
3076 3170 3304 3243 figuram
3332 3184 3602 3229 rectorum
3635 3185 3715 3230 te-

2145 3256 2281 3311 nuit.
2324 3256 2528 3312 Daniel
2566 3265 2620 3312 et
2672 3258 2726 3313 in
2763 3258 2885 3314 aula
2931 3261 3078 3332 regia
3134 3262 3473 3318 abstinentiae
3502 3263 3716 3320 deditus

2145 3346 2263 3412 fuit,
2301 3353 2358 3400 et
2394 3338 2612 3402 idcireo'
2637 3348 2801 3402 vitam
2846 3350 3242 3405 continentium
3299 3352 3556 3421 signavit.
3610 3351 3712 3409 Job

2143 3450 2273 3490 vero
2313 3435 2366 3491 in
2404 3436 2650 3506 coniugio
2687 3437 2923 3508 positus,
2973 3447 3026 3493 et
3055 3454 3242 3494 curam
3270 3441 3461 3496 domus
3483 3443 3722 3512 propriae

2143 3539 2403 3580 exercens
2435 3525 2657 3595 placuit,
2684 3542 2782 3596 per
2833 3543 2995 3597 quem
3040 3529 3197 3598 digne
3226 3530 3500 3605 honorum
3527 3533 3714 3602 conju-

2143 3626 2268 3683 gum
2306 3613 2438 3668 ordo
2486 3611 2769 3685 ﬁguratur.
2808 3614 3101 3685 Postquam
3152 3618 3296 3672 enim
3348 3620 3606 3676 Dominus
3645 3623 3718 3677 de

2143 3699 2464 3757 discretione
2501 3705 2927 3778 coron‘andorum
2958 3714 3117 3776 atque
3149 3708 3573 3764 damnandorum
3598 3727 3715 3766 ser-

2144 3805 2366 3846 monem.
2391 3807 2548 3846 suum
2571 3793 2950 3863 compleverat,
3001 3796 3116 3866 jam
3163 3805 3386 3867 propter
3425 3799 3554 3868 quid
3595 3800 3711 3856 haec

2143 3882 2425 3952 protulerit
2447 3882 2772 3950 manifestat,
2801 3885 2986 3941 dicens
3014 3905 3028 3940 :
3131 3937 3140 3945 .
3434 3891 3445 3894 ’

2221 3972 2442 4045 Vigilate
2467 3990 2608 4045 ergo,
2638 3977 2761 4047 quia
2791 3977 2996 4031 nescitis
3027 3993 3130 4048 qua
3157 3979 3289 4032 hora
3325 3977 3585 4034 Dominus
3630 3998 3711 4035 se-

2142 4070 2247 4115 ster
2269 4070 2512 4116 uenturus
2538 4061 2624 4115 sit.
2664 4061 2930 4135 (Hieron)
2970 4063 3259 4134 Pcrspieue
3284 4066 3522 4131 ostendit
3546 4083 3712 4138 quare

2145 4163 2302 4221 supra
2342 4149 2592 4205 dixerat:
2623 4149 2700 4204 De
2743 4152 2829 4205 die
2873 4161 3043 4206 autem
3085 4153 3179 4206 illa
3218 4171 3366 4208 nemo
3391 4156 3513 4219 scit,
3553 4173 3710 4227 neque

2149 4234 2317 4290 Filius
2343 4235 2584 4300 hominis,
2622 4252 2782 4306 neque
2829 4237 3021 4308 angeli,
3053 4238 3153 4315 nisi
3179 4237 3343 4295 Pater
3364 4241 3532 4307 solas,
3570 4245 3712 4313 quod

2144 4347 2251 4387 non
2279 4331 2526 4400 expediat
2552 4331 2690 4386 scire
2720 4331 2993 4408 apostolis,
3047 4341 3105 4404 ut
3133 4333 3381 4403 pendnlte
3401 4349 3704 4406 .exspecta-

2146 4418 2306 4474 tionis
2353 4418 2541 4473 incerti
2579 4433 2789 4490 semper
2822 4435 2942 4474 eum
2991 4421 3212 4476 credant
3255 4438 3374 4478 esse
3425 4434 3704 4491 venturum

2146 4493 2303 4580 quem
2343 4509 2609 4580 ignorant.
2641 4509 2866 4576 Quando
2911 4510 3045 4565 dixit
3082 4521 3342 4568 venturus
3387 4514 3476 4578 sit,
3523 4525 3578 4570 et
3604 4531 3702 4570 non

2146 4600 2282 4656 dixit
2313 4619 2324 4654 :
2363 4599 2497 4668 Quia
2535 4600 2804 4655 nescimus
2843 4615 2951 4671 qua
2977 4601 3108 4656 hora
3157 4603 3419 4657 Dominus
3451 4613 3706 4658 venturus

2145 4690 2238 4754 sit,
2275 4689 2368 4744 sed
2391 4689 2618 4753 nescitis,
2655 4690 3042 4759 praemissaque
3095 4691 3482 4760 patrisfamilia:
3532 4711 3702 4749 exem-

2145 4778 2251 4849 plo,
2279 4795 2377 4834 cur
2404 4779 2626 4833 reticeat
2673 4781 3149 4835 consummationis
3177 4783 3318 4836 diem
3372 4785 3707 4841 manifestius

2147 4872 2322 4937 docet,
2353 4873 2574 4926 dicens:
2619 4871 2797 4927 Estote
2815 4875 3010 4943 parati,
3051 4876 3176 4944 quia
3214 4877 3418 4930 nescitis
3455 4895 3558 4945 qua
3579 4881 3704 4932 hora

2147 4961 2319 5016 Filius
2357 4963 2578 5016 hominis
2615 4973 2856 5017 uenturus
2885 4973 2957 5017 est
2984 4963 3195 5034 (Matth.
3230 4967 3378 5034 xxv).

2217 5053 2358 5106 Illud
2397 5063 2565 5106 autem
2592 5055 2769 5107 scitote
2792 5056 3036 5125 quoniam
3072 5056 3115 5109 si
3154 5057 3305 5109 sciret
3334 5059 3702 5127 paterfamilias

2143 5160 2243 5212 qua
2273 5143 2400 5196 hora
2432 5142 2520 5211 fur
2547 5152 2793 5196 venturus
2839 5153 2988 5207 esset,
3019 5145 3253 5213 vigilaret
3307 5148 3502 5218 utique,
3528 5158 3575 5202 et
3605 5165 3701 5200 non

2140 5234 2327 5286 sineret
2389 5231 2589 5300 perfodi
2642 5231 2852 5285 domum
2910 5249 3078 5284 sitam.
3148 5232 3224 5310 E‘x
3277 5249 3384 5303 qua
3433 5237 3702 5303 pra-missa

2144 5320 2491 5376 similitudine
2550 5320 2712 5374 etiam
2751 5321 3056 5374 exhortatio
3103 5321 3434 5376 subinfertur
3480 5338 3600 5377 cum
3629 5325 3702 5376 di-

2146 5413 2286 5465 citur
2321 5431 2331 5463 :

2221 5501 2444 5570 Ideoque
2473 5511 2517 5554 et
2559 5517 2642 5554 ros
2668 5510 2822 5554 estote
2851 5502 3042 5568 parati,
3072 5503 3195 5577 quia
3227 5501 3554 5580 nescitisqna
3582 5503 3702 5553 liora

2152 5590 2318 5643 Filius
2352 5592 2572 5642 hominis
2612 5601 2850 5642 πίρωμιν-ιιι
2873 5601 2966 5642 est.
3014 5588 3292 5643 Nesciente
3343 5590 3487 5644 enim
3533 5599 3692 5659 patro
