3922 6336
271 270 398 310 ιυῠῖ

1207 227 1556 306 conamur.
1597 249 1663 304 IN
1700 248 2113 307 MATTllAEUM
2169 281 2234 290 —
2273 248 2399 304 LIB.
2443 248 2551 305 vn.

3365 248 3385 302 l
3398 249 3502 302 33‘}

266 367 503 420 [nniiias
530 363 616 419 fur
652 362 868 418 domum
895 361 1147 432 perfodit,
1173 364 1296 432 quia
1336 363 1460 416 dum
1490 377 1519 415 a
1552 363 1633 416 sui
1660 371 1834 417 custo-
1864 368 1910 426 Α
1941 377 2060 419 esse
2095 363 2402 430 ostendens,
2436 363 2510 418 ait
2538 382 2551 418 :
2588 362 2796 433 Oportet
2828 365 3119 433 episcopum
3150 367 3265 417 sine
3289 362 3504 417 crimine

264 454 354 506 dia
379 452 598 522 spiritus
636 450 833 504 dormit
863 450 1150 520 improvisa
1178 465 1328 504 mors
1356 452 1603 514 veniens,
1659 452 1839 506 carnis

267 548 470 596 nostra!
512 537 868 594 habitaculum
927 539 1198 607 irrumpit,
1229 547 1283 593 et
1327 555 1449 594 eum
1477 555 1635 610 quem
1664 541 1836 595 domi-

268 645 400 684 uuni
427 627 690 684 invenerit
725 627 1073 681 dormientem
1125 627 1314 680 domus
1336 637 1511 682 necat.
1552 628 1846 694 Quia'cum

269 729 500 778 ventura
528 718 718 774 damna
745 719 962 788 spiritus
985 717 1202 772 minime
1232 719 1509 787 praevidet,
1532 719 1675 773 liune
1697 736 1843 775 mors

271 811 340 866 ad
373 807 689 879 supplicium
713 807 1047 862 nescientem.
1066 807 1228 876 rapit,
1264 806 1366 860 furi
1392 815 1571 860 autem
1619 809 1838 863 resiste-

275 910 360 957 ret
391 903 438 956 si
484 899 744 971 vigilaret.
794 897 928 964 Quia
974 887 1260 951 adventum
1285 897 1484 967 iudicis
1517 899 1606 966 qui
1635 898 1842 952 occulte

271 992 514 1047 animam
541 991 680 1061 rapit
707 1001 1036 1059 prmeavens,
1082 987 1131 1041 ei
1163 988 1474 1055 paenitendo
1510 999 1842 1053 occurreret,

273 1097 345 1137 ne
375 1080 714 1152 impaenitens
745 1078 964 1148 periret.
1027 1075 1223 1129 Horam
1277 1090 1406 1130 vero
1463 1074 1702 1129 ultimam
1742 1077 1844 1130 Do-

274 1172 456 1226 minus
480 1177 665 1224 noster
689 1167 888 1222 idcirco
927 1165 1084 1219 nobis
1109 1164 1277 1218 voluit
1327 1179 1446 1218 esse
1496 1164 1841 1234 incognitam,

274 1272 338 1317 ut
362 1276 574 1331 semper
600 1259 770 1330 possit
815 1271 933 1311 esse
971 1263 1220 1324 suspecta
1255 1272 1267 1307 :
1309 1263 1368 1308 ut
1389 1255 1514 1308 dum
1543 1253 1686 1307 illam
1711 1269 1844 1322 pra:-

275 1353 462 1408 videre
498 1365 604 1406 non
643 1363 951 1420 possumus,
986 1347 1054 1401 ad
1091 1346 1235 1400 illam
1283 1346 1399 1400 sine
1451 1346 1844 1400 intermissione

245 1426 258 1438 ’
274 1459 670 1513 prazparemur.

353 1533 462 1606 [IL]
498 1533 797 1602 Quisputas
826 1531 997 1600 ﬁdelis
1030 1539 1105 1584 est
1140 1546 1316 1585 unus
1342 1538 1391 1583 et
1417 1530 1668 1598 prudens,
1693 1545 1847 1598 quem

276 1627 545 1681 constituit
586 1624 839 1679 Dominus
886 1639 1008 1676 suus
1042 1637 1196 1690 super
1230 1619 1486 1690 familiam
1523 1635 1671 1672 suam
1695 1619 1719 1671 ε)
1741 1617 1846 1672 Re-

278 1714 648 1785 spondensad
675 1713 1001 1782 interrogata
1039 1709 1288 1765 Salvator
1322 1709 1500 1779 primo
1527 1709 1682 1764 docet
1703 1707 1847 1776 judi-

277 1804 423 1860 cium
452 1804 660 1859 cunctis
682 1802 1012 1866 adfuturum,
1040 1799 1382 1871 singulosque
1404 1797 1558 1867 juxta
1595 1798 1844 1853 meritum

277 1895 459 1964 operis
497 1909 562 1949 ac
599 1909 791 1950 sensus
828 1893 909 1948 sui
945 1885 1307 1960 capacitatem.
1349 1890 1574 1959 premis
1621 1889 1704 1944 vel
1731 1897 1844 1945 tor-

278 1994 471 2040 menta
516 1991 790 2040 naeturus.
829 1982 1030 2038 Deinde
1082 1981 1224 2051 quod
1259 1980 1492 2035 maxime
1540 1981 1845 2051 quaesierat,

281 2077 512 2146 gratiam
533 2075 788 2130 virtutum
818 2089 980 2145 quam
1017 2066 1223 2128 mundo'
1251 2072 1491 2127 attulerit
1519 2088 1584 2128 ac
1624 2074 1849 2144 singulis

278 2175 542 2237 quantum
576 2167 782 2237 possint
834 2165 1070 2221 ostendit
1109 2180 1230 2228 esse
1260 2165 1599 2222 sectandam.
1641 2163 1843 2235 Ignem,

279 2257 480 2328 inquit,
518 2259 630 2313 veni
652 2258 848 2312 mittere
884 2257 941 2310 in
986 2265 1198 2322 terram,
1249 2265 1298 2310 et
1340 2257 1466 2328 quid
1510 2256 1623 2310 uolo
1665 2257 1767 2309 nisi
1791 2265 1845 2310 ut

279 2346 798 2418 accendatur?(Lue
839 2346 960 2417 xu.)
1004 2345 1144 2400 Sane
1176 2346 1318 2426 quod
1362 2347 1436 2401 ait
1466 2389 1481 2409 ,
1533 2346 1662 2413 Quis
1692 2342 1846 2418 putas

280 2448 378 2501 est,
408 2436 793 2501 difﬁcultatem,
824 2450 931 2490 non
970 2436 1454 2504 impossibilitatem
1507 2437 1847 2507 perﬁciendae

280 2527 501 2581 virtutis
558 2526 836 2581 insinuat:
878 2526 1145 2595 quomodo
1193 2524 1528 2581 Psalmista:
1573 2527 1705 2590 Quis
1759 2545 1848 2582 sa-

280 2615 429 2683 piens
448 2623 498 2668 et
525 2614 777 2668 custodiet
791 2615 942 2668 hac?
971 2613 1141 2686 (Psal.
1171 2613 1281 2686 cvi)
1305 2631 1411 2671 non
1434 2616 1727 2683 neminem,
1754 2617 1855 2672 sed

283 2719 465 2759 rarum
507 2703 794 2774 significat.
820 2702 954 2757 Nam
993 2703 1118 2757 alibi
1175 2703 1314 2758 idem
1342 2705 1568 2759 verbum
1604 2720 1710 2760 non
1748 2721 1848 2776 pro

283 2797 502 2862 ditl'tcili,
538 2797 632 2852 sed
682 2811 780 2866 pro
823 2796 1136 2864 impossibili
1175 2797 1389 2866 posuit:
1423 2796 1584 2861 Deus,
1615 2799 1731 2867 quis
1777 2799 1850 2852 si-

285 2888 423 2942 milis
441 2889 538 2941 erit
565 2887 702 2941 tibi?
730 2887 783 2942 id
811 2896 916 2950 est,
954 2887 1167 2942 nullus:
1211 2887 1286 2941 Tu
1330 2889 1464 2942 enim
1485 2889 1626 2943 solus
1656 2889 1850 2944 altissi-

286 2992 400 3029 mus
421 2992 574 3046 super
598 2991 800 3029 omnem
851 2985 1041 3028 terram
1095 2972 1264 3046 (Psal.
1305 2975 1546 3049 Luxu).
1588 2976 1718 3043 Quis
1753 2994 1851 3048 pu-

288 3076 366 3119 tas
423 3075 518 3130 est,
547 3066 735 3134 inquit,
802 3064 969 3133 ﬁdelis
1021 3081 1198 3118 servus
1252 3071 1302 3121 et
1341 3065 1846 3134 prudensiFidelis

287 3158 482 3227 quippe
526 3157 578 3210 in
634 3157 821 3210 devote
876 3156 1177 3220 tribuendo,
1231 3164 1284 3212 et
1315 3173 1419 3210 non
1475 3157 1849 3211 abscondendo

287 3247 569 3316 pecuniam
598 3247 806 3303 Domini
851 3249 953 3304 sui.
994 3247 1239 3303 Prudens
1300 3263 1430 3302 vero
1484 3250 1536 3302 in
1568 3249 1850 3319 diligenter

287 3338 636 3393 discernendo
693 3341 1040 3408 capacitatem
1117 3339 1444 3410 singulorum
1505 3339 1881 3394 famulorum.

287 3426 580 3499 (Fulgent.)
623 3428 805 3496 Quem,
854 3430 1042 3499 inquit,
1093 3431 1355 3484 constituit
1384 3430 1648 3484 Dominus.
1692 3448 1848 3501 super

289 3517 545 3586 familiam
575 3535 744 3572 suam.
801 3519 932 3586 Quis
960 3521 1061 3574 iste
1090 3519 1350 3574 Dominus
1387 3529 1488 3584 est,
1538 3521 1642 3575 nisi
1693 3521 1849 3576 Chri-

289 3617 423 3670 stus,
485 3609 574 3677 qui
605 3610 718 3663 suis
768 3609 1042 3680 discipulis
1088 3610 1162 3664 ait
1190 3628 1202 3662 :
1228 3608 1356 3691 .Vos
1408 3613 1600 3665 vocatis
1631 3628 1710 3665 me
1738 3629 1849 3665 nta-

189 3747 194 3750 .
289 3699 444 3768 gister
467 3709 513 3757 et
537 3699 851 3777 Domine,et
877 3703 1029 3768 ,bene
1058 3701 1226 3754 dicitis
1255 3715 1272 3752 :
1307 3718 1420 3754 sum
1454 3703 1639 3754 etenim
1665 3701 1846 3772 (Joan.

289 3788 431 3860 xui).
465 3773 609 3855 Quae.
632 3799 716 3844 est
760 3773 918 3845 etiam
960 3790 1118 3859 hujus
1158 3792 1366 3845 Domini
1427 3791 1659 3857 familia;
1691 3793 1848 3846 nimi-

289 3892 408 3930 rum
440 3877 529 3930 illa
566 3885 652 3932 est
697 3893 856 3948 quam
887 3879 998 3949 ipse
1040 3880 1296 3935 Dominus
1325 3881 1390 3935 de
1441 3896 1598 3935 manu
1646 3882 1846 3936 inimici

289 3966 532 4030 redemit,
572 3974 626 4020 et
661 3982 760 4022 suo
797 3967 1033 4023 dominio
1075 3968 1416 4038 mancipavit.
1471 3969 1596 4025 llmc
1647 3970 1846 4026 familia

287 4067 474 4114 sancta
504 4069 585 4114 est
615 4060 848 4116 Ecclesia
872 4062 1160 4125 catholica,
1197 4078 1314 4132 qua:
1338 4079 1435 4133 per
1477 4064 1660 4118 orbem
1694 4073 1846 4118 terrae

285 4147 503 4217 copiosa
535 4148 806 4205 fertilitate
833 4150 1168 4216 diffunditur,
1197 4162 1250 4206 et
1270 4154 1598 4223 redemptam
1630 4170 1687 4209 se
1728 4170 1842 4224 pre-

285 4237 662 4297 ttosoDomini
695 4239 775 4293 sui
800 4241 1056 4310 sanguine
1085 4242 1358 4311 gloriatur.
1395 4241 1566 4296 Filius
1587 4245 1720 4297 enim
1746 4245 1843 4296 Ito-

284 4329 460 4392 minis,
494 4328 631 4383 sicut
653 4331 763 4398 ipse
799 4333 890 4393 ait,
939 4335 1070 4386 venit
1098 4351 1199 4387 non
1233 4335 1543 4398 ministrari,
1577 4334 1664 4388 sed
1693 4337 1845 4388 mini-

283 4426 472 4480 strare,
499 4429 546 4470 et
573 4419 698 4472 dare
727 4421 953 4474 animant
975 4438 1122 4475 suam
1155 4423 1553 4492 redemptionem
1580 4418 1673 4494 pio
1707 4423 1838 4477 mul-

285 4508 352 4559 tis
386 4507 594 4576 (Matth.
619 4510 732 4579 xx).
765 4511 880 4579 lpse
909 4521 990 4566 est
1013 4513 1198 4577 etiam,
1222 4523 1398 4582 pastor
1419 4513 1580 4566 bonus
1607 4513 1694 4584 qui
1725 4514 1838 4567 ani-

283 4611 422 4646 main
463 4612 608 4648 suam
640 4599 808 4666 posuit
851 4616 942 4668 pro
979 4601 1153 4653 ovibus
1188 4603 1296 4655 suis
1330 4601 1509 4673 (Joaa.
1563 4603 1661 4674 xv).
1699 4604 1841 4658 Grex

281 4688 424 4740 enim
479 4691 705 4757 pastoris
755 4691 876 4744 boni
912 4692 1020 4760 ipsa
1075 4701 1157 4746 est
1207 4692 1408 4747 familia
1451 4694 1838 4763 Redemptoris.

282 4778 631 4848 Dispensator
685 4798 810 4836 vero
842 4784 960 4851 quis
991 4785 1058 4838 sit
1113 4800 1270 4852 quem
1321 4795 1532 4854 oportet
1569 4802 1686 4841 esse
1715 4787 1844 4841 fide-

281 4868 408 4933 lem,
435 4881 487 4924 et
524 4875 858 4940 prudentem,
914 4873 1107 4927 Paulus
1152 4876 1304 4928 nobis
1340 4876 1586 4929 ostendat
1622 4885 1838 4945 aposto-

281 4959 389 5022 lus,
432 4964 520 5029 qui
570 4964 636 5016 de
681 4979 737 5016 se
763 4953 981 5032 suisque
1017 4965 1179 5018 sociis
1225 4966 1444 5034 loquens
1483 4967 1557 5019 ait
1590 4984 1600 5019 :
1634 4966 1720 5021 Sic
1748 4983 1839 5020 nos

281 5052 533 5104 existimet
565 5054 715 5105 homo
747 5064 801 5106 ut
826 5055 1086 5108 ministros
1121 5054 1332 5118 Christi,
1364 5066 1410 5107 et
1458 5057 1838 5123 dispensatores

280 5145 638 5210 mysteriorum
666 5144 780 5198 Dei.
814 5145 913 5198 llic
931 5149 1050 5214 jam
1083 5150 1335 5214 qua'ritur
1362 5148 1493 5200 inter
1521 5148 1840 5217 dispensato-

282 5252 359 5287 res
396 5249 445 5287 ut
474 5238 640 5303 fidelis
677 5239 791 5306 quis
829 5239 1120 5291 inveniatur
1147 5236 1197 5307 (1
1229 5239 1348 5290 Cor.
1378 5238 1470 5306 tv).
1503 5237 1575 5289 Ne
1602 5238 1719 5306 quis
1739 5255 1834 5291 au-

282 5331 386 5374 tem
441 5336 678 5380 nostrum
732 5327 872 5381 solos
922 5329 1188 5396 apostolos
1246 5329 1637 5396 dispensatores
1666 5328 1836 5383 factos

281 5413 550 5467 existimet
590 5417 932 5485 neglectoque
958 5418 1158 5470 militi-.13
1207 5417 1461 5486 spiritalis
1485 5417 1675 5478 oflicio,
1721 5432 1831 5470 scr—

281 5517 380 5555 vus
411 5503 557 5572 piger
597 5506 878 5559 infideliter
917 5506 1383 5576 imprttdenterque
1420 5508 1688 5567 dormitet,
1725 5508 1833 5574 ipse

285 5593 468 5647 beatus
516 5595 783 5662 apostolus
848 5599 1125 5664 episcopus
1177 5612 1384 5665 quoque
1442 5599 1834 5666 dispensatores

1872 4382 1922 4441 D

1939 472 2046 509 esse
2072 456 2203 509 sicut
2235 453 2330 508 Dei
2366 455 2772 524 dispensatorem
2816 454 2940 523 ('I‘it.
2975 453 3032 525 t-).
3076 454 3226 508 Servi
3257 469 3382 522 ergo
3408 468 3505 521 pa-

1940 544 2272 600 trisfamilias
2336 552 2392 599 et
2460 544 2860 613 dispensatores
2928 545 3134 598 Domini
3187 559 3390 605 smnus,
3449 551 3506 596 ut

1940 638 2216 692 conservis
2269 636 2447 691 cibum
2492 650 2651 705 quem
2691 651 2742 692 a,
2771 636 2996 692 Domino
3048 639 3354 706 accepimus
3383 652 3502 690 ero—

1942 742 2150 798 gemus.

2017 853 2082 908 Ut
2103 855 2186 908 det
2211 855 2314 908 illis
2342 856 2510 908 cibum
2539 857 2590 910 in
2618 866 2861 925 tempore.
2891 855 3159 926 (Hieron)
3191 856 3506 923 Exemplum

1942 947 2364 1016 patrisfamilias,
2386 947 2498 1001 ‘hoc
2532 955 2636 1009 est,
2668 947 2749 1001 sui
2778 955 2830 1000 et
2855 962 3132 1000 servorum
3167 934 3423 1010 fidelium,
3455 947 3507 998 id

1942 1044 2042 1100 est,
2068 1036 2449 1105 apostolorum,
2483 1036 2548 1089 ad
2579 1037 3005 1091 cohortationem
3036 1037 3278 1090 sollicita:
3305 1036 3502 1090 mentis

1944 1127 2238 1190 interserit,
2265 1135 2322 1179 ut
2341 1140 2433 1195 Spe
2457 1128 2799 1194 praemiorum
2824 1126 3126 1179 ministrent
3150 1127 3423 1180 conservis
3457 1127 3511 1178 in

1946 1227 2188 1288 tempore
2215 1233 2311 1272 suo
2370 1218 2574 1272 cibaria
2614 1219 2995 1272 doctrinarum.
3058 1216 3348 1289 (Falgent.)
3379 1218 3514 1283 Quis

1945 1325 2073 1364 vero
2101 1313 2172 1364 sit
2197 1309 2368 1372 cibus,
2412 1325 2599 1378 quaeve
2647 1324 2919 1372 mensura,
2963 1307 3112 1375 juxta
3151 1308 3314 1360 alium
3346 1323 3510 1361 evan-

1946 1398 2212 1468 gelistam,
2245 1399 2422 1460 tritici,
2453 1400 2496 1452 si
2522 1414 2844 1464 qureramus,
2866 1399 3058 1452 beatus
3079 1398 3274 1452 Paulus
3301 1408 3514 1466 aposto-

1946 1489 2028 1543 lus
2071 1488 2305 1542 ostendit
2347 1489 2531 1542 dicens
2576 1507 2588 1540 :
2630 1487 2920 1557 Unicuique
2959 1489 3090 1542 sicut
3142 1488 3282 1541 Deus
3338 1489 3512 1540 diuisit

1947 1594 2244 1633 mensuram
2275 1577 2399 1646 ﬁdei
2449 1576 2624 1646 (Rem.
2657 1576 2780 1647 xu).
2821 1577 2991 1644 Quam
3031 1592 3157 1648 ergo
3205 1592 3511 1632 mensuram

1874 1703 1922 1762 Β
1946 1668 2030 1723 vel
2063 1669 2240 1724 cibum
2265 1666 2510 1723 Christus
2535 1675 2826 1736 nuncupat,
2852 1667 3021 1736 ipsam
3053 1682 3359 1720 mensuram
3387 1665 3511 1718 fidei

1948 1759 2145 1815 Paulus
2173 1758 2424 1829 appellat,
2456 1766 2516 1813 ut
2541 1773 2894 1829 agnoscamus
2927 1773 3032 1812 non
3075 1757 3235 1810 alium
3276 1771 3394 1811 esse
3430 1755 3512 1809 ci-

1947 1851 2074 1906 bum
2103 1849 2432 1920 spiritalem,
2492 1848 2572 1902 vel
2618 1848 2877 1914 triticum,
2908 1846 3058 1916 juxta
3094 1846 3317 1913 Lucam,
3353 1861 3528 1917 quam.

1948 1937 2266 1994 Christiana:
2293 1938 2413 1993 fidei
2442 1937 2747 1993 venerabile
2784 1948 3177 1992 sacramentum
3211 1926 3358 2010 (Luc.
3389 1939 3510 2003 χιι).

1948 2033 2100 2086 Hunc
2138 2031 2315 2087 cibum
2342 2029 2425 2086 vel
2453 2029 2614 2084 tritici
2657 2044 2962 2085 mensuram
3011 2031 3313 2084 sacerdotes
3344 2029 3392 2082 in
3420 2045 3516 2083 no-

1949 2120 2094 2175 mine
2117 2120 2329 2175 Domini
2359 2127 2602 2188 erogant,
2633 2119 2844 2188 quoties
2891 2117 3171 2172 illuminati
3205 2114 3365 2172 ‘dono
3393 2133 3517 2189 gra-

1946 2212 2035 2265 tiae
2058 2210 2334 2280 spiritalis,
2369 2209 2662 2264 secundum
2707 2209 2944 2280 regulam
2977 2223 3115 2262 vera:
3163 2208 3282 2263 fidei
3330 2209 3519 2277 dispu-t

1947 2291 2082 2356 tant.
2112 2301 2176 2355 Et
2225 2301 2472 2355 eumdem
2521 2297 2716 2362 cibum,
2753 2298 2834 2352 vel
2871 2298 3031 2352 tritici
3078 2311 3385 2352 mensuram
3413 2312 3515 2366 per

1948 2391 2252 2446 Dominicos
2290 2391 2684 2459 dispensatores
2719 2387 2901 2443 fideles
2921 2388 3206 2458 accipiunt,
3235 2403 3355 2442 cum
3383 2402 3516 2456 quo-

1947 2483 2077 2538 tidie
2101 2498 2199 2553 per
2225 2482 2320 2538 Dei
2364 2481 2594 2536 famulos
2640 2480 2863 2536 verbum
2895 2481 3137 2534 veritatis
3166 2480 3407 2533 audiunt.
3439 2479 3518 2534 De

1949 2576 2063 2644 ipsa
2088 2590 2216 2646 ergo
2243 2574 2406 2629 tritici
2444 2587 2693 2628 mensura
2723 2571 2973 2632 Ecclesiae
2998 2572 3256 2640 prmsules
3290 2570 3517 2639 loquun-

1949 2673 2055 2719 tur.
2098 2665 2174 2719 Ex
2213 2665 2330 2735 ipsa
2363 2664 2561 2729 cibum,
2587 2663 2727 2718 sicut
2753 2662 2893 2716 Deus
2915 2676 3012 2731 per
3031 2676 3125 2716 eos
3150 2661 3357 2725 dividit,
3398 2661 3516 2715 uni-

1947 2757 2088 2810 versi
2142 2755 2326 2810 fideles
2374 2763 2685 2824 pascuntur.
2745 2753 2874 2807 inde
2911 2753 3162 2807 alimenta
3213 2753 3364 2806 bona:
3392 2753 3518 2806 vita:

1949 2853 2186 2907 sumunt,
2208 2852 2268 2898 ut
2309 2844 2376 2897 ad
2407 2851 2625 2897 aeternae
2654 2842 2778 2897 vitae
2807 2842 3026 2911 przemia
3074 2843 3354 2912 pervenire
3385 2855 3510 2910 pos-

1951 2933 2076 2996 sint,
2115 2933 2168 2986 in
2205 2933 2354 2986 illum
2393 2933 2693 2996 credentes,
2723 2931 2774 2984 in
2828 2931 2972 2984 illum
3026 2939 3326 3001 sperantes,
3355 2930 3504 2983 illum

1876 3050 1919 3111 ρ
1951 3039 2062 3092 pra:
2080 3023 2330 3079 omnibus
2356 3031 2412 3076 et
2440 3023 2494 3076 in
2532 3016 2778 3092 omnibus
2813 3021 3108 3090 diligentes,
3138 3021 3228 3089 qui
3273 3021 3534 3089 seipsunu

1950 3113 2105 3167 nobis
2132 3121 2186 3166 et
2229 3112 2541 3166 alimentum
2579 3118 2797 3180 praestat
2833 3123 2904 3163 ne
2954 3110 3270 3164 deficiamus
3300 3111 3351 3164 in
3405 3109 3512 3175 via,

1948 3211 2002 3257 ct
2027 3203 2302 3271 prtemium
2347 3209 2525 3255 servat
2550 3207 2607 3252 ut
2642 3198 2970 3269 gaudeamus
2995 3199 3048 3252 in
3077 3199 3270 3267 patria.
3309 3195 3540 3269 (Greg.).

1948 3294 2051 3349 Per
2072 3308 2377 3355 mensuram
2400 3307 2528 3361 ergo
2553 3290 2716 3345 tritici
2746 3273 3072 3358 exprimitur
3104 3288 3293 3343 modus
3337 3290 3510 3344 verbi.

1949 3388 2071 3442 Alta
2107 3388 2303 3441 etenim
2333 3400 2557 3456 qumque
2584 3384 2780 3438 debent
2806 3382 2986 3437 multis
3018 3382 3357 3437 audientibus
3383 3397 3516 3437 con-

1949 3481 2076 3550 tegi,
2107 3486 2160 3532 et
2190 3478 2277 3530 vix
2308 3477 2490 3546 paucis
2527 3475 2744 3546 aperiri,
2797 3489 2864 3528 ne
2912 3489 3034 3528 eum
3084 3481 3308 3544 angusto
3357 3474 3508 3528 cordi

1949 3570 2244 3640 incapabile
2298 3570 2496 3639 aliquid
2547 3569 2820 3632 tribuitur,
2861 3573 3010 3621 extra
3061 3565 3330 3623 fundatur.
3373 3565 3510 3622 Hinc

1951 3664 2158 3735 Moyses
2181 3679 2208 3717 a
2241 3671 2447 3719 secreto
2475 3662 2570 3717 Dei
2597 3662 2780 3717 exiens
2801 3669 3171 3716 coruscantem
3203 3659 3390 3715 faciem
3421 3675 3514 3715 co-

1948 3771 2063 3811 ram
2090 3755 2284 3826 populo
2310 3754 2468 3820 velat,
2499 3755 2621 3823 quia
2662 3753 2913 3807 nimirum
2942 3752 3112 3808 turbis
3139 3752 3396 3808 claritatis
3425 3754 3510 3807 in-

1950 3835 2092 3899 tima:
2118 3859 2311 3899 arcana
2348 3859 2453 3898 non
2503 3844 2724 3900 indicat.
2777 3842 2884 3896 Pro
2930 3842 3186 3911 qualitate
3225 3842 3387 3911 igitur
3411 3855 3511 3894 au-
3555 3864 3557 3866 ·

1950 3934 2206 3988 dientium
2235 3933 2453 3988 formari
2494 3934 2651 3987 debet
2678 3947 2856 3986 sermo
2891 3932 3183 3992 doctorum,
3223 3938 3282 3982 ut
3326 3930 3389 3982 ad
3415 3943 3512 3982 sua

1949 4021 2171 4092 singulis
2201 4031 2478 4092 congruat,
2509 4030 2564 4075 et
2612 4029 2786 4074 tamen
2817 4037 2846 4073 a
2877 4020 3177 4074 communis
3203 4017 3512 4073 aedificatio—

1947 4113 2032 4166 nis
2058 4119 2174 4167 arte
2199 4127 2468 4181 nunquam
2498 4111 2734 4166 recedat.

2020 4243 2209 4297 Beatus
2235 4243 2321 4296 ille
2350 4260 2523 4296 servus
2545 4259 2717 4312 quem,
2747 4259 2862 4296 eum
2886 4245 3081 4295 venerit
3099 4241 3352 4295 Dominus
3373 4242 3512 4309 ejus,

1949 4333 2194 4385 invenerit
2225 4334 2298 4385 sic
2327 4332 2620 4400 facientem.
2653 4333 2812 4384 Amen
2835 4333 2950 4383 dico
2978 4332 3134 4391 vobis,
3163 4333 3405 4400 quoniam
3422 4349 3510 4384 su-

1947 4441 2037 4493 per
2084 4424 2257 4476 omnia
2294 4424 2425 4476 bona
2457 4439 2554 4476 sua
2606 4425 2878 4476 constituet
2927 4438 3062 4474 eum.
3102 4425 3309 4487 Quanta
3369 4423 3511 4476 inter

1947 4513 2112 4568 bonos
2139 4513 2408 4567 auditores
2431 4523 2484 4567 et
2531 4513 2699 4567 bonus
2751 4512 2996 4566 doctores
3050 4513 3322 4575 distantia,
3363 4522 3508 4565 tanta

1947 4613 2030 4658 est
2057 4614 2109 4657 et
2136 4605 2498 4670 prmmiorum.
2530 4603 2636 4658 llos
2657 4605 2796 4658 enim
2831 4604 3120 4658 adveniens
3140 4619 3261 4656 cum
3285 4602 3507 4671 vigilan-

1949 4706 2028 4749 tes
2057 4695 2340 4757 invenerit,
2370 4694 2527 4748 faciet
2569 4695 2926 4757 diseuntbere,
2963 4702 3032 4748 et’
3054 4693 3321 4746 transiens
3351 4693 3509 4745 mini-

1947 4785 2141 4838 strabit
2168 4784 2286 4838 illis.
2320 4783 2442 4837 Illos
2469 4791 2644 4837 autem
2675 4799 2794 4837 cum
2835 4784 2982 4838 verbi
3033 4797 3300 4836 annonam
3351 4781 3508 4834 famiv

1946 4876 2028 4930 lim
2061 4876 2161 4930 sibi
2191 4877 2405 4930 creditae
2437 4875 2661 4929 fideliter
2707 4875 3102 4944 prudenterque
3132 4875 3508 4941 dispensantes

1947 4966 2231 5030 invenerit,
2257 4981 2415 5034 supra
2463 4966 2640 5019 omnia
2670 4981 2786 5034 qua:
2822 4967 3054 5034 possidet
3108 4967 3416 5024 constituet.
3451 4966 3504 5017 id

1945 5067 2028 5113 cst
2055 5073 2212 5127 supra
2247 5060 2423 5112 omnia
2457 5057 2688 5112 cmlestis
2734 5057 2878 5124 regni
2936 5059 3144 5124 gaudia.
3180 5056 3287 5110 Non
3321 5057 3508 5124 utique

1945 5155 2004 5198 ut
2049 5145 2237 5200 borum
2290 5147 2387 5201 soli
2428 5147 2718 5200 dominium
2756 5155 2990 5210 teneant,
3054 5150 3145 5200 sed
3199 5159 3254 5200 nt
3308 5164 3496 5202 eorum

1945 5236 2300 5289 abundantius
2371 5237 2578 5290 caneris
2640 5235 2839 5288 sanctis
2905 5246 3099 5289 aeterna
3165 5238 3504 5304 possessione

1943 5326 2206 5380 fruantur.
2263 5325 2361 5390 Qui
2425 5327 2558 5378 enim
2623 5325 2760 5378 docti
2809 5327 2998 5394 fuerint
3048 5326 3312 5395 fulgebunt
3350 5329 3500 5394 quasi

1942 5416 2182 5484 splendor
2223 5416 2574 5481 ﬁrmamenti;
2615 5427 2658 5468 et
2691 5416 2778 5484 qui
2831 5416 2899 5468 ad
2947 5417 3209 5485 justitiam
3252 5418 3493 5470 erudiunt

1944 5506 2146 5564 multos,
2201 5505 2335 5557 ‘uasi
2381 5505 2541 5558 stellio
2588 5508 2639 5558 in
2679 5517 2948 5573 perpetuas
2990 5509 3295 5558 a'ternitatcs
3333 5507 3495 5576 (Dan.

1946 5598 2056 5666 χιι).
2106 5597 2168 5650 Et
2207 5597 2488 5664 Apostolus
2516 5601 2584 5651 ait
2617 5612 2627 5647 τ
2665 5594 2912 5660 ρδιιιιρηια
2944 5610 3166 5664 prosunt
3218 5598 3499 5666 presbyteri
