3922 6340
434 273 569 334 Ιοὸὂ

1046 270 1104 326 Β.
1147 269 1410 326 ΒΑΒΑΝΙ»
1441 270 1660 326 MIHI-Ri
1696 267 1990 325 ARCHIEP

2092 268 2358 326 lOGUNT.
2401 261 2678 324 CPERUM
2716 269 2894 327 PARS
2933 274 2996 328 l.’

3532 279 3675 336 i035

426 388 624 465 duplici
642 396 838 446 Itonore
873 387 1017 456 digni
1051 386 1362 451 habeantur,
1389 388 1614 440 maxime
1632 386 1721 453 qui
1745 381 1987 437 laborant
2016 385 2063 440 Α
2091 397 2213 436 cum
2244 367 2328 437 his
2351 383 2594 437 videlicet
2618 384 2705 452 qui
2735 397 2887 439 erant
2915 389 2967 440 in
2992 405 3134 459 agro,
3167 406 3216 446 et
3246 395 3335 462 qui
3369 393 3676 453 mochanl.

425 483 483 536 in
503 479 654 534 verba
681 487 727 531 et
758 479 810 529 in
846 475 1084 529 doctrina
1109 476 1159 547 (I
1200 475 1334 529 Tim.
1367 476 1439 545 v).

499 570 560 625 Si
587 560 756 622 autem
779 569 968 621 dixerit
1002 568 1171 622 malus
1209 585 1384 625 servus
1425 567 1513 621 ille
1555 570 1610 622 in
1656 567 1809 621 corde
1844 582 1941 620 suo
1970 578 1990 616 :

431 660 632 713 Horam
663 659 790 728 facit
844 657 1100 712 Dominus
1125 675 1268 711 meus
1306 659 1476 712 venire
1497 675 1516 722 ;
1537 668 1592 712 et
1624 659 1829 726 creperit
1875 674 1994 727 per-

405 749 600 804 cutere
626 767 898 804 conservos
923 766 1063 814 suos,
1088 748 1367 802 manducet
1409 759 1578 803 autem
1615 757 1664 803 et
1695 748 1835 801 bibat
1871 763 1989 801 cum

425 841 598 898 ebriis.
633 843 712 898 Ex
739 843 1005 912 prioribus
1034 841 1231 911 pendet
1253 842 1396 912 quod
1428 843 1567 898 sicut
1590 842 1850 897 sollicitus
1877 857 1989 903 ser-

429 948 527 988 vus
548 942 604 989 et
639 949 849 1002 semper
875 934 1164 988 adventum
1199 934 1411 988 Domini
1441 933 1774 1003 prmstolans,
1826 929 1990 1011 tradit

429 1024 703 1080 conservis
729 1024 930 1078 cibaria
966 1025 1022 1078 in
1076 1032 1313 1092 tempore
1363 1039 1482 1088 suo,
1533 1032 1586 1077 et
1613 1032 1801 1094 postea
1829 1037 1992 1092 super

397 1105 624 1169 omnia.
648 1112 786 1168 bo‘na
837 1112 1234 1182 patrisfamilias.
1272 1114 1649 1177 constituetur,
1706 1115 1781 1168 ita
1805 1129 1836 1168 e
1862 1129 1990 1171 con-

425 1205 591 1258 trario
615 1204 705 1272 qui
731 1203 882 1274 juxta
909 1203 1242 1258 Ezechielem
1273 1203 1405 1260 dicit
1430 1223 1442 1258 :
1485 1205 1551 1259 In
1577 1216 1807 1275 tempora
1829 1205 1989 1274 longa

421 1292 507 1362 [iet
540 1291 685 1346 istud
720 1290 932 1363 (Eaeclt.
969 1291 1088 1361 xu),
1131 1300 1186 1345 et
1231 1307 1336 1346 non
1365 1300 1516 1361 putat
1562 1293 1670 1346 cito
1701 1293 2026 1348 Dominum.

424 1398 545 1436 esse
574 1391 878 1445 venturum,
927 1365 1100 1434 factus
1138 1382 1382 1436 securior
1421 1391 1579 1436 vacat
1608 1382 1780 1452 epulis
1827 1393 1990 1454 atque

422 1474 665 1537 lux-urite,
705 1480 759 1526 et
797 1487 902 1525 non
941 1471 1112 1526 lenem
1140 1473 1602 1542 patremfamilias,
1629 1473 1723 1529 sed
1759 1477 1990 1530 severis-

423 1563 614 1617 simum
643 1561 842 1618 sentiet
885 1560 1144 1630 iudicem.
1193 1562 1380 1636 (ΒΜ.)
1411 1563 1563 1618 Sicut
1608 1565 1666 1619 in
1710 1580 1824 1620 uno
1845 1565 1986 1621 ﬁdeli

420 1653 793 1721 dispensatore
828 1660 970 1707 totus
995 1653 1258 1707 bonorum
1304 1662 1576 1709 rectorum
1605 1655 1877 1723 quomodo
1901 1655 1987 1708 vel

419 1743 565 1796 vivat
600 1743 682 1797 vel
720 1753 1094 1823 remuneretur
1143 1744 1546 1824 ordoodocetur,
1585 1733 1747 1823 sic'et
1789 1746 1845 1800 in
1883 1747 1987 1802 hoc
2012 1723 2061 1782 Β

417 1833 966 1902 nequissimo,servo
1023 1823 1336 1888 cunctorum
1381 1823 1672 1909 praesidum
1721 1834 1986 1893 malorum

387 1922 778 1994 damnandum
845 1922 1050 1992 pariter
1109 1938 1242 1993 opus
1284 1933 1342 1979 et
1395 1925 1674 1981 damnatio
1734 1937 1988 1982 narratur
2039 1955 2041 1957 ι

416 2024 615 2070 acterna
641 2033 656 2068 :
684 2015 779 2085 qui
800 2015 1042 2086 neglecto
1069 2017 1282 2072 Domini
1327 2018 1520 2074 timore
1561 2035 1670 2075 non
1697 2024 1857 2076 modo
1882 2021 1983 2092 ipsi

419 2108 643 2162 luxuriae
672 2115 881 2172 vacant,
901 2107 1005 2180 sed
1040 2117 1094 2162 et
1150 2108 1390 2164 subditos
1445 2107 1660 2179 injuriis
1687 2109 1987 2176 stimulant,

419 2196 665 2268 quamvis
693 2197 870 2267 typice
892 2196 1059 2266 possit
1087 2197 1311 2268 intelligi
1361 2207 1647 2268 percutere
1669 2214 1984 2266 conservos,

421 2288 586 2344 corda
613 2273 974 2369 inﬁrmorum,
1003 2305 1102 2344 nec
1122 2291 1298 2345 adhuc
1335 2289 1462 2357 ﬁde,
1490 2289 1604 2361 spe,
1628 2302 1683 2348 et
1721 2293 1989 2349 charitate

420 2380 791 2444 solidatorum,
820 2389 1038 2435 ostenso
1075 2397 1254 2451 pravae
1299 2385 1650 2452 operationis,
1693 2395 1786 2440 aut
1840 2385 1988 2442 locn-

427 2470 588 2524 tionis
622 2469 870 2540 exemplo
900 2471 1115 2526 vitiare.
1156 2471 1310 2527 Unde
1330 2482 1387 2527 et
1429 2475 1571 2544 apud
1609 2473 1822 2547 Lucam
1851 2477 1987 2549 legi-

421 2569 507 2613 tur
535 2577 548 2611 :
584 2558 651 2612 Et
672 2560 820 2629 capit
843 2570 1112 2630 percutere
1140 2578 1327 2632 pueros
1356 2571 1405 2616 et
1430 2563 1653 2618 ancillas
1679 2563 1831 2638 (Luc.
1861 2567 1984 2638 xu).

418 2646 655 2718 Quorum
693 2656 894 2718 quanto
915 2650 1184 2725 inﬁrmior
1217 2660 1298 2707 est
1317 2661 1473 2717 tetas,
1503 2663 1596 2708 aut
1623 2670 1806 2720 sexus,
1837 2663 1990 2711 tanto

420 2738 626 2793 facilior
657 2747 743 2793 est
778 2739 953 2794 ruina.
985 2738 1158 2795 Edere
1177 2747 1380 2805 autem,
1417 2740 1602 2796 bibere
1629 2752 1684 2797 et
1708 2742 1984 2810 inebriari,

419 2836 503 2897 cst
537 2836 592 2881 et
624 2819 835 2882 cunctis
867 2826 1218 2903 facinoribus,
1248 2836 1320 2887 _et
1345 2829 1524 2884 saeculi
1554 2829 1841 2898 illecebris,
1868 2847 1988 2903 qua:

372 2953 375 2957 -
419 2923 653 2972 mentem
704 2915 1034 2982 dementem,
1079 2925 1136 2972 et
1185 2907 1370 2972 errare
1425 2917 1646 2985 faciant,
1709 2923 1984 2992 occupari.

421 3005 556 3062 Nota
607 3020 738 3063 sane
787 2997 931 3063 inter
973 3009 1103 3062 vitia
1138 3010 1278 3063 servi
1333 3009 1458 3064 mali
1504 3011 1797 3080 ascriptum
1845 3012 1988 3082 quod

2093 483 2146 528 et
2171 474 2516 531 nihilominus
2542 477 2777 531 derelicﬁ
2808 489 2949 532 sunt.
2975 478 3126 549 Saepe
3154 485 3387 539 diximus
3418 486 3678 556 hypoch

2095 572 2226 628 tam,
2253 564 2394 618 aliud
2430 581 2571 631 esse,
2608 567 2752 622 aliud
2783 571 3086 624 ostendere.
3138 571 3289 627 Sicut
3334 584 3387 629 et
3422 577 3480 629 in
3512 590 3674 646 agro,

2092 662 2146 706 et
2195 653 2247 707 in
2274 647 2642 719 malm-idem
2684 657 2967 712 videbatur
3009 660 3185 716 facere
3222 665 3365 731 quod
3405 657 3676 721 ecclesia-

2078 743 2260 796 sticus
2302 745 2401 808 vir,
2567 747 2746 802 exitus
2784 748 3007 817 diversa:
3045 750 3338 809 voluntatis
3391 756 3674 827 apparuit.

2093 835 2246 902 Quod
2272 845 2451 891 autem
2477 821 2607 893 dicit
2639 839 2746 893 illic
2772 855 2893 896 esse
2917 834 3099 912 dctum
3132 853 3186 899 et
3214 821 3506 904 stridorem
3537 849 3678 905 den-

2093 924 2243 988 tium,
2277 924 2367 979 ubi
2408 931 2609 980 servus
2645 929 2874 997 nequam
2928 945 3049 1000 cum
3097 932 3394 1003 hypocritis
3439 938 3676 1008 suscipit

2090 1023 2298 1084 partem
2326 1030 2501 1080 suam,
2526 1015 2792 1086 duplicem
2818 1020 3095 1087 gehennae,
3125 1034 3184 1075 ut
3206 1023 3422 1092 quidam
3457 1021 3671 1090 volunt,

2090 1108 2342 1176 exprimit
2369 1121 2604 1176 pmnam,
2635 1111 2687 1164 id
2717 1119 2799 1164 est
2835 1113 2974 1181 ignis
3000 1123 3054 1167 et
3083 1114 3324 1185 frigoris
3349 1106 3434 1172 Ad
3483 1118 3670 1189 ignem

2089 1201 2232 1254 enim
2257 1198 2413 1254 ﬂetus
2437 1201 2669 1270 pertinet
2696 1201 2998 1269 oculorum,
3027 1206 3093 1259 ad
3113 1204 3282 1276 frigus
3305 1206 3512 1262 stridor
3538 1209 3673 1263 den-

2091 1289 2252 1342 ti'um.‘
2297 1287 2444 1344 Unde
2469 1297 2525 1343 et
2556 1291 2608 1342 in
2635 1288 2734 1343 Job
2768 1293 3025 1361 scriptum
3054 1295 3174 1348 est:
3200 1294 3282 1347 Ad
3303 1293 3532 1349 calorem
3581 1297 3670 1348 nio

2088 1377 2249 1430 mium
2279 1378 2473 1431 transit
2501 1377 2566 1431 ab
2593 1380 2742 1449 aquis
2774 1380 2975 1434 nivium
3001 1379 3140 1453 (Job.
3174 1375 3366 1454 xxiv):
3393 1382 3503 1438 Sed
3549 1369 3669 1438 hoc

2073 1476 2190 1545 lnos
2213 1469 2407 1524 divina;
2436 1471 2673 1525 scientiae
2721 1481 3081 1536 reservantes,
3127 1473 3357 1528 sollicite
3409 1474 3670 1528 admone-

2090 1549 2462 1614 mus'inlerni
2525 1561 2821 1615 cruciatum
2864 1561 3250 1633 qualiscunque
3291 1563 3386 1628 sit,
3440 1563 3669 1618 omnino

2090 1650 2422 1723 fngiendum.
2451 1649 2738 1720 Sequitur:
3146 1665 3152 1671 ‘

2612 1765 2616 1769 ’
2644 1763 2874 1822 CAPUT
2931 1764 3097 1822 XXV.

2092 1851 2357 1925 Parabola
2396 1855 2462 1909 de
2498 1857 2672 1909 decem
2707 1856 3006 1925 virginibus,
3053 1859 3118 1911 de
3155 1857 3338 1912 ovibus
3385 1862 3438 1912 et
3470 1858 3663 1923 ha'dis,

2117 1945 2122 1949 ν
2159 1923 2223 1977 de
2250 1926 2488 1994 operibus
2520 1923 2812 2000 eorum,'de
2836 1928 2995 1980 servis
3021 1927 3179 1997 frugi,
3211 1938 3260 1981 et
3283 1930 3603 1999 ’μίσυ-σίδη.-

2162 2011 2251 2085 [1.]
2285 2012 2433 2068 Tunc
2449 2014 2616 2069 simile
2640 2015 2737 2068 erit
2778 2029 2994 2094 regnum
3029 2016 3272 2072 caelorum
3295 2019 3471 2073 decem
3497 2018 3658 2089 virgi-

2090 2102 2258 2168 nibus,
2283 2119 2399 2174 qua:
2420 2104 2724 2174 accipientes
2748 2106 3013 2177 lampades
3033 2110 3178 2174 suas,
3200 2110 3441 2163 exierunt
3457 2109 3660 2166 obviam

2088 2208 2276 2262 sponso
2304 2203 2352 2247 et
2377 2209 2601 2263 sponsae.
2629 2194 2868 2266 Quinque
2905 2207 3074 2263 autem
3098 2214 3162 2252 ea:
3184 2181 3444 2254 eiferaht
3467 2201 3656 2270 fit”,

2088 2290 2139 2336 et
2158 2283 2385 2352 quinque
2421 2283 2716 2352 prudentes.
2761 2286 2898 2340 Dato
2926 2288 3069 2360 enim
3094 2289 3337 2358 exemplo
3361 2289 3430 2346 de
3451 2290 3546 2346 die
3571 2291 3657 2361 ju-

2089 2371 2215 2426 dicii
2249 2385 2347 2440 per
2383 2387 2598 2427 servum
2629 2373 2830 2429 bonum
2862 2384 2917 2430 et
2947 2375 3178 2444 fidelem,
3210 2390 3371 2448 atque
3409 2391 3509 2450 per
3541 2395 3657 2435 ser-

2087 2477 2213 2515 vum
2256 2463 2455 2516 malum
2492 2471 2548 2517 et
2598 2463 2887 2532 inﬁdelem,
2935 2482 3125 2522 rursus
3163 2468 3307 2524 aliud
3337 2470 3410 2524 de
3464 2472 3652 2526 eam

2088 2553 2318 2622 reponit,
2340 2548 2642 2622 exemplum
2692 2557 2877 2612 dicens
2901 2574 2914 2609 :
2963 2557 3107 2613 Tunc
3129 2560 3296 2616 simile
3317 2562 3419 2615 erit
3442 2569 3656 2633 regna

2087 2642 2334 2697 cistarum
2360 2641 2534 2698 decem
2557 2644 2858 2713 virginibus,
2887 2656 2991 2702 etc.
3022 2647 3290 2722 (Hierom)
3318 2645 3470 2706 Hanc
3496 2640 3670 2721 μήν

2085 2733 2285 2799 bolum,
2319 2734 2373 2787 id
2407 2743 2510 2800 est,
2540 2735 2940 2792 similitudinem
2969 2739 3154 2794 decem
3181 2740 3450 2810 virginum
3483 2739 3658 2796 faena-

2086 2813 2205 2878 ruin
2239 2833 2399 2893 atque
2422 2825 2782 2894 prudentium,
2811 2827 3027 2897 quidam
3064 2830 3379 2900 simpliciter
3407 2831 3462 2885 in
3487 2832 3655 2902 virgi-

2087 2913 2244 2970 nibus
2269 2916 2690 2988 interpretantur
2715 2937 2728 2972 :
2753 2934 2980 2987 quarum
3026 2920 3144 2975 alia:
3163 2919 3316 2990 juxta
3345 2914 3658 2992 Apostohtm

2088 3013 2144 3059 et
2182 3021 2394 3075 corpore
2431 3016 2672 3061 et-mente
2713 3018 2837 3070 sunt
2869 3010 3120 3080 virgines;
3158 3011 3276 3066 aliae
3293 3013 3656 3084 virginitatem

420 3095 636 3152 tardum
675 3095 886 3154 Domini
939 3098 1024 3152 sui
1052 3098 1282 3153 reditum
1335 3099 1628 3168 putaveriL,
1649 3072 1775 3154 'Non
1806 3072 1986 3155 autem
2013 3072 2060 3132 (ἶ
2091 3072 2295 3149 tantum
2318 3111 2607 3166 corporum
2641 3072 2999 3166 reservantes.
3028 3072 3222 3155 caetera
3245 3072 3413 3171 opera
3437 3103 3659 3171 iustitiae

424 3177 565 3240 inter
589 3184 719 3240 boni
763 3171 988 3240 virtutes
1022 3196 1431 3242 annumeratum
1459 3189 1605 3258 quod
1637 3189 1793 3244 'hunc
1817 3191 1986 3246 citum

420 3276 688 3345 speravit,
749 3277 845 3331 sed
874 3278 1092 3331 tantum
1145 3277 1289 3347 quod
1334 3279 1402 3332 ad
1433 3277 1733 3346 iussionem
1775 3281 1990 3337 Domini

419 3365 847 3434 quandocunque
877 3367 1088 3421 venturi
1125 3369 1401 3422 conservis
1444 3368 1498 3422 in
1541 3377 1785 3440 tempore
1821 3372 1988 3426 tritici

423 3471 733 3519 mensuram
756 3454 983 3520 dederit,
1018 3459 1120 3512 hoc
1153 3468 1237 3512 est
1262 3459 1344 3514 vel
1383 3461 1648 3515 sermonis
1683 3447 1873 3526 divini,
1903 3463 1990 3516 vel

423 3548 682 3618 t-xempli;
711 3549 794 3606 sui
855 3551 1092 3620 regulam
1153 3550 1553 3608 monstraverit.
1615 3555 1759 3622 Quin
1825 3548 1990 3611 etiam

425 3635 682 3708 quosdam
719 3632 1095 3695 bonosservos
1122 3641 1345 3710 legimus
1370 3645 1438 3698 ab
1462 3644 1718 3714 Aposwlo
1756 3648 1990 3717 castiga-

426 3717 530 3794 tus.
557 3731 699 3801 quod
729 3739 1022 3788 trementes
1067 3742 1229 3803 atque
1277 3736 1424 3791 anxii
1459 3737 1745 3792 crederent
1787 3739 1992 3795 instare

425 3823 564 3878 diem
612 3819 857 3890 Domini,
910 3840 1067 3894 quem
1123 3827 1236 3896 ipse
1299 3825 1632 3896 inopinatum
1679 3831 1993 3899 promiserit

426 3927 546 3968 esse
582 3922 866 3968 venturum
906 3913 988 3985 (Il
1026 3915 1206 3970 Thess.
1258 3915 1342 3987 ιι).
1398 3915 1552 3974 Unde
1579 3919 1840 3988 optimum
1870 3933 1992 3975 esse

426 4006 705 4076 probatur,
755 4021 1062 4076 quanquam
1094 4023 1413 4080 magnopere
1440 4012 1482 4066 si
1512 4011 1673 4068 liceat
1708 4015 1989 4084 cupiamus

427 4094 585 4154 scire,
618 4094 831 4162 quando
869 4096 1048 4150 veniat
1099 4097 1436 4167 desideratus
1467 4103 1990 4175 cunctis..gentibus,

428 4184 796 4252 aequanimiter
809 4194 983 4241 tamen
997 4179 1355 4246 sustineamus
1367 4206 1465 4246 nos
1481 4184 1689 4249 ucscire
1711 4209 1831 4264 qute
1854 4196 1993 4252 scire

428 4289 533 4328 non
565 4273 742 4340 liceat,
771 4276 864 4330 sed
893 4284 1098 4332 tantum
1131 4279 1183 4333 in
1215 4281 1522 4350 exemplum
1549 4283 1676 4338 boni
1701 4285 1848 4340 servi
1874 4287 1992 4342 sive

2088 3200 2198 3239 non
2243 3186 2464 3252 habent,
2505 3189 2782 3256 proposito
2819 3203 2918 3260 suo
2955 3189 3038 3244 vel
3079 3192 3363 3259 parentum
3411 3193 3656 3247 custodia

2088 3285 2404 3343 reservata,
2452 3279 2797 3334 nihilominus
2826 3289 3003 3334 mente
3027 3287 3349 3350 nupserunt.
3392 3281 3499 3337 Sed
3526 3283 3655 3338 mihi

2088 3368 2302 3423 videtur
2328 3382 2394 3424 ex
2427 3371 2791 3439 superioribus
2815 3371 2952 3426 alius
2976 3387 3169 3428 sensus
3197 3388 3318 3430 esse
3342 3376 3436 3444 qui
3465 3377 3653 3431 dicitur

2089 3473 2277 3519 et'non
2306 3464 2375 3518 ad
2397 3463 2678 3543 virginalia
2705 3479 2948 3535 corpora,
2976 3467 3069 3522 sed
3100 3467 3167 3521 ad
3196 3482 3355 3543 omne
3379 3469 3656 3534 hominum

2089 3567 2258 3623 genus
2297 3541 2628 3623 comparatio
2656 3556 2961 3626 pertinere“
3001 3554 3202 3630 (Greg.)
3231 3541 3491 3614 Attamen
3509 3561 3655 3630 prius

2089 3645 2436 3712 quaerendum
2478 3644 2632 3698 nobis
2673 3653 2776 3710 est,
2817 3646 2943 3714 quid
2991 3647 3058 3700 sit
3099 3646 3355 3703 caelorum
3409 3656 3653 3720 regnum,

2085 3743 2184 3788 aut
2220 3748 2318 3788 cur
2350 3733 2535 3788 decem
2578 3734 2874 3804 virginibus
2916 3746 3279 3805 comparetur,
3329 3750 3449 3807 qua:
3480 3733 3656 3818 "etiam

2090 3825 2327 3906 virgines
2355 3825 2674 3896 prudentes,
2703 3835 2778 3901 let
2823 3825 2983 3883 fatuae
3024 3827 3291 3894 dicantur,
3339 3832 3466 3885 dum
3512 3831 3655 3886 enim

2091 3904 2348 3982 cmineum
2397 3928 2620 3984 regnum
2655 3924 2863 3972 constet
2885 3920 3028 3987 quod
3079 3917 3257 3974 nullus
3305 3920 3656 3991 reproborum

2092 4007 2407 4075 ingreditur,
2445 4007 2615 4062 etiam-
2646 4007 2807 4064 fatuis
2845 3998 3141 4079 virginibus
3170 4025 3275 4066 cur
3315 4012 3493 4066 simile
3535 4026 3657 4066 esse

2090 4095 2439 4164 perhibetur?
2482 4093 2589 4150 Sed
2629 4097 2904 4152 sciendum
2933 4106 3018 4153 est
3043 4089 3191 4168 quod
3229 4114 3372 4170 saepe
3421 4100 3474 4154 in
3502 4115 3657 4155 sacm

2092 4186 2304 4257 eloquio
2328 4199 2550 4258 regnum
2584 4188 2850 4243 caelorum
2883 4191 3162 4257 pmsentis
3191 4191 3449 4260 temporis
3476 4190 3656 4247 Eccle-

2093 4263 2173 4332 sia
2217 4279 2433 4344 dicitur,
2463 4280 2602 4333 sicut
2633 4286 2689 4333 et
2731 4278 2855 4334 alibi
2885 4277 3386 4335 demonstravimus.
3441 4279 3519 4334 De
3549 4295 3656 4350 quo

427 4383 611 4440 prepe,
642 4384 733 4423 seu
753 4371 943 4439 procul
986 4373 1074 4437 sit,
1114 4385 1329 4442 paratos
1375 4385 1711 4446 exspectare,
1769 4375 1834 4432 et’
1873 4379 1994 4434 dili-
2019 4405 2070 4462 ι)
2095 4369 2202 4462 alio
2236 4369 2289 4422 in
2323 4368 2442 4462 loco
2466 4370 2720 4462 Dominus
2753 4370 2868 4423 ait:
3141 4369 3312 4462 angeli
3335 4379 3384 4462 et
3411 4369 3655 4462 colligat

430 4476 555 4532 gere
579 4459 863 4514 adventum
887 4462 999 4529 ejus
1026 4473 1253 4533 oportet.

513 4547 688 4602 Veniet
713 4548 960 4603 Dominus
990 4554 1121 4605 servi
1161 4553 1303 4608 illius
1335 4555 1389 4606 in
1422 4555 1506 4607 die
1527 4571 1628 4624 qua
1663 4554 1766 4608 non
1797 4565 1988 4625 sperat,

429 4649 480 4694 et
511 4639 640 4692 liora
676 4656 779 4708 qua
814 4639 1054 4709 ignorat,
1084 4653 1129 4694 et
1169 4643 1355 4697 dividet
1383 4661 1519 4708 eum,
1551 4654 1849 4714 partemque
1878 4647 1992 4715 ejus

430 4740 580 4802 ponet
608 4746 724 4782 cum
762 4730 1073 4798 hypocritis;
1103 4731 1210 4784 illic
1240 4734 1336 4786 erit
1369 4735 1523 4802 ﬂetus
1561 4743 1609 4788 et
1647 4735 1844 4788 stridor
1867 4735 1993 4788 den-

431 4819 580 4880 rium.
610 4817 876 4887 (Ηὶενοη.)
919 4817 1041 4872 Hoc
1078 4820 1248 4887 ipsum
1275 4820 1430 4875 docet
1474 4832 1534 4876 ut
1569 4823 1745 4876 sciant
1777 4824 1994 4893 quando

431 4921 539 4968 non
567 4914 781 4975 putatur
804 4896 1093 4976 Dominus,
1128 4916 1254 4963 tunc
1278 4901 1397 4962 eum
1445 4925 1562 4964 esse
1592 4906 1896 4982 venturum.
1929 4911 1997 4966 Et

432 4991 722 5063 vigilantia
761 5009 826 5048 ac
861 4995 1234 5052 sollicitudinis
1284 4997 1679 5066 dispensatores
1721 5002 1991 5056 admonet.

432 5081 603 5144 Porro
620 5083 763 5152 quod
787 5083 918 5136 dicit
942 5103 955 5135 :
982 5084 1185 5140 Dividet
1212 5103 1346 5150 eum,
1376 5103 1480 5159 non
1506 5089 1647 5156 quod
1674 5088 1849 5159 gladio
1871 5080 1992 5144 eum

430 5168 683 5234 dissecet,
727 5170 820 5224 sed
863 5171 1004 5237 quod
1043 5187 1073 5225 a
1100 5154 1405 5228 sanctorum
1457 5154 1728 5230 consortio
1758 5177 1990 5246 separet.

435 5258 616 5331 (8η.)
654 5258 867 5326 Quare?
910 5257 1043 5325 Quia
1095 5263 1378 5336 adventum
1428 5264 1821 5333 desperaverit,
1866 5266 1992 5334 quia

435 5347 700 5402 mandatis
729 5363 832 5401 non
859 5330 1473 5419 obtemperaveritfquia
1500 5330 1856 5421 praesentibus
1875 5330 1993 5411 stu-

439 5436 628 5498 duerit,
660 5436 784 5504 quia
809 5437 917 5492 vita
945 5437 1183 5507 gentium
1211 5438 1423 5506 vixerit,
1465 5441 1590 5510 quia
1617 5441 1992 5511 desperatione

430 5525 616 5595 judicti
664 5527 998 5582 commissam
1046 5528 1145 5582 sibi
1197 5526 1451 5583 familiam
1492 5531 1661 5598 fame,
1695 5534 1806 5598 siti,
1848 5535 1993 5592 cale

442 5614 732 5671 vexaverit.
781 5614 850 5672 Et
887 5625 1092 5688 partem
1143 5615 1258 5687 ejus
1301 5629 1460 5687 ponet
1505 5636 1627 5676 cum
1680 5622 1992 5694 hypocritis,

2093 4459 2158 4512 de
2191 4474 2346 4528 regno
2384 4457 2497 4527 ejus
2535 4459 2708 4512 omnia
2744 4457 2994 4513 scandala
3041 4457 3252 4530 (Matth.
3275 4459 3415 4529 xm).
3471 4459 3657 4528 Neque

2095 4547 2249 4608 enim,
2271 4548 2323 4600 in
2351 4547 2446 4601 illo
2464 4560 2633 4618 regno
2655 4549 3021 4614 beatitudinis,
3050 4550 3103 4602 in
3146 4563 3256 4618 quo
3297 4564 3398 4618 pax
3445 4563 3650 4604 summa

2097 4648 2206 4703 est,
2241 4639 2464 4692 inveniri
2500 4639 2750 4694 scandala
2785 4647 3036 4710 poterunt
3069 4655 3187 4710 qua
3215 4641 3553 4710 colligantur.
3587 4640 3652 4695 Et

2098 4731 2239 4784 unde
2274 4739 2487 4784 rursum
2531 4729 2766 4784 dicitur:
2806 4729 2908 4796 Qui
2949 4731 3144 4800 fecerit,
3189 4741 3237 4785 et
3283 4735 3357 4785 sic
3394 4733 3650 4793 docuerit,

2099 4834 2317 4887 magnus
2349 4818 2614 4872 vocabitur
2644 4819 2698 4872 in
2739 4835 2892 4889 regno
2924 4820 3201 4874 caelorum:
3224 4823 3310 4891 qui
3342 4831 3516 4876 autem
3550 4823 3654 4876 sot-

2098 4909 2228 4961 verit
2257 4926 2416 4962 unum
2437 4910 2502 4963 de
2524 4910 2784 4964 mandatis
2814 4911 2926 4964 istis
2947 4912 3193 4974 minimis,
3213 4922 3262 4965 et
3294 4914 3368 4965 sic
3395 4913 3648 4976 docuerit,

2097 4996 2343 5050 minimus
2395 5000 2660 5053 vocabitur
2703 4999 2757 5053 in
2805 5015 2958 5068 regno
3011 4999 3251 5053 calorum
3307 5003 3325 5070 (
3345 5002 3529 5055 Matth.
3572 5005 3644 5073 τ).

2099 5087 2404 5143 Mandatum
2433 5090 2632 5159 quippe
2655 5089 2831 5155 solvit,
2859 5097 2914 5142 et
2937 5088 3112 5156 docet,
3141 5093 3358 5160 quando
3381 5092 3482 5172 hoc
3507 5094 3648 5163 quis-

2096 5193 2200 5246 que
2222 5193 2349 5234 voce
2376 5180 2649 5249 pnedicat,
2674 5179 2814 5248 quod
2834 5179 3058 5234 vivendo
3087 5197 3190 5234 non
3219 5178 3411 5251 implet
3455 5184 3556 5236 Sed
3569 5184 3644 5235 ‘ad

2095 5281 2317 5334 regnum
2355 5277 2568 5322 aeterna:
2627 5268 2974 5324 beatitudinis
3016 5285 3120 5346 nat
3165 5271 3305 5326 valet
3347 5271 3642 5339 pervenire.

2095 5359 2186 5428 qui
2230 5373 2335 5413 non
2377 5360 2488 5413 vult
2529 5375 2691 5430 opere
2739 5362 2956 5436 implere
2987 5363 3127 5432 quod
3169 5364 3341 5417 docet.
3372 5361 3644 5427 Quomodo

2093 5463 2222 5518 ergo
2247 5449 2300 5502 in
2325 5463 2391 5502 eo
2417 5449 2670 5503 minimus
2699 5461 2932 5515 vocatur,
2962 5454 3052 5520 qui
3081 5452 3148 5505 ad
3186 5453 3287 5506 hoc
3311 5451 3454 5506 nullo
3493 5451 3644 5507 modo

2097 5535 2300 5588 intrare
2348 5521 2871 5601 pennittiturlQuid
2921 5539 3098 5607 itaque
3123 5537 3218 5606 per
3246 5538 3386 5592 hanc
3433 5550 3644 5594 senten-

2095 5625 2224 5679 tiam
2247 5623 2347 5679 nisi
2374 5635 2610 5694 praesens
2633 5624 2866 5683 Ecclesia
2897 5627 3150 5683 cmiorum
3174 5642 3396 5696 regnum
3420 5626 3642 5684 dicitur!
