3922 6330
572 176 707 229 ἱὶὶεἹ

1208 174 1266 229 Β.
1311 174 1558 231 RABANI
1598 172 1815 231 MAL‘Rl
1849 172 2163 228 A-RCllll-IP.
2207 173 2509 232 M’OGUNT.
2546 177 2824 234 OPERUI
2861 177 3039 235 PARS
3075 182 3110 235 Ι.

573 289 793 340 virtutes
825 294 1118 356 sequantur
1145 295 1205 339 ttt
1230 286 1408 339 lumen
1441 288 1672 341 habeant
1721 291 2126 352 sempiternum.
2157 281 2204 342 Α
2232 282 2622 338 immutabimur
2655 285 2708 356 [1
2731 287 2854 341 Cor.
2883 285 2998 357 xv])
3027 288 3239 343 clausus
3265 302 3350 346 est
3389 290 3570 345 aditus
3622 292 3692 346 ad
3719 307 3796 346 te

571 377 769 448 (Grcg.)
811 378 954 445 Ergo
1005 377 1282 448 lampades
1329 377 1594 431 fatuarum
1628 375 1888 443 virginum
1927 373 2131 427 exstin-

568 475 818 535 gutmtur,
849 466 978 534 quia
1004 481 1194 520 eorum
1235 480 1414 532 opera,
1469 480 1587 532 qua:
1633 462 1779 517 clara
1826 459 2132 515 hominibus

571 559 700 612 foris
736 569 1123 626 apparuerant,
1175 560 1225 610 in
1266 558 1491 610 adventu
1528 555 1728 610 Judicis
1763 554 1908 608 intus
1939 552 2132 608 obscu-

570 655 778 710 rantur,
810 655 867 701 et
889 663 918 700 a
950 648 1055 701 Deo
1083 647 1484 700 retributionem
1537 660 1639 698 non
1671 644 1976 698 inveniunt.
1998 641 2132 710 Quia

568 749 664 800 pro
694 735 772 789 eis
814 743 1126 802 receperunt
1161 735 1226 788 ab
1255 734 1560 788 hominibus
1603 733 1786 786 laudes
1813 747 1950 801 quas
1987 746 2134 784 ama-

569 832 779 875 verunt.
831 823 968 888 Quid
1013 831 1096 876 est
1143 831 1320 876 autem
1369 822 1508 890 quod
1564 830 1689 875 tunc
1726 836 1757 875 a
1786 820 2134 889 prudentibus

570 912 746 964 oleum
775 919 982 979 petunt,
1015 913 1116 966 nisi
1142 913 1283 980 quod
1331 913 1390 964 in.
1424 912 1652 965 adventu
1695 910 1889 979 judicis
1917 927 2038 966 cum
2075 925 2135 965 se

572 1002 713 1053 intus
745 1015 939 1054 vacuas
966 1001 1290 1064 invenerint,
1320 1001 1679 1054 testimonium
1711 1001 1842 1055 foris
1865 1009 2130 1069 quaerunt,

569 1104 630 1141 ac
661 1105 751 1142 sua
782 1088 973 1142 ﬁducia
1025 1090 1259 1156 decepte
1302 1089 1560 1157 proximis
1603 1087 1808 1152 dicunt,
1860 1090 1984 1152 quia
2035 1103 2135 1143 nos

569 1178 718 1244 quasi
755 1178 871 1231 sine
898 1193 1056 1246 Opere
1085 1177 1262 1244 repelli
1292 1179 1621 1247 conspicitis,
1652 1179 1812 1233 dicite
1839 1180 1902 1234 de
1934 1181 2136 1234 nostris

571 1268 820 1336 operibus
847 1268 972 1335 quid
1001 1267 1224 1321 vidistis.

644 1360 1027 1427 Responderunt
1074 1340 1370 1429 pntdentei,
1413 1362 1688 1416 dicentes:
1726 1361 1808 1415 Ne
1851 1361 1984 1428 forte
2032 1376 2134 1413 non

570 1451 786 1518 sufﬁciat
815 1449 958 1501 nobis
987 1459 1032 1502 et
1057 1450 1213 1503 vobis.
1238 1449 1503 1520 (Ilieron.)
1531 1450 1641 1505 Hoc
1668 1466 1773 1504 non
1801 1451 1866 1504 de
1889 1447 2132 1512 avaritia,

571 1542 662 1593 sed
707 1541 770 1594 de
817 1541 1008 1594 timore
1056 1543 1375 1609 respondent

1422 1559 1439 1594 :
1477 1545 1856 1611 unusquisque.
1866 1543 2009 1597 enim
2038 1558 2134 1611 pro
2154 1585 2159 1589 .

2231 387 2397 440 gnum
2425 373 2704 428 enatorum.
2749 375 2862 428 Non
2890 377 3031 429 enim
3069 386 3190 445 post
3211 377 3473 443 judicium
3497 390 3654 450 patet
3679 395 3800 448 pre-

2231 477 2376 524 cum,
2411 472 2502 515 aut
2530 458 2839 518 meritorum
2868 464 3036 518 locus.
3087 463 3287 534 (Greg.)
3319 467 3363 521 Ο
3409 469 3452 522 si
3503 483 3696 536 sapere
3746 470 3798 518 in

2231 550 2408 604 cordis
2436 550 2669 619 palatum
2694 552 2862 621 possit
2889 553 3016 619 quid
3057 554 3424 608 admirationis
3458 558 3623 610 habet
3654 558 3800 624 quod

2233 639 2449 702 dicitur,
2477 639 2710 707 Sponsus
2752 642 2921 694 venit!
2947 642 3072 710 quid
3115 642 3430 704 dulcedinis,
3460 643 3802 696 Intraverunt

2233 745 2346 781 cum
2367 746 2430 782 eo
2453 730 2520 793 ad
2551 731 2788 800 nuptias!
2816 730 2942 800 quid
2973 731 3362 793 amaritudinis,
3394 731 3462 783 Et
3499 735 3682 785 clausa
3722 744 3801 784 est

2172 853 2176 856 ν
2224 819 2431 888 jauua!
2470 819 2624 872 Venit
2659 821 2859 888 quippe
2893 819 2982 874 ille
3015 822 3106 888 qui
3132 820 3359 874 adventu
3399 835 3497 874 suo
3522 822 3810 875 elementa

2234 902 2488 968 concutit,
2532 907 2589 960 in
2613 907 2764 974 cujus
2791 917 3074 977 conspectu
3105 909 3298 963 cmlum
3323 917 3376 962 et
3404 919 3546 963 terra
3575 920 3801 963 contrcb

2235 993 2430 1050 miseit.
2482 994 2632 1049 Unde
2677 996 2838 1050 etiam
2870 1011 2965 1065 per
2998 997 3310 1066 prophetam
3342 998 3536 1052 dicitur
3563 1016 3575 1050 :
3608 999 3800 1051 Adhuc

2233 1083 2407 1145 semel,
2445 1093 2492 1138 et
2535 1100 2626 1154 ego
2667 1085 2874 1138 monebo
2920 1101 3022 1138 non
3045 1084 3218 1140 solum
3260 1095 3473 1149 terram
3513 1087 3608 1140 sed
3637 1087 3802 1140 κίστη

2235 1173 2416 1226 calum
2443 1173 2595 1243 (Agg.
2619 1173 2699 1242 is).
2747 1173 2828 1228 Ad
2855 1173 3011 1244 cujus
3035 1165 3277 1229 exameu'
3293 1189 3451 1230 omne
3478 1189 3653 1244 genus
3693 1176 3798 1228 hu-

2186 1335 2193 1346 ,
2236 1280 2453 1319 manum
2499 1266 2798 1330 deducitur,
2828 1281 2950 1321 cum
2989 1267 3056 1321 ad
3085 1266 3374 1321 vindictam
3403 1265 3670 1320 malorum
3715 1283 3802 1319 re-

2235 1355 2764 1423 munerationemque
2823 1355 3084 1410 bonorum
3106 1395 3121 1421 ,
3182 1355 3386 1425 angeli,
3450 1354 3800 1420 archangeli.

2238 1445 2436 1508 throni,
2468 1446 2823 1522 principatus,
2853 1454 2913 1500 et
2937 1446 3330 1501 dominatimcs
3361 1445 3796 1516 subsequuntur.

2239 1545 2365 1592 tunc
2408 1538 2555 1607 regni
2595 1538 2757 1607 janua
2803 1538 3105 1608 lugentibus
3146 1535 3434 1603 clauditur,
3478 1554 3602 1608 qua
3642 1539 3802 1593 ιιιοὼ

571 1630 821 1696 operibus
871 1630 980 1684 suis
1005 1631 1308 1686 mercedem
1329 1631 1568 1705 recipiet,
1607 1647 1780 1702 neque
1822 1640 2043 1702 possunt
2079 1633 2130 1686 in
2165 1621 2206 1681 Β
2235 1627 2472 1696 quotidie
2518 1627 2903 1698 pmnitentihus
2948 1628 3204 1696 aperitur.
3253 1627 3372 1682 Erit
3407 1641 3643 1697 uanique
3675 1636 3802 1681 uno

572 1718 658 1770 die
695 1716 880 1783 judicii
909 1719 1134 1773 aliorum
1174 1721 1398 1775 virtutes
1429 1721 1653 1776 aliorum
1678 1722 1806 1774 vitia
1832 1721 2129 1776 subluvare.

573 1807 638 1859 Et
677 1810 943 1875 quomodo
989 1818 1227 1879 tempore
1281 1807 1583 1880 Babylonia:
1625 1812 1949 1880 captivitatis
1983 1809 2132 1865 Jere-

574 1898 711 1950 mias
751 1909 1059 1966 peceatores
1101 1900 1350 1969 adjuvare
1399 1917 1503 1956 non
1544 1903 1738 1972 potuit,
1765 1910 1820 1957 et
1847 1903 2043 1958 dicitur
2070 1903 2134 1957 ad

577 2003 719 2050 eum,
755 1986 836 2040 Ne
858 1990 1082 2042 oraveris
1114 2006 1207 2058 pro
1238 1989 1427 2060 papula
1457 1989 1557 2060 isto
1581 1990 1711 2063 (Jer.
1738 1992 1870 2062 xw),
1918 1993 1995 2046 sic
2024 1992 2135 2048 lor-

574 2078 828 2132 nzidolosa
867 2080 969 2132 erit
995 2079 1082 2133 illa
1110 2080 1245 2145 dies,
1273 2095 1396 2135 cum
1425 2082 1789 2151 unusquisque
1813 2099 1911 2153 pro
1940 2093 2138 2138 semet-

576 2166 690 2234 ipso
715 2166 976 2221 sollicitus
1004 2167 1124 2221 erit.
1161 2165 1361 2238 (Greg.)
1391 2168 1449 2223 in
1499 2169 1589 2225 illo
1621 2172 1821 2225 ctenim
1862 2172 1951 2226 die
1973 2171 2136 2240 (quod

574 2263 749 2308 tamen
781 2258 846 2309 de
871 2258 1186 2324 quibusdam
1220 2260 1270 2312 in
1300 2275 1430 2328 pace
1459 2250 1711 2316 Ecclesia:
1738 2262 2137 2331 quiescentibus

574 2345 804 2413 loquor),
847 2347 1160 2416 sibimetipsi
1199 2349 1563 2403 testimonium
1607 2351 2022 2420 uniuscujusque
2049 2352 2137 2405 vix

575 2434 784 2497 sullicit,
832 2443 1034 2503 quanto
1064 2437 1322 2502 minuset
1365 2439 1466 2492 sibi
1503 2448 1558 2494 et
1586 2439 1870 2508 proximo?
1907 2438 2055 2494 Unde
2085 2450 2138 2495 et

574 2525 818 2590 protinus
849 2539 944 2591 per
972 2525 1387 2593 increpationem
1414 2528 1658 2582 subditur
1683 2547 1694 2580 :

646 2612 726 2665 Ite
751 2615 921 2680 potius
945 2615 1012 2666 ad
1041 2611 1332 2682 uendentes,
1358 2627 1405 2670 et
1425 2619 1576 2672 emite
1601 2619 1764 2673 vobis.
1816 2618 1996 2690 (Λαίς.)
2021 2618 2139 2675 Non

579 2705 861 2756 COttsilium
895 2703 1105 2758 dedisse
1131 2706 1378 2773 putanda:
1424 2718 1566 2772 sunt,
1598 2709 1690 2762 sed
1720 2710 1923 2764 crimen
1949 2724 2136 2775 earum

578 2810 640 2847 es
659 2794 870 2860 obliquo
887 2809 1358 2850 commemorasse.
1383 2796 1627 2852 Vendunt
1649 2800 1986 2855 enimoleum
2009 2801 2140 2855 adu-

2235 1715 2573 1786 paenitentia,
2599 1715 2691 1770 sed
2722 1714 2992 1770 fructuosa
3012 1715 3124 1785 jam
3149 1732 3256 1772 non
3281 1718 3415 1780 erit;
3441 1725 3570 1787 quia
3599 1731 3802 1785 nequa.

2234 1821 2396 1876 quam
2427 1814 2564 1860 tunc.
2578 1806 2786 1860 veniam
2827 1806 3058 1873 invenit,
3093 1807 3198 1876 qui.
3222 1808 3394 1862 modo.
3417 1812 3602 1877 apsum
3631 1806 3806 1870 venit:

2235 1904 2459 1966 tempus.
2472 1895 2718 1965 perdidit.
2751 1895 2887 1951 Hinc
2923 1897 3193 1965 sequitur:

2306 1987 2600 2042 Novissime
2647 1988 2853 2042 ueniunt
2911 1993 2960 2041 et
3011 1987 3492 2059 reliqnc‘oirgines
3537 1988 3800 2042 dicentes:

2234 2075 2472 2138 Domine,
2497 2075 2740 2142 Domine,
2763 2076 2908 2145 aperi
2937 2077 3103 2132 nobis.
3143 2079 3208 2132 At
3233 2078 3322 2132 ills
3347 2079 3664 2148 respondens
3696 2082 3767 2132 ait
3784 2095 3800 2128 :

2234 2164 2397 2219 Amen
2423 2164 2539 2218 dico
2569 2165 2731 2230 vobis,
2772 2165 2940 2218 nescio
2980 2183 3084 2220 vos.
3131 2167 3312 2238 (Δις.)
3339 2167 3452 2220 Non
3479 2167 3684 2221 dictum
3716 2178 3796 2221 est

2235 2255 2380 2324 quod
2405 2255 2636 2310 eruerint
2668 2255 2866 2320 oleum,
2895 2264 2952 2310 et
2977 2257 3098 2312 ideo
3123 2257 3476 2328 intelligenda:
3503 2266 3640 2312 sunt.
3656 2260 3810 2312 nullo

2229 2341 2345 2412 jam
2367 2353 2680 2399 remanente
2708 2343 2775 2398 de
2803 2344 2992 2400 alienis
3016 2345 3259 2400 laudibus
3285 2346 3508 2417 gaudio,
3552 2349 3606 2400 in
3637 2363 3800 2417 angu-

2236 2433 2353 2486 stiis
2373 2435 2436 2487 et
2459 2434 2665 2502 magnis
2690 2431 3067 2489 amictionibus
3086 2435 3262 2490 redire
3284 2435 3352 2489 ad
3372 2435 3801 2506 implorationem

2237 2521 2352 2576 Dei.
2386 2520 2491 2575 Sed
2516 2537 2707 2591 magna
2726 2530 2808 2577 est
2826 2523 2943 2592 ejus
2969 2524 3225 2578 severitas
3249 2533 3368 2594 post
3393 2524 3679 2593 judicium,
3709 2542 3799 2580 cu-

2229 2609 2320 2682 jus
2347 2617 2472 2665 ante
2487 2609 2746 2678 judicium
2777 2609 3069 2667 ineﬂ'abilis-
3088 2613 3452 2668 misericordia
3501 2626 3798 2685 pra-ngat:

2235 2706 2336 2752 est.
2375 2698 2559 2767 itaque
2590 2699 2917 2767 respondens
2944 2700 3041 2764 ait,
3083 2701 3244 2754 Amen
3271 2701 3390 2754 dico
3421 2701 3582 2765 nobis,
3618 2706 3795 2757 nescio

2236 2803 2342 2845 vos.
2392 2788 2467 2841 lbi
2508 2786 2620 2855 jam
2654 2804 2685 2841 a
2715 2788 2938 2844 Domino
2965 2805 3071 2844 non
3095 2799 3274 2860 potest
3318 2792 3566 2846 misereri
3589 2795 3682 2862 qui
3718 2794 3800 2849 hic

576 2883 793 2946 latores,
833 2883 923 2950 qui
962 2883 1075 2936 sive
1114 2883 1283 2948 falsa,
1319 2886 1429 2939 sive
1477 2887 1718 2954 ignorata
1768 2889 2053 2955 laudando,
2081 2890 2133 2944 in

2236 2875 2404 2930 noluit
2430 2877 2619 2931 audire
2642 2878 2782 2946 quod
2803 2878 2999 2948 jussit;
3037 2881 3129 2950 qui
3168 2891 3376 2950 tempus
3409 2898 3670 2954 congrum
3693 2901 3803 2954 pa-

575 2985 814 3025 errorem
860 2973 1069 3027 animas
1116 2975 1348 3038 mittunt,
1398 2983 1451 3030 et
1499 2976 1577 3030 eis
1615 2992 1751 3031 vana
1780 2978 1971 3048 gaudia
2019 2990 2133 3034 tan-

2236 2964 2475 3021 nitentia:
2518 2966 2768 3036 perdidit,
2817 2968 3016 3023 frustra
3050 2978 3174 3024 ante
3215 2972 3364 3042 regni
3405 2950 3636 3041 jantiam
3681 2950 3799 3029 cum

577 3075 736 3126 quam
788 3060 949 3116 fatuis
977 3064 1584 3134 conciliando,aliquam
1618 3068 1683 3122 de
1709 3069 1794 3122 bis
1831 3069 2134 3125 mercedem

577 3149 689 3201 sive
723 3149 985 3214 ciborum,
1015 3151 1127 3206 sive
1157 3153 1433 3221 pecuni:e,
1469 3154 1582 3209 sive
1613 3155 1864 3221 honoris,
1895 3158 2007 3213 sive
2036 3158 2135 3213 ali-

578 3234 728 3302 cujus
770 3238 1036 3292 commodi
1084 3241 1394 3309 temporalis
1440 3243 1729 3313 accipiunt,
1783 3261 1889 3301 non
1942 3247 2136 3303 intelli-

580 3336 763 3394 gentes
800 3328 940 3396 quod
969 3328 1168 3383 dictum
1200 3340 1282 3385 est
1314 3347 1328 3385 :
1360 3331 1462 3397 Qui
1501 3351 1589 3388 vos
1639 3335 1814 3403 felices
1861 3334 2044 3395 dicunt
2079 3342 2134 3392 in

577 3432 801 3470 errorem
854 3433 938 3470 vos
983 3420 1192 3473 mittunt
1241 3420 1373 3491 (lsa.
1419 3423 1524 3494 sn).
1593 3423 1778 3480 Melius
1828 3437 1911 3480 est
1955 3435 2133 3482 autem

578 3509 626 3556 ol
645 3506 850 3575 jurgari
882 3523 911 3561 a
930 3507 1096 3575 justo,
1127 3526 1287 3579 quam
1313 3527 1340 3564 a
1366 3525 1648 3581 peccatore
1679 3515 1922 3570 laudari:
1949 3517 2137 3572 Emen-

581 3597 742 3660 dabit,
763 3599 1051 3666 inquit,me
1068 3601 1246 3669 justus
1273 3604 1326 3655 in
1348 3605 1723 3669 misericordia,
1750 3617 1796 3659 et
1818 3616 1997 3676 arguet
2020 3623 2133 3670 me;

580 3685 748 3738 oleant
792 3697 964 3741 autem
999 3692 1280 3758 peccatoris
1325 3710 1426 3746 non
1465 3693 1934 3765 impinguet-caput
1965 3713 2136 3750 meum

579 3774 747 3844 (l’sal.
798 3777 940 3847 exs).
1001 3777 1204 3852 [Greg.]
1250 3781 1550 3852 Principale
1602 3787 1800 3840 etenim
1857 3786 1909 3839 in
1940 3788 2131 3854 nobis,

580 3875 740 3934 caput
782 3876 863 3921 est
913 3879 1155 3923 nostrum
1192 3890 1204 3926 :
1245 3873 1600 3942 appellatione
1650 3876 1793 3930 enim
1840 3877 2031 3945 capitis
2072 3893 2135 3932 ea

578 3971 696 4021 utne
744 3953 1074 4027 principatur
1116 3963 1325 4030 corpori
1364 3978 1515 4016 mens
1547 3973 1786 4018 vocatur.
1839 3965 2136 4035 lmpinguat

578 4059 704 4112 ergo
733 4055 888 4112 caput
913 4047 1085 4101 oleum
1119 4051 1437 4117 peccaturis,
1469 4067 1590 4105 cum
1617 4052 1879 4106 demulcet
1904 4041 2136 4108 mentem

580 4134 731 4188 favor
755 4136 1039 4190 adulantis.
1068 4137 1147 4191 Ite
1169 4155 1286 4208 ergo
1311 4141 1379 4192 ad
1405 4141 1671 4194 uendentes
1703 4143 1886 4212 magis,
1913 4152 1960 4196 et
1987 4145 2135 4197 emite

579 4226 734 4277 vobis.
760 4225 941 4295 (Aug.)
964 4226 1015 4279 ld
1039 4237 1138 4290 est,
1161 4229 1434 4284 videamus
1456 4246 1597 4284 nunc
1619 4233 1742 4299 quid
1765 4248 1858 4286 vos
1883 4233 2133 4301 adjuvant
2159 4267 2210 4326 Β

579 4317 667 4383 qui
698 4316 847 4368 vobis
872 4316 1051 4370 laudes
1076 4319 1302 4372 vendere
1337 4333 1678 4387 consuerunt,
1707 4332 1760 4376 et
1789 4338 1880 4376 vos
1907 4324 1957 4375 in
1986 4339 2133 4379 erro-

581 4405 989 4468 reminducere,
1019 4414 1075 4458 ut
1109 4422 1212 4460 non
1250 4423 1428 4462 coram
1442 4409 1573 4476 Deo,
1608 4413 1702 4467 sed
1734 4414 1801 4468 ab
1830 4415 2132 4471 hominibus

581 4493 796 4562 gloriam
825 4495 1152 4560 quaereretis.

653 4582 787 4636 Dum
839 4596 1009 4637 autem
1049 4586 1181 4638 irent
1219 4603 1417 4652 emere,
1461 4593 1591 4643 venit
1632 4609 1848 4661 sponsus
1873 4633 1888 4658 ,
1932 4604 1979 4648 et
2016 4612 2133 4665 quia:

582 4685 777 4742 parata'
813 4686 958 4728 erant
993 4677 1309 4730 intrauerunt
1343 4695 1457 4731 cum
1483 4697 1541 4732 eo
1565 4683 1858 4748 innuptias,
1880 4695 1926 4738 et
1956 4686 2133 4740 clausa

583 4765 861 4831 estjanua.
895 4765 946 4817 ld
974 4773 1073 4826 est,
1105 4766 1482 4823 inclinantibus
1513 4784 1568 4823 se
1599 4771 1701 4825 illis
1731 4772 1779 4825 in
1809 4789 1870 4826 ea
1897 4790 2015 4842 quae
2054 4775 2133 4829 fo-

583 4853 658 4907 ris
687 4860 832 4917 sunt,
864 4863 916 4906 et
953 4855 1122 4909 solitis
1159 4857 1392 4925 gaudere
1423 4861 1801 4926 quzerentihus,
1843 4863 1965 4930 quia
2004 4880 2133 4932 gau-

583 4948 669 5001 dia
703 4948 912 5001 interna
959 4964 1061 5001 non
1105 4961 1380 5015 noverant,
1411 4955 1554 5006 venit
1592 4953 1678 5008 ille
1712 4955 1800 5022 qui
1835 4953 2056 5021 judicat,
2086 4967 2131 5009 et

585 5055 702 5108 qua
737 5049 932 5106 parata
958 5050 1128 5102 erant,
1169 5041 1221 5093 id
1249 5051 1329 5095 est
1355 5044 1548 5110 quibus
1593 5045 1784 5098 bonum
1819 5060 1997 5098 coram
2025 5047 2132 5109 Deo

583 5129 940 5183 testimonium
966 5130 1290 5182 conscientia
1319 5133 1645 5198 perhibebat,
1676 5135 1993 5186 intraverunt
2015 5151 2130 5187 cum

581 5236 641 5272 eo
668 5218 736 5272 ad
775 5219 998 5286 nuptias,
1025 5220 1080 5273 id
1105 5229 1204 5283 est,
1239 5220 1328 5274 ubi
1358 5223 1551 5274 munda
1577 5223 1749 5276 anima
1779 5238 1911 5292 puro
1935 5233 1988 5278 et
2015 5239 2133 5293 pcr-

582 5307 724 5362 fet-to
748 5309 837 5361 Dei
872 5309 1029 5362 verbo
1059 5309 1279 5363 fecunda
1307 5311 1602 5380 cepulatur.
1633 5312 1824 5366 Clausa
1847 5325 1919 5367 est
1934 5316 2127 5383 janua,

583 5399 636 5454 id
681 5407 782 5461 est,
837 5399 1063 5468 receptis
1111 5399 1213 5454 illis
1257 5402 1343 5469 qui
1383 5409 1508 5455 sunt
1545 5402 1595 5454 in
1635 5404 1923 5470 angelicam
1967 5405 2127 5457 vitam

583 5489 870 5555 immutati,
901 5488 1112 5562 (Omnes
1146 5491 1276 5544 enim
1315 5508 1654 5561 rcsurgemus,
1691 5494 1776 5546 scd
1820 5509 1919 5546 non
1955 5508 2126 5546 omnes

2233 3056 2486 3126 precibus
2511 3059 2675 3112 venit.
2728 3058 2861 3114 Hinc
2893 3061 3090 3115 etmim
3130 3076 3228 3130 per
3253 3061 3594 3118 Salomonem
3625 3065 3802 3119 Domi-

2234 3161 2335 3200 nus
2358 3142 2523 3199 dicit:
2562 3145 2746 3201 Voconi
2772 3158 2821 3201 et
2845 3150 3118 3215 renuistis;
3144 3153 3355 3204 extendi
3396 3169 3608 3206 mnum
3634 3170 3803 3207 meum

2232 3242 2280 3287 et
2309 3249 2410 3288 non
2440 3233 2543 3302 fuit
2566 3237 2653 3305 qui
2687 3232 2952 3303 aspiceret.
2986 3239 3306 3310 Despearistis
3342 3260 3491 3296 omne
3527 3246 3802 3300 consilium

2233 3318 2401 3378 meum
2423 3335 2470 3378 et
2491 3325 2861 3396 iucrepationes
2889 3345 3031 3383 meas
3053 3331 3343 3400 neglexisti}
3366 3350 3384 3388 :
3407 3351 3500 3402 ego
3524 3352 3728 3404 quoque
3750 3337 3802 3388 in

2232 3414 2443 3467 interitu
2485 3426 2649 3470 vestro
2682 3417 2880 3481 ridebo,
2898 3429 2946 3472 et
2971 3421 3297 3475 subsannobo
3336 3439 3457 3476 cum
3494 3425 3634 3477 vobis
3663 3427 3801 3493 quod

2233 3501 2487 3556 timebatis
2518 3503 2793 3557 advenerit.
2819 3504 2950 3559 Cum
2976 3508 3184 3562 irruerit
3216 3513 3479 3579 repentina
3505 3511 3799 3575 calamitas,

2230 3593 2448 3660 quando.
2496 3594 2683 3646 venerit
2723 3610 2879 3664 super
2924 3614 3008 3651 vos
3054 3598 3351 3666 tribulatio,
3412 3612 3459 3654 et
3517 3605 3762 3672 angustia

2232 3684 2504 3739 calamitas
2544 3695 2591 3739 et
2631 3687 2908 3753 interitus,
2975 3690 3125 3759 quasi
3164 3701 3438 3759 tempestas
3487 3695 3794 3762 ingrata-int,

2233 3783 2352 3827 tunc
2397 3776 2701 3828 invocabant
2726 3794 2804 3831 me
2832 3789 2879 3831 et
2914 3795 3017 3832 non
3057 3781 3355 3845 exaudiam,
3397 3799 3552 3836 mane
3583 3800 3798 3838 consar-

2231 3875 2349 3934 gent
2383 3877 2428 3919 et
2455 3884 2554 3920 non
2575 3868 2829 3922 invenient
2855 3887 2934 3923 me
2961 3868 3144 3941 (Prov.
3171 3871 3268 3942 XI).
3302 3873 3441 3927 Ecce
3469 3876 3662 3942 aperiri
3686 3875 3794 3930 da-

2233 3961 2382 4006 mant
2402 3993 2417 4018 ,
2451 3963 2506 4008 et
2537 3955 2851 4022 repulsionis
2885 3973 2995 4011 sua:
3024 3958 3203 4013 dolore
3231 3961 3524 4029 compulsa:
3568 3963 3794 4032 appella-

2235 4043 2429 4096 tionem
2478 4045 2803 4100 dominantis
2852 4046 3183 4116 ingeminant
3229 4050 3514 4105 dicentes:
3551 4051 3792 4118 Domine,

2232 4129 2467 4195 Domine,
2496 4135 2634 4201 aperi
2659 4135 2819 4187 nobis.
2840 4134 3047 4194 ,Prcces
3075 4135 3305 4192 oll‘crttnt
3335 4139 3428 4193 sed
3455 4142 3789 4199 uesciuutur:

2234 4222 2358 4288 quia
2390 4230 2514 4277 tunc
2549 4226 2692 4278 velut
2719 4227 3015 4297 incognitos
3047 4229 3183 4282 Deus
3220 4231 3438 4296 deserit,
3469 4247 3611 4300 quos
3637 4235 3791 4292 modo

2236 4317 2360 4366 subs
2399 4327 2495 4380 per
2531 4314 2651 4367 vita:
2685 4315 2931 4368 meritum
2972 4304 3095 4369 non.
3124 4318 3380 4386 agnoscit.
3415 4317 3573 4372 Novit
3603 4320 3794 4388 quippe

2238 4402 2490 4456 Dominus
2514 4419 2598 4456 eos
2627 4405 2712 4475 qui
2733 4405 2845 4474 ejus
2869 4416 3007 4470 sunt,
3036 4406 3104 4460 Et
3129 4407 3217 4476 qui
3237 4408 3441 4476 ignorat
3473 4409 3794 4476 ignorabitur

2239 4491 2288 4561 (1
2323 4491 2444 4546 Cor.
2477 4494 2608 4566 xw).
2665 4495 2930 4568 [Πίσωνι]
2978 4497 3159 4553 Nescit
3221 4498 3481 4554 Dominus
3521 4499 3794 4568 operarios

2239 4582 2554 4651 iniquitatis,
2587 4593 2640 4638 et
2679 4585 2801 4640 licet
2840 4587 3072 4656 virgines
3115 4589 3243 4650 sint,
3273 4597 3327 4642 et
3357 4591 3652 4644 secundum
3699 4590 3788 4642 du-

2236 4674 2426 4742 plicem
2459 4675 2856 4745 intelligentiam
2887 4677 2951 4731 de
2978 4681 3215 4747 corporis
3236 4679 3470 4747 puritate
3493 4691 3551 4733 et
3577 4680 3642 4734 de
3668 4694 3788 4734 cun-

2232 4765 2462 4818 fessione
2485 4780 2622 4819 verae
2641 4766 2930 4835 glorientur
2954 4769 3097 4833 fidei,
3125 4778 3306 4823 tamen
3322 4770 3450 4837 quia
3477 4769 3655 4823 oleum
3687 4785 3788 4822 non

2234 4860 2430 4915 habent
2475 4861 2708 4915 scientia:
2753 4871 2808 4916 et
2850 4861 3117 4923 veritatis,
3167 4859 3356 4914 suﬂicit
3400 4861 3483 4914 eis
3506 4875 3606 4928 pro
3633 4873 3785 4928 pinna

2237 4954 2377 5022 quod
2420 4953 2784 5022 ignorautur,a
2811 4967 3022 5020 sponso.
3061 4951 3138 5004 Ex
3171 4965 3235 5005 eo
3263 4965 3389 5020 ergo
3424 4953 3568 5020 quod
3610 4949 3784 5010 infert,

2319 5043 2557 5113 Vigilate,
2597 5046 2719 5106 quia
2765 5043 2966 5096 nescitis
3007 5043 3142 5095 diem
3191 5058 3351 5111 neque
3405 5043 3612 5104 horam,
3649 5039 3788 5094 dedit

2237 5135 2453 5204 intelligi
2486 5137 2727 5188 universa
2759 5149 2875 5203 qua:
2906 5134 3056 5197 dixit,
3087 5134 3137 5186 id
3166 5142 3268 5195 est,
3289 5131 3355 5185 de
3379 5132 3588 5186 duobus
3619 5131 3710 5198 qui
3739 5132 3790 5184 in

2237 5237 2366 5291 agro
2401 5231 2542 5285 sunt,
2573 5232 2627 5274 et
2664 5223 2727 5275 de
2757 5222 2958 5275 duabus
2998 5219 3334 5281 molentibus,
3370 5228 3426 5271 et
3457 5220 3522 5272 de
3558 5218 3792 5288 patrefa-

2237 5312 2410 5366 milias
2445 5311 2532 5379 qui
2583 5311 2750 5364 servis
2780 5311 2890 5364 suis
2931 5308 3156 5363 credidit
3205 5307 3594 5369 substantiam,
3633 5317 3688 5360 rt
3733 5308 3796 5360 de.

2235 5403 2416 5456 decem
2445 5403 2754 5472 virginibus,
2777 5401 2892 5455 idco
2925 5399 3203 5468 parabolas
3229 5414 3349 5453 esse
3379 5400 3712 5468 prmmissas,
3741 5407 3793 5448 ut

2235 5493 2352 5560 quia
2390 5493 2690 5562 ignoramus
2717 5492 2955 5546 homines
2974 5489 3159 5560 judicii
3185 5489 3347 5555 diem,
3376 5490 3608 5544 sollicite
3644 5488 3793 5542 nobis
