3922 6322
92 395 231 452 ῐο89

958 382 963 385 ‘
1022 370 1362 435 COMMENT.
1391 365 1463 423 ΙΝ
1504 358 1928 430 narramus.
1967 391 2033 400 --
2071 358 2196 413 un.
2239 352 2342 412 vlt.

3153 350 3286 408 1099

88 510 271 561 lumen
299 507 552 558 bonorum
579 489 803 564 operum
832 500 1205 559 prmparemns,
1235 496 1299 534 ne
1336 480 1459 533 dum
1492 478 1637 547 igno—
1665 481 1710 536 Α
1738 489 1864 543 ergo
1892 470 2114 526 terrenis
2136 468 2378 523 sensibus
2403 481 2590 521 servus
2616 466 2714 518 iste
2745 464 3040 519 etelestium
3069 466 3167 518 sibi
3200 480 3291 517 uo-

88 611 296 656 ramus,
319 591 474 659 judex
502 588 702 639 venint.
744 581 922 655 (Αιᾳρ.)
949 577 1059 630 Non
1082 576 1221 627 enim
1258 580 1458 629 tantum
1490 568 1643 622 modo

86 684 233 737 illius
266 678 433 734 ultimi
474 678 730 743 temporis
758 686 859 738 quo
888 677 1134 721 venturus
1169 675 1255 721 est
1287 674 1528 732 sponsus,
1554 656 1644 709 sed

89 790 203 828 sua:
256 772 478 839 quisque
526 762 862 821 domuitionis
910 760 1048 813 diem
1110 767 1163 811 et
1218 759 1400 810 horam
1456 748 1642 804 nescit.

89 860 347 930 Quisquis
416 863 591 910 autem
624 858 845 921 paratus
873 858 954 902 est
998 862 1163 915 usque
1193 845 1256 899 ad
1291 854 1549 899 somnum,
1596 835 1645 889 id

91 960 195 1016 est,
222 963 391 1018 usque
418 948 482 1001 ad
523 954 767 1005 mortem,
804 954 919 1007 qua:
946 938 1189 992 omnibus
1225 936 1463 994 debetur,
1495 943 1647 998 para-

94 1053 181 1094 tus
220 1038 515 1092 invenietur
554 1033 711 1101 et'ram
750 1043 869 1083 eum
917 1027 1000 1079 illa
1031 1040 1129 1078 vox
1174 1023 1340 1076 medio
1370 1030 1524 1074 nocte
1559 1034 1644 1072 so-

93 1127 292 1192 nuerit,
343 1141 446 1194 qua
499 1136 683 1176 omnes
724 1116 989 1186 vigilalnri
1040 1122 1181 1169 sunt.
1273 1109 1419 1164 Unde
1466 1118 1647 1177 aperte

92 1229 309 1286 quoque
341 1210 600 1284 generalis
620 1210 695 1263 ‘ad
734 1205 1021 1275 discipulos
1058 1200 1359 1256 exhortatio
1388 1197 1649 1252 subinl'er-

96 1316 208 1369 tur,
238 1320 359 1359 cum
392 1303 582 1355 dicitur
608 1317 620 1351 :
656 1296 876 1366 Vigilate
907 1296 1080 1363 itaque
1107 1308 1230 1360 quia
1275 1287 1477 1341 nescitis
1515 1287 1649 1337 diem

94 1413 259 1465 neque
291 1395 491 1446 horam.
544 1388 675 1442 Nam
713 1385 835 1454 quia
881 1391 1003 1451 post
1048 1388 1264 1448 peccata
1303 1379 1443 1431 Deus
1482 1375 1649 1443 pmni»

97 1485 322 1537 tentiam
361 1479 598 1546 suscipit,
638 1477 681 1529 si
721 1474 879 1527 sciret
913 1470 1141 1538 quisque
1177 1468 1241 1519 de
1274 1464 1517 1534 praesenti
1560 1476 1652 1513 sre-

95 1576 219 1628 culo
244 1588 351 1642 quo
376 1580 612 1639 tempore
639 1567 826 1628 exiret,
859 1562 1001 1615 aliud
1043 1568 1247 1627 tempus
1274 1554 1647 1624 voluptatibus,

98 1640 277 1731 atque
304 1660 447 1714 aliud
484 1656 806 1728 pmnitentiae
844 1664 1038 1720 parare
1080 1648 1354 1718 potuisset.
1410 1643 1513 1698 Sed
1561 1640 1650 1708 qui

97 1751 380 1818 pmnitenti
413 1746 622 1801 veniam
666 1741 897 1811 spondit,
923 1737 1166 1808 peccauti
1193 1735 1333 1789 diem
1361 1731 1649 1788 crastinum

1746 562 1912 615 titiam
1940 557 2243 627 duplicavit,
2268 570 2332 609 ex
2359 556 2616 608 creaturis
2643 553 2941 622 intelligens
2976 563 3289 615 creatorem,

1714 647 1804 701 ‘cx
1839 645 2198 715 corporalibus
2234 641 2611 710 incorporalia,
2642 654 2704 691 ex
2719 641 3028 697 ,visibilibus
3059 640 3280 703 invisit-.i,

1744 737 1842 797 lia,
1868 751 1932 788 ex
1962 734 2208 787 brevibus
2250 740 2464 784 :eterua.
2497 728 2693 798 (Greg.)
2744 729 2878 780 Sunt
2920 743 3127 795 quoque
3164 744 3293 779 una-

1744 826 1890 889 nulli,
1917 824 2003 892 qui
2032 823 2129 875 etsi
2153 822 2358 876 interna
2388 836 2449 872 ac
2477 820 2693 888 mystica
2722 827 2999 884 penetrare
3025 833 3133 869 nesr
3154 818 3289 875 iam,

1739 929 1839 983 pro
1878 914 2165 967 intentione
2206 918 2382 963 tamen
2424 906 2662 976 supernae
2697 906 2880 974 patrire
2923 907 3107 959 ducent
3150 916 3291 975 recta

1744 1019 1877 1075 quos
1920 1010 2139 1074 possunt
2177 999 2243 1055 de
2283 998 2413 1068 ipsis
2433 997 2782 1049 exterioribus
2816 1010 2934 1063 qua:
2957 965 3287 1059 acceperunt.

1747 1098 1984 1164 Dumque
2012 1108 2069 1147 se
2095 1107 2125 1145 a
2159 1090 2336 1145 carnis
2362 1086 2670 1155 petulantia,
2701 1099 2728 1135 a
2760 1092 3086 1155 terrenarum
3117 1098 3290 1135 rerum

1747 1185 1977 1245 ambitu,
2010 1190 2169 1249 atque
2206 1194 2235 1232 a
2265 1171 2549 1231 visibilium
2577 1173 2843 1241 voluptate
2868 1172 3194 1230 custodiunt,
3228 1171 3294 1233 ab

1747 1275 1829 1328 bis
1858 1274 2015 1327 etiam
2044 1270 2174 1324 alios
2199 1265 2526 1322 admonendo
2552 1270 2910 1332 compescunt.

1819 1361 2064 1416 Similiter
2089 1359 2175 1427 qui
2211 1358 2315 1409 duo
2358 1361 2616 1421 acceperat
2655 1352 2884 1403 lucratus
2922 1358 2996 1402 est
3035 1349 3140 1400 alia
3170 1350 3291 1400 duo.

1750 1448 2010 1520 (llieron.)
2044 1448 2109 1500 Et
2132 1449 2229 1500 iste
2250 1459 2347 1514 pro
2366 1440 2571 1496 viribus
2597 1438 2849 1508 quidquid
2876 1438 2926 1490 in
2952 1431 3065 1506 lege
3093 1436 3291 1489 didice-

1750 1554 1834 1593 rat
1876 1539 1927 1591 in
1969 1535 2254 1604 Evangelio
2294 1530 2597 1599 duplicavit.
2644 1528 2768 1581 Sive
2811 1535 2866 1580 et
2907 1525 3201 1586 scientiam,
3245 1531 3299 1575 et

1750 1642 1908 1697 opera
1937 1623 2211 1693 praesentis
2238 1621 2357 1673 vita-
2385 1617 2575 1670 futurae
2614 1614 2952 1668 beatitudinis
2996 1620 3143 1679 typos
3182 1623 3297 1662 esse

1754 1713 2028 1770 intellexit.
2058 1710 2256 1781 (Greg.)
2287 1708 2416 1773 Quia
2461 1713 2583 1759 sunt
2612 1701 2841 1756 nonnulli
2870 1700 2957 1769 qui
2987 1698 3134 1767 quasi
3163 1699 3296 1751 duo—

101 1786 380 1818 I’WIIIWIIUI
423 1786 622 1801 Ινιιιιιιιι
666 1786 897 1811 urv-ru-v,
927 1786 1166 1808 r—-'f_-v_
1202 1786 1295 1789 V,-,
1374 1786 1381 1788 _

101 1856 209 1893 non
232 1838 498 1908 promisit.
529 1835 751 1900 Semper
773 1843 897 1898 ergo
919 1834 1213 1881 extremum
1237 1823 1372 1876 diem
1401 1820 1650 1873 debemus
1678 1805 1722 1861 Β
1749 1804 1849 1857 bus
1893 1800 2100 1854 talentis
2147 1797 2314 1858 ditati,
2369 1792 2690 1846 intellectum
2738 1796 2895 1857 atque
2939 1786 3297 1854 operationem

1524 1907 1549 1908 νκ
1884 1895 1894 1906 ·
1938 1894 1949 1905 ο
2032 1900 2043 1908 .
2119 1885 2322 1908 ---ι-.ειε-
2374 1885 2432 1908 ,ιη
2478 1880 2695 1908 εηοηκηέο
2726 1876 3017 1908 ἶηιηιιῖηηηθ
3087 1874 3214 1908 umim
3246 1873 3297 1908 in

103 1938 363 1989 metuere,
390 1941 546 1995 quem
580 1935 848 1989 nunquam
874 1930 1154 1987 possumus
1177 1910 1483 1982 przevidere.
1516 1907 1651 1960 Ecce

104 2032 248 2071 nunc
279 2018 449 2085 ipsum
478 2014 615 2067 diem
646 2011 697 2063 in
722 2022 827 2077 quo
860 2006 1146 2073 loquimur,
1174 2002 1239 2055 ad
1261 1998 1500 2053 inducias
1527 2010 1652 2049 con-

102 2106 372 2161 versionis
415 2102 736 2177 accipimus,
779 2104 833 2151 et
877 2103 1055 2149 tamen
1095 2089 1231 2144 mala
1346 2102 1391 2141 te
1434 2084 1655 2139 fecimus

101 2202 233 2269 ﬂere
274 2209 611 2257 recusamus;
655 2206 757 2245 non
794 2187 964 2243 solum
999 2165 1423 2239 commissasnon
1447 2176 1653 2246 plangi-

103 2305 247 2353 mus,
275 2287 375 2341 sed
409 2284 569 2339 etiam
601 2294 716 2349 qure
750 2276 1043 2331 deﬂeantur
1074 2284 1344 2339 augemus.
1388 2266 1457 2319 At
1487 2265 1530 2319 si
1562 2262 1658 2316 ali-

103 2351 354 2447 quavnos
396 2369 652 2441 agritudo
699 2364 990 2433 corripiat,
1042 2361 1088 2415 si
1143 2360 1291 2427 signa
1332 2351 1659 2425 aegritudinis

102 2468 339 2523 vicinam
380 2471 604 2519 mortem
640 2455 968 2517 denuntient,
1003 2448 1242 2504 inducias
1272 2443 1477 2499 vivendi
1516 2454 1660 2510 qua:—

106 2558 319 2621 rimus,
371 2560 428 2607 ut
464 2557 682 2621 peccata
723 2552 904 2600 nostra
950 2539 1233 2596 deﬂeamus
1257 2575 1272 2600 ,
1316 2543 1370 2588 et
1406 2546 1499 2587 eas
1538 2543 1659 2585 cum

107 2618 314 2717 magno
350 2618 483 2699 testu
522 2636 769 2695 desiderii
807 2632 1058 2703 petimus,
1089 2628 1220 2696 quas
1242 2630 1483 2692 acceptas
1504 2618 1661 2687 modo

106 2707 233 2807 pro.
252 2732 419 2790 nihilo
462 2728 808 2786 habebamus.
855 2719 1076 2792 (Maura)
1111 2716 1214 2771 Sed
1252 2713 1372 2782 quia
1397 2707 1663 2764 veraciter

107 2828 177 2882 de
197 2823 422 2880 Domino
459 2825 643 2873 nostro
675 2813 928 2880 scriptum
975 2815 1091 2862 est:
1124 2803 1379 2869 Quoniam
1418 2800 1470 2852 in
1500 2813 1663 2852 siccu-

108 2914 224 2967 lunt
246 2899 598 2966 misericordia
618 2905 729 2974 ejus
752 2898 921 2973 tPsal.
950 2895 1138 2966 cxvn),
1180 2892 1271 2961 qui
1309 2905 1407 2959 per
1436 2887 1665 2958 prophe-

113 3012 228 3056 tam
257 2999 414 3056 dicit:
436 2994 571 3051 Nolo
592 3001 801 3047 mortem
824 2985 1123 3059 peccatoris,
1147 2982 1234 3036 sed
1263 2989 1315 3032 ut
1342 2983 1666 3031 convertatur

111 3100 169 3145 et
208 3090 340 3157 uiuat
373 3084 585 3158 (Ezech.
630 3078 814 3147 xvut),
849 3091 919 3131 ne
960 3088 1057 3128 nos
1095 3072 1161 3125 ad
1194 3066 1535 3140 iudicandum
1581 3077 1667 3116 ve-

115 3119 163 3145 τι
208 3119 337 3157 vim“
375 3119 585 3158 \uwvn.
632 3119 804 3147 Av-II”
851 3119 918 3131 -ν
960 3119 1056 3128 --νν
1096 3119 1161 3125 v.—
1194 3119 1335 3140 'w...c

115 3174 293 3244 niens,
317 3178 606 3246 imparatos
631 3168 880 3231 inveniat,
926 3163 1094 3218 adhuc
1116 3158 1258 3213 aliud
1282 3156 1347 3210 de
1373 3153 1560 3209 eadem
1600 3141 1729 3203 re’C
1760 3136 1930 3191 vendo
1958 3127 2292 3187 enerVaV‘el'il
2319 3122 2468 3191 (ιαεο
2502 3119 2617 3189 xu)-

1776 3230 1787 3241 '
1810 3244 1819 3246 μ
1855 3236 1988 3246 ι--υΑ
2037 3218 2361 3246 ΑιιμΛΛ-ιιιιηιιιο
2414 3221 2491 3246 ΔΩΙ
2527 3224 2617 3246 ann

117 3269 281 3342 ponit
316 3260 635 3332 exemplum,
660 3259 743 3335 ita.
758 3255 973 3320 dicens:
1064 3316 1069 3321 _

191 3354 305 3433 [IL]
340 3352 496 3408 Sicut
517 3348 654 3402 enim
690 3331 841 3397 homo
875 3354 1082 3410 peregre
1126 3334 1449 3405 proﬁciscens
1486 3325 1676 3381 vocavit

117 3415 474 3503 servos‘suos,
516 3445 563 3490 et
601 3431 816 3487 tradidit
852 3426 957 3481 illis
997 3425 1129 3479 bona
1168 3438 1284 3479 sua.
1326 3417 1458 3484 Quis
1499 3415 1679 3481 itaque

120 3537 286 3590 homo
312 3538 394 3586 est
431 3526 521 3598 qui
564 3536 787 3594 peregre
825 3514 1183 3588 proﬁciscitur
1222 3509 1323 3563 nisi
1360 3506 1680 3572 Redemptor

122 3632 332 3686 noster,
362 3620 450 3690 qui
488 3618 541 3671 in
581 3630 641 3669 ea
677 3624 837 3666 carne
872 3620 1032 3676 quam
1072 3603 1429 3667 assumpserat
1462 3593 1591 3647 abiit
1626 3592 1681 3645 in

125 3714 345 3770 calum.
376 3705 564 3763 Carnis
596 3701 739 3758 enim
780 3698 927 3752 locus
967 3691 1211 3764 proprius
1238 3696 1379 3741 terra
1412 3690 1523 3747 est,
1564 3695 1683 3751 qua:

126 3802 284 3875 quasi
313 3799 377 3853 ad
396 3793 727 3869 peregrinam
752 3786 982 3849 ducitur,
1011 3782 1134 3835 dum
1160 3792 1255 3848 per
1277 3773 1684 3840 Redemptorem

133 3864 377 3948 nostrum
397 3864 457 3940 in
485 3882 620 3938 etelo
651 3876 956 3934 collocatur.
988 3869 1094 3925 Sed
1141 3868 1298 3921 homo
1340 3864 1440 3917 iste
1466 3873 1687 3931 peregre

133 3980 477 4054 proﬁciscens
499 3972 668 4029 servis
712 3954 847 4023 bona
874 3979 969 4018 sua
1009 3958 1246 4022 tradidit,
1287 3955 1411 4024 quia
1450 3952 1715 4025 ﬁdelibus.

135 4051 250 4126 suis
272 4062 529 4137 spiritalia
550 4061 685 4116 dona
715 4051 997 4111 concessit.

211 4159 280 4214 Et
298 4127 411 4225 ἀπε,
443 4127 582 4208 dedit
618 4149 839 4220 quinque
866 4141 1083 4204 talenta,
1113 4136 1203 4191 alii
1232 4143 1401 4187 autem
1437 4131 1561 4193 duo,
1600 4127 1691 4181 alii

138 4266 258 4319 uero
280 4260 460 4302 unum.
483 4225 880 4308 Quinqueenim
901 4236 1024 4284 sunt
1041 4222 1278 4294 corporis
1298 4234 1503 4283 sensus,
1525 4216 1691 4283 visus,

140 4316 375 4400 auditus,
394 4327 614 4404 gustus,
642 4326 910 4404 odoratus,
957 4325 1011 4373 et
1044 4322 1234 4369 tactus.
1265 4309 1509 4381 Quinque
1539 4307 1695 4376 igitur

143 4429 380 4491 talentis,
403 4402 594 4481 donum
618 4402 848 4489 quinque
864 4415 1145 4478 sonituum,
1170 4408 1224 4465 id
1247 4416 1346 4471 est,
1373 4404 1694 4461 exteriorum

143 4521 370 4578 scientia
395 4513 721 4585 exprimitur.
750 4506 961 4565 Duobus
979 4522 1107 4563 vero
1129 4503 1421 4559 intellectus
1442 4504 1496 4552 et
1516 4508 1698 4564 opera-

118 4608 440 4669 ‘tiolenius
468 4612 641 4661 autem
672 4600 855 4662 talenti
889 4587 1104 4656 nomine
1141 4592 1435 4665 intellectus
1465 4594 1696 4640 tantum-

150 4701 309 4757 modo
333 4698 653 4770 designatur.

226 4761 509 4861 Unicuique
530 4782 807 4841 secundum
826 4777 1086 4849 propriam
1107 4772 1360 4831 virtutem,
1377 4774 1423 4819 et
1444 4761 1698 4834 profectus

153 4894 227 4942 est
261 4848 454 4937 statim.
490 4875 751 4948 (Hierou.)
774 4848 889 4923 Non
917 4880 1011 4935 pro
1037 4854 1277 4930 largitate
1301 4870 1429 4925 ergo
1451 4863 1505 4908 et
1532 4848 1702 4922 parci-

158 4983 287 5034 tate,
314 4967 466 5023 alteri
494 4940 612 5034 plus
639 4968 691 5014 et
718 4956 869 5011 alteri
898 4954 1070 5007 minus
1092 4949 1348 5007 tribuens,
1372 4940 1463 4996 sed
1494 4953 1591 5008 pro
1617 4950 1706 4989 ac-

157 5060 463 5133 cipientium
495 5025 716 5108 viribus.
757 5042 1028 5113 Quomodo
1062 5047 1115 5092 et
1151 5033 1431 5105 Apostolus
1472 5042 1585 5092 eos,
1614 5025 1707 5094 qui

160 5125 387 5211 solidum
409 5146 582 5202 cibum
609 5153 798 5208 capere
820 5150 923 5190 non
946 5136 1217 5201 poterant,
1251 5125 1386 5179 lacte
1410 5129 1623 5192 potasse
1651 5132 1709 5170 se

162 5209 289 5300 dicit
316 5238 365 5305 (l
395 5234 515 5289 Cor.
545 5225 921 5300 nt).-Denique
947 5228 1001 5273 et
1029 5218 1115 5271 ille
1140 5214 1230 5283 qui
1269 5213 1332 5266 de
1359 5209 1591 5278 quinque
1633 5214 1711 5257 ta-

165 5291 519 5387 lentis‘decem
541 5291 755 5379 fecerat,
779 5291 943 5380 etqui
966 5310 1028 5363 de
1051 5304 1252 5359 duobus
1273 5308 1518 5368 quatuor,
1540 5291 1713 5347 simile

166 5383 367 5489 recepit
396 5411 665 5485 gaudium.
697 5404 808 5458 Non
831 5399 953 5469 quia
987 5394 1272 5449 retributor
1297 5387 1384 5473 ille
1412 5383 1715 5439 considerat

167 5482 306 5567 lucri
325 5482 763 5575 magnitudinem,
788 5490 880 5545 sed
909 5485 1066 5543 studii
1094 5482 1436 5534 voluntatem.

235 5602 376 5658 Abiit
401 5604 571 5650 autem
598 5590 684 5662 qui
706 5586 925 5657 quinque
947 5579 1139 5632 talenta
1164 5579 1443 5641 acceperat,
1471 5576 1516 5620 et
1545 5577 1721 5633 opera-

162 5707 250 5749 tus
278 5700 352 5747 es!
394 5691 446 5740 in
476 5700 568 5747 ets,
603 5691 646 5734 et
683 5679 909 5732 lucratus
947 5679 1017 5725 est
1058 5668 1160 5720 alia
1193 5665 1428 5733 quinque.
1478 5652 1720 5721 Acceptis

1753 1894 2068 1964 percipiunt,
2116 1885 2326 1941 subtilia
2371 1885 2434 1936 de
2477 1880 2699 1934 internis
2726 1876 3041 1944 intelligunt,
3087 1874 3216 1926 mira
3246 1873 3299 1925 in

1754 1980 2103 2038 exterioribus
2129 1980 2434 2044 operantur.
2464 1968 2701 2034 Cumque
2731 1962 3068 2032 intelligendo
3093 1968 3147 2013 et
3172 1973 3299 2027 ope-

1757 2070 1923 2124 rando
1958 2065 2076 2118 aliis
2116 2061 2438 2131 prmdicaut,
2479 2048 2628 2123 quasi
2670 2050 2934 2119 duplicato
2976 2047 3184 2116 negotio
3220 2045 3301 2098 lu-

1700 2168 1712 2183 ‘
1757 2174 1906 2216 crum
1944 2159 2247 2225 reportant,
2277 2147 2417 2202 unde
2456 2153 2651 2197 aeterna
2690 2136 3013 2193 beatitudine
3058 2148 3303 2190 remune-

1759 2256 1957 2302 rentur.
2004 2220 2145 2299 licne
2188 2246 2363 2291 autem
2408 2233 2512 2286 alia
2560 2230 2795 2298 quinque
2833 2225 2915 2278 vel
2958 2224 3060 2277 alia
3105 2223 3208 2277 duo
3254 2220 3307 2272 in

1759 2338 1963 2391 lucrum
1993 2332 2201 2399 venisse
2235 2326 2554 2380 referuntur.
2587 2318 2721 2384 Quia
2755 2316 2878 2369 dum
2910 2312 3122 2378 utrique
3161 2309 3307 2363 sexui

1760 2423 2077 2494 impenditur
2112 2397 2443 2489 praedicatio,
2480 2409 2629 2479 quasi
2665 2414 2877 2473 accepta
2913 2400 3110 2455 talenta
3147 2397 3312 2467 gemi-

1762 2523 1997 2579 nantur,
2784 2506 2787 2509 ‘

1834 2601 1935 2667 Qui
1964 2572 2134 2652 autem
2161 2607 2321 2647 unum
2350 2587 2595 2641 talentum
2620 2588 2881 2651 acceperat
2907 2577 3079 2631 abiens
3105 2572 3231 2642 fodit
3261 2572 3315 2623 in

1763 2701 1923 2753 terra,
1946 2696 1992 2741 et
2014 2680 2276 2738 abscondit
2303 2675 2571 2747 pecuniam
2591 2669 2786 2723 domini
2808 2667 2907 2721 sui.
2938 2660 3200 2735 (Hieron.)
3222 2657 3316 2712 Ne-

1764 2792 1921 2848 quam
1960 2786 2146 2828 servus
2189 2765 2412 2821 terrenis
2449 2758 2698 2829 operibus
2742 2763 2796 2808 et
2837 2750 3011 2806 smculi
3050 2748 3318 2815 voluptate

1766 2828 1859 2919 δεῖ
1884 2866 2145 2931 prtecepta
2170 2852 2401 2923 neglexit
2423 2828 2702 2916 etipolluit.
2727 2843 3039 2920 Quanquam
3072 2838 3122 2889 in
3152 2828 3320 2888 Bian-

1767 2916 1903 3026 gelid
1926 2916 2079 3005 Luca-3
2102 2916 2355 3014 scripiutn
2387 2941 2473 3003 sit,
2497 2936 2638 3006 quod
2662 2935 2716 2987 in
2742 2916 2953 3015 sudario
2984 2925 3241 2997 ligaverit,
3267 2924 3321 2977 id

1769 3012 1870 3112 est,
1899 3044 2194 3100 doctrinam
2213 3012 2633 3111 'Patrisfamilias
2666 3012 2894 3080 molliter
2919 3030 2971 3075 et
2997 3019 3220 3073 delicate
3241 3015 3323 3067 vi-

2649 3114 2712 3189 [G
2722 3113 2851 3185 reg.]
2889 3110 3167 3166 Talentum
3194 3120 3322 3174 ergo

1774 3230 1827 3282 in
1855 3236 1993 3279 terra
2035 3218 2384 3278 abscondere,
2414 3221 2497 3267 est
2526 3218 2801 3277 acceptum
2832 3199 3182 3271 ingeniumjn
3216 3205 3325 3247 ter-

1776 3318 1918 3373 renis
1951 3313 2155 3368 actibus
2187 3307 2490 3384 implicare,
2526 3302 2731 3355 lucrum
2771 3294 3010 3365 spiritale
3048 3292 3154 3345 non
3182 3301 3327 3357 qua:-

1776 3422 1912 3471 rere,
1944 3420 2037 3460 eor
2065 3418 2093 3455 a
2128 3380 2355 3454 terrenis
2386 3388 2793 3463 cogitationibus
2820 3395 3087 3453 nunquam
3128 3379 3324 3432 levare.

1779 3499 1914 3553 Sunt
1944 3488 2170 3561 namque
2211 3486 2446 3544 nonnulli
2477 3483 2567 3552 qui
2596 3484 2789 3536 donum
2830 3475 3185 3546 intelligentiae
3212 3486 3334 3541 per;

1780 3592 2062 3657 ceperunt,
2099 3582 2189 3635 sed
2217 3588 2388 3632 tamen
2428 3572 2537 3627 sola
2563 3584 2679 3639 quae
2708 3567 2883 3621 carnis
2916 3574 3039 3619 sunt
3076 3563 3285 3629 sapiunt
3316 3575 3330 3612 :

1781 3654 1859 3733 (ἱε-
1874 3675 2063 3744 quibus
2091 3667 2193 3739 per
2219 3666 2537 3733 Prophetam
2568 3660 2762 3713 dicitur
2788 3671 2802 3708 :
2833 3654 3098 3723 Sapientes
3134 3660 3251 3704 sunt
3280 3660 3335 3701 ut

1784 3765 1975 3833 faciant
2000 3759 2161 3822 mala,
2194 3757 2313 3809 bene
2339 3761 2509 3806 autem
2538 3748 2705 3817 facere
2732 3744 3015 3797 nescierunt

1859 3855 1980 3909 Post
2007 3848 2224 3904 multum
2250 3861 2365 3899 rero
2396 3839 2636 3908 temporis
2665 3836 2904 3887 dominus
2932 3844 3191 3883 servorum
3217 3827 3336 3879 illo-

1788 3960 1899 3998 rum
1921 3940 2049 3995 venit
2073 3946 2120 3991 et
2139 3935 2304 4005 posuit
2330 3930 2577 3983 rationem
2600 3939 2714 3977 cum
2734 3922 2826 3972 eis.
2847 3916 2917 3988 (Η
2924 3914 3108 3985 ierun.)
3130 3914 3342 3968 Grande

1790 4044 1995 4101 tempus
2028 4037 2110 4082 est
2145 4026 2283 4078 inter
2305 4015 2666 4074 ascensionem
2708 4006 3029 4063 Salvator-is.
3068 4012 3121 4057 et
3148 4018 3339 4057 secun-

1790 4093 1913 4178 dum
1941 4119 2055 4188 ejus
2077 4115 2378 4169 adventum.
2407 4106 2462 4160 Si
2490 4112 2667 4158 autem
2690 4096 2911 4168 apostoli
2941 4093 3194 4148 reddituri
3221 4102 3347 4145 sunt

1794 4178 2051 4266 rationem
2094 4212 2147 4258 et
2193 4200 2290 4254 sub
2329 4204 2470 4251 metu
2496 4188 2679 4262 judicii
2722 4178 3041 4243 surrecturi,
3085 4180 3210 4249 quid
3250 4194 3345 4235 nos

1792 4303 1999 4368 oportet
2032 4290 2238 4346 facere?
2263 4285 2417 4357 (Crcg
2444 4284 2461 4352 )
2501 4279 2633 4346 Quia
2659 4277 2705 4330 is
2732 4273 2822 4343 qui
2851 4284 2993 4325 nunc
3020 4269 3104 4339 pie
3138 4267 3350 4337 spirita-

1795 4358 1864 4445 lia
1897 4388 2034 4442 dona
2067 4380 2251 4437 tribuit
2285 4375 2525 4430 districte
2554 4371 2606 4423 iu
2640 4363 2840 4437 judicio
2868 4360 3054 4415 merita
3084 4358 3347 4426 exquiret,

1721 4465 1772 4523 D
1798 4482 1925 4553 quid
1950 4478 2171 4546 quisque
2216 4464 2480 4535 acceperit
2520 4455 2842 4517 consideret,
2878 4458 2928 4504 et
2968 4447 3106 4516 quod
3146 4446 3349 4498 lucrum

1798 4574 1863 4627 de
1891 4564 2121 4634 acceptis
2149 4563 2402 4627 reportet,
2428 4556 2631 4621 penset.

1873 4620 1947 4710 Et
1970 4620 2223 4708 accedens
2259 4644 2343 4716 qui
2378 4620 2598 4712 quinque
2639 4632 2832 4687 talenta
2870 4632 3132 4695 acceperat
3174 4620 3353 4675 obtulit

1801 4747 1905 4803 alia
1932 4744 2152 4814 quinque
2175 4710 2366 4790 talenta
2392 4710 2563 4782 dicens
2592 4741 2608 4777 :
2644 4721 2878 4783 Domine,
2908 4717 3129 4787 quinque
3158 4710 3353 4764 talenta

1803 4838 1927 4892 mihi
1953 4828 2231 4892 tradidisti,
2261 4839 2372 4878 cccc
2397 4821 2500 4873 alia
2528 4817 2749 4887 quinque
2777 4824 2930 4879 super
2953 4806 3183 4859 lucratus
3215 4816 3350 4853 sum.

1804 4891 1885 4983 siit
1910 4925 1986 4978 illi
2014 4920 2250 4974 dominus
2263 4914 2424 4982 .ejus:
2452 4909 2614 4976 Euge,
2637 4918 2774 4957 serve
2801 4902 2948 4961 bene,
2968 4904 3015 4948 et
3046 4893 3212 4963 ﬁdelis
3235 4891 3355 4960 quia

1804 5034 1961 5088 supra
1994 5027 2160 5082 pauca
2187 5004 2332 5075 fuisti
2371 4998 2539 5068 ﬁdelis
2572 5009 2723 5063 super
2758 4989 2919 5045 multa
2947 4997 2993 5039 te
3027 4984 3355 5037 constituam.

1807 5067 1957 5161 Inrtra
1995 5067 2051 5153 in
2092 5067 2338 5165 gaudium
2366 5067 2559 5140 domini
2598 5082 2692 5133 tui.
2738 5078 2936 5131 Servus
2974 5071 3064 5142 qui
3093 5067 3359 5138 geminata

1812 5158 2003 5251 talenta
2047 5158 2229 5241 retulit
2266 5197 2294 5233 a
2339 5175 2558 5231 Domino
2599 5169 2862 5228 laudatur,
2903 5171 3059 5230 atque
3102 5158 3165 5210 azl
3207 5164 3363 5208 (νιεβ-

1812 5298 1933 5339 nam
1973 5269 2453 5332 remunerationem
2493 5258 2821 5331 perducitur,
2864 5267 2981 5308 eum
3017 5250 3064 5304 ei
3098 5260 3227 5299 voce
3264 5245 3363 5296 Do-

1816 5375 2007 5431 minica
2037 5369 2228 5422 dicitur
2259 5381 2271 5414 :
2304 5360 2466 5426 Euge,
2503 5369 2641 5407 serre
2670 5331 2873 5403 boneOet
2908 5343 3098 5415 ﬁdelis,
3127 5340 3246 5411 quin
3278 5355 3368 5389 su-

1814 5479 1904 5535 per
1935 5473 2100 5529 pauca
2141 5451 2282 5521 fuisti
2329 5444 2517 5514 ﬁdelis,
2558 5456 2712 5507 supra
2750 5413 2915 5519 multa
2948 5444 2995 5485 te
3036 5430 3365 5485 constituam,
3422 5413 3427 5419 ’

1816 5521 1953 5607 intra
1978 5548 2031 5599 in
2054 5540 2300 5612 gaudium
2332 5532 2536 5597 Domini
2563 5530 2655 5581 tui.
2700 5522 2921 5593 Giton.)
2952 5521 3054 5574 Per
3089 5533 3212 5585 euge
3237 5528 3370 5583 quo-

1819 5654 1920 5709 que
1949 5635 2187 5691 verbum,
2225 5625 2471 5697 gaudium
2508 5633 2659 5673 suum
2709 5614 2958 5667 llnmiuus
2996 5609 3249 5670 insinuat,
3278 5603 3369 5672 qui
