3922 6336
525 337 662 393 WB]
697 357 706 363 ’
1147 334 1216 392 Β.
1253 333 1510 392 BAB'ANI
1547 335 1765 394 HAURl
1801 335 2118 396 ARCHIEP.
2161 337 2472 398 llOGUNT.
2511 341 2794 401 WER‘UM
2829 345 3009 403 PARS
3045 349 3086 404 ι.
3625 354 3759 412 4092

504 457 650 512 bene
671 455 1003 512 laborantem
1031 461 1247 510 servum
1274 455 1343 510 ad
1366 455 1616 527 gaudium
1643 464 1906 512 aeternum
1937 455 2077 510 invi-
2105 459 2158 517 Α
2182 457 2368 512 ctioris
2395 459 2518 514 vine
2543 462 2937 530 apprehendere
2963 478 3143 518 arcem
3186 466 3402 532 nolunt,
3425 468 3578 538 quia
3625 468 3768 525 iulia

505 553 614 599 tat.
651 544 801 615 Euge
829 558 1044 614 quoque
1086 543 1388 614 interiectio
1433 554 1517 600 est
1560 544 1820 610 laetantis;
1861 553 1915 598 et
1943 545 2080 600 bene
2181 562 2298 602 mos
2348 563 2406 603 se
2451 564 2571 606 esse
2615 552 2976 620 conspiciunt,
3027 556 3181 623 quasi
3231 565 3287 611 et
3332 566 3666 627 peccatores
3713 578 3766 618 se

503 640 750 710 gaudens
775 638 1035 696 Dominus
1057 654 1271 696 servum
1301 640 1500 694 bonum
1530 653 1594 693 ac
1622 637 1831 694 ﬁdelem
1859 638 1914 692 in
1933 654 2080 709 .gau-
2181 635 2436 702 fatentur,
2465 647 2522 693 et
2550 639 2774 694 Domino
2814 641 3109 710 repellunt,
3140 658 3369 715 eumque
3399 649 3453 702 in
3486 663 3606 718 quo
3651 664 3766 704 san-

500 731 658 786 'dium
700 748 878 788 suum.
907 735 1110 789 intrare
1145 732 1318 802 jubet.
1367 731 1502 797 Quia
1701 738 1786 784 est
1827 730 1973 786 solus
2015 731 2084 785 ad
2182 724 2406 780 ctificari
2434 726 2761 794 debuerant,
2809 728 3132 799 fugitmt,-et
3159 733 3303 788 velut
3348 737 3403 790 in
3451 737 3764 796 turbatione

512 837 674 891 quem
704 822 974 893 propheta
1013 823 1088 876 ait
1125 841 1138 875 :
1178 821 1489 889 Ltztiﬁcabis
1527 835 1620 873 nos
1655 820 1711 872 in
1743 819 1938 888 gaudio
1966 835 2084 873 cum
2173 816 2462 870 consilium
2493 833 2595 872 non
2642 820 2874 887 habent,
2902 823 3025 876 dum
3066 824 3368 878 moriuntur
3409 837 3461 882 et
3493 829 3670 882 vium
3698 829 3760 882 ti-

511 909 673 976 vultu~
699 920 820 976 tuo,
865 911 1225 966 delectationes
1251 918 1310 962 et
1345 907 1403 962 in
1443 909 1657 979 destera
1697 917 1788 961 tua
1821 925 1986 972 usque
2028 909 2086 964 in
2183 914 2349 960 ment.
2381 904 2600 963 Frustra
2641 919 2822 964 autem
2857 912 3069 980 quidam
3113 914 3214 968 hac
3259 914 3357 968 sibi
3402 919 3761 985 perversitate

503 1002 668 1070 f/I'nem
706 1003 876 1076 (Psal.
910 1001 1027 1071 tv).
1072 998 1287 1073 [ϐιῳ]
1329 992 1515 1056 Pauca
1552 1001 1746 1068 quippe
1784 1007 1908 1053 sunt
1945 999 2084 1054 bona
2181 996 2550 1064 blandiuntur,
2571 1008 2631 1054 ut
2658 1001 2835 1069 dicant
2859 1021 2871 1054 :
2896 1000 3098 1058 Sullicit
3123 1013 3182 1057 ut
3208 1006 3272 1060 de
3300 1020 3356 1059 se
3385 1007 3760 1077 unusquisque

500 1095 692 1148 r'omnia
726 1094 1019 1164 prtesentis
1059 1093 1221 1156 vitae,
1275 1092 1520 1160 quamvis
1569 1092 1736 1146 multa
1779 1091 2080 1146 videantur.
2175 1086 2446 1146 rationem
2485 1088 2704 1154 reddat,
2732 1090 2874 1158 quid’
2901 1106 3034 1161 opus
3061 1101 3144 1147 est
3169 1094 3287 1148 aliis
3303 1096 3642 1165 prtedicare,
3672 1109 3757 1152 aut

501 1180 620 1238 Sed
667 1192 793 1239 tunc
839 1183 1012 1238 ﬁdelis
1052 1195 1241 1257 servus
1292 1196 1454 1250 supra
1491 1179 1670 1235 multa
1706 1175 2080 1244 constituitur,
2181 1176 2530 1242 ministrare,
2581 1186 2674 1232 aut
2715 1180 2878 1233 etiam
2922 1181 2988 1235 de
3031 1182 3162 1251 ipsis
3212 1184 3474 1240 rationem
3536 1189 3756 1243 reddere

511 1272 726 1341 quando
754 1274 958 1329 devicta
981 1273 1124 1326 omni
1151 1271 1513 1341 corruptionis
1542 1269 1808 1336 molestia,
1834 1270 1904 1323 de‘
1927 1278 2084 1324 teter-
2148 1268 2409 1342 .quisque
2435 1269 2692 1338 cogatur?
2713 1284 2835 1323 cum
2862 1272 3000 1340 apud
3031 1272 3308 1328 Dominum
3333 1275 3499 1330 etiam
3524 1276 3615 1330 illi
3654 1279 3753 1331 sint

502 1365 596 1419 nis
618 1362 984 1434 gaudiis-ipsis
1011 1362 1170 1416 etiam
1186 1361 1475 1416 elementis
1509 1360 1560 1414 in
1598 1358 1686 1414 illa
1705 1342 1937 1422 calesti,
1955 1358 2082 1414 sede
2171 1357 2572 1413 inescusabiles
2598 1359 2790 1427 quibus
2832 1359 2915 1414 lex
2943 1361 3064 1415 data
3093 1378 3197 1417 non
3224 1373 3339 1428 est,
3368 1380 3548 1434 neque
3577 1368 3751 1421 audito

501 1447 790 1525 gloriatur.
819 1452 970 1508 Tunc
999 1453 1066 1506 ad
1084 1437 1298 1508 Domini
1325 1452 1416 1507 sui
1442 1450 1692 1522 gaudium
1721 1449 1960 1520 perfecte
1994 1449 2077 1503 in-
2179 1446 2464 1516 Evangelia
2488 1446 2840 1511 dormierunt,
2873 1449 2997 1517 quia
3038 1466 3134 1520 per
3161 1461 3460 1507 creaturam
3493 1463 3747 1522 poterant

499 1541 842 1607 vtroiuittitur,
871 1543 1082 1612 quando
1117 1542 1169 1595 in
1197 1550 1397 1596 aeterna
1434 1540 1524 1594 illa
1559 1539 1733 1609 patria
1771 1546 2080 1608 assumptus
2173 1550 2500 1606 cognoscere
2533 1546 2858 1602 creatorem,
2890 1540 3054 1608 ~ctg'us
3086 1541 3371 1596 invisibilia
3417 1560 3450 1595 a
3495 1545 3744 1597 εοηειὶιυ-

498 1640 670 1698 atque
692 1631 1004 1701 angelorum
1027 1631 1255 1686 cratibus
1283 1630 1574 1691 admixtus,
1601 1629 1680 1684 sic
1703 1629 1927 1687 interius
1949 1643 2080 1697 gau—
2165 1629 2315 1681 tione
2337 1628 2518 1681 mundi
2555 1645 2647 1697 per
2683 1645 2744 1682 ea
2766 1645 2884 1699 qua:
2916 1630 3066 1695 facta
3106 1643 3224 1686 sunt
3245 1632 3505 1687 intellecta
3549 1636 3744 1702 conspi-

499 1719 597 1770 dct
626 1718 693 1771 de
719 1733 964 1783 munere,
997 1725 1055 1770 ut
1077 1732 1181 1773 non
1221 1718 1291 1772 sit
1317 1717 1430 1786 iam
1459 1716 1602 1786 quod
1625 1717 1872 1771 exterius
1901 1715 2076 1770 doleat
2108 1789 2138 1791 ξ
2172 1715 2389 1768 ciuntur
2411 1713 2586 1791 (Rom.
2608 1713 2678 1784 ι).
2720 1715 2874 1770 Unde
2902 1715 3034 1770 huic
3057 1731 3216 1773 servo
3248 1721 3504 1788 protinus
3531 1737 3742 1789 Γοφοιιυ

495 1808 572 1861 εόε
602 1808 965 1877 corruptione.
1094 1853 1098 1858 .
1820 1791 1832 1804 ’

827 1808 965 1863 iane.
1094 1853 1098 1858 .
1820 1791 1832 1804 ’
2180 1803 2374 1858 detur:

579 1897 998 1954 Accessitautem
1022 1910 1066 1953 et
1085 1901 1188 1970 qui
1217 1898 1541 1952 dno-talenta
1573 1907 1860 1968 acceperat,
1885 1908 1932 1952 et
1963 1900 2089 1967 ait}

2246 1891 2584 1962 Respondeas
2625 1892 2796 1946 autem
2840 1894 3093 1950 Dominus
3135 1898 3251 1966 q’ss
3287 1898 3423 1951 dixit
3459 1898 3508 1951 ei
3545 1897 3740 1954 :Serne

498 1984 745 2048 Domine,
777 1987 1094 2041 duotalenta
1109 1976 1381 2040 tradidisti
1410 1987 1556 2051 mihi,
1591 2003 1705 2040 ecce
1720 1987 1841 2040 alia
1871 1992 1975 2042 duo
2003 1987 2080 2041 lst-
2179 1983 2314 2038 male
2344 1993 2392 2037 et
2427 1985 2591 2054 p'gcr,
2624 1985 2820 2039 sciebas
2858 1987 2980 2056 quia
3015 1996 3149 2041 meto
3187 1988 3275 2042 ubi
3306 2005 3417 2042 non
3444 1989 3662 2053 mino,
3686 2001 3740 2042 et

495 2087 680 2131 cratus
719 2093 855 2131 sum.
894 2076 979 2129 Ait
1017 2075 1094 2128 illi
1129 2075 1370 2129 dominus
1393 2075 1505 2141 ejus
1528 2091 1546 2128 :
1574 2072 1746 2144 Euge,
1780 2092 1920 2130 serve
1949 2075 2078 2129 bene
2171 2087 2426 2142 .congrego
2451 2073 2539 2126 ubi
2564 2090 2668 2147 non
2689 2075 2876 2144 sparsi.
2903 2075 3286 2132 Hoccstenim
3314 2081 3471 2148 quasi
3498 2095 3605 2133 non
3637 2095 3741 2134 me-

495 2178 551 2220 et
581 2167 774 2233 fidelis,
796 2168 918 2239 quia
949 2185 1104 2238 super
1133 2183 1300 2237 pauca
1335 2166 1479 2234 fuisti
1506 2165 1697 2234 ﬁdelis,
1729 2182 1888 2235 super
1912 2164 2078 2219 multa
2178 2169 2291 2216 tere
2319 2161 2408 2215 ubi
2436 2178 2542 2216 non
2572 2165 2863 2229 seminavi,
2901 2167 2951 2220 id
2990 2174 3102 2230 est,
3139 2169 3300 2223 etiam
3338 2183 3433 2225 eos
3462 2171 3741 2241 impietatis

495 2265 556 2316 te
586 2257 918 2318 constituam,
941 2257 1078 2308 intra
1100 2257 1156 2308 in
1176 2253 1425 2324 gaudium
1445 2254 1643 2309 domini
1682 2253 1779 2306 tui.
1806 2252 2075 2323 (Ηὶενοπ.)
2176 2267 2299 2307 reos
2333 2262 2513 2308 tenere
2557 2256 2748 2324 quibus
2777 2257 2993 2312 verbum
3040 2257 3171 2329 legis
3199 2270 3293 2314 aut
3331 2260 3608 2333 Evangelii
3637 2279 3738 2317 non

498 2342 732 2412 Utrique
756 2359 911 2398 servo
937 2351 994 2398 ut
1016 2351 1138 2398 ante
1164 2343 1295 2406 dixi,
1319 2349 1374 2396 et
1393 2341 1483 2411 qui
1510 2342 1574 2396 de
1596 2341 1831 2410 quinque
1859 2340 2076 2396 talentis
2167 2345 2535 2401 ministratum
2557 2354 2668 2401 est.
2698 2347 2772 2401 Ex
2805 2363 2870 2402 eo
2894 2348 3035 2402 enim
3065 2350 3205 2417 quod
3239 2350 3415 2405 malus
3442 2367 3628 2407 servus
3652 2369 3741 2407 au-

505 2431 709 2486 fecerat
742 2432 944 2497 decem,
977 2440 1030 2486 et
1065 2431 1155 2500 qui
1193 2428 1260 2485 de
1285 2431 1493 2484 duobus
1519 2439 1770 2500 quatuor,
1807 2425 1948 2484 idem
1975 2445 2080 2500 pa-.
2175 2451 2269 2493 sus
2291 2446 2374 2492 est
2401 2437 2598 2503 dicere,
2628 2437 2784 2494 Mem
2802 2440 3025 2508 αωηρη
3057 2443 3344 2507 mimi,
3379 2452 3431 2498 σε
3467 2459 3736 2514 ωπον-φα

495 2519 839 2575 trisfamilias
871 2535 1048 2575 sermo
1075 2520 1370 2583 blanditur,
1422 2527 1477 2574 et
1518 2520 1586 2597 ad
1631 2520 1771 2574 bona
1817 2519 1984 2574 multa
2013 2527 2077 2573 et
2166 2523 2263 2577 abi
2309 2540 2411 2578 non
2458 2527 2732 2597 sparsisti,
2767 2529 3117 2600 intelligimus
3160 2531 3322 2586 etiam
3359 2532 3644 2602 gentilium
3690 2542 3738 2587 et

495 2610 737 2666 masima
764 2610 980 2679 prasmia
1009 2610 1230 2674 invitat,
1254 2610 1384 2679 quia
1403 2610 1479 2664 ad
1507 2609 1962 2677 comparationem
1990 2607 2076 2661 fu-
2171 2613 2612 2683 philosophorum
2642 2616 2835 2671 bonam
2862 2618 3026 2673 vitam
3061 2620 3304 2689 recipere
3345 2619 3626 2674 Dominum
3645 2661 3659 2686 ,
3688 2631 3738 2676 et

495 2710 748 2754 utrorum
768 2713 888 2768 qua:
904 2705 1242 2767 permanent,
1260 2698 1542 2767 praesentia
1563 2699 1744 2752 omnia
1768 2713 1887 2767 quae
1906 2706 2078 2752 trans-
2174 2699 2332 2755 aliter
2364 2701 2560 2757 habere
2583 2717 2677 2757 eos
2704 2702 2991 2773 qui'juste,
3023 2706 3177 2760 aliter
3200 2707 3299 2776 qui,
3329 2707 3526 2777 iru'uste
3563 2716 3733 2779 agant,

492 2799 661 2854 eunt,
707 2790 858 2857 quasi
898 2802 1066 2858 pauca
1100 2802 1220 2842 esse
1261 2789 1528 2843 videntur.
1576 2787 1749 2854 Intra,
1777 2789 1980 2868 inquit,
2020 2789 2077 2843 in
2170 2797 2240 2867 νει.
2258 2790 2322 2842 ad
2353 2792 2803 2869 comparationem
2829 2793 2942 2862 eius
2967 2796 3058 2865 qui
3088 2797 3385 2851 naturalem
3423 2797 3597 2869 legem
3626 2814 3733 2856 ser-

493 2881 752 2950 gaudium
778 2879 976 2933 domini
1004 2879 1102 2943 tui,
1131 2885 1187 2936 et
1226 2877 1436 2947 suscipe
1464 2893 1584 2947 quae
1604 2874 1701 2932 nec
1741 2877 1921 2932 oculus
1949 2879 2076 2933 sidit
2173 2879 2634 2934 vat-condemnari
2664 2895 2756 2936 eos
2783 2882 2874 2950 qui
2906 2885 3156 2953 scriptam
3185 2885 3352 2955 legem
3372 2886 3670 2958 negligant.

497 2988 594 3026 nec
639 2972 785 3025 auris
829 2969 1048 3033 audivit,
1097 2984 1190 3022 nec
1232 2969 1290 3021 in
1333 2984 1423 3021 cor
1468 2967 1691 3021 hominis
1736 2969 2075 3023 ascenderunt
2241 2964 2494 3036 Oportuit
2520 2985 2640 3040 ergo
2678 2980 2725 3024 te
2742 2973 3066 3027 committere
3093 2976 3363 3043 pecuniam
3393 2974 3738 3030 meam'nam-

493 3062 557 3135 (l
576 3059 708 3116 Cor.
733 3061 815 3133 ιι).
840 3060 979 3127 Quid
1007 3068 1185 3113 autem
1212 3057 1384 3129 maju's
1410 3058 1524 3113 dari
1551 3066 1728 3127 potest
1757 3057 1894 3111 fideli
1917 3073 2077 3113 servo
2109 3075 2154 3135 Αι
2174 3054 2436 3119 malai-iis,
2465 3065 2512 3111 et
2537 3058 2741 3112 veniens
2764 3076 2854 3130 ego
2885 3063 3384 3133 recepissem‘utique
3409 3065 3550 3134 quod
3575 3081 3736 3119 meum

506 3119 668 3224 quam
689 3119 818 3213 esse
847 3119 972 3207 cum
996 3150 1239 3216 domino,
1266 3119 1336 3204 ει
1363 3119 1570 3204 videre-
1581 3149 1837 3219 gaudium
1877 3149 2077 3204 demitti
2104 3119 2150 3181 Ο
2172 3156 2254 3202 est
2283 3163 2408 3202 cum
2440 3164 2624 3204 usura.
2644 3119 2922 3224 (animi
2950 3119 3101 3218 Quod
3123 3119 3502 3221 .putaverat‘se
3525 3167 3734 3224 praesa

493 3244 625 3300 sui!
2135 3224 2147 3245 ’
2179 3237 2456 3292 cusatione
2505 3238 2706 3294 dixisse
2727 3279 2744 3305 ,
2800 3239 2853 3293 in
2903 3240 3116 3310 culpam
3163 3240 3440 3309 propriam
3495 3242 3730 3296 vertitur.

571 3334 837 3400 Accedens
866 3315 1039 3387 autem
1077 3338 1126 3384 et
1152 3317 1252 3402 qui
1287 3344 1452 3382 unum
1494 3327 1746 3382 talentum
1787 3337 2076 3398 acceperat,
2181 3325 2380 3382 Servus
2404 3335 2581 3383 autem
2609 3330 2778 3384 maius
2800 3331 2918 3385 ideo
2938 3331 3255 3400 appellatur,
3271 3331 3396 3400 quia
3418 3331 3731 3386 calumniam

491 3427 574 3484 ait
600 3441 620 3476 :
649 3423 890 3490 Domine,
909 3421 1026 3476 scio
1057 3421 1181 3491 quia
1206 3422 1358 3473 homo
1381 3420 1546 3484 durus
1571 3433 1660 3483 es;
1685 3419 1832 3472 metis
1861 3419 1948 3489 ubi
1974 3435 2078 3474 non
2177 3415 2404 3484 Domino
2441 3417 2599 3484 facit;
2627 3420 2794 3490 piger,
2823 3421 2945 3488 quia
2979 3420 3233 3475 talentum
3260 3421 3430 3476 noluit
3453 3414 3730 3492 duplicare,

493 3503 850 3579 seminam,“
869 3528 1148 3584 congregas
1169 3511 1257 3565 ubi
1275 3503 1377 3564 non
1395 3509 1632 3581 sparsisti
1647 3519 1726 3574 ;et
1746 3509 1929 3564 timens
1949 3509 2075 3575 abii,
2177 3515 2237 3562 ut
2255 3507 2314 3560 in
2339 3507 2508 3564 altero
2536 3511 2819 3580 superbiat,
2858 3512 2909 3565 in
2931 3511 3106 3578 altero
3130 3512 3463 3582 negligentia:
3480 3513 3732 3568 condem—

492 3597 874 3669 stabscondidi
897 3601 1146 3675 talentum
1169 3610 1312 3654 tuam
1332 3600 1386 3653 in
1411 3610 1571 3654 terra.
1596 3599 1734 3654 Ecce
1759 3601 1914 3654 habes
1938 3601 2077 3671 quod
2177 3607 2353 3654 netur.
2387 3598 2468 3664 Si,
2501 3601 2693 3670 inquit,
2717 3601 2906 3656 durum
2934 3611 2988 3656 et
3010 3604 3279 3659 crudelem
3308 3617 3429 3658 esse
3456 3619 3542 3659 me
3573 3619 3729 3660 nove-

503 3703 650 3747 tuam
675 3701 772 3745 est.
800 3689 937 3745 Vere
964 3689 1107 3760 quod
1132 3689 1391 3757 scriptum
1413 3696 1518 3754 est,
1543 3688 1627 3742 Ad
1642 3688 1969 3743 excusandas
1992 3706 2076 3744 ea:-
2175 3704 2287 3751 ras,
2318 3697 2371 3744 et
2397 3691 2567 3744 aliena
2595 3692 2811 3757 sectari,
2855 3693 3030 3762 ibique
3074 3681 3274 3749 metere
3301 3695 3388 3748 ubi
3435 3710 3541 3749 non
3585 3710 3728 3751 seve-

497 3782 793 3836 cusationes
835 3779 894 3852 in
933 3781 1154 3850 peccatis
1177 3775 1357 3850 (Ptol.
1385 3777 1531 3849 cn),
1577 3777 1741 3832 etiam
1766 3778 1894 3833 huic
1919 3793 2076 3833 servo
2175 3776 2313 3841 rim,
2341 3793 2509 3848 quare
2549 3794 2653 3833 non
2682 3780 2774 3834 tibi
2811 3779 3110 3836 istiusmodi
3139 3782 3393 3851 cogitatio
3419 3782 3641 3852 incussit
3666 3781 3728 3838 ti-

501 3871 757 3939 contigit,
791 3849 952 3924 utad
988 3867 1258 3938 pigritiam
1297 3874 1360 3920 et
1393 3865 1772 3937 negligentiam
1813 3867 2075 3938 superbiae
2173 3879 2404 3929 morem,
2432 3875 2489 3920 ut
2513 3868 2683 3921 scires
2709 3883 2796 3922 me
2827 3882 2943 3922 mea
2970 3849 3274 3939 diligentius
3295 3849 3742 3939 quaesitumquef

501 3974 717 4031 quoque
748 3958 952 4013 crimen
981 3957 1277 4012 accederet.
1309 3955 1410 4022 Qui
1437 3956 1581 4011 enim
1607 3956 1789 4034 debuit
1813 3957 2073 4028 simplici-
2176 3954 2330 4009 dares
2351 3956 2628 4024 pecimiam
2652 3956 2764 4011 sive
2792 3965 3070 4028 argentum
3093 3958 3502 4013 nummulariis?
3521 3959 3730 4016 Utrum-

503 4059 585 4110 ter
630 4048 877 4102 inertiam
920 4045 1187 4110 conﬁteri,
1234 4053 1289 4099 et
1331 4059 1490 4110 orare
1533 4045 1993 4115 patremfamilias,
2040 4063 2075 4104 e
2174 4060 2280 4114 quc
2298 4047 2438 4100 enim
2469 4049 2707 4123 ἀργύριον
2725 4047 2940 4103 Gmcus
2967 4063 3144 4124 sermo
3173 4050 3459 4120 significat.
3491 4051 3726 4124 Eloqaia.

495 4139 773 4196 contrario
810 4135 1184 4200 calumniatur,
1225 4143 1281 4190 et
1318 4135 1447 4191 dicit
1488 4151 1548 4192 se
1590 4136 1859 4206 prudenti'
1879 4137 2074 4192 fecisse
2173 4140 2366 4219 inquit,
2402 4139 2632 4206 Domini,
2663 4140 2867 4211 eloquia
2893 4151 3059 4206 casta,
3091 4133 3360 4213 argentum
3390 4143 3512 4213 igne
3545 4147 3738 4199 ιεσιιιο·

494 4231 745 4294 oonsilio,
773 4245 843 4285 ne
873 4229 997 4284 dum
1030 4227 1187 4284 lucra
1219 4228 1467 4299 pecuniae
1495 4237 1781 4298 quaereret,
1810 4229 1972 4284 etiam
2004 4229 2072 4285 de
2173 4241 2384 4296 natum,
2423 4232 2695 4302 probatum
2722 4241 2898 4296 term,
2931 4243 3206 4302 purgatum
3244 4233 3535 4304 septsrplum
3563 4224 3727 4307 (Paul.

500 4331 646 4380 sorte
677 4321 1110 4392 periclitaretur.-
1132 4315 1334 4390 (6ης.)
1372 4316 1672 4373 Notandum
1709 4327 1889 4373 autem
1928 4321 2073 4389 quod
2172 4308 2270 4390 xi).
2305 4320 2540 4377 Pecunia
2572 4337 2699 4393 ergo
2733 4332 2787 4376 et
2817 4331 3092 4393 argentum
3124 4324 3435 4392 praedicatio
3466 4320 3726 4396 Evangelii

498 4412 703 4470 inutilis
723 4405 913 4467 servus
938 4411 1128 4464 durum
1162 4409 1437 4465 dominum
1461 4417 1636 4473 vocat,
1669 4410 1755 4465 cui
1789 4417 1966 4465 tamen
2002 4413 2138 4482 ad,_
2168 4421 2277 4478 est,
2308 4422 2364 4470 et
2399 4427 2576 4468 sermo
2608 4413 2840 4479 divinus,
2873 4416 2960 4482 qui
2995 4414 3106 4472 dari
3147 4414 3331 4468 debuit
3365 4415 3726 4471 nummulari's

499 4506 705 4560 lucrum
732 4493 1346 4566 deservire'dissimulat,
1388 4510 1444 4557 et
1469 4501 1710 4557 timuisse
1749 4518 1809 4558 se
1836 4503 1966 4559 dicit
2009 4505 2066 4560 in
2095 4473 2146 4532 Β
2173 4513 2228 4560 ει
2263 4473 2571 4574 trapezetis,
2602 4499 2666 4558 id
2704 4512 2789 4559 est
2808 4473 2836 4568 ,⁷
2861 4473 2944 4558 vel
2985 4505 3193 4559 cteteris
3229 4505 3539 4560 doctoribus
3577 4506 3725 4577 (quod

499 4599 650 4653 lucro
676 4597 931 4673 talentum
952 4595 1278 4665 expendere,
1303 4596 1392 4664 qui
1420 4597 1522 4651 hoc
1548 4594 1723 4651 solum
1755 4587 1942 4680 timere
1968 4597 2064 4652 de-
2173 4593 2414 4650 fecerunt
2440 4603 2494 4649 et
2528 4595 2749 4664 apostoli
2787 4610 2884 4664 per
2915 4595 3152 4666 singulas
3181 4596 3488 4665 provincias
3518 4597 3726 4668 presta-

497 4688 711 4750 buerat,‘
740 4699 806 4738 ne
835 4686 936 4740 hoc
975 4687 1091 4740 sine
1113 4684 1285 4739 .lucro
1323 4692 1621 4753 reportaret
1660 4685 1730 4740 ad
1770 4686 2064 4754 dominum.
2177 4695 2315 4738 teres
2352 4693 2406 4738 et
2443 4684 2721 4752 episcopos
2757 4683 3112 4755 ordinantes),
3149 4685 3233 4739 vel
3269 4686 3478 4739 cunctis
3515 4685 3724 4740 creden-

491 4775 636 4831 Sunt
662 4775 804 4829 enim
849 4774 1088 4854 plerique
1133 4776 1186 4829 in
1215 4773 1451 4828 Ecclesia
1485 4788 1711 4843 quorum
1738 4774 1840 4828 iste
1881 4788 2068 4830 servus
2174 4775 2338 4839 tibus,
2362 4776 2452 4845 qui
2469 4785 2698 4854 possunt
2723 4775 3005 4844 pecuniam
3027 4775 3313 4845 duplicare,
3335 4785 3535 4831 etcum
3557 4776 3724 4830 usuris

496 4867 784 4941 imaginem
809 4874 974 4930 tenet,
1005 4865 1096 4934 qui
1125 4864 1365 4930 melioris
1399 4865 1513 4920 vias
1535 4863 1656 4918 vita:
1697 4865 1912 4934 aggredi
1957 4880 2070 4920 πιε-
2172 4863 2423 4935 reddere,
2463 4871 2522 4916 ut
2559 4863 2817 4932 quidquid
2853 4878 3102 4919 sermone
3137 4864 3406 4919 discerent
3440 4877 3605 4932 opere
3638 4877 3724 4919 ex-

497 4966 683 5022 tuunt,
713 4964 768 5010 et
797 4964 973 5012 tamen
1009 4953 1195 5023 jacere
1232 4954 1286 5008 in
1326 4954 1406 5009 sui
1446 4953 1675 5023 torporis
1713 4953 1921 5023 ignavia
1959 4969 2068 5009 non
2166 4953 2395 5022 plorent.

497 5044 906 5112 pertimescunt.
961 5041 1201 5108 Cumque
1245 5054 1304 5096 se
1350 5045 1658 5108 peccatores
1706 5037 2061 5101 considerant,
2241 5043 2424 5099 Tollite
2457 5046 2628 5115 itaque
2665 5035 2730 5098 ab
2763 5061 2822 5098 eo
2851 5043 3116 5108 talentum,
3151 5055 3198 5096 et
3223 5043 3343 5096 date
3378 5045 3426 5097 ei
3465 5044 3554 5115 qui
3581 5045 3720 5099 tanta

495 5129 799 5187 sanctitatis
835 5129 947 5183 vias
983 5129 1223 5198 arripere
1261 5128 1557 5197 trepidant,
1603 5136 1656 5182 et
1685 5141 1964 5181 remanere
2009 5127 2064 5182 in
2168 5137 2344 5190 deum
2370 5127 2584 5190 talenta.
2628 5133 2827 5207 (ϐπ-ες.)
2867 5133 3228 5204 Opportunum
3257 5133 3407 5188 valde
3428 5135 3718 5198 videbatur,

493 5222 609 5278 suis
646 5217 1019 5290 iniquitatibus
1045 5235 1152 5273 non
1192 5218 1516 5273 formidant:
1537 5216 1936 5284 Quorum'bene
1960 5216 2062 5271 Pe-
2169 5234 2226 5279 ιιι
2260 5241 2382 5280 cum
2422 5223 2562 5298 malo
2597 5238 2754 5279 seno
2790 5238 2953 5277 unum
2993 5223 3250 5276 talentum
3287 5221 3508 5285 tollitur,
3547 5223 3598 5276 ei
3634 5237 3717 5293 po-

495 5324 613 5367 trus
639 5313 815 5366 adhuc
834 5312 886 5366 in
916 5310 1226 5366 inﬁrmitate
1252 5310 1458 5380 positus
1485 5310 1714 5378 speciem
1745 5316 1912 5368 tenet.
1942 5323 2062 5362 cum
2169 5316 2275 5370 tius
2314 5315 2406 5384 qui
2446 5316 2550 5369 duo
2588 5328 2746 5383 quam
2786 5312 2878 5382 qui
2915 5312 3148 5381 quinque
3187 5313 3384 5365 talenta
3422 5320 3717 5380 acceperat,

498 5405 611 5473 viso
649 5403 906 5459 miraculo
944 5403 1172 5474 piscium
1212 5402 1348 5456 dixit
1388 5417 1411 5456 .~
1447 5401 1552 5456 Exi
1593 5419 1624 5455 a
1665 5419 1774 5464 me,
1821 5400 2061 5466 Domine,
2169 5408 2383 5461 daretur
2422 5420 2436 5458 :
2482 5405 2553 5458 illi
2598 5404 2739 5459 enim
2779 5401 2896 5456 dari
2941 5402 3124 5481 debuit
3167 5402 3258 5472 qui
3303 5395 3514 5466 mirlus,
3565 5408 3716 5472 qustu

490 5496 617 5564 quia
645 5494 797 5547 homo
820 5505 1056 5564 peccator
1080 5511 1195 5548 sum
1230 5492 1380 5565 (an.
1409 5493 1484 5565 v).
1522 5493 1632 5547 lmo
1661 5493 1707 5547 si
1738 5502 1789 5547 te
1816 5501 2064 5563 peccato-
2168 5498 2256 5565 qui
2297 5497 2414 5565 plus
2463 5495 2666 5549 habuit.
2713 5492 2818 5547 Sed
2858 5493 2996 5547 sicut
3040 5493 3282 5574 superius
3324 5492 3586 5568 diximus,
3630 5507 3718 5562 per

495 5597 607 5637 rem
638 5583 961 5657 consideras,
1006 5583 1217 5654 oportet
1243 5590 1303 5636 ut
1331 5594 1362 5637 a
1402 5591 1454 5640 te
1495 5580 1775 5637 Dominqu
1823 5597 1929 5637 non
1980 5597 2060 5636 re-
2166 5586 2401 5655 quinque
2440 5584 2670 5646 talenta,
2712 5583 2945 5653 quinque
2985 5583 3230 5638 videlicet
3266 5597 3492 5646 sensus,
3533 5583 3587 5638 id
3618 5591 3714 5641 est.

492 5672 676 5741 pellas.
706 5663 828 5725 'Sed
861 5673 947 5740 qui
992 5675 1192 5728 idcirco
1234 5671 1470 5727 melioris
1496 5672 1708 5728 habitus
1737 5673 1850 5727 vias
1877 5682 1931 5727 et
1978 5689 2061 5725 re-
2164 5675 2486 5727 cxteriorum
2525 5672 2745 5727 scientia
2782 5671 3112 5741 designatur;
3154 5687 3247 5748 per
3284 5673 3387 5728 duo
3424 5679 3604 5728 auten
3645 5678 3742 5734 t:r-_
