3922 6336
183 343 315 400 1095

1122 341 1474 400 COMMENT.
1514 339 1580 394 IN
1621 336 2057 394 MATTH/EUM.
2104 370 2168 379 —
2210 315 2335 393 un.
2381 338 2487 394 vn.

3295 347 3423 403 illul

176 458 320 513 lenta
359 455 659 512 intellectus
698 460 750 520 et
784 439 1025 523 operatio
1063 453 1380 523 exprimitur
1417 469 1428 504 :
1468 450 1586 521 plus
1620 465 1748 519 ergo
1779 455 1822 512 Α
1851 467 1937 512 es;
1969 452 2114 504 metis
2147 451 2233 503 ubi
2271 468 2372 504 non
2409 452 2674 506 semimin
2702 464 2749 508 et
2787 455 2987 527 colligis
3026 458 3243 513 ubinou
3280 477 3425 531 spar-

177 548 363 604 ltabuit
385 549 477 618 qui
507 547 611 624 duo
642 561 801 624 quant
831 547 921 617 qui
950 547 1186 616 quinque
1216 546 1413 600 talenta
1460 545 1698 615 percepit
1730 563 1742 598 :

174 641 299 710 quia
330 639 419 708 qui
450 622 546 707 per
576 622 768 692 talenta
796 634 1032 707 quinque
1057 636 1382 691 exteriorum
1409 632 1751 691 administra-

176 732 374 785 tionem
408 729 627 781 meruit.
673 731 738 781 ab
781 726 1051 782 intellectu
1094 727 1425 780 internorum
1455 726 1629 781 adhuc
1663 741 1750 779 va-

175 835 308 875 cuus
348 818 465 873 fuit.
514 818 684 874 Unum
733 833 860 887 ergo
909 818 1190 883 talentum,
1234 819 1374 887 quod
1421 817 1746 872 intellectum

174 907 466 982 significari
493 909 744 970 diximus,
793 908 864 962 illi
907 908 1024 962 dari
1061 908 1242 962 debuit
1286 908 1377 977 qui
1422 909 1558 962 bene
1601 915 1749 973 estea

174 1003 318 1056 riora
361 1015 478 1072 qua:
509 1007 789 1069 acceperat
829 999 1171 1053 ministravit.
1219 997 1370 1065 Quod
1413 998 1651 1066 quotidie
1693 999 1746 1051 in

150 1101 362 1148 sancta
406 1089 645 1146 Ecclesia
674 1088 963 1153 cernimus,
985 1088 1120 1163 quia
1166 1087 1403 1156 plerique
1447 1089 1574 1142 dum
1612 1089 1749 1144 bene

172 1181 502 1244 ministrant,
531 1178 801 1234 exteriora
844 1193 963 1248 qua:
1004 1179 1272 1247 accipiunt
1308 1194 1405 1248 per
1441 1177 1747 1246 adjunctam

173 1271 401 1341 gratiam
432 1270 499 1324 ad
535 1268 858 1324 intellectum
887 1283 1099 1339 quoque
1127 1269 1412 1338 mysticum
1451 1270 1750 1341 perducun-

177 1369 282 1427 tur,
317 1368 376 1414 ut
416 1361 578 1433 etiam
623 1361 686 1414 de
718 1361 926 1414 interna
972 1359 1318 1430 intelligentia
1348 1359 1613 1431 polleant,
1656 1361 1749 1431 qui

163 1453 447 1508 exteriora
480 1449 1132 1506 fideliter‘administrant.
1167 1449 1391 1521 (Hilar.)
1428 1444 1558 1504 Item
1595 1450 1752 1504 aliter

172 1543 292 1598 haec
330 1541 581 1614 parabola
623 1539 914 1595 semiudum
959 1538 1266 1611 allegoriam
1310 1541 1503 1610 exponi
1552 1549 1756 1610 potest.

173 1635 380 1689 Servus
422 1633 512 1690 ille
537 1633 630 1703 qui
660 1633 896 1702 quinque
928 1632 1134 1687 talenta
1173 1633 1400 1704 accepit,
1430 1632 1654 1703 populus
1683 1646 1749 1686 ex

173 1728 294 1797 lege
313 1725 645 1782 credentium
666 1725 990 1794 est,'.ex‘qua
1014 1722 1286 1793 profectus
1310 1723 1558 1777 meritum
1581 1718 1749 1793 ipsius

174 1791 325 1871 recte
349 1814 625 1897 probeque
639 1791 931 1882 perfuncta}
950 1791 1269 1883 evangelica:
1291 1811 1412 1867 fidei
1439 1791 1749 1880 operalione
1775 1791 1824 1865 Β

175 1896 485 1976 duplicavit.
512 1903 573 1959 ln
596 1903 804 1958 ratione
830 1911 1008 1973 autem
1031 1903 1297 1972 ponenda,
1315 1901 1501 1972 judicii
1521 1917 1746 1957 examen

173 2003 282 2062 est,
312 2009 419 2065 quo
447 1993 680 2049 caelestis
703 1993 853 2048 verbi
885 2007 1014 2048 usus
1037 2000 1196 2061 atque
1224 1991 1430 2048 reditus
1458 1992 1750 2063 dispensati

177 2084 362 2140 talenti
386 2082 701 2154 postulatur.
719 2080 884 2152 igitur
904 2081 988 2137 cui
1009 2089 1165 2136 erant
1184 2081 1419 2150 quinque
1440 2081 1746 2146 commissa,

176 2174 396 2230 domino
428 2187 646 2230 reverso
674 2173 741 2227 de
769 2172 1006 2256 quinque
1031 2171 1216 2226 decem
1241 2171 1462 2236 obtulit,
1497 2171 1617 2226 talis
1645 2173 1751 2226 sci-

172 2267 302 2324 licet
327 2267 381 2321 in
407 2264 510 2320 ﬂde
537 2271 783 2334 repertus
802 2262 973 2333 qualis
999 2263 1053 2318 in
1075 2262 1212 2334 lege,
1237 2262 1325 2332 qui
1350 2263 1534 2319 decem
1560 2264 1751 2317 verbo-

172 2376 296 2415 rum
318 2360 554 2430 quinque‘
581 2357 731 2413 libris
758 2357 922 2428 Moysi
947 2364 1338 2427 praceptorum
1368 2356 1746 2423 obedientiam,

173 2467 274 2522 per
298 2453 523 2526 gratiam
547 2453 866 2526 evangelica:
885 2451 1283 2522 juStilicationis
1311 2451 1626 2528 expleverit.
1651 2451 1750 2522 lgi-

172 2553 264 2597 tur
300 2540 520 2610 iubetur
551 2541 609 2596 in
645 2541 893 2614 gaudium
924 2541 1122 2597 domini
1157 2541 1409 2608 introire,
1454 2541 1507 2596 id
1548 2551 1664 2606 est;
1693 2542 1749 2596 in

92 2664 95 2666 -
174 2635 438 2699 honorem
465 2632 644 2704 gloria
665 2631 864 2694 Christi
886 2616 1158 2703 recipitur.
1185 2632 1278 2688 llle
1300 2649 1429 2689 vero
1455 2648 1641 2688 servus
1664 2634 1749 2690 cui

173 2727 282 2780 duo
307 2725 503 2786 talenta
529 2725 812 2780 commissa
839 2729 984 2788 sunt,
1007 2723 1245 2794 gentium
1268 2724 1494 2794 populus
1517 2736 1621 2790 est,
1648 2724 1750 2800 fide

171 2825 337 2886 atque
366 2813 702 2870 confessione
743 2822 797 2867 et
829 2810 952 2866 Filii
977 2813 1322 2880 justiilcatus,
1365 2821 1426 2869 et
1462 2814 1656 2880 Patris,
1695 2821 1751 2868 et

172 2905 460 2960 Dominum
488 2912 730 2959 nostrum
757 2901 938 2958 Iesum
963 2901 1236 2962 Christum
1253 2943 1266 2966 ,
1292 2912 1452 2972 atque
1478 2905 1750 2960 hominem

171 3008 226 3052 et
251 2998 446 3067 spiritu
473 3005 529 3052 et
556 3011 720 3054 carne
743 2994 1042 3052 confessus.
1085 2994 1219 3049 Nam
1257 3002 1312 3050 et
1341 2987 1502 3050 corde
1528 2996 1752 3068 ,lidcs‘et

169 3079 265 3142 ore
296 3083 566 3141 confessio
595 3092 680 3139 est
709 3082 884 3154 (Rom.
915 3082 994 3155 ι).
1034 3081 1160 3143 Haec
1185 3078 1313 3153 cr'go
1338 3084 1463 3137 huic
1490 3092 1615 3138 sunt
1643 3085 1748 3138 duo

167 3175 379 3233 talenta
410 3175 713 3232 commissa.
751 3172 857 3229 Sed
884 3182 944 3226 ut
967 3173 1115 3243 prior
1139 3172 1226 3232 ille
1251 3187 1410 3228 omne
1438 3188 1745 3228 sacramen-

171 3261 284 3320 tum
315 3266 372 3320 in
399 3264 636 3336 quinque
660 3263 903 3328 talentis,
931 3264 984 3317 id
1021 3273 1133 3328 est,
1165 3263 1218 3317 in
1245 3263 1358 3334 lege
1393 3271 1746 3333 cognoverat,

173 3359 338 3428 idque
368 3356 540 3427 ipsum
570 3353 974 3424 lideEvangelii
1003 3345 1395 3424 duplicaverat,
1436 3354 1508 3407 ita
1539 3354 1646 3409 iste
1667 3353 1749 3406 in-

171 3445 642 3507 cnementnduum
671 3444 1010 3507 talentorum,
1034 3441 1193 3511 idque
1211 3443 1520 3512 Operatione
1537 3455 1749 3512 prome-

124 3543 127 3545 “
170 3540 315 3610 Γαίῃ,
336 3538 413 3596 Et
453 3539 509 3593 in
540 3529 826 3599 traditione
855 3552 919 3592 ac
961 3535 1132 3591 reditu
1165 3534 1409 3590 dissimili
1437 3549 1535 3604 par
1569 3543 1748 3590 tamen

168 3631 311 3703 apud
359 3629 644 3685 Dominum
689 3643 884 3683 munus
930 3627 1215 3682 amborum
1252 3635 1357 3691 est,
1404 3633 1464 3679 u't
1510 3628 1747 3696 gentium

165 3724 333 3779 ﬁdem
380 3729 711 3790 exaequatam
744 3718 1074 3774 credentium
1115 3732 1180 3772 ex
1218 3715 1334 3788 lege
1376 3717 1613 3772 scientiae
1654 3731 1749 3772 no-

165 3797 478 3876 sceremus,
523 3825 645 3875 nam
691 3824 814 3863 cum
858 3806 1160 3862 laudatione
1203 3808 1389 3861 eadem
1429 3807 1646 3877 jubetur
1691 3807 1749 3862 in

167 3901 425 3974 gaudium
454 3898 668 3957 Domini
694 3898 935 3953 introire.
963 3888 1265 3957 Est‘autem
1279 3895 1572 3966 duplicatio
1598 3912 1745 3951 sum-

165 3999 275 4060 ptae
315 3989 562 4061 pecuniae
601 3989 970 4059 operationem
1017 3984 1146 4041 fidei
1187 3985 1501 4051 addidisse,
1531 3994 1748 4056 θυμω

165 4082 423 4152 opinione
465 4079 835 4143 crediderant,
883 4076 1045 4132 rebus
1068 4074 1330 4145 factisque
1349 4063 1603 4146 gessisse.
1643 4077 1746 4145 Qui

167 4186 296 4226 vero
339 4185 505 4224 unum
555 4168 810 4223 talentum
849 4165 1072 4235 accepit,
1104 4173 1161 4243 et
1200 4165 1254 4219 in
1295 4174 1453 4219 terra.
1483 4166 1744 4230 recondit,

165 4248 404 4333 populus
421 4265 505 4314 est
534 4259 588 4312 in
627 4258 748 4328 lege.
783 4257 1097 4328 persistens,
1133 4262 1277 4309 totus
1304 4254 1539 4313 carnalis
1563 4264 1616 4310 et
1641 4264 1750 4312 stu.

163 4339 346 4425 pinus;
389 4358 447 4406 et
491 4349 624 4404 nihil
666 4348 907 4419 spiritale
951 4347 1271 4418 intelligens,
1307 4355 1361 4402 et
1388 4362 1546 4416 quem
1577 4348 1750 4405 virtus

163 4439 565 4513 praedicationis
589 4437 911 4507 evangelica:
933 4451 1040 4491 non
1065 4437 1273 4501 subeat,
1300 4437 1392 4490 sed
1418 4445 1638 4508 propter
1663 4438 1744 4492 in-

161 4620 369 4675 lentum
416 4615 775 4689 absconderit,
819 4607 991 4684 neque
1031 4613 1144 4684 ipse
1171 4622 1348 4678 utens,
1390 4629 1563 4691 neque
1589 4623 1745 4670 uten-

161 4713 286 4766 dum
315 4708 440 4762 aliis
473 4708 763 4776 dispenset,
810 4705 904 4759 sed
949 4703 1192 4759 suilicere
1220 4704 1321 4759 sibi
1365 4705 1533 4774 legem
1559 4705 1745 4760 existi-

161 4808 271 4854 met
300 4797 371 4852 ad
401 4796 648 4851 salutem.
677 4799 852 4863 Atque
876 4794 994 4848 ideo
1019 4809 1139 4848 cum
1162 4795 1228 4848 ab
1253 4809 1317 4849 eo
1342 4795 1480 4848 ratio
1507 4794 1743 4863 postula-

160 4898 334 4954 retur,
374 4888 461 4958 ita‘
483 4887 559 4940 ait
589 4904 602 4938 :
637 4885 844 4949 Timui;
891 4896 1143 4953 tanquam
1172 4897 1270 4953 per
1297 4884 1647 4938 reverentiam
1677 4899 1742 4939 ac

159 4987 366 5033 metum
396 4985 634 5031 veterum
665 4983 1074 5043 prznccptorum,
1111 4988 1210 5027 usu
1239 4973 1740 5043 evangelicaaliber-

160 5069 285 5126 tatis
312 5068 602 5130 abstineat,
630 5068 874 5134 dicatque
898 5063 1030 5118 Ecce
1047 5065 1183 5134 quod
1213 5072 1359 5117 tuum
1387 5073 1481 5129 est,
1508 5065 1655 5118 velut
1685 5063 1738 5118 in

158 5164 244 5219 his
277 5176 404 5232 qua:
442 5158 723 5225 abomino
754 5164 1018 5226 praecepta
1053 5163 1178 5210 sunt
1206 5153 1366 5208 fuerit
1401 5155 1733 5210 immoratus.

156 5242 214 5309 Ιιί
242 5262 394 5308 terra
417 5262 543 5303 vero
568 5248 916 5311 abscondere,
941 5248 1042 5300 hoc
1067 5253 1149 5299 est
1171 5259 1321 5299 novre
1343 5245 1738 5314 przedieationis

157 5350 388 5422 gloriam
437 5346 536 5401 sub
579 5345 897 5400 tractatione
939 5355 1208 5411 corporeae
1250 5339 1514 5410 passionis
1559 5339 1738 5395 occul-

159 5437 418 5504 tare.'Qui
439 5452 561 5497 cum
575 5433 846 5490 Christum
866 5431 1146 5487 Dominum
1169 5431 1234 5485 ad
1255 5432 1477 5485 salutem
1498 5431 1735 5502 genlium

159 5531 387 5585 missum
419 5527 585 5581 fuisse
619 5541 721 5580 non
759 5525 928 5595 possit
961 5525 1194 5578 abnuere
1225 5522 1369 5593 (nam
1399 5530 1452 5578 et
1479 5524 1739 5578 adventus

156 5630 212 5680 et
236 5619 420 5691 passio
446 5618 562 5695 ejus
588 5632 651 5671 cx
678 5617 790 5686 lege
813 5615 940 5688 est),
960 5617 1332 5683 obtemperare
1358 5623 1532 5667 tamen
1561 5613 1704 5666 Evan
1720 5642 1736 5650 -

141 5711 294 5776 gelio
325 5710 439 5777 ipse
472 5706 718 5761 uoluerit.
751 5707 839 5760 Ait
866 5707 1008 5761 enim
1043 5724 1055 5758 ε
1093 5703 1211 5759 Srio
1237 5706 1357 5774 quia
1387 5705 1537 5758 homo
1573 5704 1737 5758 durus

1768 4479 1822 4538 D

162 4531 370 4586 vidiam
399 4527 771 4583 salvandarum
799 4526 1036 4596 gentium
1081 4526 1135 4579 in
1175 4533 1320 4580 terra
1348 4533 1623 4598 acceptum
1667 4535 1746 4581 ta-
1768 4526 1818 4543 "’

1850 541 1984 595 sisti.
2033 541 2228 595 lterum
2259 544 2602 610 praesentium
2634 555 2825 601 natura
2854 563 2958 603 non
2997 548 3170 605 defert
3199 567 3426 606 messem

1851 631 2111 687 essesine
2141 632 2363 695 semine,
2396 641 2451 685 et
2482 633 2657 704 colligi
2686 650 2808 704 qua:
2842 653 3028 706 sparsa
3061 657 3165 694 non
3193 639 3424 703 fuerunt,

1850 721 1944 774 sed
1993 729 2136 775 totus
2185 722 2442 790 spiritalis
2491 724 2578 778 hic
2623 739 2799 780 sermo
2846 736 2946 780 est.
2998 726 3238 785 Diximus
3284 731 3427 785 cnim

1850 810 1995 864 hunc
2022 811 2272 880 populum
2302 825 2420 866 esse
2449 812 2514 866 de
2538 813 2674 884 lege,
2704 830 2811 869 non
2852 815 3196 886 ignorantem‘
3219 819 3425 874 Domini

1850 903 2136 957 adventum
2163 911 2218 957 et
2238 904 2476 973 gentium
2509 907 2757 970 salutem,
2788 909 2879 961 sed
2911 891 3196 964 inﬁdelem.
3223 895 3429 981 Quippe

1847 1009 1974 1049 cum
2001 993 2135 1048 sciat
2157 995 2435 1049 i'netendos
2465 995 2575 1050 illic
2591 994 2813 1062 iustitiae
2835 997 3060 1064 fructus,
3087 1001 3288 1055 ubi'lex
3311 1011 3424 1057 sata

1849 1100 1955 1140 non
1979 1086 2068 1149 sit,
2093 1095 2148 1141 et
2164 1085 2490 1156 colligendus
2513 1087 2575 1142 ex
2601 1089 2847 1158 gentibus
2869 1092 2956 1158 qui
2981 1107 3086 1145 non
3109 1108 3172 1147 ex
3200 1091 3428 1148 Abrahae

1850 1176 1958 1230 sint
1997 1175 2164 1245 stirpe
2190 1176 2452 1246 dispersi,
2487 1185 2542 1232 et
2581 1179 2784 1240 idcirco
2820 1179 2984 1234 durus
3011 1181 3102 1236 hic
3128 1182 3290 1237 homo
3325 1183 3426 1247 sit,

1847 1265 2057 1320 scilicet
2085 1266 2202 1320 sine
2231 1267 2345 1336 lege
2366 1267 2786 1336 justifiealurus,
2815 1271 2929 1324 sine
2963 1270 3293 1339 dispersione
3319 1271 3431 1328 col-

1847 1355 2108 1419 lectunts,
2146 1364 2201 1411 et
2233 1357 2350 1410 sine
2390 1358 2596 1413 satione
2637 1374 2930 1414 messurus.
2972 1360 3148 1430 Atque
3178 1362 3298 1416 ideo
3327 1363 3429 1418 hoc

1851 1446 2024 1516 magis
2059 1446 2173 1500 sine
2203 1446 2356 1501 venia
2385 1447 2488 1501 erit
2528 1462 2627 1501 cur
2656 1449 3093 1524 prtedicalionem
3122 1451 3426 1506 occultare.
3520 1435 3522 1438 r

1851 1536 1940 1598 rit,
1970 1545 2026 1590 et
2057 1537 2403 1591 commissum
2432 1538 2534 1592 sibi
2565 1538 2820 1592 talentum
2851 1537 3146 1604 sull‘oderit,
3175 1557 3295 1594 cum
3327 1542 3431 1597 sci-

1851 1637 1935 1684 ret
1961 1640 2261 1683 messurum
2290 1630 2554 1684 essesine
2595 1630 2815 1692 semine,
2851 1639 2904 1686 et
2934 1631 3279 1686 collecturum
3312 1648 3429 1688 esse

1850 1732 1970 1788 qua!
1995 1730 2102 1774 non
2131 1721 2436 1789 sparsisset.
2465 1720 2569 1775 Sed
2596 1721 2774 1789 potius
2800 1723 3099 1790 oportuisse
3127 1738 3248 1776 eum
3277 1741 3429 1778 num—

1851 1808 2095 1864 mulariis
2143 1810 2295 1874 dare,
2343 1809 2396 1862 id
2442 1816 2555 1872 est,
2607 1810 2858 1864 universo
2899 1812 3080 1880 generi
3130 1813 3422 1876 hominum,

1850 1900 1993 1969 quod
2019 1898 2198 1954 smculi
2225 1900 2453 1970 negotiis
2481 1899 2793 1970 occupetur,
2825 1915 2978 1954 nsunt
3007 1903 3193 1956 crediti
3221 1905 3319 1958 sibi
3351 1913 3428 1958 ta-

1851 1988 1980 2043 lenti
2013 1989 2431 2054 communicare,
2470 1989 2694 2074 Domino
2737 1990 2939 2044 reditus
2976 1989 3093 2058 ejus
3132 2006 3162 2044 a
3206 1992 3429 2064 singulis

1850 2077 2204 2147 postulaturo.
2240 2076 2333 2133 'Ob
2361 2092 2521 2146 quam
2567 2077 2775 2145 culpam
2812 2077 3068 2132 talentum
3099 2079 3167 2133 ab
3209 2094 3273 2134 eo
3320 2096 3447 2155 non‘

1844 2170 1958 2239 jam
1987 2169 2256 2241 Evangelii
2285 2169 2426 2239 quod
2470 2168 2777 2229 sull‘oderat,
2810 2168 2902 2222 sed
2948 2169 3080 2239 legis
3122 2169 3424 2237 auferetur;

1849 2262 2006 2330 eique
2025 2262 2331 2331 quicunque
2360 2259 2710 2329 duplicaverit
2740 2259 2896 2336 datur
2923 2258 3148 2313 Domino
3174 2259 3385 2314 dicente
3410 2280 3424 2314 :

1922 2351 2077 2405 Omni
2089 2353 2241 2414 .enim
2273 2350 2480 2404 habenti
2503 2350 2719 2403 dabitur
2754 2359 2800 2403 et
2833 2349 3150 2420 abundabit;
3182 2350 3230 2402 ei
3256 2360 3428 2404 autem

1849 2444 1938 2515 qui
1965 2459 2069 2496 non
2093 2443 2264 2507 habet,
2288 2451 2336 2496 et
2363 2442 2502 2512 quod
2531 2441 2731 2495 videtur
2754 2440 2940 2495 habere
2964 2441 3321 2511 auferetur'ab
3345 2459 3425 2496 eo.

1850 2534 1987 2602 Quia
2013 2535 2234 2598 habenti
2265 2549 2420 2596 usum
2452 2532 2861 2604 Evangeliorum
2895 2532 3058 2586 etiam
3096 2531 3231 2604 legis
3259 2527 3440 2588 honor'

1852 2628 2112 2683 redditur.
2161 2627 2279 2683 Non
2320 2628 2539 2683 habenti
2584 2636 2764 2682 autem
2810 2627 2966 2681 fidem
3010 2627 3233 2693 Christi,
3264 2629 3427 2683 etiam

1851 2720 1992 2788 quod
2022 2720 2220 2775 habere
2247 2718 2348 2774 sibi
2379 2718 2661 2773 videbatur
2686 2735 2750 2774 ex
2797 2718 2913 2790 lege
2954 2720 3175 2775 honoris
3219 2719 3431 2776 aufere-

1854 2806 1957 2862 tur.
1989 2807 2255 2880 (Hieron)
2293 2808 2464 2862 Aliter
2505 2825 2517 2861 :
2558 2807 2704 2862 Multi
2737 2824 2856 2863 cum
2883 2809 3154 2878 sapientes
3199 2811 3306 2864 sint
3341 2827 3431 2865 na-

1850 2898 2116 2958 turaliter.
2144 2907 2199 2953 et
2228 2899 2464 2971 habeant
2493 2908 2716 2953 acumen
2761 2901 2983 2970 ingenii,
3027 2901 3072 2956 si
3105 2900 3304 2956 fuerint
3343 2919 3430 2957 ne-

1828 2987 2140 3061 gligentes,
2171 2989 2227 3044 et
2251 2989 2455 3045 desidia
2483 2989 2680 3044 bonum
2714 2998 2917 3045 natura:
2949 2995 3320 3062 corruperint,
3362 2997 3428 3051 ad

1850 3080 2304 3148 comparationem
2329 3079 2450 3149 ejus
2475 3081 2565 3149 qui
2602 3080 2873 3149 paululum
2914 3082 3117 3136 tardior
3144 3083 3326 3140 labore
3354 3067 3426 3140 in-

1851 3167 2073 3224 dustria:
2120 3162 2485 3240 compensavit
2529 3161 2671 3240 quod
2719 3154 2896 3227 minus
2945 3173 3151 3240 habuit,
3199 3178 3428 3246 perdunt

1849 3258 2048 3314 bonum
2076 3268 2303 3324 natum,
2329 3269 2383 3316 et
2424 3262 2702 3332 praemium
2735 3263 2877 3332 quod
2916 3264 2996 3317 eis
3024 3261 3426 3337 fuerat'reproa

1849 3349 2072 3410 missum
2098 3351 2309 3405 videtur
2336 3353 2567 3408 transire
2596 3353 2840 3413 advalios.
2868 3353 3052 3409 Potest
3078 3365 3133 3410 et
3160 3358 3238 3412 sic
3269 3358 3422 3412 intel-

1849 3435 1940 3508 ligi
1969 3454 1983 3490 :
2015 3437 2064 3493 ei
2091 3440 2180 3508 qui
2211 3438 2370 3496 ﬁdem
2399 3441 2576 3506 habet,
2605 3450 2661 3497 et
2686 3443 2880 3497 bonam
2912 3445 2965 3498 in
2996 3443 3223 3510 Domino
3253 3447 3430 3503 volun-

1849 3534 2038 3591 tatem.
2063 3528 2276 3584 etiamsi
2309 3531 2436 3600 quid
2471 3532 2649 3586 minus
2677 3532 2730 3586 in
2764 3547 2926 3603 opere
2952 3544 3010 3588 ut
3037 3536 3198 3591 homo
3227 3537 3428 3593 habue-

1848 3617 1939 3681 rit,
1977 3619 2194 3674 dabitur
2232 3635 2261 3672 a
2305 3619 2446 3674 bono
2469 3621 2681 3691 judice;
2714 3624 2807 3693 qui
2836 3632 3016 3680 autem
3044 3642 3150 3681 non
3180 3629 3428 3687 habuerit

1847 3708 2028 3775 fidem,
2056 3712 2222 3766 etiam
2252 3720 2474 3768 crateras
2499 3715 2726 3771 virtutes
2753 3727 2887 3785 quas
2909 3717 3187 3772 videbatur
3213 3731 3428 3777 natura.

1805 3796 1812 3803 ’
1847 3801 1969 3857 liter
1988 3803 2285 3872 possidere,
2309 3806 2504 3873 perdit.
2527 3806 2814 3877 Eleganter
2832 3809 3016 3873 etiam,
3038 3811 3176 3879 quod
3204 3813 3423 3881 videtur,

1847 3892 2042 3963 inquit,
2089 3894 2276 3949 habere
2317 3894 2588 3965 auferetur
2625 3897 2688 3950 ab
2717 3914 2796 3951 eo.
2843 3897 3109 3969 Quidquid
3137 3902 3279 3956 enim
3310 3904 3429 3964 sine
3471 3920 3473 3923 '

1846 3982 1951 4038 fide
1980 3982 2181 4038 Christi
2209 3992 2313 4049 est,
2338 3999 2444 4039 non
2472 3985 2521 4040 ei
2547 3985 2703 4042 debet
2731 3987 3012 4058 imputari,
3041 3991 3165 4060 quia
3195 3991 3334 4048 male
3361 4009 3430 4049 eo

1849 4075 2046 4129 abusus
2070 4083 2182 4140 est;
2240 4076 2332 4130 sed
2383 4075 2455 4130 illi
2499 4076 2595 4146 qui
2638 4078 2802 4133 etiam
2834 4089 2991 4136 servo
3035 4079 3177 4134 malo
3223 4089 3425 4137 natura:

1786 4166 1792 4172 ’
1847 4162 2044 4217 bonum
2070 4165 2273 4219 tribuit.
2300 4164 2512 4238 (Beda.)
2537 4166 2666 4221 Item
2695 4169 2782 4236 qui
2806 4183 3044 4224 amorem
3070 4169 3232 4233 habet
3252 4173 3424 4237 verbi,

1847 4254 2062 4309 dabitur
2089 4255 2161 4310 illi
2206 4258 2366 4314 etiam
2413 4272 2604 4312 sensus
2630 4257 2958 4330 intelligendi
2984 4260 3124 4330 quod
3157 4269 3321 4315 amat.
3353 4263 3423 4318 At

1847 4347 1937 4415 qui
1967 4348 2114 4402 verbi
2141 4348 2308 4402 divini
2345 4363 2582 4403 amorem
2626 4365 2734 4404 non
2774 4351 2936 4405 habet
2964 4351 3232 4415 audiendi,
3261 4353 3422 4407 etiam

1848 4438 1894 4491 si
1923 4437 2268 4493 veluaturali
2297 4438 2512 4510 ingenio
2540 4438 2622 4494 vel
2651 4439 2952 4494 litterarum
2989 4441 3088 4495 sibi
3118 4441 3312 4496 callere
3339 4445 3419 4497 vi-

1848 4530 2006 4584 detur
2029 4538 2298 4594 ornatum,
2338 4531 2486 4584 nulla-
2505 4546 2647 4585 verae
2675 4532 2950 4601 sapientia:
2981 4532 3260 4588 dulcedine
3288 4550 3419 4605 gau-

1844 4618 2010 4674 debit.
2044 4620 2246 4692 (Greg.)
2295 4620 2418 4676 Sive
2445 4622 2600 4675 aliter
2631 4640 2643 4675 :
2679 4621 2836 4694 Omni
2875 4625 3083 4677 habenti
3113 4624 3340 4689 dabitur,
3373 4636 3420 4681 et

1845 4711 2132 4764 abundabit
2181 4730 2197 4766 :
2246 4713 2370 4780 quia
2417 4713 2662 4781 quisquis
2709 4713 3025 4768 (-haritatem
3077 4728 3179 4768 non
3226 4714 3416 4779 habet,

1843 4800 2009 4854 etiam
2054 4816 2172 4871 qua:
2214 4803 2518 4871 percepisse
2562 4803 2846 4857 videbatur
2878 4804 3091 4857 amittit.
3137 4803 3288 4860 Unde
3328 4822 3418 4860 ne-

1845 4908 1996 4947 cesse
2032 4902 2113 4946 est
2152 4902 2210 4946 ut
2249 4908 2345 4963 per
2369 4908 2527 4949 omne
2555 4895 2696 4964 quod
2733 4896 2956 4965 agimus,
2984 4910 3112 4965 erga
3140 4896 3418 4950 cbaritatis

1846 4986 2022 5040 studia
2049 4985 2346 5055 vigilemus.
2372 4986 2620 5041 Charitas
2642 4997 2818 5040 autem
2842 5001 2968 5041 vera
2997 4996 3080 5040 est
3105 4994 3161 5040 et
3185 4986 3414 5039 amicum

1845 5077 2064 5148 diligere
2096 5079 2148 5131 in
2190 5063 2411 5143 Deofet
2439 5063 2713 5134 inimicum
2740 5078 2960 5149 diligere
2984 5087 3203 5148 propter
3228 5079 3414 5144 Deum,

1843 5183 2004 5236 quam
2034 5168 2278 5237 quisquis
2315 5185 2420 5223 non
2459 5169 2620 5223 habet
2645 5183 2802 5222 omne
2829 5169 3025 5234 bonum
3058 5169 3251 5224 amittit
3275 5169 3415 5237 quod

1844 5259 2034 5320 habet,
2072 5268 2127 5313 et
2171 5258 2366 5313 talento
2403 5260 2542 5329 quod
2588 5266 2866 5329 acceperat
2908 5259 3148 5329 privatur
3172 5267 3226 5312 et
3258 5256 3415 5327 juxta
3501 5296 3505 5300 ς

1841 5347 2175 5402 Domirilcam
2215 5349 2567 5412 sententiam,
2609 5347 2660 5402 in
2691 5348 2984 5402 exteriores
3013 5347 3259 5402 tenebras
3287 5343 3411 5401 mit;

1842 5438 1992 5492 titur.

1914 5529 2242 5584 Et-inutilem
2268 5546 2467 5583 seruum
2490 5530 2726 5599 projicite
2750 5530 2806 5582 in
2848 5527 3082 5582 tenebras
3111 5527 3409 5581 exteriores.

1842 5618 1925 5671 Ibi
1951 5620 2045 5671 erit
2093 5621 2244 5689 fletus
2272 5629 2318 5672 et
2359 5618 2553 5672 stridor
2576 5619 2828 5672 dentium.
2857 5614 3123 5687 (Hirrum)
3155 5615 3413 5668 Dominus

1843 5707 2020 5763 lumen
2065 5718 2169 5772 cst,
2215 5715 2270 5761 et
2290 5708 2378 5776 qui
2407 5708 2473 5760 ab
2502 5723 2566 5761 eo
2607 5706 2749 5762 foras
2776 5707 3028 5770 mittitur,
3056 5720 3184 5759 vero
3210 5704 3412 5758 lumine
