3922 6346
524 344 663 402 im
1150 338 1212 394 Β.
1248 334 1499 392 RABANI
1532 332 1747 391 MAURI
1785 331 2074 390 ARCHIEP

2178 327 2439 389 [OGUNT.
2479 327 2760 385 OPERUI
2793 326 2970 382 PARS
3000 326 3043 380 Ι.
3278 363 3279 366 η
3617 321 3758 378 [098

491 451 689 526 caret.
713 453 913 527 (υνυς.)
951 452 1053 506 Per
1089 463 1302 519 poenam
1341 449 1533 517 quippe
1565 448 1618 501 in
1659 446 1953 502 exteriores
1987 461 2075 500 ca-
2103 449 2152 506 Α
2180 442 2444 500 sententia
2472 439 2592 495 Filii
2620 423 2853 527 hominis
2883 439 3136 527 adversus
3179 437 3487 527 bzcrctiros,
3525 437 3625 527 qui
3657 436 3760 492 Do-

518 546 631 608 det,
662 521 754 612 qui
796 521 1124 611 perbcnlpam
1169 553 1265 592 sua
1312 544 1498 617 sponte
1526 537 1580 590 in
1619 536 1900 590 interiores
1938 544 2076 590 tene-
2175 532 2377 584 tninum
2404 537 2644 581 nostrum
2672 524 2852 578 lesum
2871 524 3163 586 Christum,
3189 524 3239 617 in
3261 532 3550 617 assumpta
3585 521 3759 617 ferina

521 638 648 688 bras
679 633 893 687 cecidit.
936 631 1285 685 llliotcoactus
1311 629 1515 698 patitur
1541 628 1788 682 tenebras
1836 626 2082 689 ultionis;

516 721 610 790 qui
632 721 727 775 'bic
755 721 978 776 libenter
1003 718 1254 774 sustinuit
1280 718 1542 771 tenebras
1593 715 1894 784 voluptatis.
1939 713 2078 780 Quid

513 812 590 865 sit
613 818 789 865 autem
808 808 992 872 ﬂetus,
1044 815 1097 860 et
1124 807 1322 860 stridor
1345 805 1605 868 dentium,
1637 817 1794 872 supra
1825 801 2073 855 diximus.

512 899 810 955 Sciendum
838 911 966 952 vero
1000 904 1086 950 est
1109 895 1253 964 quod
1293 893 1466 947 nullus
1493 892 1646 962 piger
1670 891 1738 944 ab
1762 890 1864 944 hac
1893 883 2078 944 talenti

515 989 828 1058 acceptione
871 1001 1087 1041 securus
1116 993 1216 1039 est.
1250 982 1434 1037 Nullus
1463 994 1692 1048 namque
1711 979 1900 1046 estqui
1929 992 2078 1031 vera-

511 1080 654 1134 citer
681 1079 822 1132 dicat
853 1095 865 1129 :
893 1075 1173 1129 Talentum
1202 1072 1422 1127 minime
1444 1068 1649 1137 accepi,
1679 1083 1785 1122 non
1817 1074 1899 1122 est
1931 1067 2078 1120 unde

517 1180 720 1235 ponere
743 1165 977 1218 rationes
1004 1177 1183 1231 cogar.
1212 1158 1418 1213 Talenti
1451 1157 1593 1211 enim
1622 1156 1837 1212 nomine
1858 1153 2079 1223 quilibet

517 1254 738 1322 pauperi
761 1254 918 1306 etiam
945 1253 1048 1305 hoc
1072 1253 1242 1318 ipsum
1277 1245 1629 1315 reputabitur,
1656 1243 1738 1298 vel
1755 1244 1895 1311 quod
1921 1242 2079 1297 mini-

521 1354 667 1394 mum
697 1339 910 1406 accipit.
957 1336 1105 1389 Alius
1156 1347 1383 1401 namque
1406 1330 1620 1402 accepit
1655 1330 2075 1399 intelligentiam,

514 1415 912 1497 pracdicationis
958 1423 1316 1478 ministerium
1357 1420 1516 1477 debet
1552 1434 1620 1474 ex
1671 1420 1902 1484 talento;
1943 1419 2080 1474 alius

517 1527 790 1582 terrenam
826 1513 1032 1582 accepit
1076 1510 1455 1573 substantiam,
1485 1509 1849 1578 erogatioaem
1895 1506 2078 1562 talenti

520 1580 680 1657 debet
698 1618 762 1657 ex
786 1580 974 1664 rebus;
1005 1589 1138 1654 alius
1182 1614 1279 1654 nec
1299 1599 1633 1653 internorum
1656 1596 2076 1667 intelligentiam,

514 1707 622 1747 nec
660 1706 841 1746 rerum
886 1688 1208 1744 aliiuentiam
1254 1688 1472 1757 accipit,
1519 1687 1615 1741 sed
1663 1694 1843 1741 tamen
1892 1686 2078 1752 didicit

2175 619 2316 675 servi
2363 624 2559 687 negant
2591 629 2827 677 manere,
2855 629 2955 682 pm
2985 627 3049 667 eo
3089 615 3231 685 quod
3278 615 3354 667 ait
3407 613 3715 685 Apostolus
3740 629 3758 665 :

2176 706 2293 760 Etsi
2318 721 2627 760 noveramus
2648 701 2912 758 Christum
2933 703 3214 757 secundum
3237 719 3477 767 carnem,
3503 703 3602 756 sed
3624 717 3759 756 nunc

2167 797 2284 866 jam
2327 812 2431 849 non
2468 796 2721 850 novimus.
2765 794 2832 848 Et
2877 793 2966 848 ubi
2993 803 3080 848 est
3106 794 3251 858 illud,
3279 796 3422 863 quod
3450 811 3526 850 eo
3561 810 3759 850 ascen-

2173 885 2333 940 dente
2382 885 2635 953 apostolis
2679 884 2961 952 protestati
2995 885 3118 938 s’unt
3163 884 3337 955 angeli
3386 904 3399 937 :
3445 885 3545 940 Sic
3595 886 3756 939 veniet

2175 972 2604 1043 qumadmodunt
2631 971 2827 1026 vidistis
2855 989 2974 1026 eum
2998 983 3198 1027 euntem
3220 975 3277 1035 in
3294 974 3486 1028 coelum
3525 975 3669 1043 (Act.
3695 978 3753 1042 ι).

2175 1061 2240 1118 Et
2257 1062 2374 1132 ipse
2397 1062 2461 1116 de
2489 1076 2549 1116 se
2586 1063 2686 1117 hoc
2712 1061 2766 1116 in
2793 1062 2911 1118 loco
2946 1062 3060 1116 ait:
3093 1060 3222 1123 Cum
3245 1064 3430 1118 venerit
3459 1063 3644 1116 Fiiiets
3665 1067 3756 1116 lto-

2175 1151 2328 1205 tninis
2372 1151 2427 1204 in
2451 1150 2730 1220 majestate
2756 1167 2872 1205 sua.
2903 1151 3053 1205 idem
3078 1153 3235 1206 enim
3279 1153 3451 1207 Filius
3489 1153 3590 1206 Dei
3616 1151 3756 1206 tilias

2176 1240 2512 1316 hominiset
2549 1240 2690 1294 (ilius
2734 1241 2972 1296 hominis
3005 1240 3178 1296 Filius
3205 1243 3338 1306 .Dei,
3368 1243 3522 1296 aliud
3555 1256 3751 1297 secui-

2176 1330 2304 1386 dum
2330 1314 2732 1397 humanitatem,
2755 1331 2903 1386 aliud
2923 1332 3214 1396 secundum
3241 1332 3613 1396 divinitatem,
3645 1349 3751 1386 non

2176 1428 2358 1474 tamen
2385 1419 2541 1485 alius,
2587 1419 2684 1476 sed
2727 1435 2863 1476 unus
2890 1421 3137 1490 idemque
3181 1423 3232 1476 in
3278 1430 3517 1491 utraque
3557 1431 3750 1476 natura

2175 1524 2361 1575 verus,
2385 1511 2704 1580 etproprius
2734 1510 2901 1566 Filius
2914 1510 3037 1566 Dei.
3062 1510 3450 1568 Untts‘omnino
3479 1528 3593 1567 non
3623 1527 3750 1567 eon—

2178 1596 2388 1670 fusione
2431 1599 2761 1666 substantia,
2804 1598 2902 1654 sed
2935 1600 3141 1655 unitate
3177 1615 3437 1670 persona,
3478 1616 3588 1656 nec
3611 1615 3746 1654 eon—

2178 1688 2426 1744 versione
2465 1687 2763 1743 divinitatis
2805 1689 2861 1742 in
2885 1703 3077 1754 carne,
3110 1690 3211 1744 sed
3231 1690 3612 1767 assumptione
3648 1689 3747 1743 ltu-

517 1791 693 1836 artem
728 1796 831 1849 qua
860 1781 1112 1848 pascitur,
1148 1779 1258 1847 ipsa
1285 1793 1375 1832 ars
1398 1778 1448 1831 ei
1479 1777 1532 1830 in
1562 1777 1746 1831 talenti
1767 1779 2076 1846 acceptione
2102 1781 2151 1841 Β
2178 1779 2451 1835 manitatis
2499 1780 2554 1834 in
2591 1779 2721 1833 Deo.
2769 1777 3100 1850 Majestatem
3146 1779 3264 1849 ejus
3321 1781 3465 1836 haud
3521 1781 3744 1835 dubium

522 1872 890 1941 reputabitur;
916 1870 1048 1922 alius
1068 1868 1200 1920 nihil
1226 1867 1414 1920 borum
1440 1873 1716 1920 assecutus
1736 1874 1839 1929 est,
1869 1866 1966 1919 sed
1982 1875 2077 1919 ata-

514 1979 644 2016 mea
687 1961 912 2014 fortasse
951 1957 1327 2011 familiaritatis
1355 1956 1527 2012 locum
1554 1956 1694 2025 apud
1715 1954 1934 2010 divitem
1963 1971 2079 2011 me-

519 2053 647 2112 ruit,
683 2048 1194 2118 talentumproleCto
1220 2047 1598 2100 familiaritatis
1619 2047 1855 2105 accepit;
1885 2047 1930 2101 si
1946 2060 2081 2119 ergo

518 2139 654 2193 nihil
683 2139 730 2192 ei
752 2154 850 2206 pro
877 2138 1238 2206 indigentibus
1257 2137 1523 2204 loquitur,
1559 2150 1657 2204 pro
1686 2135 1872 2190 talenti
1901 2145 2078 2190 reten-

522 2232 667 2290 tione
721 2218 1331 2284 damnabiwr.Habens
1370 2239 1498 2295 ergo
1547 2225 1892 2291 intellectum,
1925 2235 2082 2280 curet

519 2319 738 2371 omnino
762 2331 826 2369 ne
859 2324 1065 2377 taceat;
1097 2315 1300 2368 habens
1315 2328 1503 2368 rerum
1529 2311 1869 2379 aﬂluentiam,
1900 2313 2081 2382 vigilet

520 2419 590 2458 ne
621 2419 655 2456 a
674 2402 1056 2462 misericordiae
1082 2400 1327 2469 largitate
1355 2408 1653 2467 torpescat;
1685 2399 1887 2454 habens
1908 2409 2078 2456 artem

518 2506 626 2560 qua
655 2490 874 2559 regitur,
911 2503 1231 2557 magnopere
1253 2474 1567 2551 studeag‘ut
1596 2504 1747 2544 usum
1774 2498 1937 2558 atque
1973 2491 2078 2545 uti-

513 2581 728 2634 litatem
762 2580 901 2634 illius
951 2594 1070 2634 eum
1110 2581 1355 2648 proximo
1401 2581 1704 2648 partiatur;
1752 2581 1955 2637 habens
2003 2581 2080 2638 lo-

518 2665 719 2736 quendi
752 2666 923 2720 locum
965 2667 1109 2734 apud
1157 2666 1393 2730 divitem,
1427 2668 1816 2724 damnationem
1855 2683 1954 2738 pro
1993 2684 2078 2725 re-

512 2764 670 2810 tento
693 2754 891 2809 talento
919 2755 1117 2818 timeat,
1145 2755 1189 2809 si
1222 2770 1324 2809 non
1354 2756 1588 2823 quotidie
1607 2772 1731 2811 cum
1752 2757 1909 2822 valet,
1935 2757 2079 2826 apud

517 2860 643 2901 eum
677 2859 776 2914 pro
813 2845 1135 2915 pauperibus
1183 2845 1494 2900 intercedat.
1537 2846 1765 2900 Tantum
1799 2847 2079 2916 quippeab

516 2948 843 3003 unoquoque
865 2943 1105 2987 nostrum
1129 2942 1386 2988 venturus
1405 2934 1575 2990 iudex
1599 2937 1795 3007 exiget,
1823 2948 2080 3008 quantum

441 3095 445 3100 _
520 3021 685 3074 dedit.
718 3020 786 3099 Ut
807 3035 931 3090 ergo
958 3020 1022 3073 de
1051 3020 1236 3075 talenti
1266 3024 1346 3076 sui
1375 3024 1670 3079 rationibus
1696 3027 1949 3102 redeunte
1977 3027 2080 3083 Do-

2176 1867 2307 1938 quin
2335 1867 2666 1922 divinitatem
2704 1865 2822 1937 ejus
2855 1867 3154 1937 intelligere
3177 1868 3456 1935 debemus,
3503 1884 3632 1940 quae
3659 1871 3747 1923 in-

2177 1957 2457 2014 visibiliter
2497 1973 2624 2012 cum
2653 1957 2814 2041 Patre
2842 1967 2897 2012 et
2935 1957 3142 2027 Spiritu
3189 1968 3396 2022 sancto,
3427 1971 3743 2029 peccatores

2172 2046 2436 2117 iudicabit
2454 2055 2514 2101 et
2554 2047 2765 2116 impios.
2797 2045 2911 2101 Non
2955 2055 3134 2101 tamen
3155 2048 3227 2119 ab
3257 2048 3433 2116 impiis
3456 2057 3517 2103 et
3550 2064 3738 2118 pecca-

2178 2137 2384 2192 toribus
2426 2151 2658 2205 unquam
2688 2136 2804 2191 visa
2837 2143 2943 2200 est,
2970 2149 3146 2206 neque
3185 2151 3421 2205 unquam
3450 2137 3736 2192 videbitur.

2175 2231 2403 2304 (Mitem)
2435 2230 2568 2287 Cum
2596 2232 2820 2296 venerit,
2849 2229 3041 2300 inquit,
3080 2218 3247 2298 Filius
3289 2231 3522 2285 hominis
3543 2231 3596 2284 in
3624 2246 3734 2284 ma—

2170 2318 2366 2388 jestate
2390 2335 2521 2387 sua;
2551 2319 2692 2375 idem
2711 2334 2925 2389 quoque
2945 2307 3126 2374 Filius
3149 2318 3245 2373 Dei
3282 2319 3374 2388 qui
3396 2329 3458 2373 et
3481 2319 3620 2374 ﬁlius
3647 2321 3740 2374 bo-

2178 2409 2337 2463 minis
2379 2415 2510 2463 tunc
2537 2408 2714 2463 veniet
2757 2408 2814 2463 in
2856 2406 3137 2479 majestate
3169 2422 3268 2462 sua
3307 2417 3366 2461 ut
3391 2406 3620 2476 judicet,
3650 2409 3736 2477 qui

2178 2503 2303 2549 ante
2336 2494 2482 2549 venit
2531 2493 2585 2548 in
2612 2494 2915 2553 humilitate
2941 2498 3040 2550 sua
3091 2503 3148 2549 ut
3181 2495 3538 2565 judicaretur.
3591 2495 3737 2551 Tunc

2177 2582 2358 2637 veniet
2385 2582 2657 2638 districtus
2695 2590 2752 2636 et
2789 2596 3030 2648 severus,
3081 2576 3322 2653 quiante
3354 2585 3502 2638 venit
3523 2586 3734 2653 quieuit

2177 2683 2244 2723 ac
2269 2679 2598 2724 mansuetus.
2637 2669 2788 2725 Tune
2805 2670 2983 2726 veniet
3007 2683 3104 2724 rex
3129 2678 3190 2724 ut
3222 2672 3408 2740 exigat
3428 2669 3730 2740 pecuniam,

2176 2772 2300 2816 eum
2323 2773 2509 2823 usura,
2541 2773 2705 2828 quam
2720 2769 2858 2815 ante
2883 2761 3053 2816 servis
3077 2769 3371 2830 spontanee
3395 2763 3622 2818 contulit
3644 2779 3734 2833 per

2175 2845 2426 2917 gratiam.
2460 2845 2551 2900 llle
2594 2845 2778 2917 utique
2801 2848 2868 2902 de
2890 2863 2999 2918 quo
3020 2849 3276 2919 scriptum
3305 2860 3388 2905 est
3429 2867 3443 2903 :
3496 2850 3734 2905 Euan.

2175 2946 2276 3004 est,
2297 2947 2348 2993 et
2367 2938 2486 3008 quis
2510 2949 2775 3008 cognoscet
2792 2940 2953 2993 eum2
2994 2938 3117 2995 Non
3147 2940 3393 2994 clamabit
3421 2959 3587 3013 neque
3635 2959 3752 3011 uno,

2177 3028 2284 3082 dict
2322 3027 2509 3097 aliquis
2535 3036 2720 3082 vom
2753 3028 2887 3098 ejus.
2932 3028 3254 3084 Arundinau
3294 3041 3598 3101 qustum:
3633 3049 3734 3088 Ian

519 3109 667 3163 mino
700 3111 927 3178 quisque
949 3125 1170 3165 securus
1193 3112 1281 3177 sit,
1311 3128 1432 3166 cum
1481 3122 1710 3169 tremore
1735 3124 1920 3183 penset
1945 3130 2076 3186 quo-
2103 3103 2149 3165 C
2176 3125 2424 3180 conteret,
2443 3125 2491 3170 et
2515 3115 2678 3170 linum
2702 3115 2963 3187 {umigatus
2987 3134 3092 3171 non
3109 3120 3396 3201 exstinguat
3415 3120 3553 3192 (ιω.
3579 3123 3733 3191 xw).

518 3197 649 3252 tidie
676 3197 803 3266 quid
826 3199 1048 3268 accepit.
1076 3200 1212 3255 Ecce
1231 3202 1340 3280 jam
1359 3200 1512 3270 juxta
1543 3213 1648 3271 est,
1670 3213 1730 3259 ut
1757 3206 1842 3262 ille
1865 3208 1957 3276 qui
1981 3223 2077 3278 pe-

518 3298 674 3355 regre
722 3285 993 3354 profectus
1037 3298 1120 3342 est
1162 3290 1346 3344 redeat
1371 3309 1387 3342 :
1421 3294 1574 3360 quasi
1622 3309 1843 3364 peregre
1884 3297 2080 3368 quippe

516 3373 673 3437 abiit,
693 3376 788 3443 qui
811 3375 874 3429 de
901 3375 1004 3429 hac
1023 3383 1165 3430 terra
1194 3377 1246 3430 in
1275 3393 1376 3446 qua
1405 3388 1560 3434 natus
1575 3391 1662 3435 est
1684 3383 1947 3449 discessit,
1985 3385 2081 3442 sed

522 3459 762 3530 profecto
811 3461 1113 3526 revertitur,
1151 3472 1208 3518 ut
1244 3465 1311 3519 de
1338 3454 1838 3526 talentis'rationes
1873 3482 2074 3542 ponat:

516 3550 646 3618 quia
677 3549 724 3603 si
779 3565 810 3602 a
838 3550 976 3604 bona
1013 3552 1220 3606 actione
1261 3549 1624 3623 torpeseemus
1648 3559 1713 3613 de
1763 3561 1891 3629 ipsis
1924 3562 2078 3619 donis

516 3654 639 3708 qua:
681 3640 927 3705 contulit,
959 3656 1062 3697 nos
1099 3644 1371 3701 districtus
1401 3647 1624 3716 judicat.
1669 3649 2080 3710 Consideremus

515 3743 645 3798 ergo
671 3745 790 3797 qua;
822 3731 1127 3798 accepimus
1164 3743 1325 3802 atque
1359 3737 1412 3791 in
1444 3753 1628 3794 eorum
1663 3743 1971 3812 erogatione
1997 3746 2078 3800 vi-

514 3821 762 3890 gilemus.
815 3821 966 3876 Nulla
1020 3840 1116 3879 nos
1152 3841 1182 3880 a
1235 3828 1462 3896 spiritali
1507 3846 1671 3901 opere
1699 3843 1913 3889 terrena
1947 3851 2079 3891 cura

518 3911 795 3980 impediat,
841 3927 906 3965 ne
940 3913 984 3966 si
1029 3914 1092 3967 in
1118 3925 1262 3971 terra
1294 3918 1548 3974 talentum
1587 3923 1951 3992 absconditur,
2000 3934 2080 3981 ta-

2179 3208 2248 3262 Et
2272 3209 2407 3262 sicut
2444 3223 2609 3277 agnus
2638 3200 2813 3262 atram
2842 3209 3086 3263 tondente
3109 3200 3176 3265 ss"
3203 3211 3318 3266 sine
3348 3229 3491 3278 eoa,
3509 3213 3586 3266 sic
3632 3229 3731 3266 non

2177 3297 2382 3366 aperuit
2421 3313 2479 3350 os
2510 3313 2660 3350 suum
2692 3296 2828 3368 (Isa.
2871 3294 3009 3369 Litt).
3041 3299 3158 3368 Ipse
3185 3289 3314 3356 tunc
3336 3302 3517 3365 veniet
3549 3320 3566 3354 :
3597 3301 3733 3355 Deus

2178 3383 2506 3454 manifestus,
2535 3384 2672 3438 Deus
2710 3394 2902 3450 noster,
2923 3396 2975 3440 ct
2999 3402 3102 3440 non
3126 3387 3315 3442 silebit.
3360 3389 3508 3459 Ignis
3532 3391 3587 3443 in
3610 3407 3732 3444 cou-

2178 3478 2352 3544 spec'tu
2377 3475 2489 3543 ejus
2516 3474 2736 3538 ardebit,
2777 3484 2824 3528 et
2845 3471 3150 3530 inicit-cuitu
3167 3477 3282 3546 εμὲ
3312 3487 3583 3546 twtpcstos
3614 3480 3734 3532 eali-

2179 3564 2267 3618 da.
2295 3563 2576 3617 Advocabit
2599 3564 2782 3618 aulum
2819 3580 3049 3630 summi,
3072 3575 3122 3619 et
3144 3576 3358 3631 terrm,
3380 3577 3440 3620 ut
3479 3567 3734 3621 discernat

2178 3655 2424 3727 ροραιιιιιι
2448 3672 2624 3709 suum.
2651 3655 2856 3711 Nautes
2872 3657 3009 3710 sicut
3025 3673 3147 3712 cera
3165 3660 3395 3728 deﬂuant
3421 3675 3456 3712 α
3479 3659 3618 3725 {acie
3635 3658 3734 3713 θο-

2180 3745 2328 3810 mim‘,
2358 3762 2390 3798 a
2408 3744 2546 3812 facie
2575 3743 2788 3799 Domini
2815 3746 3172 3800 convenisset
3210 3748 3376 3800 omnis
3408 3757 3547 3801 terra
3562 3745 3739 3817 (P311.

2180 3835 2346 3906 nix).
2400 3832 2590 3890 Omnes
2629 3835 2826 3905 inquit,
2879 3835 3051 3906 angeli
3076 3837 3276 3891 venient
3325 3853 3446 3892 arm
3485 3853 3566 3891 eo.
3605 3835 3735 3904 Quia

2181 3923 2625 3994 tuncsiquodl.
2699 3963 2717 3978 .
2792 3963 2811 3978 .
2885 3963 2904 3977 .
3165 3963 3182 3979 .
3256 3967 3274 3980 .
3339 3928 3367 3981 '.
3443 3967 3481 3982 ..
3536 3968 3555 3980 .
3632 3965 3649 3979 .
3716 3965 3732 3979 .

513 3997 646 4051 lenti
677 3998 931 4054 Dominus
967 4001 1035 4053 ad
1071 4003 1399 4059 iracundiam
1428 4019 1762 4076 provocetur.
1791 4013 1952 4084 Piger
2001 4003 2081 4070 et-
2166 4025 2198 4065 '.
2271 4049 2288 4065 .
2373 4049 2391 4064 .
2465 4050 2482 4066 .
2566 4049 2582 4064 .

512 4088 659 4140 enim
689 4103 879 4142 servus
908 4104 1027 4142 cum
1051 4089 1160 4157 jam
1196 4092 1363 4148 iudex
1398 4097 1580 4166 culpas
1615 4086 1887 4157 examinat
1908 4103 2080 4160 talen-

513 4186 628 4231 tum
659 4177 724 4231 de
750 4187 897 4237 terra
926 4178 1086 4234 levat.
1125 4180 1258 4248 Quia
1283 4194 1406 4238 sunt
1425 4186 1668 4258 plerique
1694 4192 1784 4259 qui
1813 4201 1936 4248 tunc
1957 4208 2016 4248 se
2046 4209 2078 4248 a

512 4266 747 4320 terrenis
786 4267 1034 4334 operibus
1076 4269 1410 4337 subtrahunt,
1451 4276 1668 4343 quando
1687 4274 1798 4343 jam
1829 4292 1924 4348 per
1963 4281 2081 4335 ani-

514 4355 940 4411 madversionem
979 4355 1183 4413 iudicis
1223 4361 1290 4414 ad
1317 4372 1575 4418 aeternum
1605 4367 1920 4436 supplicium
1967 4379 2079 4427 trao

514 4445 734 4497 buntur.
764 4446 902 4501 Ante
931 4462 1062 4517 ergo
1100 4448 1164 4506 de
1191 4449 1372 4505 talenti
1399 4440 1566 4508 nostri
1601 4460 1842 4525 ponenda
1870 4462 2076 4517 ratione

512 4533 818 4602 vigilemus,
841 4543 897 4588 ut
923 4551 1041 4590 cum
1051 4534 1168 4604 jam
1193 4536 1362 4592 iudex
1397 4541 1463 4594 ad
1487 4540 1783 4600 feriendum
1813 4548 2069 4616 imminet,

513 4623 722 4679 lucrum
772 4640 868 4680 nos
913 4627 1053 4696 quod
1089 4627 1310 4684 iecimus
1355 4642 1592 4698 excuset.
1624 4635 1764 4692 Post.
1796 4641 2075 4708 parabolas

510 4721 694 4768 autem
733 4714 970 4783 prolatas
1017 4717 1084 4772 de
1129 4717 1234 4773 line
1282 4722 1482 4787 mundi,
1519 4726 1758 4794 sequitur
1821 4729 2073 4786 Dominus

515 4804 733 4858 modum
763 4805 928 4860 futuri
974 4807 1159 4875 judicii
1195 4814 1510 4880 exponendo
1542 4823 1597 4868 et
1623 4803 1749 4871 dicit
1775 4837 1790 4871 :

580 4896 716 4968 μη]
739 4896 867 4951 Cum
889 4910 1058 4953 autem
1081 4904 1267 4955 venerit
1291 4901 1463 4958 Filius
1487 4907 1706 4962 hominis
1733 4910 1784 4961 in
1806 4911 2076 4979 majestate

512 5005 634 5050 sua,
659 4997 705 5041 et
731 5005 901 5042 omnes
925 4992 1092 5059 angeli
1117 5009 1231 5044 cum
1254 5010 1331 5057 eo,
1354 5005 1476 5067 tunc
1512 4998 1704 5051 sedebit
1729 5016 1880 5068 super
1899 5003 2073 5056 sedem

514 5079 799 5143 maiestatis
841 5097 968 5132 sua’.
1022 5080 1292 5154 (Ηὶενοη.)
1317 5085 1453 5153 Ergo
1485 5090 1724 5155 proxime
1763 5090 1971 5145 Pascha
1994 5091 2072 5146 fa-

510 5177 717 5229 cturus,
749 5176 802 5221 et
844 5169 1131 5223 tradendus
1162 5186 1325 5236 Cl'thl,
1349 5183 1403 5226 et
1425 5174 1718 5231 illudendus
1737 5179 1803 5232 ab
1838 5180 2071 5234 homini-

511 5258 630 5319 bus,
647 5266 700 5324 et
717 5267 867 5310 aceto
882 5273 944 5312 ae
963 5257 1081 5313 felle
1093 5263 1376 5329 potandus,
1397 5274 1539 5318 recte
1559 5268 1829 5334 praemittit
1844 5270 2073 5338 gloriam

513 5347 911 5414 triumphantis,
934 5359 988 5402 et
1005 5359 1249 5404 secutura
1272 5354 1518 5407 scandala
1535 5355 1927 5422 pollicitationis
1941 5374 2077 5426 prte-

2182 4146 2197 4159 ο
2273 4144 2291 4159 ο
2376 4144 2393 4158 0
2472 4144 2487 4160 ο
2572 4143 2592 4157 Ο
2670 4143 2685 4158 ο
2764 4145 2778 4158 Ι
2855 4143 2869 4159 ο
2947 4145 2965 4160 0
3040 4146 3056 4159 0
3141 4146 3159 4160 0
3234 4146 3251 4160 Ο
3336 4145 3358 4160 Ο
3435 4147 3448 4162 ι
3536 4148 3552 4160 ο
3629 4147 3646 4162 0
3717 4149 3732 4161 ε

2178 4233 2292 4271 mor
2313 4234 2330 4281 ,'
2351 4217 2466 4288 quis
2488 4215 2899 4283 scandalizatur,
2930 4227 2978 4272 et
3004 4233 3095 4288 ego
3117 4235 3221 4273 non
3240 4235 3388 4285 uror,
3417 4220 3504 4275 hic
3523 4223 3736 4275 omnino

2179 4323 2320 4362 vera:
2347 4307 2646 4363 dilectionis
2693 4296 2949 4363 observat
2973 4307 3116 4377 jura,
3161 4318 3215 4364 et
3252 4312 3324 4366 ob
3359 4312 3466 4368 hoc
3505 4313 3737 4368 cmiestia

2103 4405 2516 4494 l)promeretur
2559 4400 2797 4469 praemia.
2834 4399 2944 4455 Hoc
2991 4401 3132 4454 enim
3182 4402 3415 4458 maxime
3456 4405 3737 4458 ostendam

2180 4488 2297 4554 huic
2344 4487 2508 4543 verba
2538 4488 2772 4553 Domini,
2814 4490 2958 4558 quod
3008 4490 3232 4559 geminae
3259 4490 3560 4546 dilectionis
3606 4508 3736 4562 prte-

2180 4583 2333 4644 cepta
2362 4585 2659 4640 servantes,
2691 4576 2758 4630 ad
2792 4578 3048 4632 coronam
3094 4579 3410 4647 perveniant
3456 4581 3734 4650 sempitero

2180 4679 2323 4718 Itan).
2408 4674 2413 4679 ⁴

2249 4813 2392 4867 Tunc
2414 4798 2786 4883 respondebunt
2803 4817 2853 4869 ei
2863 4816 2997 4884 justi
3011 4816 3238 4872 dicentes
3262 4834 3283 4871 :
3310 4818 3545 4883 Domine,
3573 4838 3734 4890 quan-

2175 4903 2242 4956 do
2281 4913 2327 4958 te
2364 4903 2586 4957 vidimus
2621 4905 2950 4970 esurientem,
2996 4917 3046 4959 et
3088 4909 3355 4976 ponimus;
3387 4910 3660 4974 sitientem,
3685 4922 3732 4963 et

2175 4997 2410 5051 dedimus
2436 4997 2526 5049 tibi
2549 5006 2761 5066 potum;
2790 4998 2998 5066 quando
3039 5009 3210 5052 autem
3239 5010 3287 5053 te
3317 5001 3534 5055 vidimus
3552 5002 3731 5069 hospi-

2177 5100 2297 5153 tem,
2337 5100 2384 5142 et
2409 5089 2705 5159 collegimus
2743 5098 2821 5153 te;
2863 5100 2951 5142 aut
2999 5091 3216 5154 nudum,
3244 5101 3294 5145 et
3331 5093 3623 5160 aperuimus
3647 5104 3730 5157 te;

2179 5188 2268 5231 aut
2289 5178 2499 5248 quando
2520 5187 2567 5231 te
2588 5178 2806 5233 vidimus
2821 5179 3110 5246 inﬁrmum,
3139 5190 3229 5232 aut
3250 5181 3306 5233 in
3331 5197 3556 5244 carcere,
3577 5192 3624 5233 et
3655 5198 3733 5235 τεο

2181 5268 2349 5320 nimus
2372 5267 2441 5319 ad
2458 5276 2508 5320 te
2523 5268 2551 5319 .9
2578 5266 2702 5322 limo
2725 5274 2900 5321 autem
2921 5266 3104 5320 dicunt
3125 5267 3285 5322 verba
3306 5268 3447 5336 quod
3470 5283 3576 5323 non
3600 5269 3731 5323 dilli-

2183 5357 2312 5410 dant
2335 5357 2510 5411 verbis
2534 5357 2763 5422 Domini,
2789 5358 2880 5411 sed
2909 5358 3020 5412 sive
3044 5365 3314 5426 stupentes
3336 5367 3389 5412 et
3407 5360 3730 5414 admirantes

509 5435 618 5488 tnio
647 5447 1033 5505 eompcnsaret.
1063 5440 1125 5492 Et
1160 5441 1602 5509 notandumquod
1617 5444 1777 5511 quiin
1806 5445 2083 5513 majestate
2180 5462 2276 5516 pro
2308 5447 2671 5517 magnitudine
2700 5455 2754 5500 et
2784 5448 2952 5517 gloria
2995 5449 3291 5516 majestatis
3335 5451 3478 5518 regis
3513 5448 3726 5510 Christi.

508 5525 811 5579 cernendus
834 5535 936 5590 est,
977 5526 1142 5581 Filius
1171 5529 1401 5583 hominis
1448 5530 1534 5583 sit.
1569 5529 1790 5600 (llilar.)
1841 5532 2081 5591 Notanda
2176 5537 2289 5590 sive
2323 5536 2465 5604 quod
2513 5549 2733 5605 parvum
2786 5545 2912 5591 tunc
2961 5537 3042 5591 eis
3076 5537 3285 5593 videtur
3331 5553 3490 5593 omne
3537 5539 3728 5594 bonum

578 5645 608 5671 ι
638 5631 736 5689 llie
778 5635 924 5688 deest
952 5634 1169 5704 aliquid,
1207 5641 1346 5707 quod
1368 5641 1436 5694 ob
1459 5640 1683 5694 militum
1704 5642 1964 5713 saevitiam
1990 5645 2320 5714 deperditum
2341 5655 2440 5700 est.
2472 5635 2677 5701 Entrdn
2704 5628 3064 5701 Concutsnsis.
