3922 6326
194 335 219 391 Ι
226 334 332 393 097

1145 335 1470 393 COMMENT
1534 337 1600 391 lN
1638 337 2069 397 unrmeuu.
2096 374 2161 383 —
2187 345 2309 401 un.
2356 334 2473 403 VIII;

3278 362 3292 411 ι
3314 360 3417 417 098

187 448 336 519 quod
358 446 613 534 iecerunt,
640 456 735 534 pro
758 445 1119 534 magnitudine
1145 448 1564 517 terrorisjudieii
1593 458 1753 517 atque
1780 459 1829 517 Α
1926 452 2136 508 Esuriri
2159 458 2318 521 enim,
2350 468 2397 511 et
2424 476 2525 513 non
2550 461 2761 513 dedistis
2789 464 2913 515 mihi
2958 467 3307 534 manducare;
3348 475 3417 526 si-

186 531 517 588 abundantia
542 530 928 587 inaestimabilis
964 536 1355 599 retributionis,
1382 546 1440 590 ut
1471 536 1755 606 Apostolus

184 622 265 677 ait
290 639 303 676 :
337 620 473 686 Quia
497 635 600 673 non
621 631 738 674 sunt
761 622 1028 693 condignae
1047 626 1309 693 passiones
1331 625 1487 693 hujus
1514 627 1753 696 temporis

185 711 257 765 ad
299 712 534 781 futuram
562 709 805 780 gloriam,
829 730 944 784 qua:
968 714 1274 767 revelabitur
1293 715 1347 768 in
1369 715 1536 771 nobis.

261 803 329 856 Et
376 803 685 872 respondens
742 821 851 870 rex,
902 805 1031 859 dixit
1064 804 1167 860 illis
1197 824 1207 858 :
1238 807 1399 861 Amen
1424 809 1538 863 dico
1570 810 1706 864 vobis
1731 827 1751 865 :

170 891 439 956 'Quandiu
482 892 675 961 fecistis
717 894 808 947 uni
848 894 911 947 de
954 895 1033 948 his
1062 894 1312 963 fratribus
1336 899 1458 951 meis
1504 901 1748 964 minimis,

180 982 313 1035 mihi
345 981 556 1050 fecistis.
587 983 850 1057 (Hierom)
878 984 1073 1041 Libera
1102 985 1255 1041 nobis
1303 996 1421 1041 erat
1464 988 1754 1061 intelligen-

180 1071 283 1136 tia,
320 1073 461 1141 quod
506 1073 561 1126 in
603 1075 748 1128 omni
775 1089 1009 1145 paupere
1037 1075 1281 1131 Christus
1306 1078 1546 1134 esuriens
1569 1095 1753 1149 pasce—

180 1168 359 1228 retur,
404 1161 594 1217 sitiens
636 1172 931 1232 potaretur,
981 1165 1176 1234 hospes
1222 1167 1564 1223 induceretur
1594 1171 1648 1225 in
1676 1179 1754 1225 te-

177 1261 349 1318 ctum,
382 1254 557 1309 nudus
607 1256 911 1320 vestiretur,
963 1257 1208 1313 Inﬁrmus
1254 1259 1579 1325 visitaretur,
1611 1258 1753 1316 clau-

176 1352 273 1393 sus
340 1354 556 1394 carcere
617 1342 841 1395 haberet
914 1344 1161 1398 solatium
1230 1347 1608 1417 colloquentis;
1658 1352 1752 1406 sed

173 1428 411 1488 ex,.‘hoc
458 1429 600 1496 quod
652 1430 936 1497 sequitur:
972 1430 1216 1497 Quandiu
1281 1435 1473 1503 fecistis
1532 1439 1625 1491 uni
1687 1439 1751 1493 de

174 1517 409 1572 minimis
450 1518 588 1572 istis.
601 1519 849 1588 fratribus
876 1522 1020 1587 meis,
1052 1524 1178 1576 mihi
1217 1524 1439 1592 fecistis,
1472 1540 1580 1582 non
1618 1527 1750 1581 mihi

174 1608 390 1663 videtur
420 1610 742 1680 generaliter
769 1612 966 1667 dixisse
988 1613 1053 1667 de
1082 1615 1425 1684 pauperibus,
1458 1617 1551 1671 sed
1577 1618 1643 1672 de
1668 1618 1751 1672 his

172 1700 267 1767 qui
298 1714 559 1769 pauperes
598 1701 792 1771 spiritu
829 1711 969 1756 sunt.
1000 1704 1081 1757 Ad
1107 1719 1240 1772 quos
1274 1706 1497 1761 tendens
1530 1723 1747 1761 manum

172 1789 387 1844 dixerat
419 1809 432 1843 :
461 1789 679 1845 Fratres
711 1792 811 1844 mei
829 1800 877 1844 et
914 1802 1080 1845 mater
1119 1810 1230 1847 mea
1268 1794 1323 1847 hi
1370 1806 1510 1858 sunt,
1550 1798 1635 1865 qui
1661 1794 1745 1865 fa—

171 1881 318 1935 ciunt
342 1883 652 1936 uoluntatem
679 1880 852 1936 Patris
875 1885 1074 1953 meiqui
1089 1886 1141 1937 in
1162 1884 1298 1938 cwlis
1318 1896 1391 1939 est
1414 1886 1603 1957 (illatis.
1622 1886 1741 1960 XII.)

246 1970 291 2022 Τ
294 1988 392 2024 unc
419 1972 543 2024 dicit
570 1982 616 2024 et
645 1972 724 2025 his
768 1974 855 2041 qui
883 1990 913 2025 a
949 1976 1171 2028 sinistris
1194 1986 1345 2029 erunt
1374 1990 1392 2027 .·
1428 1976 1681 2031 Discedite
1709 1997 1741 2031 a

170 2075 273 2124 me,
301 2060 582 2131 maledicti,
609 2063 662 2115 in
684 2062 851 2131 ignem
876 2072 1144 2128 a'ternum,
1174 2066 1259 2135 qui
1280 2076 1497 2135 paratus
1521 2078 1596 2122 est
1625 2070 1741 2122 dia-

172 2146 291 2199 bolo
314 2157 361 2200 et
387 2148 581 2217 angelis
611 2149 741 2218 ejus.
773 2149 996 2221 (Μλυιι.)
1025 2152 1120 2206 llic
1158 2153 1405 2222 impletur
1445 2157 1588 2225 quod
1614 2158 1739 2211 alibi
1812 2195 1814 2197 ›

168 2241 431 2309 scriptum
460 2251 541 2294 est
582 2256 597 2293 :
640 2241 707 2294 In
734 2242 946 2296 dextera
986 2243 1083 2297 Dei
1126 2247 1277 2314 ignea
1318 2246 1420 2313 lex,
1463 2265 1495 2300 a
1524 2249 1738 2303 sinistra

165 2339 345 2382 autem
395 2328 507 2397 ejus
542 2331 744 2400 reprobi
791 2331 965 2402 (Deut.
1013 2330 1223 2404 χχχιιι).
1268 2334 1324 2388 In
1353 2336 1569 2391 sinistra
1611 2352 1737 2408 ergo

166 2418 383 2472 Doinini
412 2421 619 2488 reprobi
651 2421 810 2489 positi
841 2431 1017 2487 erunt,
1050 2424 1139 2492 qui
1167 2432 1220 2478 et
1249 2424 1491 2491 sinistra,
1523 2426 1629 2479 hoc
1654 2436 1739 2480 est

163 2509 454 2578 praesentia
487 2510 721 2585 quaqdiu
765 2511 1009 2566 vixerunt
1039 2514 1245 2568 ardenti
1274 2515 1564 2584 cupiditate
1590 2532 1733 2569 ama-

161 2605 386 2663 verunt,
430 2611 529 2652 nec
558 2607 881 2653 aaternorum
926 2603 1064 2671 (qum
1096 2619 1189 2671 per
1228 2603 1501 2658 dexteram
1526 2604 1731 2674 signiﬁ-

162 2686 379 2756 cantur)
410 2685 733 2741 desiderium
788 2688 1105 2743 habuerunt.
1138 2690 1230 2744 His
1275 2692 1471 2760 quippe
1497 2692 1730 2746 dicitur:

158 2774 429 2845 Discedite
464 2793 495 2829 a
522 2793 621 2841 me,
660 2776 949 2841 maledicti,
970 2780 1023 2831 in
1062 2780 1227 2847 ignem
1260 2790 1527 2833 (Liternum.
1556 2781 1736 2834 Disce-

159 2866 294 2929 dite,
320 2866 511 2935 inquit,
547 2884 579 2920 a
605 2884 685 2921 me
705 2885 726 2932 ;
754 2869 1019 2936 quomodo
1043 2884 1072 2921 a
1104 2869 1211 2924 Deo
1236 2870 1508 2925 discedere
1542 2869 1736 2939 juben-

143 2946 270 3023 'tur,
300 2958 390 3025 qui
416 2973 685 3027 nunquam
718 2974 837 3015 cum
866 2974 929 3014 eo
951 2958 1189 3025 luerunt,
1230 2961 1331 3014 nisi
1368 2962 1492 3029 quia
1518 2976 1637 3016 cum
1667 2977 1733 3016 eo

155 3061 278 3101 esse
304 3046 622 3100 videbantur
640 3048 873 3115 quandiu
904 3049 1027 3101 mali
1058 3050 1300 3117 permisti
1329 3049 1529 3105 fuerint
1553 3052 1726 3107 bonis.

156 3140 369 3209 Sagena
395 3155 525 3210 ergo
554 3141 766 3195 Domini
793 3152 847 3196 et
874 3142 1042 3197 bonos
1071 3135 1428 3212 pisces‘simul
1464 3151 1519 3198 et
1560 3142 1729 3198 malos
1756 3134 1800 3194 C

155 3249 330 3303 usque
343 3235 408 3287 ad
431 3234 581 3289 littus
598 3234 885 3303 pertrahit,
912 3242 966 3288 et
992 3234 1170 3288 lolium
1199 3234 1375 3289 adhuc
1398 3235 1449 3288 in
1476 3249 1606 3304 agro
1630 3234 1733 3288 Do-

155 3323 288 3377 mini
323 3323 480 3377 simul
509 3340 631 3378 cum
666 3324 843 3378 tritico
873 3324 1140 3393 germinat
1191 3324 1400 3395 (Matth.
1440 3325 1581 3394 xm).
1626 3324 1731 3378 Sed

155 3425 286 3471 tunc
314 3417 730 3485 bonis'piseibus
765 3417 818 3470 in
848 3432 974 3470 vasa
1010 3416 1269 3482 collectis,
1296 3417 1420 3471 mali
1448 3416 1729 3487 projicien—

154 3513 243 3559 tur
264 3504 431 3571 foras,
465 3514 521 3559 et
551 3506 728 3560 tritico
756 3506 807 3559 in
847 3508 1099 3561 horreum
1129 3518 1471 3576 congregato,
1525 3506 1729 3559 zizauia

152 3596 478 3666 colligantur
518 3595 789 3651 fasciculis
816 3598 883 3650 ad
926 3597 1363 3651 comburendum.
1399 3597 1523 3651 Sive
1551 3597 1727 3650 disce-

151 3688 281 3742 dere
317 3704 410 3743 eos
459 3703 486 3742 a
526 3704 584 3743 se
634 3688 804 3757 jubet,
854 3690 956 3743 hoc
1003 3696 1084 3744 est
1121 3705 1150 3743 a
1189 3690 1477 3758 prcesentia
1509 3689 1731 3744 visionis

148 3776 269 3844 ejus
317 3778 369 3830 in
416 3777 667 3835 tenebras
714 3780 1006 3833 exteriores
1054 3780 1264 3849 expelli.
1294 3779 1427 3847 Quia
1468 3780 1728 3849 scriptum

148 3876 233 3921 est
266 3883 279 3920 :
316 3866 539 3920 Tollitur
562 3868 751 3936 impius
773 3885 835 3921 ne
873 3868 1040 3921 videat
1065 3868 1283 3937 gloriam
1310 3870 1425 3923 Dei.
1465 3870 1730 3924 Maledicti

148 3970 409 4024 namque,
449 3955 552 4008 hoc
593 3965 693 4019 est,
722 3956 812 4024 qui
844 3956 916 4009 riu
950 3956 1152 4010 malitia
1180 3966 1537 4011 exercuerunt
1561 3959 1727 4011 vitam

147 4059 324 4107 suam,
358 4044 410 4097 in
446 4044 621 4114 ignem
650 4052 909 4097 :eternum
962 4045 1269 4110 mittuntur,
1307 4046 1429 4114 quia
1467 4047 1581 4099 sine
1622 4045 1727 4099 line
1764 4099 1768 4103 ,

148 4134 557 4187 cruciabuntur.
605 4134 702 4187 llic
728 4134 865 4203 ignis
890 4134 1101 4189 diabolo
1130 4146 1185 4188 et
1222 4135 1424 4204 angelis
1447 4135 1564 4204 ejus
1590 4150 1726 4203 prae-

145 4233 371 4294 paratus
399 4239 516 4279 esse
542 4226 753 4288 dicitur,
786 4226 909 4294 quia
939 4227 1076 4280 sicut
1110 4221 1271 4297 justis
1300 4242 1521 4297 regnum
1561 4227 1726 4282 coelo-

148 4332 271 4369 rum
306 4316 641 4385 praescientia
682 4316 774 4369 Dei
820 4318 886 4371 ab
913 4318 1120 4387 origine
1163 4318 1344 4372 mundi
1376 4318 1720 4388 praeparavit,

148 4406 225 4457 ita
262 4404 475 4458 diabolo
502 4412 555 4458 et
591 4405 792 4474 angelis
823 4404 958 4472 ejus,
993 4421 1126 4474 quos
1152 4407 1421 4475 praescivit
1470 4406 1724 4475 prazvari-

1855 543 1967 608 tivi,
1998 553 2044 597 et
2067 560 2170 597 non
2197 545 2413 601 dedistis
2438 549 2561 601 mihi
2606 549 2795 614 bibere,
2832 560 2933 605 etc.
2974 554 3252 612 Metuenda
3284 560 3416 614 Inul-

1857 640 1967 687 tum
1987 643 2149 705 atque
2176 636 2407 693 timenda
2432 638 2803 708 Redemptoris
2832 644 2997 696 nostri
3029 650 3289 702 sententia
3312 660 3415 713 est,

1854 736 1959 791 qua
1989 722 2117 777 dicit
2142 740 2155 775 :
2182 722 2264 777 Ite
2294 725 2346 779 in
2373 726 2540 794 ignem
2570 737 2840 793 mternum,
2865 729 2987 798 quia
3017 734 3224 797 esurivi,
3244 744 3291 787 et
3315 753 3415 790 non

1852 814 2068 867 dedistis
2113 813 2242 868 mihi
2278 816 2629 881 manducare;
2656 818 2816 882 sitivi,
2851 828 2897 872 et
2932 837 3033 874 non
3058 820 3269 877 dedistis
3291 826 3417 878 mihi

1852 903 2053 983 bibere;
2080 904 2259 975 hospes
2297 899 2462 970 erant,
2494 916 2541 959 et
2586 923 2686 961 non
2715 907 2990 977 collegistis
3040 927 3136 963 me.
3184 910 3334 977 Quod
3370 914 3414 965 si

1851 993 2107 1048 sterilitas
2130 994 2182 1047 in
2211 994 2389 1065 ignem
2415 995 2667 1059 mittitur,
2702 998 2967 1065 rapacitas
3005 999 3133 1068 quid
3159 1008 3413 1063 meretur,

1851 1092 1944 1138 aut
1968 1085 2096 1153 quid
2121 1085 2343 1155 recipiet
2370 1086 2460 1155 qui
2490 1086 2719 1140 alienum
2748 1086 2886 1151 tulit,
2911 1089 2956 1142 si
2976 1090 3416 1162 semperardebit

1850 1175 1940 1243 qui
1969 1175 2032 1229 de
2052 1190 2149 1230 suo
2171 1190 2276 1230 non
2300 1174 2478 1229 dedit?
2498 1176 2566 1229 Et
2586 1176 2630 1229 si
2646 1176 2909 1245 judicium
2932 1178 3041 1230 sine
3061 1178 3417 1233 misericordia

1849 1267 1943 1319 erit
1966 1265 2067 1332 illi,
2106 1267 2195 1337 qui
2238 1284 2339 1321 non
2375 1267 2494 1336 fecit
2531 1267 2941 1320 misericordiam
2970 1266 3113 1338 (Jac.
3140 1267 3221 1339 ll),
3262 1270 3417 1338 quale

1845 1355 2103 1425 judicium
2124 1358 2226 1411 erit
2257 1356 2332 1411 illi
2353 1359 2443 1426 qui
2465 1357 2593 1412 fecit
2621 1365 2675 1412 et
2698 1356 2974 1426 rapinam?
3004 1356 3257 1425 Sequitur
3282 1374 3296 1409 :

1922 1469 2064 1523 Tunc
2088 1470 2461 1542 respondebunt
2475 1480 2521 1525 et
2534 1471 2632 1540 ipsi
2657 1471 2878 1523 dicentes
2901 1483 2917 1520 :
2940 1468 3182 1533 Domine,
3205 1468 3415 1538 quando

1849 1570 1897 1613 te
1916 1560 2135 1614 uidimus
2159 1562 2486 1626 esurientem,
2510 1570 2599 1616 aut
2618 1563 2893 1627 sitientem,
2918 1571 3008 1615 aut
3026 1562 3297 1631 hospitem,
3322 1570 3414 1614 aut

1849 1650 2067 1715 nudum,
2119 1660 2209 1704 aut
2262 1652 2545 1719 infirmum,
2597 1652 2673 1705 vel
2698 1654 2752 1706 in
2792 1668 3014 1717 carcere,
3046 1662 3093 1705 et
3124 1668 3226 1705 non
3260 1653 3413 1705 mini-

1847 1740 2122 1794 strauimus
2150 1741 2278 1794 tibi?
2300 1742 2571 1797 Excusare
2601 1756 2660 1797 se
2684 1749 2931 1811 satagunt
2951 1741 3104 1810 quasi
3132 1740 3410 1794 Dominum

1771 1801 1819 1859 Β
1850 1828 2031 1884 fallere
2089 1831 2295 1899 possint
2355 1832 2445 1900 qui
2500 1831 2745 1887 homines
2802 1801 3075 1895 fallebant,
3129 1831 3222 1887 sed
3288 1838 3412 1883 tunc

1845 1922 2243 1976 excusationem
2273 1938 2378 1977 non
2396 1921 2592 1976 habent
2616 1923 2680 1977 de
2702 1922 2935 1991 peccatis
2956 1921 3087 1985 suis,
3118 1921 3207 1989 qui
3230 1928 3353 1973 ante
3380 1934 3411 1973 a

1843 2011 2080 2079 peccatis
2103 2012 2341 2066 converti
2359 2012 2661 2077 noluerunt,
2678 2018 2732 2065 et
2754 2009 3119 2080 eleemosynas
3140 2022 3298 2078 agere
3319 2020 3411 2060 ne-

1842 2099 2151 2169 glexerunt;
2181 2100 2321 2154 unde
2357 2107 2413 2155 et
2434 2099 2711 2154 subditur:

1918 2210 2060 2263 Tunc
2098 2210 2421 2279 respondebit
2446 2208 2550 2262 illis
2573 2209 2747 2262 dicens
2770 2222 2786 2259 :
2808 2206 3057 2272 Quandiu
3092 2221 3193 2259 non
3216 2202 3410 2273 fecistis

1844 2301 1937 2355 uni
1975 2300 2039 2353 de
2066 2299 2349 2352 minoribus
2373 2299 2473 2362 his,
2510 2314 2600 2351 nec
2622 2297 2749 2351 mihi
2786 2295 3000 2367 fecistis.
3028 2294 3127 2361 Qui
3148 2294 3289 2348 enim
3313 2292 3409 2346 mi-

1841 2390 2021 2453 nimis,
2057 2389 2109 2442 id
2154 2398 2257 2453 est,
2302 2387 2592 2442 humilibus
2636 2396 2689 2442 et
2724 2386 2998 2455 despectis
3061 2398 3214 2453 opem
3267 2382 3412 2437 ferre

1839 2477 2067 2541 fastidit,
2098 2490 2196 2530 nec
2224 2492 2281 2530 se
2329 2477 2441 2546 regi
2488 2476 2791 2540 humilium,
2820 2475 2921 2529 hoc
2956 2481 3039 2529 est
3079 2472 3246 2543 judici
3294 2486 3409 2526 om-

1840 2567 2007 2630 uium,
2038 2565 2397 2620 ministerium
2442 2564 2732 2634 praebuisse
2778 2562 3046 2633 gaudebit.
3106 2560 3406 2614 Notandum

1838 2663 2020 2709 autem
2045 2654 2187 2723 quod
2220 2662 2275 2706 et
2303 2653 2391 2707 hic
2423 2653 2561 2707 sicut
2584 2659 2638 2706 et
2662 2651 2929 2719 superius
2962 2651 3053 2703 uni
3079 2649 3140 2702 de
3177 2643 3403 2700 minimis

1839 2743 2260 2799 misericordiam
2288 2743 2646 2813 praestandam
2686 2756 2804 2796 esse
2842 2741 2995 2803 dixit,
3027 2753 3188 2808 quam
3222 2746 3279 2792 et
3302 2736 3406 2791 sibi

1839 2835 1911 2887 ita
1940 2834 2187 2887 collatam
2217 2834 2445 2887 asseruit
2474 2847 2488 2884 :
2520 2833 2645 2899 quia
2674 2830 2930 2899 quidquid
2959 2829 3088 2883 .Deo
3134 2828 3406 2882 confertur

1837 2937 1936 2993 per
1982 2923 2242 2977 unitatem
2292 2922 2416 2975 ﬁdei
2464 2930 2518 2975 et
2558 2922 2725 2990 pacis,
2755 2927 2809 2975 et
2857 2920 3086 2989 simplici
3113 2918 3404 2975 intentione

1836 3010 2017 3067 oll‘erri
2066 3012 2247 3077 debet,
2277 3025 2377 3065 nec
2427 3010 2584 3065 debet
2627 3010 2846 3065 sinistra
2893 3009 3032 3064 scire
3064 3006 3191 3077 quid
3237 3005 3401 3061 faciat

1836 3105 2074 3159 dextera.

1906 3215 1974 3268 Et
2004 3215 2149 3268 ibunt
2188 3213 2241 3267 hi
2266 3214 2321 3265 in
2346 3209 2653 3281 supplicium
2676 3218 2948 3274 internum,
2972 3192 3109 3277 justi
3146 3191 3319 3259 autem
3345 3204 3409 3258 in.

1834 3306 1993 3359 vitam
2036 3302 2325 3357 cateruam?
2367 3298 2589 3370 (MAUR.)
2643 3296 2884 3351 Prudens
2942 3296 3132 3360 lector,
3180 3293 3398 3348 intende

1833 3394 1976 3464 quod
2025 3391 2281 3461 supplicia
2326 3399 2527 3444 aeterna
2581 3396 2722 3453 sunt,
2767 3394 2821 3441 et
2853 3387 2961 3441 vita
3010 3392 3265 3457 perpetua
3292 3399 3397 3439 non

1834 3485 2029 3539 habeat
2058 3482 2288 3536 ruinam.
2324 3478 2589 3553 (Hieron.)
2621 3479 2687 3532 Et
2730 3477 2799 3533 ob
2830 3479 2933 3532 hoc
2961 3476 3163 3531 frustra
3209 3474 3398 3545 Orige-

1836 3588 1952 3637 nes,
1979 3579 2102 3642 post
2124 3572 2292 3623 multa
2318 3582 2580 3623 annorum
2606 3566 2874 3621 curricula
2903 3566 3081 3635 impiis
3106 3574 3161 3619 et
3208 3580 3400 3633 pecca-

1834 3664 2060 3726 toribus,
2090 3678 2187 3715 nec
2234 3677 2338 3715 non
2380 3660 2589 3715 diabolo
2613 3668 2666 3712 et
2698 3658 2902 3728 angelis
2925 3652 3059 3727 ejus,
3083 3654 3309 3725 spondet
3332 3655 3395 3709 de

1834 3738 2045 3807 inlerno
2067 3753 2453 3806 liberationem.
2492 3751 2620 3817 Qua:
2644 3751 2823 3819 opinio
2853 3750 3031 3805 verbis
3060 3749 3227 3817 ipsius
3255 3748 3394 3802 veri-

1835 3842 1959 3894 tatis
1980 3842 2190 3910 penitus
2234 3839 2504 3894 contraria
2533 3847 2633 3893 est.
2670 3836 2924 3903 Obsecro,
2974 3838 3195 3892 Domine
3242 3837 3392 3901 Jesu,

1832 3938 1890 3983 ut
1936 3944 2019 3983 me
2051 3929 2145 3982 tibi
2175 3928 2402 3984 ﬁdeliter
2442 3943 2539 3997 per
2585 3928 2764 3981 omnia
2792 3926 3121 3990 credentem,
3151 3935 3205 3979 et
3236 3924 3394 3979 [idem

1833 4030 1980 4074 tuam
2008 4020 2275 4072 veraciter
2318 4027 2605 4082 tenentem,
2637 4018 2691 4070 in
2716 4016 2934 4069 dextera
2970 4023 3060 4069 tua
3092 4014 3396 4068 misericor-

1830 4110 1970 4164 diter
1990 4109 2252 4164 collocare
2293 4109 2545 4180 digneris,
2572 4117 2631 4161 ut
2653 4110 2830 4178 potius
2852 4107 3142 4161 secandum
3168 4106 3397 4175 promis-

1828 4202 2034 4255 sionem
2067 4208 2211 4253 tuam
2242 4213 2363 4252 cum
2390 4198 2684 4253 benedictis
2714 4198 2819 4249 tuis
2846 4196 3106 4263 accipiam
3136 4204 3393 4248 aeternam

1828 4292 1882 4349 in
1910 4293 2064 4348 caalis
2085 4291 2487 4355 beatitudinem,
2520 4304 2677 4358 quam
2700 4304 2820 4342 cum
2850 4285 3165 4348 maledictis,
3201 4299 3391 4338 secun-

1828 4386 1956 4439 dum
2000 4362 2370 4437 hereticorum
2399 4380 2688 4441 ﬁctionem,
2717 4392 2891 4432 seram
2914 4376 2979 4430 de
3005 4373 3216 4428 inferno
3244 4387 3391 4442 qua:-

147 4503 391 4555 caturos,
437 4494 608 4563 ignem
651 4504 925 4557 aeternum,
978 4496 1027 4548 in
1065 4510 1170 4563 quo
1195 4495 1578 4566 perpetualiter
1604 4511 1723 4549 cru-

1842 4489 1944 4527 ram
1970 4473 2321 4540 ereptionem.

145 4584 447 4649 ciareutur,
472 4586 753 4638 ordinavit.

1348 4829 1644 4905 LIBER
1714 4825 2203 4903 OCTAVUS.

712 5122 934 5180 CAPUT
965 5123 1147 5178 XXVI.

147 5237 231 5293 De
260 5234 571 5291 Judworum
596 5220 676 5288 in
704 5252 875 5288 necem
904 5235 1098 5290 Christi
1122 5237 1337 5291 consilio
1355 5278 1369 5302 ,
1399 5239 1462 5291 de
1493 5254 1635 5292 caena
1662 5239 1715 5290 in

226 5305 499 5368 Bethania,
527 5306 590 5357 de
607 5304 761 5358 Iuda:
784 5307 1050 5376 traditoris
1071 5308 1226 5375 petito
1248 5309 1441 5376 pretio;
1464 5308 1527 5360 de
1548 5318 1715 5361 extre-

216 5390 309 5433 ma
329 5389 492 5439 cana,
536 5384 584 5427 et
609 5390 724 5443 qua:
763 5374 833 5426 ibi
856 5386 900 5427 et
932 5376 983 5427 in
1012 5374 1161 5429 horto
1183 5374 1523 5446 contigerunt.

222 5483 315 5561 [1.]
343 5482 567 5556 (MAUR.)
586 5482 724 5537 Sane
747 5480 969 5537 decrirso
993 5493 1218 5539 tractatu
1249 5486 1417 5540 sancti
1438 5486 1710 5557 Evangelii

141 5574 443 5633 secundum
468 5572 795 5633 Matthaeum,
852 5588 879 5624 a
913 5574 1170 5642 principio
1208 5590 1373 5645 usque
1412 5574 1479 5628 ad
1508 5575 1713 5643 passio-

146 5684 264 5725 nem
298 5664 505 5721 Domini
535 5664 586 5716 in
612 5671 811 5730 septem
838 5664 1006 5727 libris,
1030 5674 1275 5719 octavum
1299 5680 1508 5735 quoque
1537 5682 1564 5719 a
1590 5680 1710 5735 pas-

463 5755 728 5815 Pnnon.
776 5752 957 5816 (ΝΗ,

1821 5122 1971 5176 sione
1999 5118 2208 5172 Domini
2256 5117 2588 5177 inchoantes,
2619 5127 2786 5181 usque
2830 5114 2897 5169 ad
2933 5115 3379 5187 resurrectionem

1818 5216 1954 5284 ejus,
1983 5213 2088 5265 imo
2112 5223 2281 5277 usque
2303 5206 2367 5260 ad
2397 5205 2552 5259 linem
2580 5205 2851 5275 Evangelii
2882 5206 3189 5275 perducere,
3230 5206 3273 5260 si
3304 5207 3380 5262 ita

1817 5304 2075 5358 Dominus
2115 5297 2361 5361 voluerit,
2415 5296 2755 5349 decernimus
2787 5313 2798 5347 :
2830 5302 3071 5364 petentes
3107 5292 3222 5359 ejus
3263 5293 3376 5349 cle-

1816 5392 2094 5452 mentiam,
2126 5395 2185 5439 ut
2208 5386 2296 5455 qui
2322 5393 2445 5454 post
2484 5384 2764 5439 sabbatum
2798 5384 2849 5437 in
2888 5382 3181 5447 Dominica,
3215 5384 3265 5436 id
3292 5392 3376 5437 est

1815 5490 2002 5536 octava
2029 5479 2113 5532 die
2140 5487 2259 5545 post
2292 5476 2575 5544 septimam
2606 5490 2722 5544 qum
2742 5482 2794 5528 et
2820 5474 2992 5542 prima
3015 5474 3220 5527 sabbati
3246 5472 3377 5527 dici-

1818 5583 1923 5633 tur,
1952 5587 1981 5624 a
2012 5568 2235 5623 mortuis
2260 5568 2573 5629 resurrexit,
2607 5581 2701 5619 nos
2720 5578 2930 5633 quoque
2956 5571 3075 5633 post
3095 5565 3375 5633 septimam

1818 5673 2029 5717 (elatum
2061 5661 2217 5729 hujus
2249 5658 2451 5725 saeculi,
2482 5658 2532 5712 id
2562 5666 2641 5712 est
2683 5663 2867 5711 octava
2896 5662 3053 5708 :etate
3085 5669 3185 5723 qua
3217 5668 3373 5724 gene-

2869 5747 2945 5806 35
