3922 6326
483 292 616 344 ιε’)εεξ)

1116 290 1176 344 D.
1214 289 1462 344 HADANI
1501 288 1715 344 MAURI
1757 286 2067 368 ttlttjlllEP.
2111 284 2413 341 MUGUNT.
2456 280 2735 340 OPERUM
2776 281 2958 338 PARS
2998 283 3036 337 l.

3564 286 3695 338 1100

479 407 665 460 raliter
691 418 875 459 omnes
904 403 1097 457 mortui
1142 410 1443 472 resnrgent,
1486 402 1596 469 ipse
1629 396 2038 453 resurrectionis
2066 402 2113 459 Α
2140 404 2296 465 gatur
2332 397 2397 451 ad
2419 396 2699 451 consilium
2728 394 3064 450 sacerdotum
3088 396 3226 463 quod
3254 395 3558 459 habuerunt
3587 406 3694 452 tra-

481 513 590 553 suze
614 495 774 549 faciat
811 509 928 549 esse
956 495 1259 562 participes.
1299 490 1693 547 Consummatis
1721 489 1882 559 igitur
1918 503 2034 542 scr-

481 584 726 640 monibus
754 584 819 637 de
845 584 930 637 die
952 582 1159 652 judicii,
1190 580 1431 649 sequitur
1458 578 1755 643 Matthaeus,
1785 585 1839 630 et
1867 576 1995 630 dicit
2020 591 2033 629 :

549 675 617 729 Et
642 674 844 742 factum
886 684 981 737 est,
1010 688 1124 725 cum
1164 656 1566 724 consummasset
1589 667 1745 723 Jesus
1778 683 2037 722 sermones

480 766 572 818 hos
600 778 814 819 omnes:
842 761 1056 816 Scilicet
1083 775 1269 815 omnes
1304 774 1439 828 quos
1470 761 1535 814 de
1570 758 2039 814 consummatione

480 854 686 918 mundi,
712 852 795 908 vel
827 852 891 905 de
918 850 1237 905 discretione
1252 847 1439 917 judicii
1462 845 1791 917 proferebat.
1814 844 2037 915 (Hilam)

481 942 606 996 Sive
628 941 801 1004 aliter,
830 953 1016 995 omnes
1042 952 1316 993 sermones
1338 951 1470 1005 quos
1494 936 1563 990 ab
1593 935 1744 989 initio
1769 932 2039 1003 Evangelii

480 1029 559 1082 sui
609 1044 777 1097 usque
836 1028 903 1081 ad
940 1037 1155 1106 tempus
1190 1025 1454 1094 passionis
1494 1038 1603 1077 sure
1651 1024 1891 1077 docendo
1929 1023 2041 1076 sive

478 1117 831 1179 exhortando,
880 1132 971 1171 seu
998 1116 1158 1170 etiam
1187 1112 1364 1166 futura
1408 1111 1747 1181 praedicendo
1775 1112 1828 1164 in
1857 1112 2039 1165 auditu
2080 1154 2088 1164 .

479 1207 880 1275 discipulorum,
906 1213 993 1258 aut
1024 1202 1297 1257 turbarum
1319 1208 1784 1256 consummaverat
1799 1234 1816 1261 ,
1836 1200 1937 1255 hoc
1960 1207 2043 1255 est

483 1294 724 1347 faciendo
757 1301 809 1346 et
829 1291 1161 1361 praedicando
1185 1289 1585 1360 compleverat.‘

555 1382 694 1434 Tunc
720 1381 850 1435 dixit
870 1380 1135 1451 discipulis
1167 1382 1315 1434 suis:
1339 1378 1494 1435 Scitis
1526 1380 1649 1449 quia
1679 1388 1790 1449 post
1830 1379 2042 1433 biduum

482 1469 685 1522 Pascha
714 1469 818 1537 ﬁet.
856 1467 1038 1539 (Aug)
1068 1466 1135 1523 Ut
1159 1478 1279 1538 post
1307 1482 1608 1521 sermonem
1635 1482 1741 1535 quo
1768 1481 1825 1520 se
1858 1475 2043 1523 ventu-

464 1573 596 1619 ,rum
627 1557 678 1610 in
711 1557 883 1609 reditu
912 1555 1172 1610 claritatis
1215 1555 1547 1617 ostenderat,
1589 1568 1731 1607 nunc
1758 1568 2041 1621 passurum

481 1663 537 1702 se
579 1662 697 1702 esse
748 1647 1059 1711 admoneat;
1115 1654 1379 1715 quatenus
1427 1654 1825 1700 sacramentum
1869 1646 2044 1701 crucis

2138 493 2346 540 etantes
2377 486 2442 541 de
2486 501 2615 541 nece
2651 485 2877 540 Domini.
2911 483 3178 555 (Ilieron.)
3211 485 3317 543 Sed
3348 488 3694 543 οοηδίάεηη-

2139 572 2263 626 dum
2292 573 2436 641 ψιοά
2484 587 2740 642 passurus
2771 587 2868 642 pro
2893 572 3039 626 omni
3081 573 3281 627 mundo
3321 575 3597 640 Dominus,
3644 586 3701 631 et

2138 660 2416 716 universas
2466 662 2710 717 nationes
2745 676 2842 717 suo
2864 661 3122 732 sanguine
3161 663 3551 732 redempturus,
3589 680 3699 722 mo-

2092 744 2097 748 ’
2140 757 2292 803 ratur
2337 752 2390 823 in
2420 750 2695 814 Bethania,
2734 751 2788 805 in
2821 750 2977 805 domo
3002 751 3339 816 obedientire,
3371 770 3490 824 quae
3530 771 3697 826 quon-

2140 838 2264 893 dam
2305 838 2403 894 fuit
2453 839 2687 896 Simonis
2718 840 2933 910 leprosi.
2990 839 3105 895 Non
3142 842 3285 911 quod
3318 843 3562 914 leprosus
3610 848 3697 903 illo

2140 933 2380 995 tempore
2425 936 2784 997 permaneret,
2827 928 2921 983 sed
2956 929 3047 998 qui
3086 938 3211 985 ante
3245 930 3488 1000 leprosus
3516 945 3696 1005 postea

2140 1033 2170 1072 a
2216 1018 2497 1075 Salvatore
2543 1020 2827 1076 mundatus
2851 1031 2957 1084 est,
2988 1022 3201 1077 nomine
3246 1025 3473 1093 pristino
3492 1042 3695 1095 perma-

2139 1119 2320 1177 nente,
2349 1120 2407 1165 ut
2428 1114 2593 1167 virtus
2615 1115 2851 1169 curantis
2876 1124 3150 1185 appareat.
3179 1114 3311 1170 Nam
3339 1125 3393 1171 et
3422 1117 3475 1171 in
3495 1104 3699 1173 catalo-

2141 1214 2207 1270 go
2242 1202 2600 1270 apostolorum
2641 1218 2762 1258 cum
2787 1205 3015 1274 pristino
3043 1205 3174 1279 vitio
3227 1204 3509 1262 Mattheus
3534 1208 3705 1276 publi-

2140 1304 2307 1345 canus
2336 1292 2655 1361 appellatur,
2678 1294 2769 1364 qui
2796 1305 2942 1352 certe
2966 1296 3282 1366 publicanus
3308 1312 3428 1353 esse
3451 1298 3705 1353 desierat.

2142 1376 2370 1445 Quidam
2426 1381 2700 1438 Simonem
2742 1383 3032 1453 leprosum,
3061 1384 3243 1440 volunt
3266 1386 3562 1457 intelligere
3588 1403 3710 1456 par-

2141 1480 2249 1526 tem
2280 1473 2460 1543 populi
2498 1490 2617 1545 quaz
2646 1475 2933 1531 crediderit
2962 1475 3208 1541 Domino,
3247 1484 3298 1530 et
3327 1477 3396 1531 ab
3428 1492 3495 1532 eo
3521 1487 3707 1533 curata

2141 1558 2245 1617 sit."
2262 1559 2444 1617 Simon
2474 1579 2685 1634 quoque
2712 1564 2952 1619 obediens
2987 1563 3199 1618 dicitur.

2212 1653 2436 1706 Accessit
2463 1654 2532 1706 ad
2552 1670 2667 1707 eum
2694 1652 2877 1708 mulier
2895 1654 3088 1708 habens
3113 1654 3435 1709 alabastrum
3465 1660 3711 1727 unguenti

479 1740 766 1794 admistum
798 1753 916 1793 esse
935 1738 1115 1807 gloriae
1151 1737 1465 1791 teternitatis
1495 1745 1867 1806 agnoscerent.
1894 1735 2045 1791 Sicut
2073 1745 2118 1804 Β
2145 1743 2391 1812 pretiosi,
2440 1754 2487 1798 et
2530 1745 2715 1818 eﬁ'udit
2753 1761 2908 1813 super
2945 1754 3097 1815 caput
3141 1745 3302 1814 ipsius
3349 1748 3705 1803 recumbentis.

480 1844 605 1897 ergo
632 1841 695 1881 ex
724 1825 945 1882 Joannis
976 1826 1287 1881 narratione
1328 1826 1617 1897 colligitur,
1647 1835 1771 1880 ante
1810 1841 1900 1881 sex
1931 1828 2044 1880 dies

486 1921 707 1975 Pascbze
734 1919 881 1975 venit
907 1917 1064 1973 Jesus
1087 1919 1140 1973 in
1167 1911 1706 1988 Bethaniam,'ibique
1736 1916 1932 1972 factum
1967 1924 2049 1973 est

481 2013 608 2066 illud
641 2012 967 2075 convivium,
1014 2011 1104 2064 ubi
1134 1998 1198 2065 de
1228 2018 1498 2081 unguento
1535 2011 1770 2079 pretioso
1802 2010 1861 2064 lit
1899 2026 2052 2066 com-

482 2102 823 2155 memoratio.
863 2100 990 2155 lnde
1019 2101 1166 2154 venit
1195 2099 1613 2171 Hierosolymam
1646 2101 1839 2155 sedens
1892 2114 2052 2169 super

482 2192 737 2257 asellum;
764 2191 953 2247 deinde
974 2199 1155 2259 postea
1182 2198 1440 2258 geruntur
1463 2204 1525 2244 ea
1548 2205 1667 2261 quae
1688 2198 1910 2244 narrant
1932 2198 2055 2259 post

479 2282 622 2334 hunc
667 2280 955 2334 adventum
986 2278 1101 2347 ejus
1135 2279 1518 2349 Hierosolymis
1543 2288 1703 2350 gesta
1734 2281 1915 2351 (Joan.
1948 2281 2048 2353 xi).

480 2367 749 2440 [meram]
801 2368 879 2422 Ex
929 2368 1018 2422 illo
1061 2382 1189 2436 ergo
1233 2367 1318 2421 die
1363 2382 1470 2436 quo
1519 2369 1664 2421 venit
1710 2368 2050 2436 Bethaniam,

479 2469 643 2530 atque
672 2459 799 2514 illud
834 2460 900 2514 dc
927 2467 1198 2530 unguento
1227 2457 1424 2527 factum
1465 2467 1570 2525 est,
1597 2474 1768 2528 usque
1816 2460 1881 2514 ad
1911 2460 2053 2515 diem

479 2566 588 2622 quo
631 2550 733 2605 ista
764 2549 943 2604 omnia
977 2555 1122 2619 gesta
1168 2556 1330 2617 atque
1366 2547 1507 2602 dicta
1536 2557 1679 2614 sunt,
1709 2548 2053 2619 intelligimus

480 2642 646 2697 etiam
679 2638 1028 2709 evangelistis
1056 2653 1163 2693 non
1208 2638 1758 2696 commemorantibus
1805 2653 2053 2694 consum-

484 2742 632 2805 ptum
681 2732 849 2787 fuisse
896 2729 1256 2804 quatriduum,
1298 2738 1357 2783 ut
1386 2738 1696 2785 occurreret
1740 2731 1854 2785 dies
1894 2744 2053 2799 quem

485 2830 609 2875 ante
641 2821 861 2876 biduum
917 2818 1137 2874 Pascha:
1181 2819 1461 2875 Mattheus
1490 2826 1547 2875 et
1578 2819 1790 2875 Marcus
1833 2819 2055 2875 delinie-

486 2918 611 2965 runt
642 2909 835 2982 (Marc.
860 2908 994 2980 xtv).
1022 2908 1241 2980 Mystice
1265 2918 1444 2963 autem
1488 2917 1610 2979 post
1629 2908 1765 2964 duos
1802 2908 1917 2964 dies
1944 2908 2055 2963 cla—

490 3002 692 3057 rissimi
720 2999 942 3056 luminis
972 2998 1181 3055 Veteris
1206 3015 1270 3054 ac
1316 2999 1451 3054 Novi
1476 3000 1825 3062 Testamenti,
1866 3012 2053 3051 verum

2155 1832 2358 1903 (-Rsn.)
2410 1833 2599 1889 Mulier
2642 1835 2743 1889 ista
2790 1832 2954 1888 Maria
3001 1844 3118 1889 erat
3163 1834 3511 1907 Magdalene,
3564 1854 3711 1894 soror

2149 1925 2363 1992 Laz’ari,
2393 1942 2549 1996 quem
2577 1928 2932 1982 suscitaverat
2953 1925 3108 1982 Jesus
3136 1942 3164 1981 a
3196 1930 3443 1994 mortuis,
3471 1940 3529 1984 ut
3556 1929 3710 1985 Joan-

2152 2033 2248 2074 nes
2278 2028 2461 2088 aperte
2495 2027 2897 2074 commemorat.
2951 2018 3051 2085 Qui
3096 2020 3261 2073 etiam
3306 2020 3409 2074 hoc
3451 2030 3579 2074 ante
3622 2037 3705 2075 sex

2154 2110 2268 2164 dies
2297 2109 2517 2164 Pascha:
2548 2108 2744 2164 factum
2773 2105 3018 2175 testatur,
3053 2110 3225 2180 pridie
3252 2126 3414 2180 quam
3446 2112 3601 2165 asino
3627 2127 3708 2167 se-

2148 2198 2287 2252 dens
2315 2213 2435 2252 cum
2466 2198 2659 2267 palmis
2702 2206 2755 2252 et
2795 2198 2949 2253 laude
2978 2200 3257 2264 turbarum
3292 2199 3708 2270 Hierosolymam

2152 2288 2378 2341 veniret.
2414 2288 2530 2356 Ipsa
2558 2297 2640 2341 est
2667 2299 2866 2352 autem,
2899 2303 3004 2341 non
3037 2288 3158 2351 alia,
3193 2304 3311 2355 quae
3340 2290 3631 2358 quondam,
3660 2298 3711 2344 ut

2153 2376 2326 2431 Lucas
2353 2376 2557 2442 scribit,
2583 2375 2855 2444 peccatrix
2879 2375 3053 2429 adhuc
3075 2376 3296 2429 veniens
3321 2376 3489 2444 pedes
3513 2376 3708 2431 Domini

2154 2463 2405 2534 lacrymis
2429 2464 2759 2533 poenitentiae
2786 2464 2977 2534 rigavit
3002 2473 3058 2518 et
3084 2473 3357 2532 unguento
3386 2466 3489 2533 piae
3513 2466 3710 2521 confes—

2156 2554 2323 2609 sionis
2360 2553 2551 2619 linivit,
2575 2561 2629 2607 et
2664 2553 2790 2622 quia
2818 2552 3045 2607 multum
3074 2552 3281 2619 dilexit,
3305 2554 3597 2609 multorum
3624 2572 3708 2610 ve-

2154 2644 2296 2699 niam
2332 2652 2677 2713 peccatorum
2709 2658 2740 2696 a
2775 2643 2862 2713 pio
2890 2642 3071 2711 judice
3100 2644 3399 2711 promeruit
3426 2644 3577 2716 (Luc.
3600 2647 3706 2717 vn).

2155 2733 2310 2789 Nunc
2337 2748 2465 2788 vero
2500 2732 2796 2801 justificata
2832 2741 2885 2787 et
2924 2732 3206 2787 familiaris
3242 2732 3435 2789 eﬂ'ecta
3475 2735 3709 2802 Domino,

2156 2836 2261 2875 non
2295 2827 2499 2875 tantum
2528 2821 2692 2888 pedes
2720 2820 2855 2891 ejus,
2886 2829 2945 2874 ut
2973 2821 3113 2876 idem
3142 2818 3379 2875 Joannes
3405 2830 3613 2886 narrat,
3630 2838 3712 2876 ve-

2159 2924 2276 2961 rum
2296 2908 2456 2961 etiam
2480 2916 2659 2977 caput,
2682 2918 2740 2961 ut
2765 2908 2974 2975 glareas
3002 2908 3391 2978 Matthzcusque
3415 2912 3711 2979 perhibent,

2156 2997 2274 3051 oleo
2304 3004 2489 3049 sancto
2518 2996 2774 3064 perfudit.
2814 2996 3117 3050 Notandum
3146 3004 3328 3050 autem
3357 3000 3506 3068 quod
3533 3000 3599 3055 de
3622 3001 3711 3056 hoc

487 3109 586 3163 pro
606 3092 803 3146 mundo
830 3091 1034 3146 Pascha
1057 3088 1377 3143 celebratur.
1401 3086 1608 3142 Pascha
1637 3087 1875 3156 quidem,
1908 3086 2049 3156 quod
2078 3076 2122 3138 C
2153 3093 2425 3155 unguento
2473 3082 2683 3138 Marcus
2730 3084 2803 3138 ita
2853 3080 3056 3139 refert:
3104 3083 3172 3137 Et
3226 3101 3343 3137 cum
3392 3097 3525 3140 esset
3572 3086 3714 3142 Jesus

491 3182 748 3236 llehraice
792 3180 988 3234 dicitur
1018 3177 1207 3244 Pbase,
1241 3193 1347 3233 non
1368 3193 1397 3232 a
1421 3178 1693 3248 passione,
1722 3186 1782 3231 ut
1812 3176 2054 3247 plerique

489 3272 835 3332 arbitrantur,
893 3269 987 3323 sed
1033 3283 1063 3322 a
1124 3269 1348 3323 transitu
1402 3268 1730 3323 nominatur.
1789 3269 1865 3323 Eo
1910 3268 2054 3338 quod

486 3360 877 3414 exterminator
916 3360 1102 3414 videns
1137 3358 1453 3427 sanguinem
1478 3358 1532 3412 in
1554 3357 1756 3413 foribus
1792 3358 2056 3413 Israelita-

488 3464 604 3502 rum
630 3447 1023 3517 pertransierit,
1048 3462 1146 3502 nec
1168 3447 1516 3517 percusserit,
1544 3448 1629 3502 vel
1659 3449 1772 3516 ipse
1800 3448 2056 3504 Dominus

486 3538 732 3609 prmbens
761 3538 1018 3591 auxilium
1050 3536 1246 3607 populo
1268 3552 1366 3592 suo
1398 3536 1629 3606 desuper
1682 3536 2052 3593 ambulaverit.

489 3623 666 3699 (lltnl)
695 3628 857 3699 Cujus
886 3633 1282 3683 sacramentum
1310 3624 1553 3680 vocabuli
1587 3625 1866 3679 sublimius
1897 3640 2058 3694 expo-

488 3736 622 3776 nens
668 3719 990 3791 evangelista
1051 3716 1283 3771 Joannes
1338 3715 1413 3769 ait
1453 3733 1465 3768 :
1508 3715 1641 3769 Ante
1701 3716 1836 3768 diem
1884 3726 2059 3769 autem
2105 3724 2109 3727 ·

490 3812 676 3881 festum
708 3810 947 3872 Paschw,
989 3807 1156 3861 sciens
1196 3804 1357 3881 Jesus.
1401 3806 1525 3875 quia
1560 3806 1689 3859 venit
1742 3805 1855 3874 ejus
1905 3806 2054 3870 hora,

491 3910 547 3954 ut
596 3909 823 3953 transeat
863 3914 927 3950 ea:
963 3898 1058 3949 hoc
1086 3895 1279 3949 mundo
1318 3895 1387 3949 ad
1422 3893 1636 3948 Patrem
1683 3892 1865 3965 (Joan.
1915 3894 2057 3964 xm).

495 3990 594 4045 Ubi
621 3986 901 4042 manifeste
926 3985 1182 4049 declarat,
1212 3986 1331 4040 ideo
1356 3985 1711 4040 solemnitatis
1738 3984 1895 4053 hujus
1917 3986 2059 4041 diem

494 4094 588 4147 per
638 4078 806 4147 legem
853 4076 1079 4146 mystice
1126 4076 1410 4129 transitum
1456 4086 1700 4130 vocatum
1737 4090 1877 4142 esse,
1917 4076 2059 4147 quod

492 4171 667 4240 Agnus
690 4166 786 4221 Dei
808 4167 895 4237 qui
921 4164 1053 4219 tollit
1076 4176 1286 4235 peccata
1315 4166 1516 4232 mundi,
1544 4168 1596 4220 in
1626 4182 1690 4221 eo
1720 4156 1785 4221 de
1814 4167 1913 4222 hoc
1941 4180 1988 4221 δ.
2042 4208 2052 4221 .

2156 3174 2451 3240 Bethania,
2489 3175 2543 3227 in
2581 3174 2733 3227 domo
2766 3174 2996 3229 Sinmnis
3034 3175 3256 3245 leprosi,
3295 3187 3341 3231 et
3377 3179 3713 3245 recumberet,

2155 3264 2288 3318 venit
2314 3266 2502 3318 mulier
2526 3264 2716 3319 habens
2742 3266 3059 3319 alabastrum
3089 3269 3338 3336 unguenti
3362 3269 3521 3321 nardi
3543 3256 3717 3338 spiculi

2155 3356 2395 3427 pretiosi,
2429 3366 2476 3409 et
2506 3357 2672 3425 fracto
2711 3356 2974 3410 alabastro
3011 3358 3196 3426 effudit
3232 3375 3389 3427 super
3420 3370 3577 3430 caput
3610 3362 3715 3429 ejus

2159 3445 2347 3515 (Marc.
2377 3445 2508 3519 xiv).
2556 3447 2790 3501 Joannes
2816 3462 2943 3502 vero
2974 3448 3045 3502 ita
3073 3437 3204 3502 dicit
3231 3466 3243 3500 :
3276 3446 3454 3501 Maria
3482 3467 3604 3519 ergo
3630 3468 3716 3504 ac-

2158 3536 2285 3604 cepit
2311 3534 2495 3589 libram
2522 3537 2674 3589 nardi
2699 3537 2868 3607 pistici
2896 3538 3127 3606 pretiosi,
3152 3547 3199 3591 et
3224 3539 3371 3591 unxit
3398 3541 3555 3608 pedes
3576 3538 3716 3606 Iesu,

2158 3633 2204 3677 et
2233 3626 2440 3678 extersit
2471 3624 2671 3695 capillis
2710 3626 2817 3679 suis
2855 3627 3006 3695 pedes
3036 3627 3166 3694 eius,
3206 3637 3255 3680 et
3293 3629 3481 3683 domus
3515 3630 3716 3701 impleta

2158 3726 2235 3771 est
2260 3734 2324 3771 ea:
2349 3716 2505 3770 odore
2534 3719 2799 3787 unguenti.
2834 3717 2934 3772 Ubi
2961 3718 3102 3772 enim
3130 3718 3341 3773 Marcus
3367 3722 3548 3789 posuit
3573 3723 3721 3776 nardi

2160 3807 2361 3877 spicati,
2396 3807 2468 3861 ibi
2496 3804 2727 3861 Joannes
2756 3807 2920 3861 habet
2946 3808 3097 3860 nardi
3124 3809 3296 3877 pistici
3318 3822 3336 3859 :
3366 3824 3598 3879 quorum
3627 3811 3723 3866 dif-

2160 3896 2441 3951 ferentiam
2470 3897 2522 3949 in
2550 3895 2999 3965 subsequentibus
3029 3896 3476 3957 demonstramus.
3512 3900 3608 3955 Est
3633 3917 3723 3955 su-

2162 3994 2265 4041 tcm
2300 3985 2625 4040 alabastrum
2656 4000 2824 4054 genus
2854 3985 3141 4039 marmoris
3172 3986 3407 4053 candidi,
3441 3990 3609 4043 variis
3638 4005 3723 4045 co-

2160 4076 2362 4131 loribus
2386 4075 2726 4140 interstincti,
2750 4075 2889 4143 quod
2917 4075 2983 4128 ad
3005 4090 3130 4128 vasa
3158 4078 3510 4145 unguentaria
3534 4092 3722 4132 cavare

2161 4169 2363 4233 solent,
2402 4183 2466 4222 eo
2495 4168 2636 4236 quod
2663 4166 2867 4237 optime
2897 4180 3114 4219 servare
3141 4181 3202 4219 ea
3235 4166 3548 4236 incorrupta
3579 4168 3720 4223 dica-

2160 4268 2264 4313 tur.
2302 4258 2551 4312 Nascitur
2576 4258 2716 4311 circa
2747 4255 2957 4310 Thebas
2983 4255 3287 4325 Egyptias,
3321 4266 3375 4310 et
3404 4257 3724 4313 Damascum

2162 4348 2362 4421 Syriaz,
2413 4350 2621 4402 carleris
2661 4347 2979 4411 candidius,
3027 4346 3465 4415 probatissimum
3500 4362 3632 4401 \ero
3675 4348 3723 4400 in

494 4458 597 4493 non
629 4440 898 4509 pavebant
920 4452 1041 4491 cum
1065 4438 1171 4491 Deo
1186 4449 1461 4507 perpetem
1491 4441 1810 4496 discordiam
1836 4444 2057 4498 tenere?
2085 4407 2132 4465 Β
2159 4440 2324 4495 India.
2352 4439 2556 4493 Nardns
2583 4454 2711 4492 vero
2745 4448 2828 4493 est
2860 4438 3035 4491 frutex
3074 4437 3420 4501 aromaticns,
3458 4442 3632 4508 gravi,
3668 4449 3723 4494 ut

494 4530 604 4582 lllic
636 4530 1032 4596 trepidavcruut
1077 4528 1266 4583 timore
1302 4530 1392 4583 ubi
1441 4545 1547 4585 non
1582 4541 1702 4585 erat
1730 4534 1906 4586 timor.
1960 4532 2055 4587 Sa-

494 4623 638 4690 gittae
660 4634 868 4688 quoque
892 4618 1235 4687 parvulorum
1264 4620 1417 4674 facta:
1446 4631 1570 4675 sunt
1593 4622 1760 4693 plagae
1778 4638 1980 4678 eorum.

568 4708 676 4781 UL]
700 4709 827 4763 Cum
850 4717 1021 4761 autem
1055 4718 1183 4761 esset
1224 4708 1377 4763 Jesus
1423 4711 1475 4762 in
1524 4709 1779 4765 Bethania
1822 4714 1875 4766 in
1904 4714 2056 4768 domo

501 4804 725 4855 Simonis
754 4801 955 4869 leprosi.
992 4800 1170 4872 (Aug)
1200 4799 1367 4868 Hujus
1394 4801 1495 4857 loci
1532 4804 1895 4859 narrationem
1924 4805 2060 4860 Mat-

504 4891 673 4942 tinens
694 4898 744 4942 et
771 4888 1001 4953 Marcus,
1024 4905 1143 4943 cum
1167 4889 1276 4958 jatn
1304 4889 1561 4945 dixissent
1582 4900 1705 4961 post
1728 4891 1945 4946 biduum
1976 4894 2062 4948 fu-

502 4989 679 5030 turum
718 4975 920 5030 Pascha
953 4978 1369 5047 recapitulando,
1402 4979 1467 5033 ad
1492 4979 1636 5035 illum
1669 4981 1808 5034 diem
1841 4982 2066 5037 redeunt

502 5066 553 5118 in
584 5064 919 5128 Dethaniatn,
948 5065 1036 5132 qui
1060 5076 1174 5120 erat
1197 5075 1319 5121 ante
1340 5083 1431 5121 sex
1454 5069 1567 5123 dies
1586 5063 1826 5125 Paschaa.
1853 5070 1919 5125 Et
1944 5086 2064 5124 nar-

504 5167 621 5210 rant
650 5156 789 5224 quod
816 5154 1049 5210 Joannes
1071 5157 1133 5211 de
1157 5172 1305 5213 caena
1337 5168 1390 5212 et
1420 5169 1687 5231 unguento
1711 5160 1896 5227 refert,
1926 5162 2064 5216 unde

501 5249 754 5301 venturus
779 5256 896 5301 erat
916 5244 1072 5300 Jesus
1094 5245 1528 5319 Hierosolymam.
1558 5250 1721 5319 Cujus
1747 5251 1822 5307 rei
1845 5262 2062 5321 peracta

504 5341 810 5393 narratione
860 5339 981 5394 illuc
1030 5340 1222 5393 iterum
1282 5340 1503 5394 redeunt
1544 5341 1684 5396 unde
1726 5340 1939 5396 fuerant
1987 5342 2065 5395 di-

503 5432 692 5497 gressi,
724 5431 774 5484 id
803 5422 902 5494 est,
952 5439 1008 5483 ut
1030 5428 1142 5497 jam
1174 5444 1349 5484 sermo
1377 5429 1582 5484 Domini
1628 5440 1875 5486 narretur
1903 5447 2060 5500 quem

505 5519 688 5573 habuit
718 5527 839 5572 ante
865 5518 1082 5572 biduum
1111 5517 1348 5581 Paschm,
1371 5527 1425 5572 ct
1454 5517 1647 5571 factum
1674 5517 1822 5573 Juda:
1844 5520 2064 5588 conjun—

2158 4530 2327 4594 aiunt,
2352 4536 2407 4582 et
2431 4514 2610 4582 crassa
2636 4531 2830 4591 radice,
2852 4531 2944 4582 sed
2971 4528 3119 4583 brevi
3145 4537 3195 4583 et
3222 4530 3396 4598 nigra,
3420 4530 3723 4600 fragilique,

2159 4619 2401 4689 quamvis
2434 4618 2616 4686 pingui
2654 4618 2811 4670 situm
2839 4658 2852 4682 ,
2894 4618 3199 4683 redolente,
3242 4627 3331 4671 aut
3368 4635 3722 4689 cypressum,

2160 4724 2347 4776 aspero
2374 4720 2581 4776 sapore,
2610 4707 2733 4761 folio
2758 4723 2922 4776 parvo
2948 4710 3239 4778 densoque,
3264 4711 3419 4779 cujus
3445 4713 3727 4767 cacumina

2157 4793 2210 4847 in
2231 4795 2420 4850 aristas
2435 4811 2492 4850 se
2520 4805 2791 4864 spargunt.
2833 4796 3062 4865 Ideoque
3091 4800 3298 4867 gemina
3330 4799 3457 4853 dote
3487 4802 3731 4871 pigmen-

2166 4887 2283 4940 tarii
2311 4885 2463 4939 nardi
2493 4886 2668 4953 spicas
2694 4900 2756 4938 ac
2782 4884 2906 4938 folia
2935 4886 3224 4940 celebrant.
3257 4887 3319 4940 Et
3349 4888 3453 4945 hoc
3478 4902 3567 4946 est
3594 4895 3731 4962 quod

2164 4976 2237 5029 ait
2268 4974 2505 5039 Marcus,
2538 4975 2788 5045 unguenti
2820 4976 2971 5028 nardi
2998 4977 3183 5045 spicati
3210 4980 3449 5046 pretiosi,
3494 4984 3627 5051 quia
3655 4986 3730 5037 vi.

2163 5065 2353 5119 delicet
2383 5072 2706 5135 unguentum
2750 5064 2876 5119 illud
2906 5065 3043 5133 quod
3075 5065 3251 5118 attulit
3280 5066 3449 5121 Maria
3481 5069 3732 5135 Domino,

2164 5170 2266 5209 non
2296 5156 2464 5209 solum
2497 5156 2560 5209 de
2592 5155 2771 5209 radice
2800 5154 3098 5209 confectum
3135 5156 3317 5219 nardi,
3346 5171 3540 5211 verum
3570 5160 3732 5212 etiam

2165 5263 2269 5315 quo
2313 5248 2596 5316 pretiosius
2638 5256 2810 5309 esset,
2847 5248 3113 5317 spicarum
3148 5260 3362 5315 quoque
3393 5256 3450 5301 et
3481 5248 3733 5305 foliorum

2165 5336 2278 5404 ejus
2303 5336 2618 5405 adjectione,
2642 5336 2821 5389 odoris
2850 5352 2911 5390 ac
2934 5336 3147 5389 virtutis
3172 5334 3311 5390 illius
3337 5346 3453 5390 erat
3484 5352 3738 5392 accumu-

2166 5426 2269 5480 lata
2301 5430 2487 5497 gratia.
2527 5428 2757 5481 Nardum
2789 5437 2963 5482 autem
2995 5429 3243 5497 pisticum
3265 5471 3277 5493 ,
3313 5429 3367 5483 id
3397 5439 3517 5495 est,
3561 5430 3737 5491 fidele,

2169 5520 2287 5573 ideo
2314 5520 2526 5584 dicitur,
2556 5520 2677 5589 quia
2707 5535 2844 5588 smpe
2874 5520 3042 5573 solent
3071 5520 3233 5587 aliqui
3265 5522 3611 5575 medicorum
3646 5537 3737 5574 un—

578 5642 602 5668 a
628 5627 723 5682 llic
755 5630 944 5685 iterum
973 5631 1170 5700 aliquid
1194 5633 1358 5693 deest,
1388 5630 1526 5699 quo]
1551 5631 1618 5685 ob
1644 5631 2062 5701 suprascriptam
2102 5644 2317 5684 causam
2348 5630 2671 5699 deperditum
2700 5640 2798 5685 cst.
2840 5630 3039 5683 linn'on
3080 5629 3170 5684 CH
3191 5644 3448 5682 (lutosis.
