3922 6354
272 327 401 381 ‘llOl

1219 316 1567 373 COMMENT.
1608 315 1672 369 IN
1710 314 2144 370 MAT'I‘IMZUM.
2187 346 2251 357 -.
2288 315 2413 370 LIB.
2458 318 2582 371 vm.
2623 274 2627 277 ’

3355 325 3484 377 Ηυὶ

262 448 461 510 guenta
485 436 725 512 pretiosa
762 433 1029 487 similibus
1075 430 1255 484 herbis
1300 430 1621 484 adulterare.
1679 428 1829 482 Sicut
1858 434 1898 487 Α
1923 428 2259 503 _Iuiliaritate.
2312 429 2475 498 Cujus
2517 431 2591 484 rei
2639 444 2840 486 memor
2867 432 3151 501 Apostolus
3180 437 3254 489 ait
3288 454 3299 488 :
3344 437 3410 490 Et
3445 437 3491 492 si

268 529 607 603 pigmentarii
642 517 1043 597 quidpigmenta
1071 523 1302 577 vendere
1339 522 1481 576 soliti
1519 527 1670 583 sunt,
1722 520 1827 573 fre-

267 627 494 690 quenter
546 616 916 670 intermiscent
964 612 1253 682 pigmentis
1299 611 1542 679 qumdam
1592 611 1831 683 germina

268 722 366 777 per
394 705 633 760 fraudem
654 745 669 769 ,
709 704 904 773 quibus
935 700 1224 755 ementium
1257 699 1509 754 deludant
1535 708 1828 768 aspectum.
1887 724 1893 728 -

270 794 375 849 Sed
400 795 502 848 hoc
526 801 858 862 unguentum
885 799 991 843 non
1015 789 1396 852 adulterinum,
1418 788 1510 841 sed
1537 787 1691 841 ﬁdele
1712 785 1832 851 fuit,

268 898 376 952 quo
405 883 571 936 Maria
599 881 811 935 Domini
842 884 1001 933 unxit
1020 886 1182 948 caput
1210 885 1265 932 et
1290 878 1470 947 pedes,
1511 892 1633 931 nam
1664 880 1835 937 πίστις

269 972 477 1038 Grtnce,
504 972 699 1026 dicitur
719 970 880 1023 ﬁdes:
906 969 1047 1022 unde
1065 968 1340 1022 derivatur
1358 968 1604 1023 πιστικὸν.
1634 967 1837 1021 Ferunt

271 1074 451 1119 autem
488 1066 551 1119 de
588 1063 756 1117 nardo
786 1059 1123 1132 physiologi,
1172 1059 1299 1128 quia
1330 1058 1640 1128 principalis
1677 1058 1747 1111 sit
1781 1058 1837 1112 in

269 1154 585 1225 unguentis;
617 1153 757 1207 unde
786 1151 977 1205 merito
1008 1136 1300 1203 inunctioni
1335 1148 1525 1216 capitis
1561 1155 1616 1201 et
1642 1148 1836 1216 pedum

271 1247 446 1301 oblata
492 1254 595 1299 est.
654 1242 789 1297 Sunt
832 1242 1045 1311 quidem
1092 1239 1260 1294 multa
1304 1237 1418 1307 ejus
1465 1253 1692 1309 genera,
1744 1238 1837 1293 sed

272 1338 453 1390 omnia
494 1336 695 1399 herbae,
725 1342 919 1403 praeter
946 1333 1206 1397 Indicum,
1239 1332 1378 1400 quod
1418 1331 1704 1400 pretiosius
1734 1340 1834 1386 est.

273 1427 494 1496 Mystice
541 1432 718 1479 autem
758 1423 968 1477 devotio
1008 1423 1122 1476 haec
1172 1416 1352 1476 Mariae
1402 1422 1631 1477 Domino
1676 1422 1837 1476 mini-

274 1518 519 1581 strantis,
539 1517 695 1570 tidem
720 1530 781 1569 ac
802 1514 1054 1584 pietatem
1080 1512 1328 1583 designat
1347 1512 1600 1568 Ecclesiae
1621 1514 1835 1578 sanctae,

273 1623 391 1675 qua}
425 1605 662 1674 loquitur
699 1604 752 1657 in
792 1603 992 1658 amoris
1021 1600 1243 1657 Cantico
1283 1603 1502 1658 dicens:
1536 1603 1676 1659 Dum
1711 1614 1841 1659 esset

1920 516 2234 571 noveramus
2263 517 2448 582 Iesum,
2488 518 2749 573 Christum
2791 522 3074 576 secundum
3111 542 3316 578 carnem
3341 566 3356 591 ,
3401 528 3491 581 sed

1932 624 2071 662 nunc
2092 608 2204 677 jam
2232 626 2333 663 non
2362 612 2595 665 novimus
2625 628 2741 665 eum
2772 612 2854 682 (11
2886 611 3006 667 Cor.
3035 612 3108 687 v).

2004 698 2213 754 Mittens
2241 703 2379 755 enim
2406 702 2514 755 hinc
2543 714 2859 772 unguentum
2888 705 2983 758 hoc
3012 706 3064 758 in
3091 722 3274 775 corpus
3302 724 3489 772 meum,

1934 790 2003 843 ad
2047 792 2393 860 sepeliendum
2442 810 2523 846 me
2571 794 2711 862 fecit.
2767 794 2943 866 (ΗΑΒ.)
2992 795 3143 863 Quod
3172 812 3266 851 vos
3293 799 3493 866 putatis

1934 877 2286 945 perditionem
2317 895 2437 934 esse
2463 882 2746 951 unguenti,
2792 881 3027 937 officium
3070 885 3353 953 sepultura:
3389 894 3490 939 est.

1935 965 2044 1021 Nec
2068 968 2261 1022 mirum
2290 969 2335 1023 si
2366 970 2496 1024 mibi
2522 971 2720 1025 bonum
2749 971 2968 1027 odorem
2992 988 3101 1027 sua:
3122 972 3246 1027 fidei
3269 974 3492 1040 dederit,

1937 1072 2060 1119 cum
2085 1072 2184 1127 ego
2211 1074 2309 1128 pro
2334 1058 2645 1115 ea'l‘usurus
2670 1050 2772 1116 sim
2804 1063 3117 1133 sanguinem
3144 1078 3340 1118 meum.

2006 1146 2171 1203 Amen
2195 1149 2312 1203 dico
2340 1150 2496 1215 vobis,
2526 1140 2817 1221 ubicunque
2848 1153 3187 1222 praedicatum
3217 1155 3373 1223 fuerit
3402 1156 3498 1210 hoc

1940 1241 2277 1312 Evangelium
2305 1242 2360 1296 in
2388 1250 2495 1297 toto
2522 1243 2735 1309 mundo,
2767 1244 2970 1297 dicetur
2998 1253 3044 1298 et
3075 1246 3213 1315 quod
3241 1246 3349 1300 [nec
3381 1248 3498 1316 fecit

1938 1332 1993 1386 in
2017 1332 2319 1386 memoriam
2343 1332 2476 1402 ejus.
2504 1331 2631 1386 Non
2658 1342 2767 1387 tam
2797 1333 2851 1387 in
2881 1342 2992 1388 toto
3022 1333 3221 1390 mundo
3252 1335 3353 1390 ista
3384 1347 3527 1390 mu-'

1937 1423 2068 1489 lier,
2123 1438 2285 1493 quam
2336 1423 2579 1480 Ecclesia
2632 1424 2985 1495 praedicatur,
3040 1427 3182 1496 quod
3234 1429 3503 1497 sepelierit

1942 1513 2319 1579 Salvatorem,
2368 1515 2511 1585 quod
2551 1515 2766 1571 tinxerit
2804 1524 2965 1585 caput
2998 1516 3130 1585 ejus.
3195 1518 3261 1572 Et
3289 1523 3503 1575 attende

1942 1602 2188 1657 notitiam
2228 1600 2528 1657 futurorum
2550 1644 2564 1669 ,
2592 1604 2739 1674 quod
2772 1619 3030 1675 passurus
3058 1614 3180 1675 post
3204 1607 3421 1662 biduum
3450 1616 3506 1663 et

274 1711 363 1747 rex
392 1696 444 1747 in
475 1693 715 1747 accubitu
747 1709 862 1756 suo,
903 1691 1098 1745 nardus
1133 1708 1246 1744 mea
1278 1692 1420 1745 dedit
1449 1691 1658 1745 odorem
1688 1708 1841 1746 suum
1944 1692 2254 1757 moriturus,
2288 1692 2423 1749 sciat
2450 1692 2793 1765 Evangelium
2845 1710 3000 1750 suum
3046 1702 3161 1751 toto
3198 1697 3328 1751 orbe
3371 1697 3504 1752 cele-

274 1782 450 1847 (Cant.
470 1784 533 1852 ι).
559 1781 686 1848 Qua:
708 1781 958 1834 nimirum
979 1780 1138 1836 verba
1166 1788 1221 1839 et
1244 1780 1405 1839 semel
1428 1779 1580 1853 juxta
1608 1781 1841 1841 litteram
1870 1769 1915 1833 Β
1942 1781 2224 1839 brandnm.
2259 1780 2562 1839 Notandum
2586 1796 2717 1839 vero
2745 1785 2886 1856 quod
2914 1786 3055 1841 sicut
3083 1785 3249 1841 Maria
3280 1786 3505 1857 gloriam

275 1872 523 1925 manibus
555 1871 730 1921 Mariae
773 1876 1092 1945 complevit,
1137 1884 1193 1929 et
1228 1876 1465 1945 quotidie
1503 1876 1556 1929 in
1592 1876 1841 1930 omnibus

272 1962 385 2021 suis
417 1967 671 2022 membris
708 1967 1021 2036 spiritaliter
1050 1966 1271 2036 implere
1300 1982 1407 2022 non
1449 1967 1675 2032 desinit;
1724 1983 1842 2037 qua:

275 2066 392 2111 toto
419 2056 606 2112 diffusa
648 2060 777 2113 orbe
818 2058 1228 2133 gloriantur,_et
1268 2059 1487 2114 dicunt:
1526 2059 1635 2113 Deo
1672 2069 1843 2137 autem

272 2148 472 2214 gratias
502 2147 590 2216 qui
620 2163 820 2217 semper
855 2146 1139 2217 triumphat
1178 2163 1270 2200 nos
1300 2148 1356 2201 in
1381 2145 1586 2202 Christo
1616 2147 1768 2213 Iesu,
1794 2156 1843 2202 et

275 2235 485 2288 odorem
519 2237 715 2288 notitia:
743 2252 854 2289 sum
884 2235 1181 2305 manifestat
1217 2253 1308 2305 per
1335 2253 1426 2291 nos
1456 2238 1510 2291 in
1540 2238 1680 2291 omni
1708 2236 1841 2303 loco,

273 2326 397 2393 quia
427 2322 619 2378 Christi
646 2324 809 2378 bonus
838 2324 969 2378 odor
995 2341 1174 2378 sumus
1201 2324 1307 2378 Deo
1334 2325 1422 2398 (II
1446 2323 1568 2383 Cor.
1594 2328 1676 2393 tI).
1717 2324 1846 2392 Quae

272 2430 396 2466 cum
429 2413 722 2481 petentium
771 2414 963 2467 divinae
1008 2413 1222 2467 virtutis
1268 2412 1405 2480 ejus,
1452 2428 1571 2482 quae
1619 2413 1691 2466 illi
1740 2427 1845 2466 una

274 2521 395 2558 cum
423 2505 577 2557 Patre
607 2512 688 2558 est
714 2503 875 2574 digna
903 2503 1204 2557 reverentia
1227 2502 1533 2567 conﬁtetur,
1562 2502 1765 2567 laudat,
1792 2508 1848 2555 et

274 2597 533 2666 prtedicat
558 2636 572 2661 ,
623 2604 783 2665 caput
832 2593 1075 2663 profecto
1118 2594 1261 2648 illius
1302 2602 1578 2664 unguento
1613 2594 1881 2663 pretioso

276 2686 570 2756 perfundit.
604 2686 737 2740 Cum
759 2699 886 2739 vero
912 2692 1196 2754 assumpta:
1220 2683 1474 2756 mysteria
1501 2683 1849 2737 humanitatis

276 2790 430 2845 mque
462 2774 620 2846 digna
650 2774 955 2828 reverentia
990 2774 1237 2844 suscipit,
1266 2774 1321 2827 in
1346 2774 1511 2843 pedes
1538 2774 1721 2843 utique
1745 2773 1849 2828 Do-

278 2867 443 2931 mini,
483 2875 818 2936 unguentum
848 2867 1002 2921 nardi
1031 2866 1315 2936 pisticum,
1358 2866 1410 2921 id
1449 2874 1563 2931 est,
1600 2865 1755 2921 ﬁdele
1786 2881 1851 2921 ac

279 2974 465 3013 verum
494 2958 810 3029 profundit:
852 2959 975 3027 quia
1008 2958 1151 3012 illam
1181 2958 1300 3028 ejus
1332 2966 1577 3013 naturam
1608 2973 1713 3028 qua
1746 2964 1854 3012 ter-

280 3066 393 3103 ram
427 3049 770 3118 contingere,
817 3047 919 3102 hoc
964 3054 1049 3102 est
1096 3047 1236 3107 inter
1268 3048 1515 3102 homines
1544 3047 1851 3103 conversari

279 3143 529 3212 dignatus
551 3151 652 3206 est,
674 3142 762 3212 pia
789 3140 1173 3209 praedicatione
1199 3140 1538 3195 commendat
1561 3155 1625 3195 ac
1647 3139 1854 3194 devotis

284 3244 573 3289 veneratur
598 3234 890 3302 obsequiis.

369 3326 603 3380 i’identes
635 3337 809 3379 autem
848 3324 1092 3394 discipuli
1130 3325 1386 3395 indignati
1428 3332 1550 3379 sunt
1585 3324 1809 3378 dicentes
1832 3343 1853 3377 .-

283 3421 350 3475 Ut
380 3421 503 3490 quid
535 3419 753 3489 perditio
783 3418 937 3471 hare?
971 3415 1148 3470 Potuit
1179 3417 1315 3471 enim
1353 3415 1637 3471 venundari
1668 3415 1853 3480 multo,

279 3511 471 3564 et'dari
499 3509 810 3579 pauperibus
836 3507 1015 3577 (Joan.
1045 3506 1165 3580 XII).
1202 3505 1385 3579 [Aug.]
1414 3505 1694 3562 Matthazus
1718 3507 1852 3573 haec,

279 3600 553 3670 quomodo
601 3607 655 3653 et
702 3597 911 3653 Marcus
948 3597 1373 3668 synecdochlzé;
1419 3596 1680 3667 loquitur,
1734 3596 1854 3667 plu-

280 3689 450 3743 ralem
474 3688 723 3743 videlicct
752 3703 1031 3742 numerum
1059 3702 1156 3757 pro
1181 3685 1439 3757 singulari
1465 3702 1691 3756 ponens.
1723 3686 1855 3742 Nam

279 3781 540 3835 Joannem
574 3780 880 3834 distinctius
927 3779 1168 3848 loquens,
1219 3778 1411 3833 Judam
1456 3780 1572 3835 haec
1616 3779 1857 3837 locutum

280 3885 404 3925 esse
439 3878 685 3933 testatur,
716 3877 769 3922 et
801 3870 902 3923 hoc
932 3869 1101 3939 gratia
1134 3868 1464 3937 cupiditatis,
1501 3884 1567 3923 eo
1600 3870 1742 3939 quod
1771 3868 1859 3925 fur

283 3962 504 4028 fuisset,
541 3972 596 4017 et
624 3962 827 4017 loculos
856 3962 1079 4026 habens,
1111 3977 1171 4016 ea
1199 3977 1317 4031 quae
1349 3962 1698 4016 mittebantur
1726 3977 1856 4032 por-

283 4060 445 4107 taret.
481 4052 667 4119 Potest
697 4052 858 4105 etiam
889 4051 1109 4121 intelligi
1138 4051 1279 4120 quod
1306 4058 1359 4104 et
1384 4051 1471 4104 alii
1499 4050 1742 4121 discipuli
1768 4058 1858 4105 aut

284 4143 557 4197 senserint
579 4143 701 4207 hoc,
726 4150 817 4195 aut
840 4142 1095 4207 dixerint,
1123 4149 1215 4194 aut
1240 4141 1319 4196 eis
1340 4140 1477 4196 Juda
1507 4142 1716 4197 dicente
1740 4159 1860 4213 per-

287 4251 504 4289 suasum
538 4235 626 4297 sit,
661 4243 819 4303 atque
849 4236 1084 4289 omnium
1117 4236 1447 4291 voluntatem
1488 4237 1767 4293 Matthazus
1806 4246 1861 4293 et

287 4323 505 4378 Marcus
533 4326 693 4377 etiam
723 4325 899 4379 verbis
930 4326 1313 4394 expresserim.
1375 4326 1478 4380 Sed
1527 4325 1693 4380 Judas
1735 4343 1861 4396 pro-

286 4426 472 4486 pterea
517 4417 709 4471 dixerit
744 4418 867 4487 quia
902 4417 989 4471 fur
1029 4429 1182 4484 erat;
1242 4420 1424 4473 caueri
1470 4435 1599 4474 vero
1644 4430 1860 4491 prOpter

287 4521 587 4577 pauperum
617 4522 798 4560 curam
824 4547 836 4571 ,
891 4506 1152 4563 Joannem
1202 4517 1377 4561 autem
1413 4509 1476 4563 de
1507 4509 1621 4563 solo
1670 4509 1758 4563 illo
1806 4510 1857 4563 id

288 4588 714 4653 commemorare
743 4601 1007 4664 voluisse,
1043 4600 1193 4669 cujus
1222 4616 1287 4655 ex
1324 4602 1424 4655 hac
1455 4603 1738 4657 occasione
1771 4602 1855 4656 fu-

290 4689 445 4741 randi
479 4691 912 4745 consuctudinem
944 4690 1169 4744 credidit
1198 4692 1564 4747 intimandum.

367 4778 546 4831 Sciens
594 4788 763 4832 autem
813 4780 987 4844 Jesus,
1039 4782 1109 4834 ait
1144 4780 1288 4835 illis:
1320 4781 1457 4847 Quid
1502 4783 1700 4837 molesti
1740 4786 1857 4838 estis

290 4867 415 4918 huic
458 4866 708 4919 mulieri?
744 4866 885 4935 Opus
926 4868 1112 4920 bonum
1155 4880 1363 4939 operata
1394 4883 1463 4923 est
1492 4871 1545 4924 in
1574 4888 1670 4924 nte.
1718 4870 1856 4925 Nam

291 4972 494 5023 semper
521 4972 766 5023 pauperes
798 4956 1044 5011 habebitis
1076 4958 1330 5012 vobiscum
1356 5001 1368 5025 ,
1420 4977 1499 5013 me
1545 4971 1717 5013 autem
1761 4978 1863 5015 non

292 5060 493 5112 semper
520 5044 792 5097 habebitis.
852 5046 1120 5118 (llieron.)
1172 5049 1285 5102 Alia
1336 5052 1579 5103 oboritur
1617 5052 1860 5119 quaestio,

294 5147 467 5199 quare
494 5131 649 5186 Jesus
682 5141 801 5201 post
842 5137 1289 5190 resurrectionem
1340 5138 1535 5191 dixerit
1586 5139 1653 5192 ad
1702 5140 1861 5193 disci-

297 5221 489 5289 pulos:
528 5220 634 5289 Ego
668 5224 921 5275 vobiscum
962 5241 1073 5276 sum
1121 5226 1353 5279 omnibus
1395 5227 1573 5280 diebus
1602 5245 1761 5296 usque
1795 5229 1863 5279 ad

297 5312 786 5363 (onsununatimtem
822 5313 1002 5365 nmndi
1030 5314 1242 5381 (Matth.
1278 5314 1467 5385 XXVIII)
1488 5356 1500 5379 ,
1537 5323 1591 5369 et
1620 5332 1759 5370 nunc
1790 5317 1864 5368 lo—

299 5410 529 5463 quatur:
568 5400 651 5453 Me
682 5412 853 5454 autem
897 5419 996 5455 non
1038 5419 1234 5472 seraper
1260 5404 1529 5457 habebitis.
1589 5403 1694 5458 Sed
1734 5406 1863 5458 mibi

297 5488 511 5543 videtur
548 5491 604 5542 in
642 5491 741 5543 hoc
772 5491 889 5545 loco
930 5495 993 5545 de
1036 5493 1319 5560 praesentia
1350 5493 1530 5553 dicere
1566 5494 1861 5564 corporali,

293 5580 438 5648 quod
470 5596 804 5649 nequaquam
838 5598 958 5635 cum
991 5585 1068 5637 eis
1099 5584 1171 5635 ita
1205 5584 1413 5637 futurus
1439 5586 1507 5636 sit
1537 5594 1656 5652 post
1686 5598 1864 5639 reSur—

297 5672 624 5736 rectionem,
670 5674 931 5739 quomoio
967 5690 1124 5733 nunc,
1171 5675 1220 5726 in
1250 5676 1393 5728 omni
1428 5675 1670 5727 convictu
1702 5686 1754 5728 ct
1783 5676 1859 5727 fu-

1941 1872 2131 1943 adepta
2160 1882 2246 1928 est
2274 1880 2387 1928 toto
2412 1874 2543 1929 orbe
2572 1887 2893 1944 quacunque
2921 1874 3160 1930 Ecclesia
3190 1886 3376 1931 sancta
3407 1877 3509 1933 dif-

1941 1955 2059 2017 fusa
2103 1970 2219 2028 est,
2261 1963 2328 2018 de
2365 1962 2624 2034 obsequio
2650 1962 2793 2035 quod
2819 1964 3048 2020 Domino
3075 1966 3176 2036 piae
3210 1967 3507 2023 devotionis

1941 2053 2223 2118 exhibuit,
2270 2054 2345 2108 ita
2372 2050 2402 2107 e
2431 2053 2703 2109 contrario
2731 2053 2819 2111 ille
2846 2055 2936 2125 qui
2965 2055 3222 2125 obsequio
3259 2059 3375 2127 ejus
3411 2058 3505 2113 dc-

1943 2142 2158 2197 trahere
2185 2144 2473 2197 temeraria
2510 2142 2690 2221 lingua
2719 2158 2827 2199 non
2859 2144 3069 2211 timuit,
3116 2144 3349 2214 perfidiae
3383 2155 3507 2201 nota

1943 2230 2099 2301 longe
2125 2230 2337 2305 lateque
2365 2230 2671 2297 infamatus,
2690 2242 2753 2288 et
2780 2233 2888 2288 Deo
2914 2233 3075 2289 simul
3098 2243 3259 2304 atque
3288 2236 3513 2291 homini-

1943 2319 2045 2375 bus
2072 2316 2267 2376 merito
2295 2321 2471 2377 factus
2500 2332 2585 2377 est
2612 2338 2829 2399 egosus.
2868 2324 2975 2381 Sed
3004 2325 3263 2382 Dominus
3292 2326 3507 2395 bonum,

1945 2410 2101 2465 laude
2129 2411 2288 2481 digna
2315 2403 2688 2479 remunerans,
2725 2413 2876 2484 impii
2904 2407 3255 2470 coniumelias
3285 2407 3511 2477 tacendo

1943 2501 2223 2570 praiteriit.
2503 2519 2509 2524 ·
3345 2488 3359 2498 “

2018 2589 2153 2664 [ιιι]
2188 2590 2334 2646 Tunc
2358 2592 2486 2646 abiit
2517 2609 2652 2647 unus
2680 2594 2744 2672 de
2769 2594 3042 2649 duodecim
3070 2598 3160 2668 qui
3188 2597 3381 2651 dicitur
3406 2597 3511 2652 Ju-

1947 2683 2043 2736 das
2079 2681 2324 2737 Scarioth
2364 2683 2433 2737 ad
2476 2684 2731 2756 principes
2765 2685 3117 2753 sacerdotum,
3164 2696 3212 2742 et
3256 2690 3329 2743 ait
3368 2690 3513 2744 illis:

1950 2773 2091 2838 Quid
2119 2774 2275 2829 vultis
2305 2764 2433 2847 mihi
2465 2775 2613 2841 dare,
2644 2784 2693 2830 et
2725 2793 2818 2847 ego
2837 2777 2987 2832 vobis
3016 2796 3131 2833 eum
3159 2780 3411 2835 tradam?
3449 2788 3516 2835 At

1949 2863 2028 2918 illi
2056 2866 2431 2920 constituerunt
2460 2868 2508 2921 ei
2535 2868 2750 2938 triginta
2776 2864 3063 2939 argenteos.
3098 2870 3222 2926 Haec
3250 2874 3516 2927 sententia

1952 2955 2020 3009 ad
2053 2954 2198 3009 illam
2219 2952 2491 3027 jungenda
2520 2964 2604 3012 est
2628 2955 2720 3012 ubi
2748 2959 2995 3027 superius
3025 2960 3304 3015 consilium
3335 2977 3515 3018 sacer-

1956 3047 2139 3103 dotum
2174 3048 2241 3105 de
2278 3048 2650 3106 interiectione
2672 3049 2875 3106 Christi
2903 3052 3103 3107 retulit.
3138 3052 3362 3120 Quando
3390 3069 3516 3127 ergo

1954 3135 2223 3206 principes
2261 3138 2598 3193 sacerdotum
2636 3138 2920 3195 consilium
2951 3139 3217 3206 inierunt,
3249 3149 3309 3196 ut
3334 3141 3519 3198 Jesum

1955 3226 2078 3281 dolo
2108 3233 2354 3282 tenerent
2380 3234 2435 3282 et
2462 3228 2799 3294 occiderent,
2830 3238 2953 3284 tunc
2981 3229 3108 3285 abiit
3133 3248 3269 3285 unus
3298 3233 3362 3287 de
3390 3233 3521 3287 duo-

1952 3316 2141 3382 decim,
2170 3317 2260 3388 qui
2288 3317 2485 3371 dicitur
2509 3316 2679 3372 ludas
2713 3316 2951 3374 Scarioth
2971 3359 2987 3386 ,
3034 3308 3104 3375 ad
3142 3322 3401 3393 principes
3422 3305 3520 3378 ’σαι

1955 3406 2239 3471 cerdotum,
2280 3414 2330 3460 et
2358 3407 2433 3460 ait
2466 3405 2572 3461 illis
2592 3421 2611 3460 :
2642 3404 2780 3473 Quid
2809 3406 2964 3462 uultis
2993 3407 3120 3463 mihi
3144 3409 3309 3477 dare,
3347 3422 3395 3467 et
3427 3428 3549 3484 ego_

1955 3494 2095 3549 vobis
2132 3511 2250 3549 eum
2286 3495 2535 3562 tractatu!
2564 3503 2668 3551 etc.
2723 3495 2905 3570 (ΚΑΒ.)
2948 3497 3101 3566 Quod
3121 3499 3313 3557 autem
3343 3501 3478 3557 dixit
3504 3521 3529 3557 :'

1954 3584 2101 3640 Abiit
2127 3585 2195 3639 all
2224 3600 2461 3641 summos
2501 3587 2810 3643 sacerdotes
2853 3597 2912 3643 ut
2954 3574 3205 3659 proderet
3234 3606 3360 3647 eum
3392 3592 3518 3655 illis.

1955 3677 2191 3733 ostendit
2208 3692 2342 3732 eum
2364 3693 2478 3733 non
2507 3694 2538 3733 a
2565 3678 2897 3750 principibus
2922 3680 3236 3749 invitatum,
3275 3698 3387 3739 non
3412 3684 3533 3740 ulla'

1955 3769 2277 3825 necessitate
2315 3770 2696 3836 constrictum,
2743 3772 2842 3827 sed
2881 3781 3069 3843 sponte
3104 3765 3319 3845 propria
3355 3768 3525 3852 soele7

1956 3869 2086 3916 ratte
2110 3862 2305 3916 mentis
2331 3861 2495 3918 inisse
2519 3862 2823 3918 consilium.
2861 3861 3127 3935 (Ηὲενοη.)
3152 3864 3336 3921 Infelix
3358 3865 3524 3924 indas

1956 3952 2249 4019 damnum,
2302 3954 2445 4024 quod
2496 3968 2565 4009 ex
2615 3952 2875 4011 ell‘usione
2922 3956 3174 4027 unguenti
3224 3958 3519 4015 accessisse

1957 4042 2249 4111 credebat,
2298 4044 2412 4099 vult
2451 4045 2705 4117 magistri
2755 4046 2931 4115 pretio
2981 4059 3349 4125 compensare.
3412 4049 3525 4106 Nec

1958 4142 2160 4191 certam
2196 4135 2434 4206 postulat
2460 4151 2729 4191 summam
2763 4143 2823 4190 ut
2856 4135 3044 4191 saltem
3086 4137 3236 4196 lucro
3265 4142 3520 4196 suadere—

1960 4234 2049 4280 tur
2080 4226 2336 4297 proditio;
2376 4227 2469 4281 sed
2519 4227 2671 4297 quasi
2708 4227 2811 4281 vile
2852 4228 3067 4283 tradens
3101 4231 3428 4300 mancipium
3467 4232 3522 4288 in

1959 4326 2226 4386 potestate
2271 4318 2562 4372 ementium
2611 4317 2790 4386 posuit
2837 4326 3093 4387 quantum
3129 4320 3324 4375 vellent
3372 4322 3521 4377 dare.

1965 4407 2069 4473 Qui
2090 4408 2460 4461 constituerunt
2487 4408 2533 4459 ei
2560 4408 2773 4477 triginta
2797 4416 3080 4477 argenteos.
3117 4407 3312 4479 Ioseph
3340 4426 3441 4465 non
3468 4421 3525 4465 ut

1967 4498 2118 4551 multi
2148 4506 2365 4566 putant,
2398 4498 2551 4565 juxta
2584 4496 2930 4569 Septuaginta
2963 4500 3304 4569 interpretes,
3338 4503 3523 4573 viginti

1966 4589 2145 4643 aureis
2171 4590 2416 4643 venditus
2444 4598 2558 4652 est,
2593 4588 2684 4643 sed
2715 4588 2868 4658 juxta
2899 4589 3211 4645 llebraicam
3245 4594 3523 4648 veritatem

1964 4677 2149 4748 viginti
2179 4679 2469 4747 argenteis;
2501 4693 2673 4746 neque
2697 4678 2838 4731 enim
2869 4688 3077 4747 poterat
3104 4682 3388 4747 pretiosior
3415 4698 3527 4737 scr-

1963 4784 2062 4821 vus
2085 4782 2203 4820 esse
2231 4781 2389 4834 quam
2419 4766 2693 4819 Dominus.
3176 4832 3181 4837 _

2018 4858 2214 4911 Exinde
2233 4859 2493 4924 qittrrebat
2509 4857 2940 4925 opportunitatem
2968 4865 3022 4909 ut
3041 4874 3155 4910 eum
3178 4859 3402 4913 traderet
3431 4862 3522 4915 eis.

1971 4947 2193 5018 (MAUR.)
2225 4944 2375 4999 llunc
2415 4945 2586 4998 locum
2627 4943 2961 5000 manifestius
2997 4945 3168 5000 Lucas
3202 4949 3522 5018 evangelista

1970 5038 2223 5090 disseruit
2254 5036 2435 5089 dicens
2460 5053 2471 5087 :
2499 5034 2851 5104 Et‘quterebat
2878 5037 3307 5105 opportunitatem
3336 5050 3389 5091 ut
3418 5050 3524 5093 tra-

1969 5127 2107 5178 deret
2156 5125 2302 5176 illum
2344 5126 2455 5177 sine
2496 5125 2659 5178 turbis
2688 5123 2835 5193 (Luc.
2868 5124 3022 5195 XXII).
3084 5124 3194 5180 Hoc
3236 5128 3377 5182 enim
3427 5127 3528 5185 fuit

1969 5216 2340 5284 opportunitas
2366 5214 2515 5268 Judce
2542 5229 2701 5281 quam
2732 5201 3022 5282 quaerebat,
3055 5227 3112 5269 ut
3145 5218 3379 5271 traderet
3412 5234 3527 5273 ma-

1970 5307 2190 5375 gistrum
2217 5345 2231 5366 ,
2277 5304 2418 5371 quod
2460 5303 2559 5357 fuit
2594 5302 2755 5377 timpr
2780 5304 3117 5357 sacerdotum
3164 5320 3228 5358 ne
3268 5307 3526 5362 tumultus

1968 5398 2120 5449 ﬁeret
2168 5397 2220 5448 in
2264 5395 2477 5464 populo.
2537 5394 2712 5462 Ipsum
2760 5384 2888 5465 ergo
2933 5384 3327 5450 meditabantur
3368 5398 3523 5452 simul

1965 5486 2207 5540 venditor
2248 5492 2300 5539 et
2336 5493 2604 5552 emptores
2631 5524 2644 5547 ,
2697 5498 2763 5536 ne
2812 5484 3161 5552 impediretur
3190 5484 3519 5539 fraudulenta

1966 5579 2127 5631 factio
2159 5593 2340 5631 eorum
2371 5592 2465 5647 per
2491 5576 2743 5645 impetum
2775 5574 2972 5642 populi,
3005 5591 3070 5630 ne
3098 5592 3191 5644 per
3218 5576 3323 5628 vim
3354 5577 3526 5644 eripe-

1967 5680 2111 5725 retur
2150 5669 2306 5722 .lesus
2348 5670 2410 5721 de
2458 5668 2700 5719 manibus
2730 5680 2933 5718 rerum.
2994 5664 3138 5719 Multi
3190 5681 3316 5734 ergo
3369 5666 3521 5721 l.o.lie
