3922 6322
462 342 595 395 1105

1080 335 1143 388 Β.
1183 330 1431 387 RADANI
1470 328 1681 383 .‘lAlltl
1722 324 2029 379 AlilllllEP.
2075 322 2372 378 MOGL'NT.
2416 322 2693 379 Ol'l‘llll'M
2732 324 2904 377 PARS
2941 325 2981 377 l.

3526 328 3647 379 Hui

455 456 599 510 Judzc
623 452 814 514 scelus,
839 449 975 518 quod
999 448 1272 501 Dominum
1300 458 1363 496 ac
1383 442 1693 511 magistrum
1721 438 1989 503 Deumque
2019 438 2063 493 Α
2094 434 2467 486 insinuandum
2485 432 2720 500 jubentis
2747 434 3065 488 sententiam
3094 434 3337 489 sulliccre
3360 435 3643 491 videretur.

454 561 605 599 suum
636 540 853 612 pecunia
908 535 1239 599 vendiderit,
1293 532 1434 586 velut
1468 531 1701 585 immane
1746 536 1800 581 ct
1843 525 1992 578 ncfa-

457 634 588 687 rium
618 629 904 684 cxhorrcut
930 667 944 691 ,
990 640 1088 680 nec
1117 633 1292 677 tamen
1320 626 1529 675 cavent.
1588 615 1720 671 Nam
1749 631 1868 670 cmn
1899 629 1996 682 pro

454 721 761 792 muneribus
810 717 998 772 falsum
1047 722 1232 769 contra
1286 710 1577 781 quemlibet
1630 705 1991 763 testimonium

453 812 650 873 dicunt,
680 808 915 878 profecto
939 804 1063 875 quia
1090 796 1371 865 veritatem
1403 814 1497 869 pro
1525 796 1748 867 pecunia
1780 802 1990 864 negant,

454 901 615 954 Deum
645 896 876 968 pecunia
904 893 1157 950 vendunt.
1208 891 1325 961 Ipse
1351 889 1493 941 enim
1522 886 1656 940 dixit
1685 902 1698 937 :
1736 883 1846 953 Ego
1879 897 1993 935 sum

450 991 651 1047 ueritas.
696 986 827 1042 Cum
855 984 1165 1041 societatem
1195 979 1550 1036 fraternitatis
1585 977 1761 1046 aliqua
1791 976 1991 1029 discor-

448 1077 546 1129 dia:
573 1083 720 1145 peste
745 1070 1162 1134 commaculant,
1203 1068 1370 1124 Deum
1399 1066 1656 1137 produnt,
1698 1064 1821 1133 quia
1856 1062 1990 1116 Deus

446 1165 670 1218 charitas
703 1170 795 1216 est.
848 1160 948 1227 Qui
991 1175 1117 1229 ergo
1160 1157 1443 1213 cbaritatis
1492 1163 1547 1210 et
1590 1152 1989 1239 veritati§,jura

445 1259 723 1322 spemunt,
756 1251 919 1306 Deum
951 1250 1164 1317 utique,
1193 1247 1283 1316 qui
1314 1255 1397 1301 est
1426 1245 1659 1300 charitas
1691 1256 1745 1299 ct
1772 1236 1987 1308 veritas,

446 1342 704 1413 produnt:
728 1340 957 1395 maxime
980 1355 1100 1395 cum
1127 1354 1230 1392 non
1256 1336 1564 1391 inﬁrmitate
1585 1335 1666 1390 vel
1692 1334 1989 1405 ignorantia

445 1437 696 1500 peccant,
737 1430 829 1486 sed
861 1430 911 1483 in
941 1428 1283 1501 similitudine
1310 1425 1458 1481 Judze
1490 1435 1999 1496 quieruntopportu-

444 1521 663 1574 nitatem
695 1517 921 1587 qualiter
949 1516 1165 1571 arbitris
1183 1577 1187 1581 ε
1205 1515 1512 1571 absentibus
1547 1514 1823 1570 mendacio
1851 1515 1987 1570 veri-

444 1596 629 1675 tatem,
656 1605 924 1671 virtutem,
953 1607 1177 1661 crimine
1206 1614 1425 1660 mutent.

510 1698 694 1754 Prima
724 1709 894 1752 autem
930 1697 1013 1752 die
1049 1712 1348 1766 azymorum
1387 1705 1710 1750 accesserunt
1747 1694 1986 1765 discipuli

2096 521 2561 593 (R.tn.)_Consultc
2602 532 2779 576 autem
2821 523 2931 576 sive
2972 537 3123 591 aquae
3169 524 3329 593 bajuli
3366 527 3529 593 (quod
3563 528 3649 580 alii

2092 591 2432 682 evangelista:
2460 614 2722 683 inserunt)
2758 629 2851 667 seu
2882 596 3302 669 dominiciomus
3346 627 3470 672 sunt
3514 633 3653 686 pra:-

2094 704 2345 757 termissa
2376 702 2652 766 vocabula,
2694 712 2753 757 ut
2787 704 3037 757 omnibus
3064 718 3250 757 verum
3280 706 3480 771 pascha
3508 704 3647 760 cele-

2092 794 2248 849 brare
2273 792 2593 857 volentibus,
2623 793 2722 847 hoc
2751 802 2834 847 est
2851 792 3053 847 Christi
3084 795 3437 847 sacramentis
3463 794 3646 858 imbui,
3728 846 3731 851 .

2091 897 2317 952 eumque
2344 898 2453 937 suae
2482 882 2676 936 mentis
2705 882 2935 951 hospitio
2978 882 3249 950 suscipere
3284 882 3647 950 quzercntibus

2090 972 2262 1027 danda
2290 972 2514 1027 facultas
2543 972 2869 1042 designetur.

2161 1061 2226 1115 Et
2256 1061 2482 1130 fecerunt
2508 1061 2747 1130 discipuli
2787 1062 2919 1114 sicut
2946 1062 3207 1115 constituit
3249 1061 3352 1115 illis
3382 1061 3567 1125 Iesus,
3602 1072 3651 1118 et

2087 1163 2397 1223 paraverunt
2432 1153 2642 1222 pascha.
2693 1151 2957 1222 (Ilieron.)
2984 1152 3041 1206 In
3072 1155 3178 1207 alio
3205 1153 3484 1223 evangelio
3512 1155 3649 1209 scri-

2087 1252 2237 1312 ptum
2285 1251 2403 1305 est,
2460 1243 2601 1312 quod
2654 1243 2955 1298 invenerint
3009 1244 3342 1298 cmuaculum
3398 1260 3649 1314 magnum

2088 1340 2311 1385 stratum
2339 1338 2498 1400 atque
2529 1331 2862 1394 mandatum,
2892 1340 2946 1385 et
2977 1331 3046 1385 ibi
3074 1342 3400 1400 paraverunt
3424 1334 3494 1385 ei.
3535 1333 3652 1387 Cm.

2088 1418 2335 1474 naculum
2364 1434 2611 1489 magnum
2639 1418 2723 1472 lex
2753 1419 3006 1488 spiritalis
3034 1429 3137 1485 cst,
3162 1437 3280 1489 quae
3303 1422 3367 1476 de
3393 1422 3651 1494 angustiis

2088 1509 2279 1564 littera:
2306 1509 2584 1580 egrediens
2614 1510 2665 1563 in
2697 1510 2907 1564 sublimi
2940 1510 3056 1565 loco
3084 1513 3272 1582 recipit
3296 1513 3645 1568 Salvatorcm.

2087 1596 2219 1651 Nam
2251 1600 2341 1666 qui
2371 1599 2542 1652 adhuc
2568 1598 2901 1653 occidentem
2931 1600 3165 1654 litteram
3204 1604 3528 1668 servaverit,
3557 1606 3647 1673 qui

2087 1701 2191 1740 non
2220 1684 2360 1739 aliud
2392 1686 2446 1740 in
2479 1700 2608 1755 agro
2635 1702 2792 1755 quam
2836 1702 2999 1756 pecus
3036 1689 3388 1755 intellexerit,
3436 1690 3535 1745 iste
3571 1691 3648 1745 ni-

440 1788 507 1841 ad
531 1787 709 1843 Iesum
743 1787 1003 1841 dicentes:
1049 1783 1146 1839 Ubi
1191 1786 1261 1839 ris
1299 1794 1547 1855 paremus
1593 1786 1683 1841 tibi
1726 1786 1986 1841 comedere
2015 1768 2059 1827 Β
2088 1777 2282 1832 mirum
2319 1777 2371 1831 ίη
2402 1777 2522 1832 imis
2548 1779 2746 1847 ραεεὶη
2777 1776 2933 1844 lac“.
2968 1781 3094 1850 quia
3130 1782 3466 1852 maiestatem
3496 1784 3649 1851 spiri—

441 1877 669 1946 pascha?
690 1876 923 1932 Primum
950 1877 1089 1932 diem
1116 1892 1423 1947 azymorum
1445 1886 1694 1947 quartum
1721 1878 1986 1932 decimum

404 1969 594 2036 -primi
626 1967 823 2023 mensis
850 1966 1101 2037 appellat,
1131 1966 1343 2033 quando
1368 1964 1632 2021 fermento
1656 1964 1863 2034 abiecto
1890 1967 1986 2020 im-

407 2118 411 2122 _
439 2060 655 2126 uiolare,
681 2059 732 2114 id
754 2068 835 2116 est
856 2074 1049 2128 agnum
1068 2058 1315 2113 oc’cidcre
1336 2057 1576 2112 solebant
1598 2057 1665 2112 ad
1688 2071 1982 2126 vesperam.

436 2151 586 2218 Quod
606 2165 876 2220 exponens
894 2149 1177 2221 Apostolus
1197 2150 1299 2204 ait:
1321 2148 1522 2203 Etenim
1542 2150 1732 2219 pascha
1758 2159 1987 2203 nostrum

436 2240 728 2294 immolatus
757 2249 830 2295 est
858 2239 1091 2295 Christus
1123 2238 1206 2312 (ΙΙ
1238 2238 1359 2295 Cor.
1391 2240 1465 2311 ν).
1510 2238 1611 2307 Qui
1641 2240 1764 2294 licet
1792 2241 1879 2295 die
1906 2256 1988 2295 sc-

440 2328 650 2397 quenti,
691 2328 937 2393 hoc-est,
970 2328 1175 2383 decima
1205 2328 1389 2398 quinta
1425 2329 1495 2383 sit
1526 2329 1648 2382 luna
1677 2328 1986 2393 cruciﬁxus,

436 2422 537 2475 hac
560 2428 734 2475 tamen
756 2428 913 2476 nocte
934 2434 1039 2490 qua
1061 2436 1230 2492 agnus
1254 2420 1650 2486 immolabatur,
1673 2421 1851 2490 carnis
1873 2436 1990 2475 san-

422 2510 714 2581 ‘guinisque
732 2509 813 2564 sui
838 2508 1112 2579 discipulis
1134 2510 1349 2564 tradidit
1372 2511 1625 2581 mysteria
1648 2510 1983 2575 celebranda,

435 2608 490 2653 et
524 2614 553 2652 a
581 2597 777 2655 Jndzeis
811 2606 991 2654 tentus
1028 2612 1092 2654 ac
1126 2598 1340 2666 ligatus,
1380 2598 1549 2669 ipsius
1589 2600 1984 2666 immolationis,

430 2691 488 2745 id
529 2699 645 2755 est,
692 2689 955 2761 passionis
994 2704 1103 2745 sua:
1140 2689 1373 2745 sacravit
1401 2689 1713 2743 exordium:
1750 2687 1871 2754 Ubi,
1902 2689 1987 2743 in-

435 2784 656 2856 quiunt,
686 2783 759 2838 eis
788 2796 1025 2851 paremus
1056 2780 1146 2835 tibi
1176 2780 1439 2835 comedere
1467 2780 1700 2850 pascha?
1738 2780 1840 2834 hoc
1872 2788 1984 2845 est,

438 2888 542 2929 non
572 2869 828 2928 habemus
855 2870 1179 2927 domicilium
1198 2911 1212 2936 ,
1252 2884 1359 2924 non
1386 2870 1643 2925 habemus
1675 2870 1990 2924 tabernacu-

437 2963 565 3018 lum.
612 2961 844 3017 Audiant
870 2960 1060 3030 quibus
1091 2959 1520 3027 aediﬁcandarum
1553 2959 1829 3014 domorum
1859 2973 1992 3013 cura

419 3037 538 3119 est,
564 3061 618 3107 ct
642 3051 1040 3106 ambitiosarum
1067 3050 1366 3120 porticuum
1397 3050 1660 3120 cogitatur
1687 3049 1982 3105 instructio.

441 3145 584 3211 Quos
631 3141 986 3213 pretiosorum
1035 3154 1363 3195 marmorum
1410 3153 1605 3209 pompa
1644 3147 1701 3194 et
1739 3139 1987 3194 distincta

420 3249 575 3290 .auro
602 3230 874 3302 laquearia
905 3228 1193 3293 delectant,
1228 3235 1556 3299 cognoscant
1579 3225 1847 3283 Christum
1874 3241 1989 3283 om-

441 3325 590 3382 niutn
622 3322 923 3386 Dominum,
945 3319 1035 3391 qui
1072 3318 1245 3376 locum
1267 3319 1356 3373 ubi
1381 3327 1541 3389 caput
1574 3318 1853 3401 inclinaret
1882 3336 1989 3375 non

438 3413 645 3470 habuit.
694 3412 762 3468 Et
797 3412 997 3468 idcirco
1038 3424 1159 3466 eum
1201 3410 1446 3481 discipuli
1487 3412 1856 3481 interrogant:
1892 3408 1989 3491 Ubi

439 3507 513 3560 eis
540 3504 776 3575 paremus
804 3502 896 3556 tibi
925 3494 1237 3556 manducare
1263 3502 1454 3572 pascha
1482 3501 1630 3572 (Luc.
1657 3500 1733 3572 tx)
1761 3501 1782 3555 ?

510 3597 573 3649 At
612 3593 765 3650 Iesus
803 3586 935 3647 dixit
955 3609 976 3647 :
1010 3591 1092 3646 Ite
1122 3593 1176 3645 in
1205 3592 1459 3645 civitatem
1488 3592 1556 3645 ad
1588 3591 1895 3662 quemdam,
1942 3601 1990 3646 et

441 3684 594 3739 dicite
619 3684 665 3737 ei
691 3700 708 3738 :
738 3682 984 3753 Magister
1009 3681 1173 3736 dicit:
1207 3680 1425 3751 Tempus
1470 3696 1637 3748 meum
1678 3696 1839 3751 prope
1882 3690 1988 3744 est,

440 3774 578 3842 apud
609 3782 655 3826 te
684 3771 819 3841 facio
845 3770 1035 3841 pascha
1060 3785 1175 3823 cum
1202 3767 1468 3839 discipulis
1493 3769 1636 3823 meis.
1668 3768 1868 3824 Morem
1889 3767 1992 3822 Ve-

441 3863 571 3917 teris
618 3859 941 3916 Testamenti
970 3857 1133 3915 Nova
1179 3856 1452 3927 Scriptura
1496 3867 1793 3913 conservat.
1858 3857 1988 3912 Frc-

438 3962 666 4027 quentcr
704 3952 948 4023 legimus,
987 3950 1118 4005 diait
1164 3949 1270 4014 ille,
1312 3957 1366 4005 et
1410 3951 1464 4003 in
1510 3949 1600 4003 illo
1637 3949 1748 4003 loco
1787 3958 1835 4003 et
1878 3948 1988 4014 illo,

2015 3097 2059 3159 C

2089 1879 2174 1923 tus
2222 1869 2275 1923 in
2326 1869 2505 1924 verbis
2548 1868 2642 1924 Dei
2681 1871 3131 1940 comprehendere
3170 1872 3401 1950 necdum
3444 1872 3645 1928 didicit.

2088 1960 2155 2013 At
2181 1960 2271 2029 qui
2303 1976 2455 2030 aqua:
2486 1959 2750 2028 bajulum,
2790 1962 2893 2017 hoc
2923 1971 3006 2017 est
3030 1964 3221 2036 gratia;
3244 1978 3549 2033 praeconem
3595 1965 3646 2017 iu

2087 2050 2300 2103 domum
2338 2049 2591 2105 Ecclesia
2630 2049 2792 2105 fuerit
2832 2060 3048 2108 secutus
3073 2092 3089 2119 ,
3138 2053 3228 2108 hic
3277 2067 3375 2123 per
3402 2054 3647 2123 spiritum

2089 2139 2444 2195 illustrantem
2483 2140 2816 2210 superﬁciem
2858 2142 3048 2197 littera:
3093 2142 3555 2206 transcendendo,
3596 2140 3647 2195 in

2087 2230 2197 2285 alto
2242 2232 2435 2287 mentis
2478 2231 2675 2287 solario
2705 2231 2919 2288 Christo
2953 2231 3300 2314 refectionem
3342 2241 3643 2303 prazparat:

2086 2323 2209 2392 quia
2240 2332 2428 2378 cuncta
2453 2323 2535 2378 vel
2562 2325 2775 2393 pascha:
2803 2334 3162 2393 sacramenta,
3191 2326 3273 2382 vel
3300 2336 3496 2382 cetera
3522 2325 3649 2397 legis

2088 2414 2299 2468 decreta
2330 2426 2449 2467 esse
2475 2422 2811 2467 sacramenta
2838 2416 3132 2484 cognoscit.

2158 2498 2292 2571 [ΙΨ]
2342 2500 2556 2570 Vespere
2593 2510 2764 2553 autem
2804 2501 2943 2569 facto
2980 2502 3329 2556 discumbebat
3370 2518 3485 2556 cum
3525 2502 3647 2554 duo-
3697 2541 3704 2549 .

2086 2590 2248 2643 decim
2298 2589 2564 2659 discipulis
2612 2590 2740 2644 suis.
2798 2588 3023 2662 [Mum]
3074 2591 3304 2660 Vespera
3348 2606 3479 2659 ergo
3526 2600 3647 2646 tunc

2087 2678 2225 2735 facta
2256 2679 2355 2734 fuit
2394 2680 2607 2749 quando
2648 2680 2739 2735 lux
2779 2681 2996 2746 mundi,
3038 2680 3088 2737 id
3123 2690 3235 2746 est,
3275 2680 3354 2751 sol
3392 2695 3551 2737 verus
3586 2681 3647 2735 ad

2087 2783 2335 2823 occasum
2385 2770 2602 2833 mortis,
2651 2770 2975 2837 properavit.
3029 2770 3098 2825 Et
3144 2778 3272 2824 tunc
3321 2784 3443 2824 cum
3491 2770 3644 2824 disci-

2086 2856 2224 2927 pulis
2253 2853 2507 2913 Dominus
2538 2858 2825 2924 discubuit,
2865 2859 2990 2929 quia
3019 2860 3098 2914 eis
3125 2860 3361 2929 quietem
3392 2868 3647 2915 eternam

2087 2947 2418 3015 praeparavit.
2686 2983 2693 2991 κ
2816 2930 2827 2941 ’
3413 3015 3417 3018 ι

2158 3036 2441 3091 Edentibus
2481 3037 2584 3093 im.
2627 3039 2756 3093 dixit
2782 3055 2799 3092 .-
2828 3038 2987 3093 Amen
3022 3039 3135 3094 dico
3172 3040 3326 3103 vobis,
3362 3040 3487 3110 quia
3513 3021 3649 3094 ἀπα.

2092 3138 2314 3182 vestrum
2350 3144 2430 3183 me
2461 3130 2748 3184 traditurus
2780 3140 2873 3203 est.
2921 3129 3187 3203 (Πίῳ-οη.)
3217 3130 3410 3187 Omnia
3439 3133 3519 3186 sic
3545 3134 3649 3202 agit

2059 3215 2286 3281 Vludas,
2324 3202 2399 3271 ut"
2428 3217 2643 3273 tollatur
2675 3202 2907 3289 suspicio
2948 3202 3265 3291 proditoris,
3318 3222 3412 3276 sed
3458 3222 3549 3291 qui
3590 3222 3651 3277 de

2091 3304 2339 3375 passione
2364 3307 2713 3376 pmdixerat,
2749 3315 2803 3362 et
2826 3308 2893 3362 de
2920 3309 3191 3378 proditore
3216 3312 3493 3381 praedicit,
3523 3312 3649 3365 dans

2091 3393 2265 3449 locum
2292 3395 2649 3465 ptenitentice,
2684 3404 2744 3451 ut
2764 3411 2886 3451 cum
2914 3398 3265 3454 intellexisset
3293 3388 3419 3454 sciri
3451 3403 3647 3471 cogita-

2093 3484 2265 3541 tiones
2292 3500 2435 3557 suas,
2465 3493 2518 3540 et
2546 3485 2757 3541 occulta
2783 3486 3003 3542 consilia
3024 3527 3039 3552 ,
3070 3489 3355 3557 pmuiteret
3380 3504 3503 3544 eum
3532 3489 3645 3544 non

2091 3574 2194 3630 sui.
2224 3574 2292 3629 Et
2318 3573 2497 3655 tamen
2525 3590 2629 3630 non
2656 3576 2896 3647 designat
2922 3576 3244 3646 specialiter,
3274 3594 3343 3633 ne
3373 3578 3647 3634 manifeSte

2091 3674 2378 3736 coargutus
2406 3666 2764 3734 impudentior
2791 3666 2962 3722 ﬁeret.
2995 3664 3176 3739 Mittit
3218 3669 3424 3724 crimen
3464 3669 3518 3723 in
3557 3685 3645 3723 nu-

2092 3769 2261 3821 mero,
2288 3762 2349 3808 ut
2378 3763 2497 3826 agat
2523 3756 2769 3810 conscius
2792 3757 3185 3825 paenitentiam.

2162 3844 2229 3897 Et
2272 3846 2559 3899 contristati
2594 3844 2743 3900 valde
2766 3857 3022 3917 ceperunt
3047 3848 3235 3918 singuli
3261 3849 3432 3916 dicere
3453 3864 3471 3900 :
3502 3848 3647 3903 Nim-

2091 3933 2214 4003 quid
2250 3949 2341 4002 ego
2374 3949 2510 3998 sum,
2544 3932 2806 3988 Domine?
2844 3935 2911 3989 Et
2943 3945 3090 3992 certe
3117 3938 3646 3995 noveranttundecim

441 4022 581 4114 quod
626 4022 880 4097 llcbraice
921 4040 1116 4095 dicitur
1156 4037 1457 4105 Philimoni,
1486 4044 1561 4094 ζει
1606 4038 1890 4106 Helimoni,
1940 4050 1991 4095 et

2098 4022 2338 4093 apostoli,
2363 4023 2503 4092 quod
2532 4023 2663 4105 nihil
2689 4024 2791 4079 tale
2812 4032 3003 4080 cbntra
3025 4027 3305 4082 Dominum
3332 4030 3644 4101 cogitarent.

443 4136 841 4187 tamcn'uomen
868 4143 1213 4199 personarum
1241 4127 1589 4198 locorumque
1619 4145 1723 4185 non
1754 4130 1989 4199 ponitur.

444 4219 623 4293 (Aug)
657 4219 762 4275 Sed
793 4217 925 4275 nihil
970 4217 1022 4272 in
1050 4219 1152 4273 hoc
1182 4217 1411 4287 capitulo
1452 4219 1782 4273 contrarium
1818 4220 1995 4290 putari

2096 4112 2204 4168 Sed
2233 4111 2351 4182 plus
2380 4112 2606 4167 credunt
2645 4114 2902 4184 magistro
2935 4131 3097 4185 quam
3135 4118 3276 4183 sibi;
3314 4127 3371 4173 et
3405 4120 3647 4174 timentes

2096 4204 2436 4273 fragilitatem
2462 4220 2613 4280 suam
2642 4206 2821 4261 tristes
2849 4206 3179 4279 interrogant
3208 4211 3273 4264 de
3296 4220 3542 4281 peccato,
3564 4226 3649 4266 cn-

442 4318 616 4382 potcst
659 4311 838 4365 Marco
880 4318 934 4364 et
973 4307 1150 4372 Luem,
1181 4310 1269 4379 qui
1300 4309 1400 4363 hoc
1429 4308 1568 4364 idem
1596 4309 1845 4364 similiter
1871 4325 1991 4363 nar-

2098 4294 2176 4363 ins
2203 4296 2582 4351 conscientiam
2611 4311 2714 4351 non
2744 4296 3028 4369 habebant.

444 4413 583 4457 rant.
615 4400 765 4469 Quod
791 4400 931 4456 enim
962 4399 1091 4454 dicit
1120 4399 1397 4454 Blatthmus
1421 4417 1433 4451 :
1466 4398 1547 4453 Ite
1568 4400 1622 4453 in
1646 4400 1899 4454 civitatem
1924 4400 1993 4455 ad

442 4491 735 4561 quemdam,
761 4500 805 4542 et
833 4490 987 4542 dicite
1014 4490 1059 4542 ci
1080 4504 1097 4541 :
1124 4487 1371 4556 Magister
1390 4488 1514 4541 dicit
1537 4502 1555 4539 :
1585 4486 1800 4558 Tempus
1826 4505 1993 4543 meum

442 4598 598 4651 prope
625 4590 719 4644 est,
765 4579 903 4649 apud
932 4588 978 4632 tc
1004 4580 1138 4647 facio
1174 4580 1364 4647 pascha
1399 4595 1515 4631 cum
1549 4578 1814 4649 discipulis
1847 4579 1992 4643 meis,

443 4686 566 4723 eum
592 4669 853 4739 signiﬁcat
875 4684 1031 4737 quem
1058 4667 1262 4721 Marcus
1285 4678 1339 4722 ct
1363 4667 1531 4722 Lucas
1558 4667 1742 4722 dicunt
1765 4677 1995 4738 patrem-

445 4759 692 4823 familias,
718 4758 800 4812 vcl
823 4758 1093 4811 dominum
1123 4758 1328 4821 domus,
1354 4745 1535 4827 inqua
1556 4758 1635 4812 eis
1661 4757 1995 4813 cccnaculum

446 4849 868 4902 demonstratqu
899 4854 998 4911 est,
1044 4845 1131 4899 ubi
1179 4854 1394 4913 pararet
1423 4846 1639 4914 pascha.
1691 4847 1840 4913 Quod
1869 4862 1997 4916 ergo

447 4937 736 5005 interponit
762 4936 1058 4999 Mattlucus,
1085 4936 1153 4987 ad
1179 4937 1470 5003 quemdam,
1501 4945 1751 5006 tanquam
1782 4952 1844 4990 ex
1875 4952 1992 5005 pcr-

2019 4441 2071 4499 D

447 5044 576 5083 sona
620 5041 713 5081 sua
764 5026 938 5080 studio
979 5027 1254 5107 brevitatis
1302 5027 1447 5079 illum
1487 5028 1802 5096 compendio
1831 5028 1995 5082 voluit
2031 5092 2043 5115 ς

444 5119 737 5174 insinuare.
776 5114 831 5169 Si
861 5116 1002 5168 enim
1033 5102 1237 5170 diceret
1260 5116 1457 5170 dixisse
1487 5116 1803 5171 Dominum:
1838 5118 1916 5173 Ite
1944 5120 1995 5172 in

450 5210 723 5271 civitatem,
750 5217 796 5260 et
826 5206 977 5259 dicite
1002 5207 1048 5258 ci
1068 5224 1084 5257 :
1123 5206 1366 5275 Magister
1391 5209 1554 5260 dicit:
1587 5208 1803 5277 Tempus
1832 5226 1997 5263 meum

450 5315 605 5368 prope
632 5307 723 5361 est,
757 5296 893 5366 apud
924 5305 971 5349 te
997 5296 1132 5363 facio
1161 5298 1381 5364 pascha,
1414 5294 1664 5367 tanquam
1689 5299 1891 5352 civitati
1923 5300 2002 5351 tli-

453 5386 677 5440 ecndutn
704 5395 876 5451 esset,
907 5384 1252 5452 acciperetur.
1294 5384 1369 5438 Ac
1398 5401 1491 5453 per
1519 5387 1620 5439 hoc
1656 5404 1761 5441 non
1797 5402 1859 5440 cx
1895 5386 1998 5440 Do-

445 5492 587 5527 mum
612 5474 759 5541 cujus
786 5475 1087 5528 mandatum
1118 5473 1367 5528 narrabat
1388 5513 1403 5538 ,
1435 5475 1526 5527 sed
1552 5491 1615 5528 ex
1646 5490 1741 5529 sua
1777 5490 2002 5544 persona

458 5566 790 5633 interposuit,
814 5566 879 5619 ad
904 5566 1186 5635 quemdam
1211 5565 1435 5633 jussissc
1460 5565 1739 5619 Dominum
1764 5576 1821 5620 ut
1844 5568 2001 5632 irent,

2167 4387 2233 4441 Et
2253 4388 2572 4465 respondens
2603 4388 2714 4441 ait:
2744 4386 2845 4452 Qui
2886 4388 3089 4458 intingit
3124 4405 3324 4444 mecum
3356 4407 3571 4445 manum
3600 4392 3651 4445 in

2096 4476 2368 4552 paropside
2404 4480 2486 4533 hic
2531 4496 2609 4533 me
2646 4479 2832 4533 tradet.
2876 4478 2921 4534 Ο
2958 4480 3092 4533 mira
3128 4481 3340 4535 Domini
3375 4482 3654 4550 potentia?

2098 4572 2333 4626 Primum
2353 4570 2556 4626 dixerat
2575 4584 2589 4623 :
2608 4569 2754 4625 Unus
2765 4585 2827 4624 ex
2850 4570 2996 4623 vobis
3019 4585 3103 4624 me
3124 4572 3319 4625 tradet.
3342 4572 3656 4626 Perseverst

2097 4662 2336 4731 proditor
2364 4661 2416 4715 in
2450 4660 2625 4715 malo:
2666 4659 3003 4715 manifestius
3029 4662 3234 4731 arguit,
3265 4670 3321 4715 et
3356 4671 3537 4716 tamen
3565 4678 3655 4716 no-

2096 4769 2217 4809 men
2248 4753 2460 4823 proprie
2486 4769 2591 4808 non
2619 4739 2879 4822 designat.
2908 4750 3071 4806 Judas
3095 4753 3305 4807 cteteris
3326 4753 3656 4808 contristatis

2098 4860 2161 4897 ac
2202 4838 2595 4896 retrahentibus
2638 4857 2883 4906 manum,
2932 4849 2986 4895 et
3032 4840 3474 4895 interdicentibus
3510 4842 3657 4895 cilms

2097 4937 2176 4990 ori
2207 4951 2339 4998 suo,
2388 4934 2687 4989 temeritate
2734 4943 2788 4987 et
2836 4931 3163 5000 impudentia
3204 4946 3306 4999 qua
3348 4932 3657 5000 proditurus

2098 5037 2242 5093 erat,
2271 5028 2430 5082 etiam
2461 5042 2671 5079 manum
2702 5040 2824 5078 cmn
2857 5022 3111 5091 magistro
3143 5024 3304 5075 mittit
3335 5024 3387 5076 in
3415 5023 3657 5092 paropsi-

2099 5117 2252 5181 dem,
2296 5125 2357 5169 ut
2389 5115 2609 5169 audacia
2653 5115 2845 5168 bonam
2886 5112 3271 5167 conscientiam
3317 5114 3654 5165 mentiretur.

2103 5206 2324 5278 (Μλυιι.)
2361 5206 2660 5260 Notandum
2689 5214 2869 5259 autem
2898 5205 3036 5273 quod
3070 5204 3140 5257 ibi
3174 5203 3456 5257 Matlhacus
3481 5202 3661 5272 posuit

2100 5297 2454 5364 paropsidem,
2499 5294 2707 5348 Marcus
2739 5292 2984 5362 scripsit,
3027 5294 3078 5346 in
3115 5293 3306 5346 catino.
3361 5292 3456 5345 Est
3481 5301 3658 5347 autem

2102 5384 2364 5454 paropsis,
2400 5393 2459 5436 ut
2491 5384 2704 5452 quidam
2734 5383 2946 5446 dicunt,
2976 5397 3069 5435 vas
3100 5383 3363 5435 esearium
3391 5383 3659 5450 quadran-

2103 5474 2313 5546 gulutn,
2352 5473 2421 5527 ob
2446 5473 2547 5527 hoc
2579 5475 2649 5526 ita
2679 5472 2877 5526 dictum
2909 5472 3046 5540 quod
3076 5471 3295 5549 paribus
3322 5469 3523 5524 absidis
3556 5469 3658 5533 sit,

2104 5566 2205 5618 hoc
2244 5572 2357 5627 est,
2401 5564 2567 5631 :equis
2606 5562 2880 5616 lateribus.
2932 5560 3179 5614 Catinam
3223 5570 3401 5613 autent
3445 5568 3525 5613 est
3567 5572 3703 5614 γῆς.

460 5670 524 5709 nc
557 5655 772 5709 haberet
803 5668 1019 5710 necesse
1057 5662 1224 5709 totum
1257 5654 1460 5719 dicere,
1498 5669 1617 5707 cum
1666 5654 1764 5709 hoc
1812 5654 1889 5709 illi
1939 5655 2007 5709 ad
2108 5656 2268 5712 ﬁctile
2309 5664 2489 5727 aptum
2536 5656 2603 5714 ad
2650 5654 3042 5713 immittendum
3084 5653 3364 5723 liquorem.
3420 5653 3526 5710 Nec
3573 5652 3662 5710 hic
