3922 6328
284 325 429 384 "05

1183 295 1527 381 CbMMENT.
1571 320 1635 374 lN
1678 314 2109 374 misrrumum.
2150 314 2385 371 -ιω,
2433 314 2557 372 vui;

3368 318 3390 369 1
3409 314 3503 367 Ηιῦ

282 439 461 509 aliqua
492 438 835 509 repugnantia
863 447 963 494 est.
997 437 1176 493 Potuit
1204 436 1347 493 enim
1378 433 1526 497 fieri,
1554 440 1610 486 ut
1640 431 1690 485 in
1720 430 1832 499 ipsa
1860 433 1909 492 Α
1936 426 2067 482 riam
2101 424 2763 493 Ecclesiam-frequentare
2794 420 3024 488 volebat,
3054 431 3113 478 ut
3144 422 3383 479 videlicet
3406 439 3502 492 pro

282 545 467 585 mensa
488 543 581 583 vas
602 529 761 584 ﬁctile
781 528 1200 599 quadrangulum
1221 522 1829 591 contineretJiquamen,

192 672 199 675 ,
282 621 339 675 in
369 619 509 688 quod
537 618 796 689 intingere
840 633 1055 672 manum
1083 614 1373 682 discipulus
1416 627 1535 666 cum
1574 611 1830 680 magistro

279 711 480 774 posset.
515 702 662 769 Quod
692 704 874 772 utique
900 719 996 773 per
1021 699 1467 769 dispensationem
1493 695 1828 760 humilitatis,

281 802 336 846 et
373 792 639 862 patientiae
672 808 781 847 sua:
814 807 918 845 non
952 790 1154 859 respuit
1182 788 1463 850 Dominus,
1505 785 1829 856 proditorem

282 897 438 935 suum
465 868 543 935 'an
582 881 879 937 communis
909 894 1105 933 mensae
1134 877 1594 947 participationem
1635 879 1829 933 admit-

282 980 418 1036 tere,
457 980 517 1027 ut
551 972 861 1042 impleretur
890 971 1017 1025 illud
1044 969 1183 1038 quod
1214 970 1468 1037 scriptum
1498 977 1580 1022 est
1605 986 1618 1021 :
1662 968 1838 1022 Homo

278 1064 419 1130 pacis
444 1078 569 1117 mea:
596 1064 651 1116 in
673 1080 771 1133 quo
797 1062 1086 1131 sperabam,
1114 1061 1201 1129 qui
1226 1059 1403 1112 edebat
1432 1075 1615 1130 panem
1642 1076 1844 1125 meum,

277 1153 541 1223 ampliavit
567 1154 835 1206 adversum
864 1168 943 1205 me
966 1150 1428 1219 supplantationem
1455 1146 1624 1219 (Psal.
1651 1148 1759 1220 se).

347 1241 520 1297 Filius
548 1242 751 1314 quidem
780 1242 1004 1296 hominis
1040 1240 1176 1295 vadit
1212 1241 1341 1293 sicut
1377 1239 1735 1308 seriptumest
1771 1240 1833 1293 de

275 1331 389 1386 illo.
440 1330 529 1387 Va:
564 1341 733 1385 autem
774 1331 971 1384 homini
1007 1328 1085 1382 illi
1124 1346 1214 1399 per
1240 1345 1386 1399 quem
1416 1326 1463 1379 F
1466 1328 1586 1382 ilius
1612 1329 1832 1382 hominis

274 1423 529 1476 trad’lur.
571 1419 835 1492 (Hierou.)
870 1419 978 1475 Nec
1006 1420 1208 1488 primo,
1260 1434 1359 1474 nec
1395 1421 1629 1473 secundo
1656 1434 1835 1474 corre-

272 1521 397 1580 plus
428 1527 459 1564 a
488 1511 786 1580 proditione
816 1509 1039 1563 retrahit
1070 1509 1257 1578 pedem
1276 1549 1290 1573 ,
1330 1509 1420 1563 sed
1450 1508 1701 1577 patientia
1735 1510 1833 1564 Do—

272 1602 408 1656 mini
439 1602 608 1656 nutrit
640 1600 1022 1669 impudentiam
1048 1615 1198 1653 suam
1222 1639 1236 1665 ,
1287 1608 1341 1653 et
1382 1599 1701 1652 thesauzirat
1738 1601 1835 1653 sibi

268 1692 406 1743 iram
431 1690 486 1745 in
511 1691 593 1744 die
620 1692 713 1744 ira:
734 1688 909 1761 (Rom.
933 1689 1013 1759 ιι).
1048 1688 1208 1744 Poena
1239 1689 1565 1758 praedicitur,
1595 1697 1654 1743 ut
1674 1705 1834 1759 quem

1934 532 2095 572 carne
2105 517 2225 587 agni
2238 525 2293 583 et
2304 514 2582 585 sanguine,
2596 513 2677 569 sui
2692 513 2929 582 corporis
2942 508 3316 583 sanguinisque
3330 527 3504 568 sacra-

1929 616 2164 665 mentum
2185 608 2550 670 substitueret,
2570 605 2845 674 ipgquue
2860 616 2917 656 se
2930 617 3046 657 esse
3055 610 3403 667 monstraret,
3419 602 3503 657 cui

1920 699 2123 771 juravit
2146 698 2392 775 Dominus
2404 706 2451 751 et
2472 712 2574 750 non
2595 693 3070 765 ptenitebiteum,tu
3095 708 3145 744 es
3172 691 3409 745 sacerdos
3450 695 3501 745 in

1929 800 2179 844 wternum
2204 786 2485 841 secundum
2509 784 2739 838 ordinem
2765 779 3135 835 Melchisedech
3170 778 3335 848 (Psal.
3365 780 3496 848 cur).

1930 878 2150 949 Frangit
2171 878 2350 930 autem
2394 875 2509 944 ipse
2546 888 2739 943 panem
2770 869 3237 945 quemdiscipulis
3278 869 3503 940 porrigit

1931 978 1991 1024 ut
2041 966 2290 1023 ostendat
2313 964 2556 1035 corporis
2593 963 2674 1016 sui
2703 962 3014 1015 fractionem
3040 974 3160 1012 nom
3174 959 3372 1028 absque
3405 973 3498 1013 sua

1932 1066 2121 1129 sponte
2170 1072 2234 1112 ac
2267 1054 2651 1126 procuratione,
2678 1058 3002 1117 ,vcnturam,
3046 1048 3147 1102 sed:
3183 1048 3320 1103 sicut
3375 1046 3501 1103 alihi

1933 1150 2062 1205 dicit
2112 1154 2434 1219 potestatem
2489 1160 2547 1199 se
2593 1139 2794 1197 habere
2846 1141 3043 1195 iterum
3092 1138 3331 1192 sumendi
3379 1149 3500 1192 eam

1898 1242 2113 1313 '(Joan.
2154 1239 2288 1310 xvi).
2354 1238 2525 1305 Quem
2570 1234 2814 1290 videlicet
2850 1247 3042 1303 panem
3092 1231 3225 1285 certi
3290 1241 3503 1298 quoque

1893 1332 2105 1402 'gratia
2148 1329 2469 1385 sacramenti
2521 1327 2836 1396 priusquam
2887 1322 3158 1393 frangeret
3210 1319 3499 1403 benedixit.

1936 1422 2068 1488 Quia
2107 1412 2354 1474 naturam
2394 1418 2681 1471 humanam
2726 1430 2885 1484 quam
2925 1427 3181 1483 passurus
3216 1409 3503 1479 assumpsit

1936 1513 2049 1581 ipse
2083 1524 2188 1563 una
2218 1524 2338 1563 cum
2370 1508 2527 1561 Patre
2554 1518 2608 1561 et
2634 1506 2836 1575 Spiritu
2874 1512 3079 1567 sancto,
3108 1503 3276 1573 gratia
3306 1500 3499 1555 divinae

1936 1600 2151 1654 virtutis
2206 1598 2463 1668 implevit.
2512 1595 2787 1650 Benedixit
2827 1608 3017 1663 panem
3058 1600 3113 1646 et
3159 1590 3336 1661 fregit,
3377 1587 3498 1657 quia

1938 1689 2210 1745 hominem
2233 1694 2562 1755 assumptum
2580 1685 2652 1738 ita
2684 1683 2843 1737 morti
2877 1682 3105 1735 subdere
3129 1680 3373 1751 dignatus
3396 1687 3499 1741 est,

269 1779 443 1847 pudor
474 1795 580 1835 non
606 1780 810 1835 vicerat
888 1780 1160 1849 corrigant
1202 1778 1513 1833 denuntiata
1557 1779 1832 1849 supplicia.
1866 1782 1911 1839 Β
1939 1788 1997 1831 ιιι
2030 1778 2079 1832 ei
2130 1775 2323 1830 divina:
2356 1772 2773 1828 immortalitatis
2806 1771 3068 1825 veraciter
3101 1771 3275 1824 inesse
3316 1776 3498 1839 poten-

268 1868 454 1938 (ΚΑΒ.)
490 1866 595 1923 Sed
624 1876 679 1922 et
706 1864 865 1922 hodie
895 1884 1105 1937 quoque
1151 1876 1204 1921 et
1243 1870 1296 1921 in
1332 1868 1715 1937 sempiternum
1756 1883 1834 1922 vae

269 1959 346 2014 illi
374 1960 574 2014 homini
600 1960 688 2030 qui
718 1960 784 2014 ad
814 1975 1053 2014 mensam
1079 1960 1287 2014 Domini
1318 1960 1579 2030 malignus
1608 1960 1834 2026 accedit,

268 2050 362 2117 qui
406 2049 615 2104 insidiis
658 2057 836 2103 mente
876 2048 1140 2113 conditis,
1186 2050 1275 2119 qui
1315 2050 1623 2119 prmcordiis
1658 2050 1837 2120 aliquo

268 2140 473 2195 scelere
518 2140 734 2209 pollutis
761 2180 775 2205 ,
821 2140 1197 2209 mysteriorum
1237 2139 1437 2194 Christi
1481 2140 1837 2195 oblationibus

268 2230 629 2285 sacrosanctis
656 2230 984 2300 participare
1017 2245 1122 2285 non
1154 2231 1363 2285 metuit.
1403 2230 1467 2285 Et
1497 2230 1584 2286 ille
1611 2231 1753 2285 enim
1783 2232 1837 2285 in

266 2319 586 2387 exemplum
600 2318 750 2373 Iuda:
779 2318 945 2373 ﬁlium
981 2319 1212 2375 hominis
1241 2320 1431 2384 tradit,
1475 2336 1580 2374 non
1618 2320 1836 2388 quidem

264 2411 463 2467 Iudaeis
488 2412 877 2483 peccatoribus,
909 2413 1002 2467 sed
1029 2422 1207 2467 tamen
1238 2411 1635 2481 peccatoribus,
1669 2426 1837 2465 mem-

266 2501 383 2555 bris
401 2499 651 2555 videlicet
677 2501 808 2566 suis,
832 2500 1024 2569 quibus
1047 2500 1173 2555 illud
1198 2500 1568 2575 inaestimabile
1589 2508 1642 2554 et
1664 2499 1835 2555 invio-

265 2593 427 2647 labile
454 2593 715 2648 Dominici
744 2596 986 2664 corporis
1029 2608 1092 2649 ac
1134 2595 1409 2664 sanguinis
1439 2603 1835 2649 sacramentum

265 2692 532 2737 temerare
578 2686 876 2752 praesumit.
929 2685 1022 2740 Ille
1068 2686 1352 2743 Dominum
1381 2686 1565 2739 vendit
1592 2687 1684 2758 qui
1722 2686 1837 2755 ejus

266 2772 468 2827 timore
504 2781 665 2841 atque
710 2787 892 2827 amore
936 2774 1197 2844 neglecto,
1248 2782 1458 2827 terrena
1499 2789 1598 2842 pro
1649 2774 1738 2827 illo
1785 2783 1840 2828 et

263 2864 488 2929 caduca,
516 2863 625 2917 imo
646 2863 810 2919 etiam
842 2862 1129 2919 criminosa
1160 2862 1380 2934 diligere
1412 2872 1465 2918 et
1496 2878 1687 2918 curare
1714 2877 1841 2917 con-

265 2955 521 3008 vincitur.
1495 2955 1505 2970 '

332 3044 539 3117 Bonum
582 3051 693 3098 erat
746 3043 814 3109 ei,
840 3043 887 3097 si
927 3051 1079 3097 natus
1128 3058 1234 3097 non
1263 3043 1463 3112 fuisset
1512 3044 1664 3097 homo
1720 3042 1834 3098 ille.

1943 1868 2071 1921 tiam
2110 1866 2520 1929 demonstraret,
2566 1864 2789 1931 ideoque
2828 1861 3059 1916 velocius
3098 1876 3217 1915 eum
3257 1876 3287 1913 a
3331 1866 3503 1912 umrte

1937 1956 2365 2014 re'suseitandum
2393 1970 2512 2011 esse
2550 1955 2786 2010 doceret.

2007 2047 2075 2100 Et
2122 2047 2378 2117 accipiens
2426 2043 2659 2109 calicem,
2718 2044 2913 2113 gratias
2958 2043 3065 2112 agit
3115 2051 3163 2095 et
3208 2042 3346 2096 dedit
3398 2040 3503 2093 illis

1938 2137 2111 2190 dicens
2153 2154 2165 2189 :
2205 2134 2374 2189 Bibite
2404 2151 2469 2188 ea:
2503 2150 2563 2188 eo
2609 2150 2801 2187 omnes.
2838 2125 3034 2202 (Ci-eg.)
3059 2130 3191 2186 Cum
3222 2131 3503 2200 appropin-

1940 2238 2107 2294 quare
2130 2224 2369 2296 passioni
2405 2224 2619 2288 dicitur,
2653 2229 2873 2291 accepto
2886 2235 3022 2290 pane
3047 2230 3100 2276 et
3122 2221 3286 2277 calice
3302 2221 3503 2290 gratias

1937 2315 2113 2387 egisse
2157 2315 2489 2385 perhibetur.
2520 2312 2756 2379 Gratias
2797 2308 2976 2381 itaque
3006 2311 3117 2380 agit
3158 2310 3247 2379 qui
3295 2308 3497 2380 ﬂagella

1936 2403 2121 2458 alienae
2152 2402 2449 2473 iniquitatis
2472 2401 2714 2479 suscipit,
2740 2408 2794 2455 et
2818 2400 2908 2469 qui
2932 2399 3005 2452 nil
3036 2399 3252 2469 dignum
3280 2413 3499 2467 percus-

1938 2493 2087 2547 sione
2116 2493 2382 2557 exhibuit,
2407 2491 2678 2546 humiliter
2722 2491 2777 2545 in
2816 2489 3159 2560 percussione
3212 2489 3497 2551 benedicit,

1936 2590 1997 2636 ut
2034 2582 2161 2646 hinc
2203 2566 2454 2637 videlicet
2481 2582 2729 2636 ostendat
2752 2580 2881 2650 quid
2909 2577 3276 2647 unusquisque
3324 2578 3376 2630 in
3405 2576 3498 2630 ﬂa-

1937 2673 2073 2741 gello
2110 2672 2279 2742 culpae
2321 2673 2550 2741 propria:
2590 2670 2764 2737 facere
2796 2671 3008 2733 debeat,
3037 2670 3080 2722 si
3110 2670 3221 2737 ipse
3258 2668 3499 2739 arquani-

1939 2761 2097 2814 miter
2121 2758 2328 2831 ﬂagella
2374 2760 2541 2828 culpae
2566 2766 2745 2826 portat
2775 2746 2980 2821 alienae,
3009 2766 3064 2811 ut
3093 2758 3215 2811 hinc
3251 2756 3501 2811 ostendat

1941 2850 2066 2921 quid
2108 2850 2162 2904 in
2191 2850 2529 2919 correptione
2558 2848 2720 2903 faciat
2747 2848 3005 2913 subditus,
3028 2848 3070 2901 si
3096 2848 3148 2901 in
3176 2844 3382 2916 ﬂagello
3407 2860 3499 2915 po~

1940 2942 2075 2996 sitbs
2104 2940 2250 2995 Patri
2276 2941 2480 3011 gratias
2500 2941 2609 3011 agit
2635 2938 2885 3010 mquales.

2011 3052 2113 3105 Hic
2163 3063 2237 3105 est
2290 3054 2425 3106 enim
2480 3054 2691 3121 sanguis
2742 3069 2883 3106 meus
2931 3053 3045 3105 novi
3084 3054 3389 3116 testamenti,
3414 3052 3502 3122 qui

265 3132 675 3206 (Hieron.)Non
723 3134 840 3189 ideo
873 3133 1143 3203 putandus
1189 3142 1271 3189 est
1317 3142 1441 3187 ante
1475 3133 1637 3189 fuisse
1674 3151 1835 3205 quam
1863 3116 1906 3175 (ἶ
1934 3157 2031 3211 pro
2082 3141 2261 3195 multis
2308 3116 2603 3209 eﬂ‘undetur
2652 3142 2707 3194 in
2753 3143 3102 3194 remissionem
3150 3116 3495 3209 peccatorum.

264 3236 604 3291 nasceretur,
633 3227 759 3295 quia
802 3224 933 3279 nulli
981 3225 1149 3295 possit
1181 3238 1300 3279 esse
1329 3225 1466 3280 bene
1510 3225 1613 3279 nisi
1652 3225 1702 3279 ei
1745 3226 1836 3294 qui

264 3319 445 3374 fuerit.
481 3318 587 3373 Sed
617 3316 939 3386 simpliciter
960 3318 1160 3373 dictum
1186 3326 1286 3381 est,
1312 3316 1478 3371 multo
1504 3316 1695 3373 melius
1721 3332 1837 3374 esse

264 3424 369 3464 non
386 3410 678 3464 subsistere
703 3424 862 3479 quam
886 3408 1025 3463 male
1047 3408 1355 3465 subsistere.

334 3498 664 3568 Respondeas
709 3506 881 3551 autem
906 3497 1076 3551 ludas
1120 3499 1209 3567 qui
1255 3498 1468 3551 tradidit
1494 3515 1611 3551 eum
1658 3499 1835 3552 dixit:

264 3588 523 3658 Nunquid
552 3604 643 3657 ego
681 3604 818 3651 sum,
867 3586 1068 3639 Rabbi?
1109 3587 1193 3640 Ait
1222 3587 1437 3640 illi:Tu
1464 3588 1661 3641 dixisti.
1704 3587 1837 3653 Quia

263 3679 446 3732 caeteri
477 3679 677 3742 tristes,
705 3687 759 3732 et
783 3677 936 3732 valde
961 3677 1162 3742 tristes,
1195 3679 1658 3749 interrogaverunt
1684 3694 1836 3733 eum:

264 3768 519 3838 Nunquid
537 3784 626 3837 ego
649 3786 759 3821 sum
770 3810 782 3833 ,
806 3768 1018 3843 Domine
1034 3769 1134 3822 ?ne
1150 3770 1371 3823 tacendo
1392 3785 1449 3823 se
1463 3770 1688 3839 prodere
1700 3770 1842 3824 vidc-

264 3867 433 3923 retur,
463 3866 517 3911 et
542 3859 652 3925 ipse
675 3857 985 3927 simpliciter
1010 3858 1304 3928 interrogat
1328 3874 1483 3927 quem
1510 3860 1837 3928 conscientia

263 3945 678 4015 praemordebat,
707 3948 797 4014 qui
827 3961 1043 4000 manum
1067 3937 1342 4001 audaciter
1371 3949 1595 4002 miserat
1643 3950 1698 4003 in
1746 3965 1838 4019 pa-

262 4037 553 4106 ropsidem.
604 4036 856 4107 Nunquid
902 4053 992 4106 ego
1028 4054 1158 4101 sum,
1190 4037 1472 4094 Rabbi?et
1517 4039 1839 4095 blandientis

256 4127 435 4196 jungit
479 4125 727 4181 allectum
779 4128 891 4181 sive
937 4128 1319 4183 incredulitatis
1369 4131 1597 4199 signum.
1644 4130 1838 4186 Czeteri

263 4218 408 4271 enim
432 4218 521 4286 qui
555 4234 658 4271 non
681 4212 833 4273 erant
857 4220 1158 4288 proditores
1189 4221 1406 4275 dicunt:
1442 4221 1695 4291 Nunquid
1724 4240 1835 4290 ego,

263 4311 525 4364 Domine?
552 4310 674 4375 Iste,
704 4312 792 4380 qui
829 4314 1069 4380 proditor
1104 4323 1240 4378 erat,
1272 4330 1376 4368 non
1415 4315 1716 4381 Dominum,
1746 4318 1839 4371 sed

266 4404 583 4471 magistrum
640 4412 823 4468 vocat;
878 4405 1029 4473 quasi
1083 4407 1481 4459 excusationem
1526 4408 1739 4473 habeat,
1793 4409 1837 4462 si

267 4494 493 4547 Domino
532 4494 788 4561 denegato
823 4494 1007 4547 saltem
1056 4495 1371 4562 magistrum
1416 4496 1728 4564 prodiderit.
1773 4497 1839 4550 Et

168 4656 175 4661 η
266 4584 345 4636 ait
374 4583 447 4635 illi
482 4596 495 4634 :
533 4582 609 4635 Tu
655 4570 854 4636 dixisti.
906 4584 1103 4636 Eadem
1142 4587 1488 4652 responsione
1529 4570 1837 4641 confutatus

262 4681 349 4725 est
402 4671 660 4739 proditor,
719 4687 823 4740 qua
880 4672 1049 4727 Pilato
1101 4682 1283 4742 postea
1331 4690 1683 4744 responsurus
1731 4685 1831 4730 est.

264 4762 532 4833 (August.)
563 4762 667 4817 Sed
698 4778 799 4816 non
838 4764 926 4817 hic
951 4772 1134 4838 aperte
1176 4777 1489 4833 expressum
1534 4774 1615 4820 est
1650 4774 1831 4820 utrum

265 4856 381 4925 ipse
422 4864 580 4911 esset.
634 4855 815 4911 Potest
858 4857 1000 4910 enim
1054 4856 1155 4911 hoc
1193 4856 1266 4909 ita
1320 4857 1540 4925 intelligi
1578 4866 1837 4925 tanquam,

265 4947 535 5007 diceretur
566 4965 578 4999 :
615 4946 724 5000 Non
767 4962 865 5015 ego
904 4946 1042 5011 dixi;
1072 4947 1243 5014 potuit
1274 4946 1433 5000 etiam
1475 4946 1576 4999 hoc
1600 4947 1677 5001 sic
1703 4946 1827 5011 dici,

264 5050 297 5088 a
318 5032 451 5088 Juda
476 5042 532 5089 et
559 5050 589 5087 a
620 5034 844 5089 Domino
875 5035 1187 5105 responderi
1216 5043 1275 5089 ut
1303 5050 1409 5089 non
1435 5050 1619 5089 omnes
1646 5036 1810 5090 adver

265 5134 444 5178 terent
468 5125 609 5192 quod
632 5124 832 5177 dictum
860 5133 998 5178 erat.

337 5213 449 5285 μη]
468 5215 799 5268 Caenantibus
813 5226 981 5269 autem
995 5219 1067 5271 eis
1083 5219 1276 5278 accepit
1298 5218 1333 5271 «Ι
1337 5235 1453 5272 esus
1462 5234 1646 5287 panem
1662 5233 1721 5270 ac
1738 5216 1825 5271 be-

264 5307 482 5370 nedixit,
515 5324 576 5359 ac
606 5307 755 5376 [regit
778 5308 1017 5377 deditque
1036 5310 1303 5379 discipulis
1325 5311 1455 5374 suis,
1490 5320 1537 5363 et
1581 5311 1652 5363 ait
1684 5324 1702 5360 :
1731 5310 1829 5363 Ac-

264 5400 417 5469 cipite
443 5408 489 5451 et
509 5399 777 5461 comedim,
801 5400 897 5452 hoc
918 5410 989 5453 est
1013 5417 1195 5471 corpus
1216 5418 1403 5455 meum.
1431 5400 1608 5472 (ΙὶΑΒ.)
1636 5400 1827 5455 Finitis

262 5494 477 5563 paschze
504 5493 702 5546 veteris
728 5492 999 5547 solemniis
1040 5509 1159 5562 qure
1188 5494 1239 5547 in
1266 5494 1825 5561 commemorationem

262 5582 499 5653 antiqua:
521 5581 1171 5652 de/Egyptoliberationis
1192 5584 1369 5653 populi
1394 5584 1483 5637 Dci
1508 5584 1820 5652 agebantur,

262 5674 403 5745 quod
434 5675 629 5731 transit
660 5676 723 5729 ad
748 5690 940 5731 novum
974 5676 1024 5729 in
1070 5692 1179 5730 sure
1220 5674 1595 5745 redemptionis
1626 5690 1825 5731 memo-

1940 3232 2121 3305 (ΒΑιι.)
2144 3233 2429 3307 Quiaergo
2457 3232 2610 3302 panis
2634 3232 2915 3286 confirmat
2939 3271 2953 3295 ,
2983 3232 3161 3284 vinum
3198 3247 3328 3285 vero
3375 3247 3499 3285 san-

1939 3325 2154 3395 guinem
2204 3332 2457 3393 operatur
2506 3324 2566 3397 in
2610 3337 2789 3386 carne,
2832 3324 2919 3377 hic
2965 3321 3029 3375 ad
3064 3337 3257 3390 corpus
3304 3320 3500 3377 Christi

1940 3414 2187 3484 mystice,
2232 3413 2361 3467 illud
2400 3413 2631 3468 refertur
2678 3414 2746 3467 ad
2790 3413 3118 3483 sanguinem.
3149 3411 3345 3466 Verum
3377 3412 3501 3480 quia

1938 3511 1993 3558 ct
2013 3520 2111 3558 nos
2136 3504 2187 3558 in
2206 3503 2421 3559 Christo
2434 3512 2487 3558 et
2509 3504 2559 3557 in
2574 3503 2729 3557 nobis
2749 3501 3017 3557 Christum
3038 3516 3251 3555 manere
3268 3510 3499 3569 oportet,

1939 3585 2119 3650 vinum
2162 3594 2666 3651 Dominici.ealicis
2713 3610 2848 3663 aqua
2899 3593 3171 3648 miscetur.
3204 3593 3504 3646 Atlesrante

1940 3686 2083 3739 enim
2149 3684 2373 3751 Joanne,
2429 3701 2579 3755 aqua?
2617 3684 2793 3755 populi
2844 3694 2961 3738 sunt
3014 3684 3195 3753 (Apoc.
3243 3682 3395 3752 xvii).
3440 3684 3505 3737 Et

1942 3790 2115 3845 neque
2151 3791 2343 3844 aquam
2374 3775 2540 3829 solam
2567 3790 2739 3842 neque
2782 3774 2951 3829 solum
2984 3773 3186 3837 vinum,
3240 3774 3377 3827 sicut
3404 3788 3502 3826 nec

1942 3879 2170 3934 granum
2209 3863 2465 3917 frumenti
2514 3863 2683 3918 solum
2736 3864 2850 3917 sine
2901 3877 3049 3930 aqua:
3093 3862 3502 3934 admistioneiu

1941 3932 2131 4023 panem
2170 3954 2419 4022 cuiquam
2444 3952 2568 4007 licet
2592 3951 2806 4017 oﬂerre,
2835 3952 3052 4016 ne,talis
3080 3951 3324 4006 videlicet
3361 3932 3505 4005 obla-

1940 4044 2016 4096 tio
2059 4041 2212 4110 quasi
2260 4032 2420 4112 caput
2465 4041 2720 4095 membris
2750 4041 3133 4096 secernendum
3177 4055 3295 4095 esse
3345 4041 3507 4111 signi-

1941 4134 2082 4195 ﬂcet.
2110 4142 2165 4187 et
2184 4133 2267 4188 vel
2293 4132 2566 4188 Christum
2588 4132 2908 4186 sinenostrze
2926 4130 3300 4199 redemptionis
3325 4147 3506 4185 amore

1940 4225 2050 4293 pati
2082 4224 2339 4293 potuisse,
2382 4222 2464 4276 vel
2494 4237 2591 4277 nos
2630 4222 2744 4276 sine
2790 4222 2985 4278 Christi
3027 4221 3271 4291 passione
3311 4221 3509 4275 salvari

1943 4332 2007 4372 ac
2026 4316 2171 4370 Patri
2193 4314 2372 4371 oﬂ'erri
2390 4330 2544 4385 posse
2571 4314 2856 4383 conlingat.
2886 4315 3034 4379 Quod
3060 4314 3102 4367 si
3119 4326 3275 4382 quem
3305 4322 3498 4371 movet,

1944 4424 2066 4464 cum
2095 4409 2323 4463 ccenatis
2350 4407 2597 4462 Salvator
2619 4406 2871 4475 apostolis
2895 4420 3051 4459 suum
3078 4420 3271 4474 corpus
3293 4418 3355 4457 ac
3379 4419 3501 4457 sau-

1940 4500 2153 4571 guinem
2185 4498 2482 4562 tradiderit,
2540 4511 2705 4566 quare
2759 4510 2855 4549 nos
2902 4492 3217 4547 universalis
3250 4491 3501 4546 Ecclesia:

1937 4588 2323 4644 consuetudine
2359 4585 2526 4654 jejuni
2599 4586 2883 4646 doceamur
2936 4584 3120 4637 eadem
3162 4590 3497 4635 sacramenta

1934 4680 2229 4748 percipere,
2274 4677 2511 4731 breviter
2538 4675 2737 4740 audiat,
2766 4675 2885 4728 ideo
2929 4681 3051 4727 tunc
3093 4677 3331 4725 cmnatos
3354 4684 3501 4724 com-

1934 4768 2236 4822 municasse
2265 4765 2553 4835 apostolos,
2586 4765 2708 4834 quia
2732 4777 2948 4817 necesse
2982 4769 3099 4815 erat
3144 4759 3339 4829 pascha
3370 4758 3496 4813 illud

1934 4859 2167 4928 typicum
2196 4856 2578 4919 consummari,
2609 4862 2664 4910 et
2711 4855 2789 4908 sic
2830 4854 2894 4907 ad
2932 4853 3043 4907 veri
3067 4853 3275 4921 pascha:
3321 4866 3495 4905 sacra-

1940 4958 2120 5001 menta
2150 4948 2387 5001 transiri.
2418 4945 2568 4999 Nunc
2596 4945 2649 4997 in
2698 4944 2951 4997 honorem
2997 4942 3129 4995 tanti
3156 4949 3369 5008 tamque
3392 4948 3497 4993 ter-

1938 5039 2106 5093 rihilis
2121 5038 2443 5093 sacramenti
2460 5036 2720 5105 placuisse
2736 5034 3009 5104 magistris
3032 5032 3301 5097 Ecclesiae,
3324 5034 3496 5101 primo

1937 5143 2034 5182 nos
2066 5126 2352 5181 Dominicis:
2381 5124 2643 5195 passionis
2672 5122 3079 5193 participatione
3096 5121 3305 5183 muniri,
3324 5120 3496 5189 primo

1938 5214 2263 5285 spiritalibus
2291 5215 2463 5284 epulis
2515 5213 2743 5269 interius
2795 5212 3017 5276 sacrari,
3065 5226 3128 5265 ac
3169 5210 3357 5265 deinde
3384 5219 3489 5263 ter-

1936 5310 2078 5363 reuis
2125 5308 2348 5376 dapibus
2387 5322 2582 5377 corpus
2628 5315 2683 5361 et
2710 5306 3078 5385 vilibusescis
3120 5303 3285 5357 refici.
3342 5300 3493 5367 Quod

1935 5410 2110 5457 autem
2161 5400 2332 5455 dicit:
2367 5399 2466 5452 Hic
2511 5408 2583 5453 est
2612 5400 2823 5469 sanguis
2859 5414 2999 5450 meus
3036 5396 3152 5448 novi
3201 5392 3488 5446 testamenti

1934 5493 1999 5546 ad
2042 5489 2434 5544 distinctionem
2484 5488 2701 5558 respicit
2750 5487 2944 5541 veteris
2997 5492 3316 5543 testamenti,
3349 5480 3489 5547 quod

1933 5582 2200 5635 hircorum
2226 5587 2280 5633 et
2298 5564 2584 5634 vitulorum
2609 5587 2688 5633 est
2716 5576 2970 5647 sanguine
3001 5576 3254 5635 dicatum,
3278 5570 3491 5623 dicente

1933 5676 2071 5730 inter
2090 5675 2477 5740 aspergendum
2504 5656 2802 5739 legislatore
2833 5687 2843 5721 :
2872 5667 2969 5721 llic
2995 5676 3066 5721 est
3096 5666 3302 5736 sanguis
3333 5672 3489 5714 (csta-
