3922 6340
447 348 583 404 “(t7

1067 340 1128 393 B.
1169 336 1418 392 RABANI
1456 336 1673 421 Μᾼυιιι
1710 332 2022 389 ARCHIEP.
2064 331 2368 387 MOGUNT.
2408 328 2690 385 OPERUM
2730 331 2913 386 PARS
2948 334 2986 386 l.

3520 338 3654 390 “03

449 463 601 518 menti
636 462 770 530 quod
817 457 1078 511 manaavit
1106 456 1172 510 ad
1201 473 1286 510 vos
1320 455 1456 509 Deus
1480 452 1671 525 (Exod.
1697 448 1865 521 xtuv).
1893 447 1996 503 Ne—
2024 451 2074 512 Α
2098 424 2445 517 gniﬁcaverat
2494 422 2592 515 per
2637 446 3000 501 testimonium
3052 446 3340 517 Scriptura:
3388 449 3455 502 ab
3488 464 3552 505 eo
3602 468 3664 506 se

444 565 597 607 casse
619 557 702 604 est
729 547 871 601 enim
897 545 1221 615 exemplaria
1239 543 1450 612 quidem
1475 555 1721 595 verorum
1737 540 1820 606 his
1844 554 1996 592 mun-

374 638 377 641 “
444 639 582 703 dari,
614 638 725 706 ipsa
776 644 955 690 autem
991 634 1225 691 cmlestia
1253 620 1563 686 melioribus
1602 628 1796 684 hostiis
1834 641 1993 697 quam

442 729 589 793 istis;
615 728 767 795 juxta
797 728 935 797 quod
964 726 1247 796 Apostolus
1300 740 1396 795 per
1446 732 1613 779 totam
1642 724 1709 777 ad
1746 721 1998 776 Hebrmos

442 819 731 891 Epistolam
774 820 910 873 inter
961 818 1127 885 legem
1180 816 1509 884 distinguens
1538 822 1591 868 et
1638 811 1995 883 evangelium,

416 928 417 931 ‘
440 910 796 981 pulcherrima
815 906 1144 975 expositione
1164 920 1226 959 ac
1250 905 1488 974 plenaria
1509 904 1716 958 ratione
1738 901 1994 956 declarat.

513 998 643 1054 Dico
678 1008 847 1051 autent
876 996 1015 1050 vobis
1044 1012 1062 1049 :
1097 993 1217 1048 Non
1248 994 1414 1048 bibam
1438 993 1625 1047 amodo
1650 992 1713 1046 de
1737 992 1834 1045 hoc
1857 992 2000 1059 geni-

440 1092 578 1147 mine
600 1092 737 1156 vitis,
755 1107 913 1160 usque
940 1090 993 1142 in
1014 1089 1147 1142 diem
1169 1087 1317 1146 illum
1343 1102 1459 1140 cum
1492 1085 1625 1139 illud
1649 1085 1817 1139 bibam
1831 1084 2001 1139 vobis-

439 1195 557 1235 cum
594 1196 779 1234 novum
796 1181 850 1232 in
888 1193 1041 1247 regno
1074 1174 1252 1228 Patris
1275 1174 1394 1229 mei.
1426 1174 1606 1230 Vitem
1646 1175 1757 1229 sive
1782 1173 1997 1227 vineam

437 1269 651 1324 Domini
689 1267 1004 1337 appellatam
1028 1279 1147 1319 esse
1171 1277 1493 1333 synagogam
1520 1270 1574 1315 et
1592 1262 1769 1317 omnis
1795 1261 1994 1330 passim

439 1361 715 1429 Scriptura
760 1366 813 1411 et
846 1356 1081 1425 apertius
1122 1361 1349 1409 testatur
1396 1354 1566 1407 Isaias
1607 1353 1659 1406 in
1681 1353 1890 1408 cantico
1931 1352 1999 1407 de

436 1450 525 1505 illa
550 1456 784 1513 cantato,
816 1446 1002 1512 Vinea,
1030 1446 1297 1517 inquiens,
1320 1444 1533 1498 Domini
1560 1442 1786 1498 Sabaoth
1813 1443 2014 1496 domus‘

436 1540 617 1605 Israel,
643 1549 717 1595 est
754 1540 887 1613 (Isa.
918 1539 995 1609 v).
1036 1538 1112 1594 De
1139 1553 1243 1607 qua
1274 1536 1530 1591 nimirum
1552 1535 1708 1590 vinea
1740 1534 1999 1617 Dominus

434 1633 604 1689 multo
624 1640 861 1703 tempore
885 1631 1126 1696 bibebat,
1155 1628 1402 1699 quamvis
1448 1627 1691 1697 pluribus
1723 1624 1889 1706 ramis
1939 1622 1995 1677 in

434 1722 843 1779 amaritudinem
872 1721 996 1775 vitis
1039 1719 1226 1774 alienae
1264 1718 1582 1774 conversis..
1604 1716 1739 1782 Quia
1782 1712 1996 1768 tametsi

2096 540 2236 594 tradi
2286 540 2378 609 qui
2428 539 2774 594 manducaret
2817 538 2935 605 eius
2963 553 3175 608 panem,
3203 542 3351 594 venit
3400 541 3466 595 ad
3519 543 3660 597 hunc

2096 626 2273 687 locum
2324 642 2481 697 quem
2508 635 2616 682 tres
2661 628 2840 682 caeteri
2870 628 3070 695 pariter
3099 628 3459 685 insinuabant.
3528 629 3663 684 Cum

2096 717 2208 770 hazc
2236 718 2469 783 dixisset,
2496 718 2689 787 inquit,
2713 716 2866 771 Iesus
2889 716 3124 770 turbatus
3151 727 3222 770 est
3248 721 3433 787 spiritu
3464 730 3509 773 et
3544 738 3662 789 pro-

2096 814 2316 859 testatus
2343 814 2438 870 est,
2464 814 2509 859 et
2547 805 2678 858 dixit
2709 821 2725 857 :
2760 804 2923 857 Amen
2954 804 3069 856 dico
3104 804 3261 864 vobis,
3290 808 3414 874 quia
3443 824 3577 859 unus
3600 823 3662 860 ex

2100 895 2238 949 vobis
2284 896 2452 950 tradet
2501 913 2601 950 me.
2655 896 2981 965 Aspiciebant
3021 890 3161 965 ergo,
3204 895 3341 950 sicut
3378 897 3514 951 idem
3549 899 3667 967 ipse

2097 982 2331 1040 Joannes
2358 986 2643 1050 subnectit,
2658 985 2728 1041 ad
2755 986 2969 1038 invicem
3008 984 3255 1053 discipuli
3278 986 3575 1039 ha’sitantes
3601 987 3662 1039 de

2098 1090 2198 1144 quo
2223 1074 2431 1138 diceret,
2464 1084 2511 1129 et
2532 1074 2844 1139 contristati,
2870 1074 3008 1128 sicut
3036 1073 3317 1128 Matthteus
3352 1082 3407 1128 et
3454 1074 3661 1128 Marcus

2099 1162 2306 1227 dicunt,
2333 1174 2589 1233 coeperunt
2629 1164 2675 1217 ei
2712 1163 3008 1231 singulatim
3033 1163 3220 1228 dicere,
3253 1162 3506 1233 Nunquid
3528 1164 3663 1231 ego?

2098 1251 2165 1305 At
2192 1253 2297 1321 ipse
2320 1254 2627 1322 respondens
2649 1254 2742 1317 ait,
2769 1240 2907 1307 sicut
2934 1251 3213 1307 Matthteus
3236 1252 3479 1321 sequitur
3510 1270 3523 1304 :
3560 1250 3662 1315 Qui

2096 1340 2304 1411 intingit
2332 1359 2529 1395 mecum
2556 1359 2765 1395 manum
2789 1343 2843 1395 in
2884 1344 3176 1411 paropside,
3222 1342 3306 1395 hic
3338 1358 3418 1395 me
3459 1341 3660 1393 tradet:

2097 1427 2227 1483 illud
2254 1431 2508 1499 consequi
2537 1432 2677 1499 quod
2705 1429 2938 1485 Joannes
2962 1438 3166 1495 narrat,
3193 1432 3282 1486 isti
3310 1440 3491 1486 autem
3522 1446 3657 1500 pra:-

2098 1518 2462 1583 termiserunt,
2487 1519 2623 1573 sicut
2647 1518 2882 1574 Joannes
2902 1519 3143 1587 quaedam
3167 1518 3516 1588 praetermisit
3545 1533 3661 1589 qua:

2097 1604 2174 1659 illi
2222 1606 2492 1661 dixerunt.
2540 1606 2672 1661 Cum
2701 1622 2828 1678 ergo
2856 1616 2977 1676 post
3020 1606 3277 1660 traditum
3304 1607 3532 1662 calicem
3583 1607 3664 1661 di-

2098 1693 2267 1767 xisset
2294 1694 2737 1764 Dominustquod
2774 1711 2803 1749 a
2848 1695 2991 1751 Luca
3026 1697 3255 1764 positum
3300 1706 3386 1751 est
3422 1713 3435 1749 :
3474 1695 3662 1749 Verum

435 1813 615 1870 multis
628 1814 680 1867 in
700 1810 784 1865 illa
808 1812 961 1880 plebe
984 1810 1407 1865 exorbitantibus
1428 1824 1457 1861 a
1478 1816 1624 1863 recto
1647 1805 1765 1859 ﬁdei
1783 1796 1991 1868 itinere,

2097 1792 2269 1837 tamen
2295 1802 2407 1838 ecce
2433 1800 2618 1838 manus
2649 1786 2896 1839 tradentis
2927 1802 3028 1850 me,
3057 1802 3253 1839 mecum
3276 1796 3350 1839 est
3382 1788 3435 1839 in
3460 1802 3657 1850 mensa,

434 1922 541 1962 non
566 1906 787 1960 defuere
822 1912 1001 1957 tamen
1033 1900 1250 1972 plurimi
1275 1906 1387 1954 toto
1412 1898 1543 1968 legis
1565 1905 1820 1964 tempore,
1859 1908 1991 1963 quo.

434 2010 553 2050 rum
600 1986 702 2063 piis
729 1992 1051 2062 cogitatibus
1089 1989 1418 2056 summisque
1445 1986 1733 2040 virtutibus
1760 1983 1993 2037 delecta—

434 2096 584 2142 retur
609 2085 767 2139 Deus.
796 2083 991 2139 Verum
1020 2096 1176 2151 passo
1204 2080 1258 2134 in
1282 2093 1442 2134 carne
1455 2077 1700 2139 Domino,
1729 2089 1793 2128 ac
1818 2086 1992 2125 resur-

438 2186 594 2250 gente
622 2193 651 2231 a
686 2177 929 2240 mortuis,
961 2182 1171 2243 tempus
1187 2172 1358 2227 fuitut
1371 2172 1621 2241 legaliset
1636 2169 1728 2222 illa
1752 2165 1992 2236 ﬁguralis

437 2270 743 2326 observatio
763 2273 1021 2331 cessaret,
1044 2274 1204 2334 atque
1224 2280 1288 2319 ea
1309 2278 1426 2331 qua:
1442 2261 1732 2316 secundum
1753 2258 1991 2311 litteram

434 2361 779 2433 gerebantur,
832 2359 884 2411 in
928 2358 1222 2426 spiritalem
1255 2354 1513 2408 translata
1542 2366 1780 2415 sensum,
1802 2349 2025 2420 melius,

434 2453 490 2508 in
538 2467 674 2507 novo
715 2457 1034 2505 testamento
1074 2447 1297 2515 juvante
1325 2445 1495 2498 sancti
1542 2443 1774 2511 Spiritus
1818 2440 1989 2510 gratia

435 2547 759 2595 tenerentur.
789 2537 965 2591 lturus
1002 2549 1130 2605 ergo
1166 2534 1231 2587 ad
1268 2532 1570 2602 passionem
1600 2528 1856 2584 Dominus
1878 2527 1984 2580 ait:

428 2631 553 2686 Iam
580 2647 681 2684 non
714 2629 881 2682 bibam
904 2628 966 2681 de
990 2628 1084 2681 hoc
1110 2626 1362 2695 genimine
1410 2624 1526 2677 vitis
1566 2638 1726 2692 usque
1769 2621 1824 2673 in
1852 2619 1986 2672 diem

429 2720 578 2774 illum
599 2736 715 2773 cum
741 2718 871 2771 illud
897 2718 1060 2793 bibam
1085 2714 1345 2769 vobiscum
1365 2728 1549 2767 novum
1569 2713 1622 2765 in
1646 2724 1797 2779 regno
1814 2706 1988 2761 Patris

430 2813 553 2866 mei.
579 2812 651 2866 Ac
687 2811 731 2865 si
757 2817 941 2879 aperte
966 2809 1107 2861 dicat
1132 2823 1146 2860 :
1178 2806 1293 2861 Non
1322 2804 1461 2859 ultra
1491 2799 1797 2857 carnalibus
1831 2812 1990 2868 syna-

394 2882 400 2887 ’
431 2916 587 2972 gogre‘
642 2898 974 2955 cmremoniis
1003 2896 1328 2959 delectahor,
1359 2893 1413 2946 in
1459 2891 1652 2960 quibus
1692 2888 1855 2942 etiam
1884 2885 1986 2939 ista

430 2992 698 3063 paschalis
760 2991 879 3061 agni
930 3004 1082 3044 sacra
1136 2988 1312 3041 locum
1381 2992 1598 3038 tenuere
1638 2979 1985 3050 praecipuum.

434 3083 617 3138 Aderit
642 3082 782 3137 enim
812 3088 1017 3150 tempus
1044 3094 1174 3132 mea:
1212 3072 1637 3131 resurrectionis.
1667 3069 1853 3123 Aderit
1874 3067 1986 3121 dies

434 3172 521 3228 ille
564 3186 686 3238 cum
733 3170 843 3239 ipse
884 3170 936 3221 in
985 3182 1145 3235 regno
1175 3164 1399 3233 positus,
1433 3160 1483 3214 id
1507 3167 1610 3223 est,
1659 3156 1826 3228 gloria
1868 3155 1917 3207 vi

432 3257 750 3317 immortalis
764 3255 1094 3317 sublimatus,
1122 3253 1184 3306 de
1207 3251 1373 3306 salute
1396 3246 1629 3317 ejusdem
1646 3243 1823 3314 populi
1845 3242 1992 3297 fonte

432 3349 617 3421 gratia:
669 3345 925 3416 spiritalis
955 3341 1271 3411 regenerati,
1302 3353 1438 3393 novo
1475 3335 1753 3390 vobiscum
1798 3332 1991 3404 gaudio

433 3436 742 3508 perfundar.
776 3431 955 3505 (Aug.)
984 3432 1115 3486 Item
1145 3430 1301 3483 aliter
1332 3447 1344 3481 :
1380 3426 1502 3480 Non
1523 3425 1691 3488 bibam
1712 3422 1898 3477 amodo
1926 3422 1990 3475 de

430 3530 526 3581 hac
554 3523 878 3596 generatione
903 3521 1014 3575 vitis
1056 3535 1216 3590 usque
1254 3519 1307 3572 in
1360 3517 1494 3570 diem
1532 3514 1681 3568 illum
1719 3529 1834 3566 cum
1857 3510 1989 3563 illud

431 3619 599 3673 bibant
630 3617 887 3671 vobiscum
916 3630 1096 3668 novum
1125 3613 1177 3666 in
1206 3627 1360 3681 regno
1388 3608 1562 3662 Patris
1593 3608 1712 3671 mei,
1742 3597 1856 3659 vult
1905 3604 1989 3657 in-

435 3707 597 3777 telligi
646 3705 749 3759 hoc
775 3713 928 3758 vetus
963 3717 1079 3756 esse
1113 3716 1234 3762 cum
1269 3699 1398 3766 illud
1431 3712 1627 3752 novum
1653 3695 1800 3749 dicit.
1852 3694 1988 3758 Quia

432 3812 557 3866 ergo
598 3796 662 3849 de
691 3793 981 3865 propagine
992 3792 1179 3854 Adam,
1202 3789 1293 3859 qui
1312 3797 1466 3842 vetus
1490 3788 1649 3841 homo
1671 3783 1986 3854 appellatur,

435 3902 627 3956 corpus
666 3890 990 3951 susceperat,
1032 3880 1174 3950 quod
1210 3880 1277 3932 'in
1312 3878 1561 3946 passione
1608 3875 1765 3929 morti
1821 3872 1988 3927 tradi-

435 3987 587 4032 turus
622 3984 760 4041 erat,
781 3973 922 4027 unde
945 3972 1105 4027 etiam
1136 3985 1230 4039 per
1270 3968 1380 4022 vini
1416 3974 1809 4021 sacramentum
1845 3979 1990 4019 com-

440 4070 653 4124 mendat
698 4066 1010 4136 sanguinem
1040 4077 1211 4126 suum,
1244 4058 1547 4129 quid.aliud
1589 4072 1784 4111 novum
1806 4055 1988 4109 vinum

436 4160 536 4215 uisi
566 4155 1012 4213 immortalitatem
1055 4159 1429 4207 renovatorum
1475 4162 1758 4218 corporum
1800 4146 1990 4200 intelli-

436 4266 559 4323 gere
610 4248 894 4304 debemus?
942 4244 1091 4312 Quod
1142 4257 1265 4297 cum
1302 4240 1429 4296 dicit
1480 4240 1753 4293 vobiscum
1789 4252 1988 4292 novum

437 4341 633 4403 bibam,
667 4340 825 4392 etiam
851 4336 979 4405 ipsis
1013 4333 1459 4388 resurrectionem
1494 4344 1778 4399 corporum
1807 4328 1875 4381 ad
1909 4327 1991 4380 in-

437 4431 699 4485 duendam
732 4424 1180 4480 immortalitatem
1206 4421 1487 4493 promittit.
1541 4418 1813 4473 Vobiscum
1844 4417 1987 4472 enim

438 4536 540 4575 non
584 4519 650 4573 ad
693 4518 830 4571 idem
887 4524 1115 4583 tempus,
1164 4514 1254 4567 sed
1300 4509 1542 4566 eamdem
1596 4508 1991 4562 inuovationem

438 4612 630 4667 dictum
656 4606 1016 4675 accipiendum
1050 4614 1149 4658 est.
1181 4602 1316 4658 Nam
1343 4613 1399 4658 et
1432 4616 1530 4655 nos
1558 4601 1685 4655 dicit
1710 4599 1991 4668 Apostolus

372 4748 375 4749 ν
440 4698 795 4755 resurrexisse
840 4710 958 4747 cum
1000 4693 1231 4757 Christo,
1285 4700 1342 4746 ut
1387 4706 1511 4759 spes
1546 4690 1623 4744 rei
1661 4689 1851 4742 futura:
1877 4687 1992 4755 jam

438 4793 672 4846 lmtitiam
696 4794 1007 4857 prmsentem
1036 4783 1241 4839 all‘erat.
1272 4782 1421 4848 Quod
1447 4790 1623 4835 autem
1646 4781 1711 4834 de
1732 4780 1832 4833 hoc
1844 4778 1992 4848 geni-

441 4883 581 4936 miue
606 4880 725 4933 vitis
744 4879 903 4931 etiam
926 4876 1051 4929 illud
1078 4889 1269 4929 novum
1296 4885 1415 4927 esse
1437 4872 1585 4935 dicit,
1610 4870 1875 4939 signiﬁcat
1902 4884 1994 4922 ea-

442 4977 559 5029 dem
584 4975 764 5040 utique
791 4985 1013 5040 corpora
1053 4975 1415 5023 resurrectura
1442 4963 1728 5019 secundum
1772 4962 1991 5014 innova-

445 5066 639 5118 tionem
693 5062 981 5124 caelestem,
1027 5075 1144 5128 quae
1181 5073 1322 5112 nunc
1358 5054 1646 5110 secundum
1671 5045 1991 5105 vetustatem

443 5155 699 5208 moritura
734 5160 875 5206 sunt.
907 5150 1202 5203 Notandum
1242 5157 1417 5202 autem
1464 5145 1603 5215 quod
1652 5142 1885 5197 Joannes
1930 5140 1994 5194 de

449 5259 672 5313 corpore
713 5252 766 5297 et
817 5243 1069 5311 sanguine
1107 5242 1313 5294 Domini
1351 5241 1451 5294 hoc
1492 5238 1609 5293 loco
1659 5236 1791 5290 nihil
1840 5235 1992 5296 dixit,

443 5332 535 5388 sed
561 5331 715 5400 plane
745 5330 869 5384 alibi
900 5328 1064 5382 multo
1086 5328 1301 5381 uberius
1329 5327 1507 5397 (Joan.
1536 5324 1628 5395 γι).
1660 5325 1793 5377 lliuc
1818 5322 1996 5377 Domi-

442 5436 567 5474 num
598 5420 829 5473 locutum
876 5430 993 5472 esse
1022 5424 1265 5470 testatur.
1309 5413 1459 5467 Nunc
1492 5429 1619 5468 vero
1644 5428 1764 5467 cum
1811 5410 1993 5463 Domi-

446 5525 567 5563 num
606 5523 636 5561 a
673 5522 825 5562 cmna
877 5507 1172 5561 surrexisse
1201 5513 1255 5560 et
1302 5504 1464 5573 pedes
1508 5502 1888 5571 discipulorum
1920 5500 1995 5553 la-

444 5598 581 5651 visse
609 5606 1095 5661 commemorasset,
1125 5594 1329 5649 reddita
1356 5593 1516 5647 etiam
1547 5593 1748 5645 ratione
1771 5606 1867 5645 cur
1896 5592 1996 5643 hoc

446 5688 522 5741 cis
567 5686 768 5750 fecerit,
800 5689 850 5741 in
885 5703 985 5755 qua
1035 5703 1185 5743 caena
1216 5686 1470 5741 Dominus
1502 5684 1673 5739 adhuc
1701 5685 1879 5738 clause
1920 5683 1990 5736 si~

2089 1883 2195 1929 etc.
2221 1874 2572 1945 Conjungitur
2612 1875 2739 1929 illud
2762 1877 3051 1931 secundum
3070 1875 3327 1931 Joannem
3347 1876 3519 1933 λεῖαι
3542 1893 3660 1947 ergo

2089 1963 2383 2017 recumbam
2416 1980 2553 2018 unus
2578 1980 2642 2017 ea:
2668 1964 2938 2030 discipulis
2962 1965 3077 2033 ejus
3107 1965 3160 2017 in
3186 1981 3305 2019 sinu
3332 1964 3485 2028 Iesu,
3510 1982 3666 2035 quem

2089 2051 2333 2121 diligebat
2384 2051 2559 2106 Jesus.
2602 2048 2783 2106 Innuit
2822 2070 2942 2122 ergo
2970 2052 3089 2107 huic
3117 2052 3299 2108 Simon
3347 2051 3562 2118 Petrus,
3611 2064 3661 2107 et

2087 2140 2212 2195 dicit
2248 2144 2327 2196 ei:
2347 2142 2476 2207 Quis
2499 2152 2571 2197 est
2601 2144 2665 2197 de
2686 2160 2787 2213 quo
2810 2144 2935 2197 dicit
2963 2145 2988 2197 2
3026 2143 3213 2215 Itaque
3255 2161 3374 2198 cum
3401 2147 3650 2199 recubuis-

2087 2238 2162 2284 set
2192 2229 2280 2283 ille
2315 2247 2472 2299 supra
2510 2241 2682 2302 pectus
2707 2232 2835 2286 Jesu
2876 2232 3002 2285 dicit
3023 2232 3070 2285 ei
3092 2246 3111 2283 :
3135 2232 3377 2295 Domine,
3405 2235 3521 2304 quis
3549 2244 3618 2287 est
3635 2236 3659 2286 .’

2085 2317 2366 2387 Respondit
2394 2319 2696 2375 Jesus:llle
2729 2321 2922 2390 cuiego
2952 2321 3216 2374 intinctum
3228 2339 3414 2391 panem
3425 2339 3659 2390 porrexe-

2088 2424 2164 2461 ro.
2182 2407 2251 2461 Et
2270 2425 2386 2463 cum
2398 2410 2630 2463 tinxisset
2646 2427 2830 2479 panem
2846 2409 3142 2463 deditludaz
3158 2408 3383 2463 Simonis
3399 2408 3654 2476 Scarioth,

2086 2508 2265 2568 etpost
2297 2498 2577 2553 buccellam
2601 2509 2720 2553 tunc
2743 2500 2969 2554 introivit
2991 2500 3045 2554 in
3064 2498 3211 2552 illum
3230 2497 3457 2554 Satanas
3480 2498 3655 2569 (Joan.

2086 2588 2226 2659 xm).
2259 2588 2441 2661 (ΚΑΒ.)
2485 2586 2590 2644 Sed
2635 2589 2721 2645 hic
2780 2589 3006 2659 qumstio
3057 2589 3342 2643 oboritur:
3385 2588 3657 2656 Quomodo

2088 2680 2190 2735 iste
2217 2678 2473 2745 Joannes,
2504 2695 2599 2735 nec
2641 2696 2746 2735 non
2775 2689 2829 2735 et
2856 2679 3030 2733 Lucas
3074 2678 3255 2732 dicant
3285 2677 3396 2745 jam
3431 2685 3559 2731 ante
3584 2679 3656 2730 in-

2085 2770 2277 2824 troisse
2320 2768 2575 2822 Satanam
2607 2769 2661 2822 in
2691 2783 2785 2822 cor
2812 2766 2979 2833 Judae,
3013 2767 3326 2823 uttraderet
3351 2767 3653 2829 Dominum,

2087 2874 2207 2914 cum
2236 2858 2467 2914 Joannes
2496 2860 2691 2917 dixerit
2717 2859 2856 2928 quod
2889 2869 3010 2928 post
3053 2858 3346 2915 buccellam
3393 2858 3658 2913 introierit

2087 2948 2141 3002 in
2159 2964 2278 3002 eum
2313 2947 2560 3003 Satanas.
2591 2948 2771 3019 (Aug.)
2801 2949 2913 3002 Hoc
2930 2949 3071 3002 enim
3120 2950 3195 3002 ita
3238 2947 3467 3001 solvitur
3500 2966 3511 2998 :
3564 2946 3654 2999 ln-

2088 3037 2251 3091 travit
2278 3051 2406 3107 ergo
2435 3044 2559 3105 post
2578 3037 2720 3090 hunc
2749 3050 2936 3104 panem
2965 3034 3196 3089 Satanas
3225 3035 3280 3089 in
3316 3035 3529 3089 Domini
3556 3044 3656 3088 tra—

1924 3163 1989 3208 m
2017 3136 2060 3197 (ζ
2091 3127 2321 3182 ditorem
2351 3136 2412 3181 ut
2448 3127 2551 3181 sibi
2586 3126 2701 3201 jam
2748 3129 3000 3183 traditum
3038 3129 3245 3198 plenius
3277 3128 3573 3197 possideret
3604 3129 3650 3181 in

2093 3234 2251 3289 quem
2274 3220 2422 3289 prius
2438 3219 2771 3283 .intraveral,
2794 3226 2853 3288 ut
2868 3219 3168 3289 deciperet;
3197 3219 3345 3273 auxit
3371 3220 3514 3273 enim
3539 3234 3653 3288 peco

2094 3316 2273 3363 catum
2316 3309 2617 3363 traditionis
2646 3309 2989 3377 prtesumptio
3023 3308 3348 3364 sacramenti
3402 3323 3526 3362 cum
3564 3308 3651 3361 ho-

2091 3400 2221 3455 mini
2279 3399 2487 3469 ingrato
2538 3399 2788 3454 intrasset
2849 3399 3002 3469 panis
3066 3396 3120 3453 in
3174 3406 3438 3463 ventrem,
3487 3399 3659 3453 hostis

2092 3490 2145 3544 in
2171 3498 2427 3554 mentem,
2468 3487 2710 3543 fortassis
2750 3503 2847 3558 per
2896 3488 3049 3558 panis
3090 3487 3463 3559 intinc‘tionem
3518 3486 3652 3539 illius

2093 3576 2401 3652 signiﬁcans
2421 3574 2715 3641 ﬁctionem,
2745 3576 2834 3645 qui
2856 3576 3011 3630 ﬁctus
3032 3575 3098 3629 ad
3128 3590 3338 3647 canam
3362 3575 3511 3629 venit
3531 3574 3655 3627 ami-

2091 3681 2208 3729 cus,
2238 3673 2291 3719 et
2326 3664 2492 3719 falsus
2519 3665 2585 3718 ad
2611 3664 2923 3733 magistrum
2951 3664 3098 3719 vadit
3124 3663 3447 3733 discipulus.

2162 3772 2297 3844 [VL]
2348 3771 2416 3825 Et
2452 3773 2642 3842 hymno
2681 3774 2818 3827 dicto
2859 3775 3090 3827 exierunt
3112 3776 3165 3827 in
3186 3782 3410 3827 montem
3446 3772 3651 3826 Olit‘eti.

2091 3862 2272 3933 (Ras)
2286 3862 2397 3916 Hoc
2412 3872 2493 3917 est
2505 3863 2643 3930 quod
2660 3862 2709 3916 in
2726 3862 2926 3932 psalmo
2947 3862 3171 3932 legimus
3190 3882 3202 3915 :
3223 3862 3390 3917 Edent
3404 3848 3649 3934 pauperes

2090 3961 2137 4005 et
2155 3950 2541 4014 saturabuntur,
2572 3960 2618 4004 et
2640 3949 2927 4005 laudabunt
2942 3952 3243 4019 Dominum,
3269 3953 3358 4023 qui
3386 3956 3650 4023 requirunt

2088 4057 2203 4094 eum
2234 4039 2403 4111 (Psal.
2429 4038 2564 4109 XXI).
2608 4039 2795 4094 Potest
2827 4051 3002 4096 autem
3051 4044 3279 4112 hymnus
3306 4042 3395 4097 ille
3434 4045 3651 4114 intelligi

2087 4146 2245 4199 quem
2307 4131 2562 4184 Dominus
2613 4132 2905 4185 secundum
2952 4130 3210 4186 Joannem
3265 4132 3413 4186 Patri
3452 4136 3651 4204 gratias

2089 4237 2251 4291 agens
2295 4221 2629 4285 deeantabat,
2684 4220 2736 4274 in
2772 4237 2880 4290 quo
2924 4231 2978 4276 et
3016 4223 3338 4291 pro~seipso,
3371 4233 3426 4278 et
3451 4240 3551 4293 pro
3580 4228 3653 4280 di-

2089 4312 2323 4382 scipulis,
2353 4320 2406 4365 et
2446 4326 2543 4380 pro
2571 4311 2647 4364 cis
2671 4311 2760 4379 qui
2784 4326 2881 4379 per
2908 4312 3128 4365 verbum
3157 4326 3344 4366 eorum
3387 4315 3645 4367 credituri

2091 4410 2245 4457 erant
2273 4402 2493 4456 elevatis
2521 4416 2731 4473 sursum
2759 4401 2928 4456 oculis
2967 4403 3305 4471 precabatur.
3340 4402 3409 4457 Et
3433 4404 3653 4472 pulchre

2019 4465 2067 4523 D
2094 4491 2380 4559 discipulos
2407 4491 2756 4545 sacramentis
2789 4490 2869 4543 sui
2890 4492 3132 4560 corporis
3170 4499 3223 4544 et
3248 4494 3527 4557 sanguinis
3555 4495 3647 4547 im—

2090 4581 2269 4644 butos,
2317 4587 2372 4633 et
2431 4578 2628 4649 hymno
2673 4580 2833 4633 etiam
2884 4580 2984 4650 piae
3054 4581 3458 4636 intercessionis
3508 4582 3654 4638 Patri

2092 4669 2565 4724 commendatosin
2596 4678 2829 4724 montem
2860 4670 3037 4724 educit
3065 4670 3364 4736 Olivarum,
3394 4682 3455 4726 ut
3480 4677 3654 4744 typice

2092 4762 2331 4829 designet
2372 4776 2469 4814 nos
2514 4776 2610 4829 per
2649 4760 2911 4815 actionem
2940 4769 3400 4816 sacramentorum
3432 4780 3651 4818 suorum

2090 4866 2289 4921 perque
2315 4866 2469 4920 opem
2502 4865 2611 4904 sua!
2646 4849 3045 4906 intercessionis
3074 4851 3142 4904 ad
3178 4850 3367 4906 altiora
3392 4853 3652 4907 virtutum

2095 4941 2229 4995 dona
2271 4949 2324 4995 et
2352 4941 2674 4995 charismata
2703 4940 2936 5010 Spiritus
2963 4942 3156 5013 sancti,
3186 4944 3380 5010 quibus
3401 4943 3457 4997 in
3493 4945 3653 4999 corde

2091 5047 2468 5103 perungamur,
2507 5032 2863 5087 conscendere
2891 5032 3104 5087 debere.

2164 5140 2305 5193 Tunc
2335 5142 2457 5193 dicit
2480 5139 2583 5193 illis
2605 5139 2758 5193 Iesus
2782 5156 2800 5194 :
2831 5139 3020 5193 Omnes
3048 5157 3131 5194 vos
3158 5120 3653 5210 scandalum‘patie—

2094 5232 2221 5285 mini
2261 5234 2331 5296 in,
2366 5234 2465 5285 ista
2508 5242 2671 5284 nocte.
2708 5229 2971 5302 (llieron.)
2997 5230 3245 5285 Praadicit
3268 5231 3413 5300 quod
3442 5232 3650 5300 passuri

2095 5320 2222 5385 sint,
2254 5331 2311 5373 ut
2348 5336 2466 5375 cum
2513 5320 2654 5389 passi
2684 5319 2882 5373 fuerint
2922 5335 3027 5374 non
3066 5321 3351 5390 desperent
3397 5321 3650 5385 salutem,

2095 5411 2187 5464 sed
2239 5420 2454 5480 agentes
2491 5409 2860 5478 paenitentiam
2898 5409 3209 5465 liberentur.
3265 5410 3331 5462 Et
3371 5408 3654 5479 signanter

2098 5501 2317 5565 addidit,
2335 5501 2387 5553 in
2408 5510 2551 5553 nocte
2574 5503 2672 5553 ista
2689 5499 3173 5554 scandalizabimini
3198 5517 3210 5551 :
3239 5499 3365 5567 quia
3382 5498 3653 5566 quomodo

2096 5591 2184 5658 qui
2220 5591 2552 5645 inebriantur
2593 5596 2747 5643 nocte
2774 5589 3121 5652 inebriantur,
3152 5589 3230 5642 sic
3276 5596 3329 5640 ct
3360 5588 3452 5655 qui
3497 5601 3653 5639 scan-

2097 5684 2270 5737 dalum
2298 5684 2569 5752 patiuntur
2607 5683 2658 5736 iu
2708 5689 2859 5735 nocte
2893 5690 2941 5735 et
2974 5681 3023 5733 in
3071 5680 3301 5734 tenebris
3354 5677 3644 5731 sustinent.
