3922 6330
227 330 363 385 Μ’Ἒι)

224 438 337 492 Nos
366 451 492 489 vero
521 436 758 487 dicamus
796 448 808 481 :

227 522 593 596 prapiuqumit
634 519 811 592 (Rom.
835 517 976 589 xm).

301 615 564 684 Scriptum
597 622 668 666 est
699 612 868 665 enim:
897 609 1195 689 Percutiam
1220 614 1477 676 pastorem
1516 608 1564 653 et
1601 599 1796 665 disper-

228 716 416 777 gentur
445 718 558 756 oves
596 702 780 772 gregis.
816 700 931 755 Hoc
958 698 1077 752 aliis
1102 694 1279 749 verbis
1305 693 1358 746 in
1383 689 1641 744 Zacbaria
1672 703 1795 757 pro-

229 796 394 865 pheta
455 790 711 861 scripturn
747 798 848 854 est,
899 796 954 843 et
999 788 1053 841 ni
1100 783 1267 839 fallor
1304 798 1368 837 ex
1408 794 1636 851 persona
1678 793 1797 848 pro-

230 885 408 954 pheta:
443 882 510 936 ad
558 882 724 936 Deum
764 881 999 936 dicitur:
1035 877 1251 931 Percute
1292 884 1572 945 pastorem,
1628 879 1675 924 et
1718 870 1798 923 dt-

230 982 537 1044 spergentur
574 988 686 1025 oves
740 968 922 1043 (Zach.
955 964 1169 1037 χχχιιι).
1207 964 1551 1034 Sexagesima
1593 976 1802 1031 quoque

234 1073 428 1119 octavo
478 1062 707 1132 psalmo,
755 1061 845 1130 qui
887 1067 1031 1113 totus
1077 1073 1107 1111 a
1164 1054 1390 1110 Domino
1433 1052 1641 1107 canitur
1679 1050 1803 1105 huic

234 1152 417 1207 sensui
444 1158 796 1221 congruente,
828 1147 1085 1213 Quoniam
1110 1160 1261 1214 quem
1285 1152 1340 1195 tu
1365 1140 1682 1212 percussisti,
1705 1140 1803 1209 ipsi

186 1258 187 1261 ‘
234 1239 493 1310 persecuti
534 1248 672 1292 sunt.
730 1236 1034 1291 Percutitur
1085 1243 1261 1287 autem
1313 1238 1497 1300 pastor
1528 1230 1697 1283 bonus
1748 1236 1806 1282 ut

236 1340 403 1401 ponat
428 1331 659 1384 animam
686 1342 785 1399 pro
809 1327 998 1382 ovibus
1035 1324 1146 1378 suis
1172 1314 1228 1377 et
1258 1322 1323 1377 de
1357 1320 1537 1375 multis
1556 1319 1804 1391 gregibus

236 1435 491 1475 errorum
523 1418 618 1471 ﬁat
645 1432 781 1471 unus
814 1431 943 1485 grex
978 1422 1034 1469 et
1056 1428 1193 1467 unus
1214 1420 1415 1481 pastor.

314 1510 600 1578 Postquam
615 1520 789 1564 autem
805 1523 1132 1562 resurrexero
1154 1504 1442 1576 praecedam
1472 1519 1557 1558 vos
1585 1504 1639 1556 in
1661 1497 1808 1555 Gali-

238 1599 416 1653 la‘am.
461 1596 683 1669 (MANL)
716 1596 867 1652 Sicut
897 1596 1039 1651 enim
1080 1595 1147 1649 ad
1182 1594 1482 1664 passionem
1514 1605 1809 1662 preparans

240 1688 421 1745 locum
464 1689 786 1758 praedixerat
834 1688 1097 1759 passionis
1132 1685 1369 1741 futurum
1406 1686 1461 1740 in
1507 1683 1804 1740 Jerusalem

241 1802 352 1857 quo
404 1787 584 1842 maesti
628 1786 755 1841 facti
787 1796 911 1841 sunt
937 1784 1202 1854 discipuli,
1241 1783 1315 1836 ita
1351 1790 1406 1837 et
1459 1780 1634 1835 locum
1670 1793 1813 1849 prae-
1841 1754 1888 1814 Β

241 1876 381 1931 dixit
398 1877 583 1932 essein
610 1876 825 1933 Galilma
847 1876 901 1930 in
930 1889 1035 1944 quo
1062 1887 1346 1942 resurgens
1372 1868 1648 1924 amortuis
1679 1882 1811 1922 con-

242 1965 560 2021 solationem
590 1966 811 2021 visionis
840 1980 950 2019 sua:
986 1964 1065 2018 eis
1103 1962 1387 2032 przeberet.

316 2056 652 2127 Respondeas
701 2066 874 2110 autem
922 2056 1110 2132 Petrus
1162 2057 1234 2109 ait
1281 2053 1405 2107 illi:
1449 2050 1516 2104 Et
1555 2051 1600 2104 si
1639 2064 1815 2103 omnes

244 2145 591 2201 scandalizati
616 2146 807 2215 fuerint
833 2146 886 2199 in
916 2154 981 2210 te,
1006 2162 1096 2215 ego
1113 2161 1374 2215 nunquam
1397 2139 1813 2196 scandalizabor.

249 2236 522 2307 (Ηὶενοη.)
550 2236 664 2291 Non
698 2246 781 2292 est
810 2237 1085 2292 temeritas
1114 2250 1213 2290 nec
1262 2233 1596 2289 mendacium
1617 2272 1631 2296 ,
1686 2228 1819 2284 ﬁdes

246 2334 334 2381 est
365 2326 586 2395 apostoli
623 2325 790 2391 Petri,
821 2335 875 2382 et
900 2327 1099 2397 ardens
1123 2324 1348 2380 affectus
1374 2338 1501 2393 erga
1532 2322 1817 2377 Dominum

251 2414 606 2471 Salvatorem.
649 2419 705 2472 ln
741 2426 946 2472 tantum
984 2419 1125 2472 enim
1155 2426 1206 2472 et
1250 2414 1442 2471 affectu
1473 2423 1527 2469 et
1554 2414 1817 2469 cbaritate

244 2504 449 2560 Christi
470 2504 945 2573 efferebatur,utet
967 2507 1383 2562 imbecillitatem
1415 2506 1593 2561 carnis
1606 2520 1733 2568 suae,
1764 2510 1820 2559 et

247 2595 411 2651 ﬁdem
459 2598 747 2652 verborum
802 2599 897 2653 Dei
937 2614 1044 2653 non
1080 2605 1446 2663 contueretnr,
1486 2595 1639 2664 quasi
1687 2608 1817 2649 vero

246 2688 395 2743 dicta
422 2689 537 2758 ejus
563 2688 835 2745 efﬁcienda
869 2706 973 2745 non
996 2699 1195 2745 essent.

320 2780 409 2832 Ait
440 2780 518 2832 illi
552 2778 706 2834 Jesus
740 2798 752 2832 :
787 2780 947 2834 Amen
992 2782 1109 2834 dico
1152 2781 1243 2835 tibi
1271 2765 1393 2851 quia
1430 2782 1484 2833 in
1526 2781 1623 2833 hac
1674 2789 1818 2833 nocte

247 2877 528 2938 antequam
561 2869 729 2937 gallus
766 2879 955 2935 cantet,
984 2879 1061 2923 ter
1086 2886 1167 2923 me
1189 2867 1413 2939 negabis.
1441 2869 1508 2923 Et
1534 2869 1728 2924 Petrus
1754 2870 1819 2924 de

248 2958 444 3013 ardore
468 2958 590 3012 ﬁdei
630 2959 994 3028 promittebat,
1026 2968 1082 3013 at
1105 2959 1351 3014 Salvator
1380 2960 1534 3029 quasi
1569 2962 1708 3014 Deus
1737 2958 1821 3015 fu-

250 3055 373 3100 tura
406 3055 646 3101 noverat.
676 3048 743 3101 Et
786 3056 909 3102 nota
940 3049 1083 3117 qtiod
1136 3048 1328 3103 Petrus
1362 3049 1415 3102 in
1456 3057 1613 3105 nocte
1637 3058 1814 3120 neget,

1135 308 1483 370 COMMENT.
1526 303 1589 359 IN
1630 295 2061 354 MA'I'l'il/EUM.
2101 327 2171 338 —
2210 296 2333 350 ιλιι.
2381 294 2511 350 Vill.

862 429 981 483 Nox
1019 424 1290 497 praeteriit,
1328 422 1437 474 dies
1481 427 1653 471 autem
1697 429 1789 481 ap-
1816 411 1867 471 Α
1893 417 2046 476 cepta
2082 419 2182 462 est.
2216 406 2327 460 Nec
2363 406 2587 459 interest
2615 402 2828 471 quantis
2869 415 3142 456 morarum
3171 394 3466 451 intervallis

3324 279 3469 338 iiii)

1898 502 2033 554 tritta
2084 514 2212 553 voce
2242 497 2518 552 enuntiata
2570 495 2661 558 sit,
2696 510 2813 547 cum
2857 509 2951 548 eor
2994 490 3107 557 ejus
3143 489 3305 544 etiam
3344 495 3480 543 ante

1896 591 2130 661 primum
2169 588 2291 658 galli
2342 598 2561 641 cantum
2602 593 2713 639 tota
2765 583 3062 654 possederit
3122 590 3226 635 tam
3280 596 3469 650 magna

1899 679 2104 732 scilicet
2137 677 2427 731 formidine
2452 672 2718 737 imbibita,
2750 681 2808 726 ut
2848 680 3028 741 posset
3056 672 3335 724 Dominum
3367 686 3468 722 non

1900 767 2068 823 solum
2102 767 2290 831 semel,
2322 768 2415 821 s‘ed
2465 768 2657 819 iterum
2689 773 2743 819 et
2793 764 2951 818 tertio
3003 763 3360 829 interrogatus
3386 777 3476 815 nco

1900 872 2047 927 gare,
2093 864 2152 909 ut
2200 856 2399 910 rectius
2437 855 2851 924 diligentiusque
2887 851 3307 913 attendentibns,
3348 864 3478 919 quo-

1902 945 2062 1000 modo
2082 945 2193 1014 jam
2221 945 2525 997 moechatus
2550 952 2631 996 est
2673 942 2950 997 mulierem
2998 941 3048 993 in
3079 938 3239 994 corde
3262 938 3472 1007 500(1le

1901 1053 2021 1093 eam
2052 1037 2246 1091 viderit
2267 1035 2334 1089 ad
2365 1032 2887 1105 concupiscendum;
2922 1033 2999 1087 sic
3028 1032 3219 1085 Petrus
3245 1030 3482 1099 quando-

1902 1143 2116 1196 eunque
2144 1126 2319 1180 verbis
2349 1127 2534 1181 ederet
2572 1125 2841 1189 timorem,
2873 1138 3029 1191 quem
3063 1131 3171 1175 tam
3198 1122 3481 1176 vehemen—

1904 1228 2009 1274 tem
2041 1219 2221 1272 animo
2248 1224 2590 1288 conceperat,
2619 1223 2679 1270 ut
2699 1216 2994 1286 perdurare
3023 1225 3203 1284 posset
3225 1230 3390 1283 usque
3417 1215 3484 1267 ad

1905 1312 2117 1369 tertiam
2164 1311 2370 1366 Domini
2424 1310 2783 1382 negationem,
2837 1316 2946 1363 tota
2998 1309 3137 1362 trina
3180 1309 3390 1378 negatio
3438 1309 3505 1365 ei.

1907 1401 2133 1470 tempori
2162 1400 2466 1471 deputanda
2494 1409 2599 1465 est,
2636 1399 2851 1469 quando
2878 1413 3000 1453 eum
3027 1397 3181 1452 trina:
3218 1398 3490 1469 negationi

1906 1491 2175 1548 sufﬁciens
2206 1493 2366 1547 timor
2396 1492 2611 1547 invasit.
2692 1474 2697 1481 ’
3358 1553 3363 1562 ι

1977 1584 2061 1637 Ait
2092 1582 2169 1636 illi
2184 1582 2374 1639 Petrus
2396 1598 2414 1635 :
2439 1583 2666 1638 Etiamsi
2704 1583 2989 1653 oportuerit
3017 1599 3097 1637 me
3132 1583 3264 1636 mori
3299 1592 3488 1647 tecum,

1908 1694 2011 1731 non
2034 1687 2080 1732 te
2120 1676 2335 1747 negabo.
2367 1675 2622 1731 Similiter
2659 1685 2706 1729 et
2732 1692 2905 1729 omnes
2934 1673 3182 1744 discipuli
3223 1675 3487 1727 dixerunt.

1918 1766 2142 1837 (ΜΑυιι.)
2171 1766 2442 1820 lntellexit
2478 1780 2605 1837 ergo
2632 1765 2824 1820 Petrus
2848 1765 3137 1820 Dominum
3163 1780 3272 1834 pra:
3302 1766 3492 1819 timore

1916 1858 2106 1913 mortis
2151 1873 2273 1912 eum
2318 1857 2523 1911 dixisse
2581 1870 2639 1911 se
2682 1863 3022 1926 negaturum,
3055 1869 3161 1924 quo
3192 1855 3294 1908 hoc
3332 1870 3495 1909 excu-

1918 1935 2069 2002 sabat
2096 1961 2175 2011 se,
2232 1945 2359 2002 licet
2391 1945 2686 2014 periculum
2717 1945 2907 2001 mortis
2935 1944 3243 2000 immineret
3272 1954 3323 1999 et
3352 1945 3497 1999 nulio
3544 1988 3551 1997 κ

1914 2035 2076 2092 modo
2104 2035 2171 2090 ab
2216 2035 2332 2105 ejus
2361 2035 2463 2089 llde
2491 2042 2545 2090 et
2585 2034 2919 2127 confessione
2945 2050 3103 2105 posse
3138 2035 3312 2090 divelli
3333 2077 3341 2087 .
3359 2036 3497 2103 quod

1917 2132 1974 2181 et
1997 2125 2088 2179 alii
2130 2124 2355 2195 apostoli
2393 2126 2582 2180 eodem
2609 2124 2802 2179 ardore
2830 2125 3068 2196 instigati
3097 2124 3165 2180 de
3196 2125 3497 2193 semetipsis

1916 2207 2331 2286 praesumébant.
2370 2214 2505 2269 Nam
2559 2216 2684 2284 quia
2720 2215 2980 2284 scriptum
3024 2224 3124 2269 est.
3186 2212 3372 2267 Valizla
3420 2224 3491 2267 est

1920 2313 1975 2358 ut
2028 2320 2168 2358 mors
2206 2302 2414 2357 dilectio
2457 2299 2633 2374 (Cant.
2678 2304 2822 2373 γιιι),
2866 2318 2961 2372 ρει·
3012 2302 3260 2356 ardorem
3307 2304 3499 2356 mentis

1918 2409 2023 2448 non
2052 2394 2343 2448 timuerunt
2368 2392 2623 2448 damnum
2644 2395 2851 2449 mortis.
2882 2393 2986 2448 Sed
3009 2393 3243 2448 vera‘illa
3270 2394 3502 2448 Psaliuo-

1916 2486 2102 2555 graphi
2130 2484 2392 2540 sententia
2418 2502 2430 2536 :
2462 2483 2583 2537 Nisi
2612 2484 2863 2537 Dominus
2888 2483 3189 2537 custodierit
3218 2484 3497 2547 civitatem,

1916 2574 1973 2628 in
2023 2590 2214 2627 vanum
2245 2572 2456 2642 vigilant
2485 2574 2575 2643 qui
2604 2571 2903 2626 custodiunt
2926 2588 3038 2625 eam
3075 2569 3247 2643 (Psal.
3287 2574 3494 2643 cxxvr).

1919 2664 2238 2737 [Aug.]ldeo
2260 2679 2398 2719 vana
2424 2664 2521 2718 fuit
2542 2666 2888 2734 prmsuinpzio
2911 2665 3143 2718 humana
3178 2663 3292 2719 sine
3318 2672 3501 2732 prote-
3566 2660 3569 2661 ⁷

1918 2755 2094 2810 ctione
2111 2755 2309 2809 divina.
2327 2754 2435 2809 Nec
2458 2756 2885 2825 praetereundum
2900 2763 2979 2809 est
2998 2756 3138 2824 quod
3153 2754 3429 2810 Mattlmus
3452 2764 3505 2809 et

1919 2832 2131 2898 Marcus
2177 2844 2295 2912 pari
2327 2844 2515 2898 ordine
2562 2852 2618 2898 et
2656 2843 2841 2898 eodem
2876 2844 3201 2900 narrationis
3231 2860 3339 2899 sum
3386 2844 3503 2901 loco

1918 2933 2252 3000 negationem
2282 2932 2427 2986 Petri
2480 2934 2821 2999 subuectant,
2854 2934 3077 3009 apostoli
3117 2936 3273 2990 ambo
3322 2949 3507 3005 postea

1919 3014 2079 3092 quam
2134 3023 2393 3093 Dominus
2431 3037 2680 3090 egressus
2711 3031 2795 3078 est
2832 3038 2898 3078 ex
2946 3024 3032 3078 illa
3058 3024 3215 3078 domo
3239 3025 3326 3077 ubi
3358 3041 3508 3079 man-

249 3143 306 3188 et
340 3143 498 3205 neget
548 3137 727 3189 tertio.
762 3101 1257 3205 Postqulam‘autem
1302 3138 1473 3207 gallus
1516 3101 1737 3206 cecinit:
1762 3101 1817 3195 et
1843 3119 1888 3180 C
1919 3113 2251 3207 (ξυίξθνθτυηί
2276 3101 2498 3183 Ρέ⁵⁰¹¹³ν
2521 3114 2694 3207 L90“
2714 3131 2847 3207 _"er°
2876 3122 2928 3170 θί
2954 3113 3189 3171 Joannes
3220 3125 3503 3187 “umquam

250 3222 686 3278 decrescentibus
741 3224 977 3279 tenebris
1029 3225 1204 3279 vicina
1272 3225 1362 3280 lux
1398 3226 1643 3281 nuntiata
1715 3235 1819 3293 est,

251 3329 530 3367 conversus
575 3315 715 3384 ﬂevit
744 3331 941 3379 amare,
994 3316 1293 3385 negationis
1351 3317 1535 3371 sordes
1569 3316 1824 3388 lacrymis

251 3402 458 3458 lavans.
492 3403 671 3475 (Rite)
695 3402 809 3459 Non
831 3413 913 3460 est
925 3420 1055 3460 sane
1074 3406 1441 3462 arbitrandum
1470 3420 1588 3462 esse
1610 3416 1824 3463 contra-

250 3495 392 3548 rium
431 3496 601 3563 lquod
643 3495 820 3551 Marco
880 3497 1106 3561 dicente,
1156 3496 1469 3568 Priusquam
1522 3497 1691 3569 gallus
1747 3499 1823 3553 bis

251 3597 443 3638 vocem
476 3584 683 3638 dederit
714 3594 790 3638 ter
823 3601 989 3641 me.“
1032 3595 1333 3654 negaturus,
1366 3586 1544 3641 caeteri
1594 3602 1822 3658 evange-

252 3670 392 3725 lista:
422 3672 737 3740 simpliciter
770 3673 1043 3735 dixerunt,
1075 3670 1391 3743 Priusquam
1418 3672 1589 3743 gallus
1627 3683 1821 3741 cantet,

251 3771 333 3816 ter
376 3778 456 3815 me
500 3763 729 3832 negabis.
783 3762 963 3836 (.iug.)
1010 3764 1143 3818 Tota
1193 3764 1336 3818 enim
1384 3763 1529 3818 Petri
1584 3765 1820 3835 negatio,

253 3851 640 3922 trinanegatio
666 3864 765 3907 est.
798 3855 853 3907 lu
896 3855 1082 3909 eadem
1111 3870 1340 3924 namque
1388 3856 1683 3925 permansit
1732 3871 1825 3911 ne-

252 3941 467 4010 gatione
506 3943 669 3996 animi
707 3944 1082 4012 propositoque
1110 3945 1391 4011 mendacii,
1440 3946 1607 4001 donec
1641 3948 1824 4001 admo~

254 4031 403 4088 nitus
424 4030 550 4097 quid
581 4031 627 4084 ei
651 4031 962 4100 praedictum
989 4032 1059 4085 sit
1083 4047 1264 4086 amaro
1294 4031 1420 4086 ﬂetu
1446 4040 1499 4087 et
1526 4034 1704 4088 cordis
1728 4033 1823 4089 do-

254 4122 371 4177 lore
399 4132 697 4176 sanaretur.
727 4123 849 4177 Hcce
876 4133 1052 4177 autem
1084 4132 1215 4189 tota,
1242 4125 1293 4178 id
1315 4132 1399 4179 est
1419 4126 1558 4180 trina
1586 4128 1817 4199 negatio,

253 4212 300 4268 si
331 4220 450 4282 post
477 4213 706 4281 primum
738 4214 860 4283 galli
914 4216 1431 4287 cantumineiperet,
1488 4217 1681 4273 falsum
1732 4220 1816 4274 di-

251 4301 404 4355 xisse
431 4302 741 4355 viderentur
776 4311 905 4367 tres,
927 4303 1017 4372 qui
1045 4303 1290 4358 dixerunt
1311 4306 1512 4362 dixisse
1532 4306 1820 4362 Dominum

253 4389 399 4458 quod
422 4398 704 4459 antequam
735 4389 903 4461 gallus
926 4400 1184 4455 cantaret,
1223 4400 1303 4446 ter
1321 4408 1441 4448 eum
1469 4394 1658 4450 Petrus
1680 4406 1821 4451 esset

1928 3202 2052 3257 inde
2076 3211 2220 3257 esset
2256 3206 2525 3273 egressus.
2559 3204 2664 3259 Sed
2702 3205 2857 3261 facile
2890 3223 3173 3275 possumus
3206 3209 3524 3279 intelligere.

1925 3299 2016 3346 aut
2046 3291 2163 3346 illos
2191 3292 2324 3347 duos
2366 3308 2483 3347 eam
2526 3295 2929 3362 recapitulando
2954 3297 3220 3365 posuisse,
3258 3308 3351 3351 aut
3375 3299 3506 3352 istos

1922 3383 2365 3453 prmoceupando,
2393 3384 2493 3439 nisi
2525 3386 2696 3454 magis
2723 3393 2961 3440 moveret
2982 3386 3125 3455 quod
3161 3392 3267 3440 tam
3295 3388 3503 3443 diversa

1922 3490 2030 3529 non
2053 3484 2257 3529 tantum
2287 3476 2468 3540 verba,
2497 3476 2590 3531 sed
2613 3476 2780 3530 etiam
2809 3478 3108 3531 sententias
3130 3478 3339 3532 Domini
3368 3482 3503 3547 prce-

1925 3568 2147 3622 mittunt
2188 3568 2383 3637 quibus
2446 3577 2722 3638 permotus
2784 3568 2977 3624 Petrus
3044 3569 3189 3623 illam
3236 3585 3498 3639 prrcsum-

1922 3659 2159 3728 ptionem
2198 3658 2482 3728 proferret,
2514 3659 2598 3713 vel
2624 3674 2745 3713 cum
2784 3660 3009 3714 Domino
3040 3660 3121 3713 vel
3149 3674 3245 3729 pro
3274 3660 3499 3715 Domino

1924 3747 2208 3814 moriendi,
2232 3756 2290 3801 ut
2334 3748 2504 3818 magis
2529 3756 2723 3819 cogant
2751 3748 2973 3819 intelligi
3000 3748 3081 3803 vel
3118 3758 3199 3804 ter
3224 3764 3345 3804 eum
3404 3765 3501 3803 ex-

1926 3838 2192 3908 pressisse
2218 3838 2695 3909 przcsumptionem
2726 3854 2875 3893 suam
2901 3840 3126 3894 diversis
3149 3840 3278 3893 locis
3303 3840 3366 3893 ad
3395 3856 3505 3894 ser-

1926 3942 2112 3983 mones
2155 3926 2374 3993 Christi,
2404 3936 2459 3982 et
2498 3935 2580 3982 ter
2623 3927 2753 3981 illia
2778 3928 3003 3983 Domino
3026 3944 3337 3998 responsum
3361 3930 3504 3998 quod

1925 4033 2047 4072 eum
2076 4025 2221 4072 esset
2250 4026 2374 4071 ante
2425 4017 2550 4088 galli
2579 4026 2797 4072 cautum
2828 4027 2910 4074 ter
2953 4028 3263 4088 negaturus.
3321 4019 3503 4089 Neque

1923 4108 2065 4162 enim
2088 4107 2399 4161 incredibile
2420 4114 2503 4161 est
2535 4107 2869 4176 aliquantum
2904 4106 3187 4165 distinctis
3209 4111 3502 4165 intervallis

1892 4248 1894 4250 ,
1924 4207 2223 4266 temporum
2243 4197 2462 4252 Petrum
2475 4208 2801 4253 commotum
2823 4215 2944 4255 esse
2965 4202 3032 4254 ad
3058 4202 3493 4269 przesumeudum

1924 4289 2063 4343 sicut
2088 4288 2154 4342 ad
2182 4288 2505 4357 negandum,
2554 4288 2637 4343 vel
2676 4290 2724 4343 ei
2758 4290 3040 4344 Dominum
3082 4290 3282 4358 aliquid
3314 4303 3393 4345 ter
3427 4293 3500 4347 si-

1926 4375 2124 4429 militer
2145 4375 2501 4444 respondisse.
2527 4376 2968 4445 Quandoquidem
2995 4377 3155 4432 etiam
3204 4382 3494 4434 contexlim

254 4456 581 4549 ﬁcgalums.‘
617 4456 825 4535 Burgus
860 4482 903 4535 si
927 4490 1091 4536 lotam
1120 4484 1311 4537 mnam
1338 4486 1670 4556 negationem
1698 4496 1821 4542 ante
1845 4456 1899 4518 D
1925 4464 2083 4519 nullis
2131 4464 2250 4518 aliis
2284 4464 2614 4533 interpositis
2640 4467 2799 4520 rebus
2830 4475 2923 4519 aut
2953 4468 3129 4521 verbis
3152 4476 3274 4536 post
3309 4484 3489 4524 resur-

251 4570 552 4639 pcregisset
584 4585 742 4638 quam
771 4579 988 4626 cantare
1028 4572 1196 4642 gallus
1237 4574 1513 4643 inciperet,
1559 4576 1827 4645 superﬂuo

255 4656 461 4711 dixisse
491 4658 703 4711 Marcus
732 4658 1221 4727 deprehenderetur
1249 4677 1313 4716 ex
1335 4674 1563 4733 persona
1590 4664 1821 4730 Domini,

253 4745 421 4799 Amen
452 4746 567 4797 dico
597 4746 688 4798 tibi
724 4748 844 4815 quia
876 4758 931 4800 tu
962 4749 1014 4800 in
1045 4761 1189 4803 nocte
1212 4751 1308 4804 hac
1337 4755 1637 4823 priusquam
1653 4754 1823 4825 gallus

255 4834 338 4888 bis
374 4852 541 4889 vocem
564 4836 782 4900 dederit,
809 4848 886 4890 ter
912 4855 989 4891 me
1014 4851 1291 4909 negaturus
1309 4860 1381 4897 es.
1409 4842 1512 4898 Sed
1540 4844 1664 4912 quia
1700 4826 1823 4899 ante

251 4928 487 4997 primum
511 4928 633 4997 galli
659 4938 871 4984 cantum
900 4940 1072 5000 empta
1096 4941 1177 4986 est
1199 4933 1337 4986 trina
1372 4934 1457 4988 illa
1480 4936 1708 5005 negatio,
1738 4944 1820 4989 at-

254 5017 545 5071 tenderunt
570 5018 645 5071 illi
670 5027 779 5073 tres
807 5035 910 5073 non
937 5020 1280 5089 quando‘eam
1303 5022 1660 5092 completurus
1681 5031 1822 5078 esset

250 5104 479 5170 Petrus,
528 5107 621 5160 sed
660 5115 861 5175 quanta
911 5096 1089 5161 futura
1132 5118 1295 5175 esset,
1340 5111 1659 5179 quandoque
1710 5125 1821 5166 co:-

192 5200 199 5205 '
251 5192 447 5264 ptura;
495 5195 549 5247 id
588 5205 692 5259 est,
727 5197 851 5264 quia
882 5197 1019 5250 trina
1043 5205 1095 5251 et
1121 5197 1241 5267 quia
1271 5206 1394 5253 ante
1416 5198 1537 5267 galli
1578 5193 1817 5274 cantum,

252 5296 565 5352 quanquam
596 5284 649 5336 in
663 5284 840 5338 animo
852 5284 968 5353 ejus
987 5294 1173 5340 etante
1198 5285 1426 5354 primum
1442 5286 1566 5357 galli
1603 5296 1818 5342 cantum

253 5379 373 5427 tota
402 5372 572 5441 possit
598 5372 836 5443 intelligi.
879 5374 1132 5440 Quamvis
1173 5375 1314 5429 enim
1358 5374 1536 5429 verbis
1580 5378 1823 5448 negantis

256 5470 387 5519 ante
421 5464 648 5532 primum
702 5473 898 5535 coepta,
947 5475 1072 5521 ante
1125 5466 1416 5522 secundum
1470 5476 1645 5522 autem
1700 5469 1821 5540 galli

257 5562 479 5609 cantum
504 5562 720 5624 peracta
758 5556 827 5609 sit
863 5562 968 5609 tota
998 5554 1084 5609 illa
1114 5556 1250 5609 trina
1279 5556 1512 5627 negatio,
1542 5564 1717 5613 tamen
1742 5559 1820 5611 al-

257 5643 493 5699 lectione
521 5640 685 5697 animi
712 5650 765 5696 et
786 5643 974 5698 timore
999 5642 1139 5697 Petri
1167 5652 1289 5715 ante
1311 5644 1538 5714 primum
1566 5653 1674 5702 tota
1697 5661 1822 5702 eon-

1926 4554 2217 4608 rectionem
2245 4561 2327 4607 ter
2353 4553 2499 4608 illum
2526 4554 2940 4625 interrogaverit
2969 4566 3146 4612 utrum
3199 4560 3424 4625 amaret,
3446 4570 3499 4615 ct

1929 4651 2010 4698 ter
2044 4643 2093 4699 ei
2120 4645 2222 4698 hoc
2241 4645 2585 4713 respondenti
2614 4646 2778 4700 etiam
2809 4647 2923 4717 ipse
2946 4649 3257 4702 mandatum
3280 4651 3344 4704 de
3375 4666 3493 4719 pas-

1926 4736 2109 4790 cendis
2130 4736 2317 4791 ovibus
2330 4736 2440 4791 suis
2454 4753 2619 4790 unum
2645 4737 2888 4805 idemque
2911 4746 2991 4791 ter
3012 4740 3265 4808 prmdepit
3305 4738 3487 4810 (Joan.

1923 4830 2062 4900 xxi.)
2094 4829 2208 4885 Hoc
2243 4830 2425 4899 itaque
2452 4830 2774 4885 credendum
2803 4839 2885 4885 est
2910 4832 3051 4898 quod
3090 4840 3171 4886 ter
3198 4835 3492 4887 ostenderit

1927 4923 2397 4992 praesumptionem
2437 4938 2585 4977 suam
2617 4922 2807 4976 Petrus
2828 4931 2881 4976 et
2914 4922 2980 4975 de
3022 4924 3159 4976 trina
3192 4938 3288 4977 sua
3332 4938 3493 4991 nega-

1928 5019 2073 5073 tione
2097 5027 2179 5073 ter
2202 5034 2228 5070 a
2259 5017 2483 5072 Domino
2509 5016 2754 5071 audierit.
2786 5015 3041 5086 Sequitur
3064 5036 3077 5071 :

2003 5108 2147 5161 Tunc
2172 5108 2301 5160 venit
2346 5104 2500 5159 Iesus
2539 5121 2656 5159 cum
2698 5106 2802 5159 illis
2842 5107 2897 5159 in
2931 5107 3105 5161 villam
3134 5124 3250 5178 qua:
3301 5108 3497 5161 dicitur

1929 5192 2292 5248 Gethsemami.
2347 5192 2402 5245 ln
2427 5193 2572 5247 Luca
2601 5194 2672 5246 ita
2701 5194 2959 5264 scriptum
3000 5204 3082 5250 est
3118 5214 3130 5248 :
3169 5195 3237 5248 Et
3263 5212 3494 5264 egressus

1926 5284 2031 5338 ibat
2067 5282 2347 5336 secundum
2396 5281 2817 5336 consuetudinem
2856 5283 2910 5340 in
2972 5294 3193 5337 montem
3228 5281 3496 5336 Oliuarum

1928 5373 2075 5443 (Luc.
2102 5370 2257 5440 χχιι).
2306 5370 2371 5423 Ει
2404 5370 2454 5424 in
2496 5371 2702 5427 Joanne
2731 5391 2743 5427 :
2772 5371 2901 5428 ch
2946 5388 3062 5427 cum
3086 5372 3300 5425 dixisset
3339 5371 3494 5426 Iesus

1925 5477 2159 5534 egressus
2211 5472 2285 5516 est
2353 5480 2470 5516 cum
2534 5464 2803 5535 discipulis
2857 5467 2965 5519 suis
3020 5476 3164 5519 trans
3216 5474 3493 5520 torrentem

1928 5553 2149 5617 Cedron,
2174 5552 2262 5607 ubi
2313 5565 2422 5609 erat
2480 5556 2659 5609 hortus
2706 5541 2885 5623 (Joan.
2934 5555 3105 5625 λιν-ιιι).
3156 5555 3305 5623 Quod
3350 5556 3495 5609 nullo

1929 5642 2089 5698 modo
2118 5644 2452 5699 contrarium
2476 5654 2580 5701 ’ρει
2629 5645 2893 5708 Μιλιιιιπεο,
2924 5647 3011 5715 qui
3042 5647 3105 5701 de
3151 5645 3493 5701 Getbsemani
