3922 6346
460 245 621 360 ἰω
1158 291 1217 346 n.
1256 288 1506 352 MBAN]
1542 295 1757 355 usum
1796 298 2109 356 ARCIIIEP.
2154 303 2457 361 uocum.
2499 307 2779 367 ορειιωι
2818 313 2993 373 rans
3030 319 3070 373 ι.
3608 322 3667 375 ιι
3692 323 3749 377 12

486 400 743 479 narravit.
776 400 1102 459 Monstratur
1119 407 1262 462 enim
1287 411 1638 480 usquei‘hodie
1665 412 1813 468 locus
1838 411 2057 468 Getbse-
2081 410 2130 477 Α
2158 415 2353 469 simum
2379 415 2569 471 Judam
2620 428 2674 474 et
2720 425 3023 479 scandalum
3066 431 3301 486 omnium
3351 432 3744 503 apostolorum

487 490 631 544 niani
659 490 711 545 in
735 507 843 562 quo
878 492 1137 550 Dominus
1162 497 1335 559 oravit
1368 498 1437 571 ad
1470 499 1677 554 radices
1706 502 1902 556 montis
1939 501 2050 557 Oli-
2100 538 2108 547 ο
2152 512 2207 557 et
2268 504 2615 573 rejectionem
2667 504 2846 581 populi
2896 512 3223 585 Judmorum,
3270 530 3326 575 et
3375 522 3745 577 eversionem

382 610 385 613 λ
422 580 613 665 freti.
643 579 746 635 Ubi
792 581 1136 668 intelligimus
1168 584 1317 639 illum
1362 584 1528 640 fuisse
1576 588 1791 642 hortum
1826 590 1890 644 de
1943 607 2049 661 quo
2150 594 2363 655 miserae
2407 579 2905 659 JerusalemsUnde
2946 615 3001 659 et
3037 579 3220 663 Jonas,
3249 626 3411 681 super
3472 614 3745 667 ariditate

1961 658 1975 661 _
2888 658 2895 659 ,
3249 658 3401 681 --γυ
3472 658 3744 667 ..,-ν----ν

332 733 337 741 ⁸
481 658 717 751 Joannes
755 663 1013 738 narravit,
1053 689 1298 744 nuncque
1336 675 1566 745 desuper
1602 677 1838 734 Ecclesia
1886 681 2045 736 :edifi-
2152 685 2443 759 cucprbitae
2463 688 2548 742 vel
2572 690 2780 746 hedera:
2814 695 3251 764 contristabatur,
3300 704 3503 759 nolens
3558 718 3744 773 perire

1213 742 1227 744 ἡ
1470 742 1482 745 _
2243 748 2269 759 θ
2823 742 3251 764 -ή---------.....μ.,

392 776 407 789 ν
627 768 855 816 constat.
891 761 1280 832 Interpretatur
1300 772 1497 831 ,autem
1530 764 1873 822 Gethsemani
1897 769 2047 824 vallis
2148 776 2417 841 quondam
2449 780 2848 836 tabernaculum
2877 800 3029 838 suum
3062 786 3234 857 (Jama
3255 790 3349 861 ιν).

460 850 751 921 pinguium
797 854 912 910 sive
957 857 1349 928 pinguedinum.
1399 858 1532 926 Quia
1567 875 1696 916 vero
1736 878 1841 917 non
1873 864 2045 918 solum
2126 889 2135 903 κ
2222 860 2366 919 Tunc
2404 866 2478 919 ait
2510 867 2614 922 illis
2651 883 2669 920 :
2710 869 2891 925 Tristis
2944 882 3017 926 est
3061 875 3236 928 anima
3286 894 3402 933 mea
3454 898 3639 950 usque
3670 884 3737 935 ad

478 941 621 995 dicta
658 943 940 1014 vel’opera
971 948 1140 1002 nostri
1171 946 1485 1017 Salvatoris,
1509 966 1696 1009 verum
1725 955 1888 1010 etiam
1930 956 2045 1011 loca
2149 962 2385 1007 mortem.
2415 953 2543 1022 Quae
2570 959 2918 1013 contristatur
2965 960 3143 1017 anima
3197 973 3299 1028 est,
3335 976 3391 1021 ct
3432 984 3555 1023 non
3606 985 3735 1039 pro-

464 1016 532 1082 'ct
571 1036 808 1101 tempora
834 1033 889 1086 in
933 1035 1127 1104 quibus
1149 1046 1403 1106 operatur
1436 1016 1491 1095 et
1520 1041 1758 1111 loquitur
1780 1045 2044 1115 mysticis,
2146 1052 2267 1112 pter
2287 1054 2535 1113 mortem,
2564 1050 2656 1103 sed
2694 1065 2860 1119 usque
2885 1051 2952 1104 ad
2980 1062 3204 1108 mortem
3234 1016 3737 1113 contristaturrdo-

475 1127 533 1173 ut
559 1134 700 1190 saepe
724 1122 928 1178 dictum
946 1116 1056 1191 est,
1083 1134 1204 1181 sunt
1216 1127 1370 1196 plena
1392 1129 1599 1201 ﬁguris,
1625 1148 1748 1188 cum
1777 1136 1829 1189 in
1867 1122 2047 1192 monte
2148 1150 2250 1189 nec
2282 1138 2551 1205 apostolos
2588 1154 2681 1215 sua
2710 1116 2963 1196 liberaret
2994 1140 3266 1213 passione.
3297 1146 3499 1202 Dicant
3530 1151 3633 1219 qui
3660 1151 3735 1205 ir-

2150 1225 2523 1281 rationabilem
2550 1226 2731 1283 Iesum
2760 1233 3050 1301 sumpsisse
3087 1235 3322 1290 animam
3370 1240 3736 1308 suspicantur

2147 1316 2414 1379 quomodo
2443 1320 2838 1383 constristetur,
2882 1330 2935 1375 et
2974 1325 3185 1379 noverit
3221 1335 3429 1394 tempus
3460 1328 3727 1382 tristitiae.

2147 1397 2463 1470 Quanquam
2480 1405 2622 1458 enim
2649 1413 2704 1459 et
2738 1407 2894 1461 bruta
2931 1422 3192 1467 maereant
3227 1414 3504 1481 animalia,
3541 1424 3729 1469 tamen

2146 1506 2250 1544 non
2281 1502 2478 1547 norunt
2506 1511 2605 1550 nec
2632 1512 2839 1562 causas,
2883 1515 2981 1555 nec
3028 1511 3235 1572 tempus
3266 1521 3436 1575 usque
3466 1507 3539 1561 ad
3584 1510 3729 1575 quod

472 1220 592 1264 orat
616 1211 875 1269 Dominus
898 1216 1050 1284 quasi
1072 1216 1231 1271 tacite
1253 1232 1353 1274 nos
1380 1220 1632 1277 admonet
1658 1224 1905 1280 sublimia
1926 1230 2049 1291 ta‘n-

308 1294 371 1373 ίξζς
390 1300 587 1384 "dum
614 1300 818 1356 orando
846 1302 1135 1372 inquirere,
1159 1313 1213 1359 et
1236 1321 1335 1375 pro
1364 1298 1675 1366 caelestibus
1716 1313 1873 1369 bonis
1916 1330 2043 1384 sup-

292 1390 307 1467 7'
384 1390 679 1468 .ﬁplicam
706 1394 923 1452 debere.
947 1394 1019 1451 At
1047 1414 1167 1453 cum
1206 1400 1258 1454 in
1285 1400 1422 1457 valle
1443 1413 1587 1468 orat,
1618 1414 1671 1460 et
1700 1406 1802 1462 hoc
1825 1408 1876 1461 in
1907 1409 2045 1463 valle

299 1468 386 1552 tu,
410 1468 743 1553 ra‘p‘inguium
774 1486 885 1541 sive
918 1488 1253 1559 pinguedinis
1284 1492 1452 1562 ipsius
1467 1510 1619 1565 aeque
1635 1497 1868 1554 insinuat
1892 1501 2046 1569 nobis

394 1562 822 1655 §.'humilitatem
850 1592 1063 1649 semper
1099 1580 1152 1636 in
1201 1584 1549 1651 orationibus,
1576 1597 1630 1641 et
1679 1588 1903 1646 internae
1924 1575 2024 1661 pin

2145 1581 2375 1637 debeant
2408 1587 2735 1641 contristari.
2765 1588 3065 1645 Notandum
3105 1562 3283 1649 autem
3316 1562 3459 1666 quod
3499 1598 3557 1651 in
3585 1562 3723 1650 aliar-

348 1704 371 1725 .,
464 1662 749 1731 guedinem
779 1665 1079 1724 dilectionis
1104 1684 1224 1727 esse
1258 1674 1576 1728 servandam
1610 1695 1622 1729 :
1658 1691 1727 1730 ne
1752 1680 1874 1747 quis
1897 1658 2024 1736 vide-

2145 1684 2213 1724 co
2253 1672 2510 1740 scriptum
2532 1674 2657 1729 est:
2684 1675 2751 1729 Et
2778 1680 2921 1747 ccepit
2948 1697 3133 1749 pavere
3156 1692 3206 1734 et
3229 1658 3435 1747 tradere,
3470 1695 3535 1738 ut
3581 1686 3724 1739 veri-

466 1751 592 1807 licet
635 1768 797 1810 orans
824 1755 1035 1812 Domini
1057 1760 1266 1829 jactare
1298 1778 1394 1818 sua
1430 1767 1621 1820 merita
1653 1768 1707 1822 in
1730 1772 2024 1839 exemplum

2144 1767 2306 1813 tatem
2335 1762 2542 1818 scilicet
2578 1773 2777 1820 nostra:
2799 1771 3104 1825 ostenderet
3128 1781 3354 1827 naturte.
3384 1776 3575 1845 (Aug.)
3613 1776 3721 1831 Sed

464 1840 721 1898 Pharisaei
768 1847 1124 1915 superbientis
1172 1852 1388 1919 audeat,
1437 1856 1564 1924 quin
1614 1859 1791 1926 potius
1849 1861 2037 1916 humili

366 1972 369 1973 γ
466 1948 595 1989 voce
645 1942 699 1989 et
735 1945 911 2009 mente
953 1940 1269 2008 proclamet,
1295 1943 1454 2009 Deus,
1486 1949 1741 2016 propitius
1775 1960 1882 2004 esto
1911 1952 2039 2005 mihi

463 2017 901 2096 peccatori;(Luc.
945 2030 1129 2099 xvm),
1169 2047 1237 2085 ne
1278 2033 1485 2087 aridum
1512 2050 1541 2088 a
1579 2036 1867 2093 dilectione
1916 2055 2038 2109 pro-

467 2112 595 2168 ximi
620 2128 714 2169 cor
738 2124 953 2197 gestans
975 2120 1040 2173 ad
1054 2123 1351 2189 pacandam
1367 2124 1467 2178 sibi
1491 2127 1785 2183 conditoris
1808 2131 2037 2201 gratiam

464 2216 603 2272 genu
660 2202 846 2269 ﬂectat.
858 2194 1010 2276 juxta
1062 2225 1183 2263 eum
1207 2212 1297 2281 qui
1347 2221 1559 2267 centum
1605 2194 1853 2273 denarios
1883 2219 2036 2274 fratri

461 2307 599 2362 quos
626 2294 732 2350 sibi
764 2296 994 2352 debebat
1022 2300 1293 2355 dimittere
1320 2302 1523 2368 nolens,
1551 2305 1732 2359 decem
1766 2308 1931 2361 millia
1956 2318 2038 2363 ta-

462 2382 602 2437 lenta
627 2383 728 2437 sibi
745 2400 773 2437 a
792 2386 1015 2441 Domino
1033 2388 1234 2442 frustra
1262 2394 1583 2459 precabatur
1602 2395 1799 2448 remitti
1819 2395 2030 2465 (Matth.

458 2470 637 2542 xvm),
666 2488 732 2527 ne
754 2473 994 2543 jejunum
1025 2479 1093 2532 ab
1120 2494 1302 2535 amore
1324 2483 1617 2538 conditoris
1630 2489 2035 2554 pectushahens

456 2563 773 2631 temporalia
817 2564 1067 2634 quaelibet
1105 2569 1283 2638 potius
1330 2572 1383 2625 in
1432 2574 1698 2641 oratione,
1724 2592 1885 2645 quam
1916 2578 2033 2648 ejus

457 2654 718 2709 visionem
747 2656 1007 2727 requirat,
1049 2664 1485 2719 annumerandns
1526 2666 1578 2719 in
1617 2668 1697 2722 eis
1733 2668 1800 2723 de
1837 2670 2032 2739 quibus

412 2742 419 2750 ’
457 2741 535 2797 ait
562 2743 674 2813 ipse
702 2764 715 2797 :
744 2742 1178 2826 Qui‘receperunt
1203 2755 1489 2808 mercedem
1536 2773 1705 2811 suam.
1736 2756 1939 2830 (Greg.)
1972 2761 2029 2814 in

458 2831 567 2886 imo
616 2835 821 2905 quippe.
875 2837 1251 2907 cogitationem
1304 2858 1523 2911 ponere,
1579 2847 1707 2915 quid
1750 2856 1833 2902 est
1886 2848 2030 2903 aliud

459 2936 620 2990 quam
647 2924 891 2992 quadam
921 2927 1140 2987 ariditas
1163 2932 1389 2987 mentis?
1414 2932 1517 2999 Qui
1549 2946 1728 2991 autem
1755 2939 2030 2995 intellectu

457 3011 760 3067 caelestium
790 3014 905 3085 jam
929 3030 1027 3088 per
1046 3029 1233 3076 sancta
1262 3022 1527 3078 desideria
1555 3024 1621 3080 dc
1660 3028 1905 3096 supernis
1931 3030 2025 3084 de-

2140 1861 2238 1901 cur
2265 1850 2415 1904 timet
2455 1851 2729 1918 Christus,
2776 1871 2897 1910 cum
2929 1857 3118 1914 Petrus
3154 1876 3257 1915 non
3301 1863 3533 1917 timeat“?
3562 1864 3723 1919 Chri-

2141 1944 2228 1993 tus
2256 1939 2409 2006 timet
2432 1950 2488 1996 et
2509 1944 2687 2009 taedet,
2706 1952 2867 2015 atque
2888 1950 3261 2015 contristatur,
3290 1964 3341 2007 et
3362 1954 3529 2008 dicit:
3556 1954 3720 2008 Nunc

2140 2028 2317 2081 anima
2352 2046 2466 2085 mea
2509 2034 2768 2089 turbatur.
2820 2036 3010 2092 Petrus
3049 2040 3207 2093 dicit:
3251 2040 3500 2095 Animam
3538 2060 3717 2098 meam

2139 2132 2335 2187 ponam
2366 2134 2463 2189 pro
2494 2131 2564 2175 te.
2598 2122 2893 2194 Utrumque
2924 2141 3050 2197 ergo
3094 2143 3277 2183 verum
3305 2140 3387 2184 est
3409 2141 3460 2185 et
3492 2132 3715 2201 plenum

2144 2218 2434 2279 utrumque
2459 2212 2684 2279 ratione,
2710 2216 2852 2284 quod
2880 2227 2934 2269 et
2963 2216 3050 2272 ille
3086 2218 3174 2286 qui
3221 2227 3304 2273 est
3353 2219 3580 2275 inferior
3611 2238 3713 2275 non

2141 2300 2313 2365 timet,
2356 2309 2409 2355 et
2452 2301 2538 2356 ille
2587 2304 2677 2372 qui
2723 2313 2805 2358 est
2842 2307 3087 2374 superior
3134 2310 3274 2378 gerit
3306 2311 3551 2365 timentis
3585 2311 3717 2366 aﬂ'e-

2137 2402 2300 2448 ctum.
2335 2394 2424 2448 ille
2450 2396 2592 2449 enim
2619 2398 2771 2467 quasi
2810 2399 2969 2453 homo
2988 2400 3096 2453 vim
3127 2402 3316 2455 mortis
3344 2402 3584 2472 ignorat,
3609 2404 3713 2457 iste

2137 2494 2312 2541 autem
2341 2488 2492 2556 quasi
2518 2488 2655 2544 Deus
2676 2482 2731 2563 in
2755 2506 2977 2560 corpore
2994 2494 3330 2549 constitutus
3357 2493 3709 2565 fragilitatem

2135 2580 2313 2635 carnis
2332 2581 2571 2648 exponit,
2600 2588 2663 2635 ut
2688 2594 2875 2637 eorum
2905 2584 2995 2653 qui
3035 2595 3431 2641 sacramentum
3458 2587 3710 2641 incarna-

2134 2670 2293 2725 tionis
2318 2672 2949 2742 abjuranteitcludcretur
2972 2676 3238 2745 impietas.
3261 2677 3503 2747 Denique
3524 2678 3705 2732 etbaec

2133 2762 2286 2828 dixit,
2302 2772 2356 2817 et
2384 2762 2706 2820 Manichaeus
2736 2768 3436 2833 non'credidit,Valentiuus
3460 2772 3702 2840 negavit.

2131 2860 2184 2906 et
2209 2852 2445 2907 Marcion
2475 2854 2791 2925 phantasma
2806 2857 3084 2926 judicavit.
3103 2858 3178 2912 Eo
3200 2874 3370 2927 usque
3397 2868 3579 2914 autem
3602 2861 3704 2915 ho-

2134 2941 2334 2995 minem
2363 2958 2521 3011 quem
2550 2944 2774 3000 veritate
2789 2949 3026 3015 corporis
3040 2949 3438 3003 demonstrabat
3453 2951 3705 3018 tequabat

2132 3029 2343 3096 aﬂ'ectu,
2373 3042 2432 3087 ut
2454 3035 2654 3089 diceret
2678 3046 2701 3087 :‘
2730 3034 2831 3089 Sed
2851 3047 3021 3090 tamen
3044 3054 3145 3090 non
3170 3039 3300 3089 sicut
3322 3054 3437 3106 ego,
3460 3038 3553 3091 sed
3574 3038 3705 3106 sicut

456 3100 761 3159 lectationis
786 3104 988 3163 intima:
1010 3110 1143 3164 cibis
1170 3120 1480 3180 pascuntur,
1506 3116 1660 3182 quasi
1692 3116 1907 3187 largiori
1932 3118 2027 3171 ali-
2055 3100 2098 3159 Ο
2134 3128 2189 3172 tu
2203 3120 2300 3173 vis.
2322 3119 2706 3193 Suscepitergo
2726 3124 3053 3179 voluntatem
3070 3140 3265 3189 meam,
3285 3128 3520 3197 suscepit
3537 3127 3701 3181 tristi—

456 3201 638 3247 mento
673 3194 1045 3273 pinguescunt.
1098 3198 1207 3253 Hac
1250 3201 1393 3254 enim
1433 3202 1755 3273 pinguedine
1798 3207 2033 3276 saginari

454 3282 734 3341 Psalmista
748 3288 1113 3358 concupierat,
1127 3305 1248 3345 cum
1264 3292 1476 3348 dicebat
1496 3311 1507 3346 :
1529 3294 1677 3350 Sicut
1691 3298 1842 3369 adipe
1855 3309 1910 3353 et-
1920 3302 1973 3370 pi
1978 3320 2031 3355 n-

452 3378 946 3449 guedinerepleatur
966 3382 1142 3437 anima
1156 3400 1269 3438 mea
1308 3382 1619 3457 (Psalmm)
1655 3387 2031 3461 (RAB.)Quan-

451 3475 567 3522 tum
582 3484 706 3525 vero
720 3471 785 3525 ad
798 3472 966 3542 ipsam
978 3474 1271 3539 Dominicaz
1297 3478 1561 3548 passionis
1574 3478 2027 3561 dispensationem

453 3559 665 3625 attinet,
696 3569 818 3630 apte
864 3565 1296 3636 appropinquans
1323 3569 1487 3623 morti
1510 3569 1770 3629 Dominus
1798 3576 1860 3647 in
1892 3577 2028 3631 valle

449 3648 787 3719 pinguedinis
808 3654 1012 3707 oravit:
1032 3654 1164 3721 Quia
1178 3671 1277 3725 per
1299 3657 1490 3713 vallem
1506 3660 1823 3718 humilitatis
1838 3666 1991 3734 etpin
2010 3695 2025 3707 -

449 3742 732 3811 gueJinem
747 3742 894 3798 chari
904 3746 1026 3800 tatis
1039 3761 1137 3816 pro
1148 3748 1302 3804 nobis
1315 3758 1542 3810 morten)
1558 3754 1748 3809 subiit:
1766 3753 2030 3810 Humilia-

448 3832 515 3885 νὴ
539 3833 674 3885 enim
686 3836 1011 3905 semetipsum
1028 3837 1197 3907 factus
1211 3840 1450 3897 obediens
1468 3840 1619 3897 Patri
1631 3846 1878 3915 usquead
1887 3863 2023 3901 mor-
2069 3841 2072 3844 ’

435 3929 548 3981 tem
564 3920 781 3995 (Philip.
801 3925 883 3995 ιι).
907 3924 974 3979 Et
986 3928 1240 3997 majorem
1249 3929 1348 3984 hac
1368 3920 1693 3988 dilectionem
1708 3951 1857 3989 nemo
1872 3937 2021 3991 habet

448 4022 503 4065 ut
526 4014 752 4066 animam
773 4031 921 4069 suam
943 4019 1059 4086 quis
1078 4028 1235 4087 ponat
1255 4037 1349 4091 pro
1369 4022 1551 4077 amicis
1565 4011 1675 4078 suis
1720 4024 2017 4097 (Ioaruv).

432 4154 434 4157 .
522 4101 588 4155 Et
612 4102 744 4157 dixit
770 4102 1040 4175 discipulis
1060 4110 1204 4163 suis:
1227 4110 1414 4175 Sedete
1434 4113 1518 4166 hic
1540 4112 1703 4169 donec
1736 4117 1925 4183 cadam
1952 4118 2017 4171 il-

447 4191 532 4245 luc
553 4201 600 4245 et
625 4208 784 4247 orem.
817 4192 1085 4269 (Hierom)
1121 4197 1387 4270 Egressus
1419 4202 1484 4256 de
1531 4201 1691 4260 domo
1739 4204 1916 4273 Jesus,
1958 4209 2013 4261 in

447 4297 551 4351 qua
583 4297 704 4337 cum
735 4276 1012 4354 discipulis
1039 4288 1243 4357 pascha
1292 4288 1674 4360 manducabat,
1715 4293 1881 4363 jussit
1922 4312 2017 4351 eos

445 4371 634 4427 sedere
656 4373 944 4444 paulisper,
975 4384 1030 4431 et
1050 4388 1366 4448 exspectare
1386 4372 1699 4439 redeuntem
1723 4385 1895 4443 donec
1918 4403 2016 4458 pro

398 4496 403 4501 ι
445 4465 653 4521 cunctis
686 4465 942 4522 Dominus
971 4468 1116 4525 solus
1145 4480 1302 4526 oret:
1365 4474 1492 4543 quia
1534 4474 1652 4545 ejus
1702 4478 1883 4533 oratio
1919 4459 2016 4535 no—

446 4564 618 4610 strum
671 4559 910 4614 omnium
951 4569 1049 4641 est
1082 4550 1399 4635 redemptio.
1443 4565 1625 4642 (ΒΑιι.)
1662 4568 1848 4624 Fidem
1883 4586 2015 4642 ergo

448 4639 831 4717 discipulorum
860 4656 916 4703 et
942 4639 1305 4707 con-stantiam
1337 4655 1543 4711 devotae
1577 4639 1678 4713 sibi
1721 4639 2015 4716 voluntatis

445 4744 746 4803 acceperat,
776 4738 870 4792 sed
897 4748 951 4793 et
1000 4741 1292 4818 turbandos
1339 4752 1393 4799 et
1448 4744 1738 4803 dill‘usuros
1786 4750 2010 4816 sciebat,

446 4838 579 4891 quos
606 4826 793 4881 sedere
826 4828 882 4882 in
914 4829 1033 4885 ioco
1052 4829 1207 4899 jubet
1243 4834 1368 4888 dum
1395 4838 2011 4915 progrederetur'orare.

517 4916 583 4977 Et
595 4930 855 4990 assumpto
874 4920 1033 4990 Petro
1044 4935 1093 4979 et
1112 4925 1314 4981 duobus
1328 4926 1453 4996 ﬁliis
1468 4926 1707 4984 Zebedazi
1723 4933 1869 5001 coepit
1893 4950 2016 4988 con—

446 5008 648 5061 tristan’
674 5017 721 5061 et
741 5020 944 5066 maestus
966 5030 1093 5068 esse.
1122 5014 1391 5090 (Hierom)
1415 5017 1546 5073 Illud
1569 5022 1709 5088 quod
1737 5037 1897 5090 supra
1937 5024 2015 5077 di-

446 5099 623 5153 ximus
671 5099 737 5154 de
794 5103 1044 5169 passione
1090 5114 1144 5161 et
1172 5087 1277 5177 pro
1306 5087 1578 5177 passione,
1607 5110 1771 5163 etiam
1805 5112 1857 5164 in
1880 5127 2017 5180 pra:-

444 5188 581 5242 senti
618 5188 855 5259 capitulo
888 5190 1211 5261 ostenditur,
1256 5197 1397 5265 quod
1441 5198 1704 5253 Dominus
1732 5201 2013 5255 veritatem

444 5280 707 5349 assumpti
732 5281 988 5350 probaret
1019 5282 1249 5339 hominis
1269 5301 1393 5341 vere
1414 5288 1630 5356 quidem
1656 5290 2010 5344 contristatus

444 5368 536 5436 sit,
562 5369 657 5425 sed
694 5384 763 5425 ne
808 5370 987 5440 passio
1039 5372 1094 5425 in
1130 5374 1315 5429 animo
1348 5374 1492 5430 illius
1517 5378 1887 5432 dominaretur
1916 5394 2013 5448 per

442 5459 847 5528 propassionem
903 5462 1129 5537 eruperit
1192 5464 1523 5519 contristari.
1577 5465 2012 5523 Contristabatur

445 5567 549 5606 non
572 5552 765 5609 timore
788 5554 1025 5623 patiendi
1052 5554 1141 5624 qui
1168 5554 1233 5609 ad
1266 5557 1370 5611 hoc
1394 5566 1617 5611 venerat
1638 5566 2006 5627 utpateretur,

448 5653 500 5696 et
532 5640 748 5701 Petrum
778 5647 1077 5704 timiditatis
1099 5657 1368 5720 arguerat,
1388 5649 1481 5705 sed
1508 5659 1727 5721 propter
1751 5649 2006 5706 infelicis—

2136 3209 2267 3263 tiam
2296 3220 2490 3276 meam,
2518 3212 2847 3267 confidenter
2877 3214 3147 3268 tristitiam
3178 3215 3416 3278 nomino,
3438 3214 3567 3285 quia
3582 3230 3701 3269 an.

2134 3313 2249 3353 cem
2262 3300 2510 3368 praedico.
2539 3299 2653 3356 Mea
2677 3310 2759 3356 est
2780 3302 3022 3357 voluntas
3044 3304 3203 3372 quam
3222 3319 3373 3357 suam
3392 3306 3549 3368 dixit,
3574 3305 3700 3374 quia

2131 3397 2191 3442 ut
2204 3389 2365 3444 homo
2379 3391 2613 3460 suscepit
2628 3391 2901 3447 tristitiam
2916 3408 3112 3458 meam,
3129 3400 3187 3446 ut
3200 3393 3359 3447 homo
3375 3393 3583 3448 locutus
3596 3402 3695 3447 est.

2130 3479 2332 3535 Etideo
2358 3480 2435 3534 ait
2460 3500 2470 3535 :
2502 3481 2623 3536 Non
2651 3468 2781 3536 sicut
2805 3500 2896 3553 ego
2923 3483 3162 3549 volo,sed
3200 3484 3332 3537 sicut
3369 3494 3425 3537 tu
3456 3486 3554 3538 vis.
3585 3484 3699 3539 Mea

2129 3580 2211 3626 est
2246 3572 2463 3627 tristitia
2490 3564 2652 3644 quam
2685 3590 2805 3629 meo
2846 3578 3082 3645 suscepit
3140 3574 3357 3631 aliectu.
3408 3576 3551 3648 Ergo
3599 3594 3699 3647 pro

2129 3679 2217 3717 me
2237 3663 2405 3719 doluit
2430 3666 2520 3735 qui
2549 3682 2644 3735 pro
2669 3682 2726 3721 se
2752 3668 2881 3721 nihil
2906 3664 3092 3723 habuit
3111 3671 3253 3739 quod
3275 3669 3497 3725 doleret.
3524 3670 3590 3723 Et
3615 3686 3699 3723 se-

2126 3759 2401 3819 questrata
2425 3752 2777 3810 delectatione
2804 3757 3101 3813 divinitatis
3129 3766 3343 3813 :eternm
3370 3760 3531 3814 taedio
3568 3775 3700 3814 mea:

2127 3843 2457 3900 inﬁrmitatis
2487 3844 2733 3901 adicitur.
2768 3840 2982 3908 Tristis:
3017 3850 3211 3918 inquit,
3257 3861 3331 3904 est
3378 3852 3556 3904 animo
3582 3867 3695 3903 mea

2126 3951 2288 4007 usque
2312 3936 2381 3993 ad
2444 3946 2677 3991 mortem.
2731 3937 2844 3992 Non
2894 3947 3114 4008 propter
3150 3947 3380 3995 mortem
3416 3940 3589 3994 tristis
3614 3952 3695 3994 est

2123 4025 2401 4091 Dominus,
2433 4027 2555 4096 quia
2578 4041 2699 4082 eum
2728 4028 2963 4083 conditio
2990 4029 3288 4098 corporalis
3318 4027 3544 4084 allectus
3590 4046 3691 4083 non

2122 4117 2351 4174 formido
2382 4119 2572 4174 mortis
2619 4117 2859 4174 offendit.
2918 4118 3051 4173 Nam
3106 4120 3197 4189 qui
3238 4134 3435 4189 corpus
3462 4119 3694 4189 suscepit

2120 4208 2301 4263 omnia
2332 4208 2518 4263 debuit
2544 4208 2727 4263 subire
2754 4223 2873 4278 qua:
2901 4209 3143 4277 corporis
3179 4217 3326 4273 sunt,
3355 4215 3413 4261 ut
3440 4210 3688 4271 esuriret,

2094 4302 2320 4365 "sitiret,
2376 4309 2683 4371 angeretur,
2739 4301 3173 4355 contristaretur.
3219 4299 3486 4354 Divinitas
3513 4308 3689 4352 autem

2121 4390 2438 4444 commutari
2454 4404 2548 4460 per
2561 4389 2657 4443 hos
2670 4389 2841 4444 nescit
2865 4388 3103 4444 affectus.
3126 4388 3163 4444 S
3172 4389 3392 4443 ustinete
3418 4388 3524 4453 hic,
3544 4399 3591 4441 et
3616 4389 3688 4440 ri-

2120 4478 2274 4549 gilate
2301 4495 2519 4532 mecum.
2537 4478 2687 4545 Quod
2703 4479 3244 4550 prtecepiLSustincte
3266 4482 3372 4545 hic,
3398 4491 3449 4534 et
3475 4479 3683 4549 vigilate

2122 4588 2344 4636 mecum,
2389 4585 2497 4626 non
2542 4587 2571 4623 a
2625 4586 2813 4626 somno
2861 4571 3111 4641 prohibet
3147 4570 3299 4641 cujus
3344 4578 3557 4639 tempus
3586 4586 3688 4623 non

2121 4668 2252 4724 crat,
2284 4661 2596 4715 imminente
2623 4661 2949 4725 discriminc,
2990 4661 3084 4717 sed
3126 4677 3156 4716 a
3194 4676 3383 4715 somno
3410 4660 3687 4715 infidelita-

2122 4751 2209 4813 tis,
2238 4761 2292 4804 et
2319 4759 2534 4820 torpore
2558 4754 2771 4807 mentis.
2807 4752 3023 4807 Sciebat
3049 4753 3193 4808 enim
3223 4754 3541 4823 ingravante
3571 4752 3681 4805 dia-

2120 4838 2242 4892 bolo
2271 4838 2427 4891 fidem
2457 4855 2640 4893 eorum
2675 4842 3109 4910 consopiendam.
3136 4842 3326 4895 Parem
3356 4857 3537 4895 secum
3562 4841 3685 4910 vigi~

2120 4930 2340 4982 iamiam
2370 4931 2618 5000 imperat,
2650 4933 2844 5000 quibus
2870 4934 3057 4987 eadem
3086 4934 3265 5002 passio
3291 4934 3612 4987 immineret.

2193 5019 2259 5072 Et
2288 5036 2587 5089 progressus
2618 5022 2863 5090 pusillum
2905 5022 3126 5091 procidit
3175 5023 3228 5074 in
3276 5022 3467 5090 faciem
3512 5037 3678 5081 suam,

2120 5124 2275 5161 orans
2298 5118 2346 5161 et
2372 5109 2581 5163 dicens:
2614 5107 2777 5163 Pater
2806 5112 2895 5174 mi,
2921 5113 2971 5165 si
3001 5110 3245 5181 possibile
3272 5123 3370 5176 est,
3395 5122 3619 5165 transeat
3648 5129 3683 5164 α

2120 5215 2199 5251 me
2228 5198 2367 5252 calix
2386 5202 2501 5252 iste.
2535 5201 2668 5254 Dato
2688 5194 2947 5269 apostolis
2976 5191 3245 5272 prmcépto
3273 5212 3332 5256 ut
3361 5204 3680 5258 sustinerent

2118 5287 2506 5358 vigilarentque
2533 5304 2652 5343 cum
2683 5290 2928 5355 Domino,
2956 5291 3228 5360 paululum
3259 5292 3546 5361 procidens
3575 5291 3678 5344 ruit

2116 5380 2167 5431 in
2199 5379 2386 5432 faciem
2410 5395 2579 5444 suam,
2610 5390 2666 5434 ut
2695 5382 3048 5436 humilitatem
3078 5384 3274 5437 mentis
3296 5383 3482 5437 habitu
3506 5381 3679 5437 carnis

2112 5470 2375 5531 ostendat,
2405 5455 2637 5540 dicitque
2666 5470 3131 5537 blandiens,Pater
3159 5474 3249 5531 nti.
3278 5482 3332 5527 et
3360 5473 3595 5543 postulat
3618 5478 3674 5522 ut

2112 5562 2153 5613 si
2182 5560 2429 5627 possibile
2443 5562 2845 5617 sittranseatab
2871 5578 2933 5617 eo
2966 5564 3124 5627 calix,
3158 5566 3222 5617 de
3260 5580 3368 5633 quo
3404 5578 3565 5636 supra
3593 5560 3669 5613 di-

2111 5651 2303 5704 ximus.
2332 5650 2568 5706 Postulat
2597 5662 2771 5709 autem
2815 5670 2917 5709 non
2948 5654 3137 5709 timur‘e
3163 5654 3547 5721 patiendi,~sc.l
3577 5650 3674 5705 mi-
3726 5704 3731 5711 .
