  <div class='ocr_page' id='page_1' title='image "/cluster/home/n/w/nwhite01/storage/ocr_20150623/107/uva.x000827064/562.png"; bbox 0 0 3922 6388; ppageno 0'>
   <div class='ocr_carea' id='block_1_1' title="bbox 185 357 321 416">
    <p class='ocr_par' dir='ltr' id='par_1_1' title="bbox 185 357 321 416">
     <span class='ocr_line' id='line_1_1' title="bbox 185 357 321 416; baseline -0.007 0"><span class='ocrx_word' id='word_1_1' title='bbox 185 357 321 416; x_wconf 72' lang='lat'><strong>“15</strong></span> 
     </span>
    </p>
   </div>
   <div class='ocr_carea' id='block_1_2' title="bbox 180 555 1746 634">
    <p class='ocr_par' dir='ltr' id='par_1_2' title="bbox 180 555 1746 634">
     <span class='ocr_line' id='line_1_2' title="bbox 180 555 1746 634; baseline -0.006 -16"><span class='ocrx_word' id='word_1_2' title='bbox 180 565 540 634; x_wconf 81' lang='lat' dir='ltr'><strong>propinatum.</strong></span> <span class='ocrx_word' id='word_1_3' title='bbox 568 560 717 615; x_wconf 82' lang='lat' dir='ltr'>Unde</span> <span class='ocrx_word' id='word_1_4' title='bbox 758 568 811 615; x_wconf 93' lang='lat' dir='ltr'><strong>et</strong></span> <span class='ocrx_word' id='word_1_5' title='bbox 857 560 1130 631; x_wconf 89' lang='lat' dir='ltr'><strong>signanter</strong></span> <span class='ocrx_word' id='word_1_6' title='bbox 1161 574 1266 612; x_wconf 90' lang='lat' dir='ltr'><strong>non</strong></span> <span class='ocrx_word' id='word_1_7' title='bbox 1312 558 1465 619; x_wconf 80' lang='lat' dir='ltr'><strong>dixit,</strong></span> <span class='ocrx_word' id='word_1_8' title='bbox 1496 555 1746 610; x_wconf 85' lang='lat' dir='ltr'><strong>Transeat</strong></span> 
     </span>
    </p>
   </div>
   <div class='ocr_carea' id='block_1_3' title="bbox 180 645 1743 717">
    <p class='ocr_par' dir='ltr' id='par_1_3' title="bbox 180 645 1743 717">
     <span class='ocr_line' id='line_1_3' title="bbox 180 645 1743 717; baseline -0.006 -10"><span class='ocrx_word' id='word_1_9' title='bbox 180 672 213 707; x_wconf 82' lang='grc' dir='ltr'><em>α</em></span> <span class='ocrx_word' id='word_1_10' title='bbox 236 670 318 707; x_wconf 91' lang='lat' dir='ltr'><strong>me</strong></span> <span class='ocrx_word' id='word_1_11' title='bbox 343 651 503 715; x_wconf 71' lang='lat' dir='ltr'><strong>calix,</strong></span> <span class='ocrx_word' id='word_1_12' title='bbox 528 648 620 703; x_wconf 86' lang='lat' dir='ltr'><strong>sed</strong></span> <span class='ocrx_word' id='word_1_13' title='bbox 650 649 788 704; x_wconf 80' lang='lat' dir='ltr'><strong>catia:</strong></span> <span class='ocrx_word' id='word_1_14' title='bbox 812 650 927 715; x_wconf 86' lang='lat' dir='ltr'><strong>iste,</strong></span> <span class='ocrx_word' id='word_1_15' title='bbox 961 651 1065 708; x_wconf 88' lang='lat' dir='ltr'><strong>hoc</strong></span> <span class='ocrx_word' id='word_1_16' title='bbox 1088 656 1171 703; x_wconf 90' lang='lat' dir='ltr'><strong>est</strong></span> <span class='ocrx_word' id='word_1_17' title='bbox 1210 646 1390 717; x_wconf 90' lang='lat' dir='ltr'><strong>populi</strong></span> <span class='ocrx_word' id='word_1_18' title='bbox 1420 645 1743 710; x_wconf 70' lang='lat' dir='ltr'><strong>Judzeorum,</strong></span> 
     </span>
    </p>
   </div>
   <div class='ocr_carea' id='block_1_4' title="bbox 178 736 1747 813">
    <p class='ocr_par' dir='ltr' id='par_1_4' title="bbox 178 736 1747 813">
     <span class='ocr_line' id='line_1_4' title="bbox 178 736 1747 813; baseline -0.005 -16"><span class='ocrx_word' id='word_1_19' title='bbox 178 745 274 813; x_wconf 90' lang='lat' dir='ltr'><strong>qui</strong></span> <span class='ocrx_word' id='word_1_20' title='bbox 315 740 712 797; x_wconf 71' lang='lat' dir='ltr'><strong>excusationem</strong></span> <span class='ocrx_word' id='word_1_21' title='bbox 752 740 1066 811; x_wconf 71' lang='lat' dir='ltr'><strong>ignorantia:</strong></span> <span class='ocrx_word' id='word_1_22' title='bbox 1103 740 1305 793; x_wconf 90' lang='lat' dir='ltr'><strong>habere</strong></span> <span class='ocrx_word' id='word_1_23' title='bbox 1341 753 1447 792; x_wconf 91' lang='lat' dir='ltr'><strong>non</strong></span> <span class='ocrx_word' id='word_1_24' title='bbox 1486 744 1660 807; x_wconf 86' lang='lat' dir='ltr'><strong>potest</strong></span> <span class='ocrx_word' id='word_1_25' title='bbox 1702 736 1747 790; x_wconf 91' lang='lat' dir='ltr'><strong>si</strong></span> 
     </span>
    </p>
   </div>
   <div class='ocr_carea' id='block_1_5' title="bbox 177 918 1745 986">
    <p class='ocr_par' dir='ltr' id='par_1_5' title="bbox 177 918 1745 986">
     <span class='ocr_line' id='line_1_5' title="bbox 177 918 1745 986; baseline -0.006 -7"><span class='ocrx_word' id='word_1_26' title='bbox 177 926 268 979; x_wconf 92' lang='lat' dir='ltr'><strong>die</strong></span> <span class='ocrx_word' id='word_1_27' title='bbox 292 924 668 977; x_wconf 87' lang='lat' dir='ltr'><strong>vaticinantur.</strong></span> <span class='ocrx_word' id='word_1_28' title='bbox 698 920 768 977; x_wconf 93' lang='lat' dir='ltr'><strong>Ut</strong></span> <span class='ocrx_word' id='word_1_29' title='bbox 794 929 973 975; x_wconf 86' lang='lat' dir='ltr'><strong>tamen</strong></span> <span class='ocrx_word' id='word_1_30' title='bbox 1006 928 1287 973; x_wconf 87' lang='lat' dir='ltr'><strong>revertens</strong></span> <span class='ocrx_word' id='word_1_31' title='bbox 1317 919 1367 971; x_wconf 92' lang='lat' dir='ltr'><strong>in</strong></span> <span class='ocrx_word' id='word_1_32' title='bbox 1400 918 1745 986; x_wconf 84' lang='lat' dir='ltr'><strong>semetipsum</strong></span> 
     </span>
    </p>
   </div>
   <div class='ocr_carea' id='block_1_6' title="bbox 175 1010 1833 1085">
    <p class='ocr_par' dir='ltr' id='par_1_6' title="bbox 175 1010 1833 1085">
     <span class='ocr_line' id='line_1_6' title="bbox 175 1010 1833 1085; baseline -0.008 -16"><span class='ocrx_word' id='word_1_33' title='bbox 175 1016 323 1085; x_wconf 81' lang='lat' dir='ltr'><strong>quod</strong></span> <span class='ocrx_word' id='word_1_34' title='bbox 372 1030 437 1070; x_wconf 85' lang='lat' dir='ltr'><strong>ex</strong></span> <span class='ocrx_word' id='word_1_35' title='bbox 478 1014 709 1068; x_wconf 91' lang='lat' dir='ltr'><strong>hominis</strong></span> <span class='ocrx_word' id='word_1_36' title='bbox 745 1026 971 1081; x_wconf 81' lang='lat' dir='ltr'><strong>persona</strong></span> <span class='ocrx_word' id='word_1_37' title='bbox 1011 1010 1338 1079; x_wconf 79' lang='lat' dir='ltr'><strong>trepidanter</strong></span> <span class='ocrx_word' id='word_1_38' title='bbox 1375 1016 1643 1069; x_wconf 90' lang='lat' dir='ltr'><strong>renuerat,</strong></span> <span class='ocrx_word' id='word_1_39' title='bbox 1680 1023 1746 1062; x_wconf 77' lang='lat' dir='ltr'><strong>ex</strong></span> <span class='ocrx_word' id='word_1_40' title='bbox 1828 1050 1833 1055; x_wconf 89' lang='lat'><strong>.</strong></span> 
     </span>
    </p>
   </div>
   <div class='ocr_carea' id='block_1_7' title="bbox 175 1100 1109 1174">
    <p class='ocr_par' dir='ltr' id='par_1_7' title="bbox 175 1100 1109 1174">
     <span class='ocr_line' id='line_1_7' title="bbox 175 1100 1109 1174; baseline -0.005 -15"><span class='ocrx_word' id='word_1_41' title='bbox 175 1105 275 1160; x_wconf 88' lang='lat' dir='ltr'><strong>Dei</strong></span> <span class='ocrx_word' id='word_1_42' title='bbox 308 1104 505 1174; x_wconf 85' lang='lat' dir='ltr'><strong>ﬁliique</strong></span> <span class='ocrx_word' id='word_1_43' title='bbox 526 1111 788 1173; x_wconf 84' lang='lat' dir='ltr'><strong>potestate</strong></span> <span class='ocrx_word' id='word_1_44' title='bbox 809 1100 1109 1155; x_wconf 91' lang='lat' dir='ltr'><strong>conﬁrmat.</strong></span> 
     </span>
    </p>
   </div>
   <div class='ocr_carea' id='block_1_8' title="bbox 264 1185 1744 1258">
    <p class='ocr_par' dir='ltr' id='par_1_8' title="bbox 264 1185 1744 1258">
     <span class='ocr_line' id='line_1_8' title="bbox 264 1185 1744 1258; baseline -0.003 -14"><span class='ocrx_word' id='word_1_45' title='bbox 264 1191 607 1245; x_wconf 84' lang='lat' dir='ltr'><strong>Verumtatem</strong></span> <span class='ocrx_word' id='word_1_46' title='bbox 630 1208 732 1244; x_wconf 86' lang='lat' dir='ltr'><strong>non</strong></span> <span class='ocrx_word' id='word_1_47' title='bbox 758 1192 889 1243; x_wconf 93' lang='lat' dir='ltr'><strong>sicut</strong></span> <span class='ocrx_word' id='word_1_48' title='bbox 918 1206 1008 1258; x_wconf 87' lang='lat' dir='ltr'><strong>ego</strong></span> <span class='ocrx_word' id='word_1_49' title='bbox 1030 1188 1163 1252; x_wconf 91' lang='lat' dir='ltr'><strong>volo,</strong></span> <span class='ocrx_word' id='word_1_50' title='bbox 1190 1188 1281 1241; x_wconf 89' lang='lat' dir='ltr'><strong>sed</strong></span> <span class='ocrx_word' id='word_1_51' title='bbox 1300 1191 1435 1241; x_wconf 83' lang='lat' dir='ltr'><strong>sicut</strong></span> <span class='ocrx_word' id='word_1_52' title='bbox 1466 1197 1541 1240; x_wconf 88' lang='lat' dir='ltr'><strong>tu.</strong></span> <span class='ocrx_word' id='word_1_53' title='bbox 1566 1185 1744 1257; x_wconf 71' lang='grc' dir='ltr'><strong>(ΗΑΒ.)</strong></span> 
     </span>
    </p>
   </div>
   <div class='ocr_carea' id='block_1_9' title="bbox 171 1277 1744 1353">
    <p class='ocr_par' dir='ltr' id='par_1_9' title="bbox 171 1277 1744 1353">
     <span class='ocr_line' id='line_1_9' title="bbox 171 1277 1744 1353; baseline -0.003 -18"><span class='ocrx_word' id='word_1_54' title='bbox 171 1280 323 1353; x_wconf 79' lang='lat' dir='ltr'><strong>Non,</strong></span> <span class='ocrx_word' id='word_1_55' title='bbox 358 1283 547 1352; x_wconf 82' lang='lat' dir='ltr'><strong>inquit,</strong></span> <span class='ocrx_word' id='word_1_56' title='bbox 585 1283 688 1336; x_wconf 87' lang='lat' dir='ltr'><strong>hoc</strong></span> <span class='ocrx_word' id='word_1_57' title='bbox 732 1279 824 1335; x_wconf 89' lang='lat' dir='ltr'><strong>ﬁat</strong></span> <span class='ocrx_word' id='word_1_58' title='bbox 858 1279 1000 1349; x_wconf 89' lang='lat' dir='ltr'><strong>quod</strong></span> <span class='ocrx_word' id='word_1_59' title='bbox 1036 1280 1271 1333; x_wconf 90' lang='lat' dir='ltr'><strong>humano</strong></span> <span class='ocrx_word' id='word_1_60' title='bbox 1303 1277 1498 1333; x_wconf 85' lang='lat' dir='ltr'><strong>aﬁ‘ectu</strong></span> <span class='ocrx_word' id='word_1_61' title='bbox 1535 1278 1744 1347; x_wconf 82' lang='lat' dir='ltr'><strong>loquOr,</strong></span> 
     </span>
    </p>
   </div>
   <div class='ocr_carea' id='block_1_10' title="bbox 172 1370 1745 1444">
    <p class='ocr_par' dir='ltr' id='par_1_10' title="bbox 172 1370 1745 1444">
     <span class='ocr_line' id='line_1_10' title="bbox 172 1370 1745 1444; baseline -0.006 -13"><span class='ocrx_word' id='word_1_62' title='bbox 172 1377 271 1431; x_wconf 85' lang='lat' dir='ltr'><strong>sed</strong></span> <span class='ocrx_word' id='word_1_63' title='bbox 296 1376 357 1429; x_wconf 88' lang='lat' dir='ltr'><strong>id</strong></span> <span class='ocrx_word' id='word_1_64' title='bbox 373 1384 590 1444; x_wconf 89' lang='lat' dir='ltr'><strong>propter</strong></span> <span class='ocrx_word' id='word_1_65' title='bbox 611 1374 754 1443; x_wconf 88' lang='lat' dir='ltr'><strong>quod</strong></span> <span class='ocrx_word' id='word_1_66' title='bbox 782 1373 848 1426; x_wconf 90' lang='lat' dir='ltr'><strong>ad</strong></span> <span class='ocrx_word' id='word_1_67' title='bbox 872 1380 1046 1425; x_wconf 88' lang='lat' dir='ltr'><strong>terras</strong></span> <span class='ocrx_word' id='word_1_68' title='bbox 1067 1379 1155 1424; x_wconf 92' lang='lat' dir='ltr'><strong>tua</strong></span> <span class='ocrx_word' id='word_1_69' title='bbox 1170 1371 1449 1424; x_wconf 86' lang='lat' dir='ltr'><strong>voluntate</strong></span> <span class='ocrx_word' id='word_1_70' title='bbox 1472 1370 1745 1425; x_wconf 86' lang='lat' dir='ltr'><strong>descendi.</strong></span> 
     </span>
    </p>
   </div>
   <div class='ocr_carea' id='block_1_11' title="bbox 176 1454 1747 1537">
    <p class='ocr_par' dir='ltr' id='par_1_11' title="bbox 176 1454 1747 1537">
     <span class='ocr_line' id='line_1_11' title="bbox 176 1454 1747 1537; baseline -0.004 -16"><span class='ocrx_word' id='word_1_71' title='bbox 176 1468 231 1521; x_wconf 89' lang='lat' dir='ltr'><strong>Si</strong></span> <span class='ocrx_word' id='word_1_72' title='bbox 262 1483 411 1537; x_wconf 87' lang='lat' dir='ltr'><strong>ergo,</strong></span> <span class='ocrx_word' id='word_1_73' title='bbox 444 1467 638 1536; x_wconf 86' lang='lat' dir='ltr'><strong>inquit,</strong></span> <span class='ocrx_word' id='word_1_74' title='bbox 684 1454 813 1519; x_wconf 82' lang='lat' dir='ltr'><strong>ﬁeri</strong></span> <span class='ocrx_word' id='word_1_75' title='bbox 838 1471 1015 1533; x_wconf 85' lang='lat' dir='ltr'><strong>potest</strong></span> <span class='ocrx_word' id='word_1_76' title='bbox 1048 1471 1106 1516; x_wconf 91' lang='lat' dir='ltr'><strong>ut</strong></span> <span class='ocrx_word' id='word_1_77' title='bbox 1140 1463 1257 1517; x_wconf 85' lang='lat' dir='ltr'><strong>sine</strong></span> <span class='ocrx_word' id='word_1_78' title='bbox 1282 1462 1500 1515; x_wconf 90' lang='lat' dir='ltr'><strong>interitu</strong></span> <span class='ocrx_word' id='word_1_79' title='bbox 1532 1461 1747 1515; x_wconf 67' lang='lat' dir='ltr'><strong>Judaeo-</strong></span> 
     </span>
    </p>
   </div>
   <div class='ocr_carea' id='block_1_12' title="bbox 173 1544 1741 1629">
    <p class='ocr_par' dir='ltr' id='par_1_12' title="bbox 173 1544 1741 1629">
     <span class='ocr_line' id='line_1_12' title="bbox 173 1544 1741 1629; baseline -0.004 -17"><span class='ocrx_word' id='word_1_80' title='bbox 173 1574 294 1611; x_wconf 90' lang='lat' dir='ltr'><strong>rum</strong></span> <span class='ocrx_word' id='word_1_81' title='bbox 335 1556 519 1612; x_wconf 88' lang='lat' dir='ltr'><strong>credat</strong></span> <span class='ocrx_word' id='word_1_82' title='bbox 545 1544 783 1629; x_wconf 68' lang='lat' dir='ltr'><strong>gentium</strong></span> <span class='ocrx_word' id='word_1_83' title='bbox 820 1553 1124 1618; x_wconf 73' lang='lat' dir='ltr'><strong>mulzitudo,</strong></span> <span class='ocrx_word' id='word_1_84' title='bbox 1166 1553 1475 1622; x_wconf 80' lang='lat' dir='ltr'><strong>passionem</strong></span> <span class='ocrx_word' id='word_1_85' title='bbox 1517 1565 1741 1615; x_wconf 88' lang='lat' dir='ltr'><strong>recuso;</strong></span> 
     </span>
    </p>
   </div>
   <div class='ocr_carea' id='block_1_13' title="bbox 174 1641 1747 1712">
    <p class='ocr_par' dir='ltr' id='par_1_13' title="bbox 174 1641 1747 1712">
     <span class='ocr_line' id='line_1_13' title="bbox 174 1641 1747 1712; baseline -0.004 -10"><span class='ocrx_word' id='word_1_86' title='bbox 174 1648 259 1702; x_wconf 89' lang='lat' dir='ltr'><strong>sin</strong></span> <span class='ocrx_word' id='word_1_87' title='bbox 300 1655 478 1702; x_wconf 89' lang='lat' dir='ltr'><strong>autem</strong></span> <span class='ocrx_word' id='word_1_88' title='bbox 519 1646 592 1700; x_wconf 89' lang='lat' dir='ltr'><strong>illi</strong></span> <span class='ocrx_word' id='word_1_89' title='bbox 634 1644 939 1699; x_wconf 69' lang='lat' dir='ltr'><strong>excaecandi</strong></span> <span class='ocrx_word' id='word_1_90' title='bbox 980 1651 1103 1698; x_wconf 91' lang='lat' dir='ltr'><strong>sunt</strong></span> <span class='ocrx_word' id='word_1_91' title='bbox 1142 1653 1201 1696; x_wconf 89' lang='lat' dir='ltr'><strong>ut</strong></span> <span class='ocrx_word' id='word_1_92' title='bbox 1235 1656 1422 1697; x_wconf 90' lang='lat' dir='ltr'><strong>omnes</strong></span> <span class='ocrx_word' id='word_1_93' title='bbox 1453 1648 1641 1712; x_wconf 80' lang='lat' dir='ltr'><strong>gentes</strong></span> <span class='ocrx_word' id='word_1_94' title='bbox 1669 1641 1747 1695; x_wconf 88' lang='lat' dir='ltr'><strong>vi-</strong></span> 
     </span>
    </p>
   </div>
   <div class='ocr_carea' id='block_1_14' title="bbox 176 1730 1745 1806">
    <p class='ocr_par' dir='ltr' id='par_1_14' title="bbox 176 1730 1745 1806">
     <span class='ocr_line' id='line_1_14' title="bbox 176 1730 1745 1806; baseline -0.006 -11"><span class='ocrx_word' id='word_1_95' title='bbox 176 1742 364 1806; x_wconf 81' lang='lat' dir='ltr'><strong>deant,</strong></span> <span class='ocrx_word' id='word_1_96' title='bbox 400 1758 501 1794; x_wconf 88' lang='lat' dir='ltr'><strong>non</strong></span> <span class='ocrx_word' id='word_1_97' title='bbox 517 1756 653 1804; x_wconf 89' lang='lat' dir='ltr'><strong>mea,</strong></span> <span class='ocrx_word' id='word_1_98' title='bbox 689 1736 868 1803; x_wconf 84' lang='lat' dir='ltr'><strong>Pater,</strong></span> <span class='ocrx_word' id='word_1_99' title='bbox 900 1736 1256 1800; x_wconf 82' lang='lat' dir='ltr'><strong>voluntas,sed</strong></span> <span class='ocrx_word' id='word_1_100' title='bbox 1285 1744 1375 1788; x_wconf 90' lang='lat' dir='ltr'><strong>tua</strong></span> <span class='ocrx_word' id='word_1_101' title='bbox 1395 1736 1508 1803; x_wconf 80' lang='lat' dir='ltr'><strong>ﬁat.</strong></span> <span class='ocrx_word' id='word_1_102' title='bbox 1541 1730 1745 1805; x_wconf 85' lang='lat' dir='ltr'><strong>(Greg.)</strong></span> 
     </span>
    </p>
   </div>
   <div class='ocr_carea' id='block_1_15' title="bbox 169 1824 1744 1901">
    <p class='ocr_par' dir='ltr' id='par_1_15' title="bbox 169 1824 1744 1901">
     <span class='ocr_line' id='line_1_15' title="bbox 169 1824 1744 1901; baseline -0.006 -15"><span class='ocrx_word' id='word_1_103' title='bbox 169 1832 345 1886; x_wconf 74' lang='lat' dir='ltr'><strong>Aliter</strong></span> <span class='ocrx_word' id='word_1_104' title='bbox 366 1832 796 1901; x_wconf 80' lang='lat' dir='ltr'><strong>appropinquans</strong></span> <span class='ocrx_word' id='word_1_105' title='bbox 822 1829 1059 1899; x_wconf 88' lang='lat' dir='ltr'><strong>passioni</strong></span> <span class='ocrx_word' id='word_1_106' title='bbox 1082 1828 1329 1882; x_wconf 84' lang='lat' dir='ltr'><strong>Salvator</strong></span> <span class='ocrx_word' id='word_1_107' title='bbox 1355 1824 1744 1879; x_wconf 81' lang='lat' dir='ltr'><strong>infirmantium</strong></span> 
     </span>
    </p>
   </div>
   <div class='ocr_carea' id='block_1_16' title="bbox 174 1916 1750 1991">
    <p class='ocr_par' dir='ltr' id='par_1_16' title="bbox 174 1916 1750 1991">
     <span class='ocr_line' id='line_1_16' title="bbox 174 1916 1750 1991; baseline -0.005 -14"><span class='ocrx_word' id='word_1_108' title='bbox 174 1922 227 1977; x_wconf 88' lang='lat' dir='ltr'><strong>in</strong></span> <span class='ocrx_word' id='word_1_109' title='bbox 258 1938 317 1977; x_wconf 91' lang='lat' dir='ltr'><strong>se</strong></span> <span class='ocrx_word' id='word_1_110' title='bbox 346 1938 529 1977; x_wconf 88' lang='lat' dir='ltr'><strong>vocem</strong></span> <span class='ocrx_word' id='word_1_111' title='bbox 556 1922 843 1991; x_wconf 87' lang='lat' dir='ltr'><strong>assumpsit</strong></span> <span class='ocrx_word' id='word_1_112' title='bbox 866 1922 1077 1975; x_wconf 88' lang='lat' dir='ltr'><strong>dicens:</strong></span> <span class='ocrx_word' id='word_1_113' title='bbox 1116 1919 1294 1984; x_wconf 89' lang='lat' dir='ltr'><strong>Pater,</strong></span> <span class='ocrx_word' id='word_1_114' title='bbox 1313 1920 1359 1972; x_wconf 86' lang='lat' dir='ltr'><strong>si</strong></span> <span class='ocrx_word' id='word_1_115' title='bbox 1389 1919 1487 1983; x_wconf 84' lang='lat' dir='ltr'><strong>vis,</strong></span> <span class='ocrx_word' id='word_1_116' title='bbox 1519 1916 1750 1986; x_wconf 81' lang='lat' dir='ltr'><strong>transfer</strong></span> 
     </span>
    </p>
   </div>
   <div class='ocr_carea' id='block_1_17' title="bbox 173 2009 1748 2079">
    <p class='ocr_par' dir='ltr' id='par_1_17' title="bbox 173 2009 1748 2079">
     <span class='ocr_line' id='line_1_17' title="bbox 173 2009 1748 2079; baseline -0.004 -12"><span class='ocrx_word' id='word_1_117' title='bbox 173 2013 394 2067; x_wconf 87' lang='lat' dir='ltr'><strong>calicem</strong></span> <span class='ocrx_word' id='word_1_118' title='bbox 411 2013 564 2066; x_wconf 87' lang='lat' dir='ltr'><strong>istum</strong></span> <span class='ocrx_word' id='word_1_119' title='bbox 583 2030 612 2063; x_wconf 92' lang='lat' dir='ltr'><strong>a</strong></span> <span class='ocrx_word' id='word_1_120' title='bbox 643 2029 722 2065; x_wconf 92' lang='lat' dir='ltr'><strong>me</strong></span> <span class='ocrx_word' id='word_1_121' title='bbox 740 2031 756 2065; x_wconf 94' lang='grc'><strong>.·</strong></span> <span class='ocrx_word' id='word_1_122' title='bbox 784 2026 1075 2079; x_wconf 87' lang='lat' dir='ltr'><strong>eorumque</strong></span> <span class='ocrx_word' id='word_1_123' title='bbox 1105 2011 1351 2065; x_wconf 90' lang='lat' dir='ltr'><strong>timorem</strong></span> <span class='ocrx_word' id='word_1_124' title='bbox 1378 2016 1437 2062; x_wconf 89' lang='lat' dir='ltr'><strong>ut</strong></span> <span class='ocrx_word' id='word_1_125' title='bbox 1467 2009 1748 2063; x_wconf 78' lang='lat' dir='ltr'><strong>abstrahe—</strong></span> 
     </span>
    </p>
   </div>
   <div class='ocr_carea' id='block_1_18' title="bbox 174 2100 1745 2173">
    <p class='ocr_par' dir='ltr' id='par_1_18' title="bbox 174 2100 1745 2173">
     <span class='ocr_line' id='line_1_18' title="bbox 174 2100 1745 2173; baseline -0.004 -13"><span class='ocrx_word' id='word_1_126' title='bbox 174 2113 259 2161; x_wconf 85' lang='lat' dir='ltr'><strong>ret</strong></span> <span class='ocrx_word' id='word_1_127' title='bbox 285 2104 542 2173; x_wconf 89' lang='lat' dir='ltr'><strong>suscepit.</strong></span> <span class='ocrx_word' id='word_1_128' title='bbox 570 2104 635 2157; x_wconf 89' lang='lat' dir='ltr'><strong>Et</strong></span> <span class='ocrx_word' id='word_1_129' title='bbox 668 2119 851 2173; x_wconf 82' lang='lat' dir='ltr'><strong>rursus</strong></span> <span class='ocrx_word' id='word_1_130' title='bbox 871 2118 967 2172; x_wconf 88' lang='lat' dir='ltr'><strong>per</strong></span> <span class='ocrx_word' id='word_1_131' title='bbox 992 2102 1350 2156; x_wconf 85' lang='lat' dir='ltr'><strong>obedientiam</strong></span> <span class='ocrx_word' id='word_1_132' title='bbox 1373 2100 1745 2155; x_wconf 88' lang='lat' dir='ltr'><strong>fortitudinem</strong></span> 
     </span>
    </p>
   </div>
   <div class='ocr_carea' id='block_1_19' title="bbox 172 2188 1749 2257">
    <p class='ocr_par' dir='ltr' id='par_1_19' title="bbox 172 2188 1749 2257">
     <span class='ocr_line' id='line_1_19' title="bbox 172 2188 1749 2257; baseline -0.004 -9"><span class='ocrx_word' id='word_1_133' title='bbox 172 2195 375 2248; x_wconf 89' lang='lat' dir='ltr'><strong>mentis</strong></span> <span class='ocrx_word' id='word_1_134' title='bbox 402 2194 710 2257; x_wconf 85' lang='lat' dir='ltr'><strong>ostendens,</strong></span> <span class='ocrx_word' id='word_1_135' title='bbox 738 2191 810 2245; x_wconf 85' lang='lat' dir='ltr'><strong>ait</strong></span> <span class='ocrx_word' id='word_1_136' title='bbox 836 2207 849 2244; x_wconf 91' lang='lat'><strong>:</strong></span> <span class='ocrx_word' id='word_1_137' title='bbox 881 2190 1248 2245; x_wconf 79' lang='lat' dir='ltr'><strong>Verumtamen</strong></span> <span class='ocrx_word' id='word_1_138' title='bbox 1276 2208 1379 2243; x_wconf 87' lang='lat' dir='ltr'><strong>non</strong></span> <span class='ocrx_word' id='word_1_139' title='bbox 1415 2206 1528 2243; x_wconf 89' lang='lat' dir='ltr'><strong>mea</strong></span> <span class='ocrx_word' id='word_1_140' title='bbox 1563 2188 1749 2242; x_wconf 85' lang='lat' dir='ltr'><strong>volun-</strong></span> 
     </span>
    </p>
   </div>
   <div class='ocr_carea' id='block_1_20' title="bbox 172 2278 1749 2349">
    <p class='ocr_par' dir='ltr' id='par_1_20' title="bbox 172 2278 1749 2349">
     <span class='ocr_line' id='line_1_20' title="bbox 172 2278 1749 2349; baseline -0.004 -12"><span class='ocrx_word' id='word_1_141' title='bbox 172 2293 278 2347; x_wconf 88' lang='lat' dir='ltr'><strong>tas,</strong></span> <span class='ocrx_word' id='word_1_142' title='bbox 306 2283 398 2336; x_wconf 88' lang='lat' dir='ltr'><strong>sed</strong></span> <span class='ocrx_word' id='word_1_143' title='bbox 422 2291 514 2335; x_wconf 90' lang='lat' dir='ltr'><strong>tua</strong></span> <span class='ocrx_word' id='word_1_144' title='bbox 534 2281 647 2349; x_wconf 79' lang='lat' dir='ltr'><strong>ﬁat.</strong></span> <span class='ocrx_word' id='word_1_145' title='bbox 677 2282 744 2335; x_wconf 89' lang='lat' dir='ltr'><strong>Ut</strong></span> <span class='ocrx_word' id='word_1_146' title='bbox 767 2296 886 2335; x_wconf 93' lang='lat' dir='ltr'><strong>cum</strong></span> <span class='ocrx_word' id='word_1_147' title='bbox 922 2282 1023 2334; x_wconf 89' lang='lat' dir='ltr'><strong>hoc</strong></span> <span class='ocrx_word' id='word_1_148' title='bbox 1053 2280 1297 2334; x_wconf 79' lang='lat' dir='ltr'><strong>imminet</strong></span> <span class='ocrx_word' id='word_1_149' title='bbox 1324 2280 1465 2347; x_wconf 88' lang='lat' dir='ltr'><strong>quod</strong></span> <span class='ocrx_word' id='word_1_150' title='bbox 1493 2278 1606 2332; x_wconf 88' lang='lat' dir='ltr'><strong>ﬁeri</strong></span> <span class='ocrx_word' id='word_1_151' title='bbox 1652 2292 1749 2331; x_wconf 58' lang='lat' dir='ltr'><strong>no.</strong></span> 
     </span>
    </p>
   </div>
   <div class='ocr_carea' id='block_1_21' title="bbox 170 2368 1743 2442">
    <p class='ocr_par' dir='ltr' id='par_1_21' title="bbox 170 2368 1743 2442">
     <span class='ocr_line' id='line_1_21' title="bbox 170 2368 1743 2442; baseline -0.004 -14"><span class='ocrx_word' id='word_1_152' title='bbox 170 2373 388 2439; x_wconf 84' lang='lat' dir='ltr'><strong>lumus,</strong></span> <span class='ocrx_word' id='word_1_153' title='bbox 445 2374 522 2428; x_wconf 91' lang='lat' dir='ltr'><strong>sic</strong></span> <span class='ocrx_word' id='word_1_154' title='bbox 573 2388 670 2442; x_wconf 92' lang='lat' dir='ltr'><strong>per</strong></span> <span class='ocrx_word' id='word_1_155' title='bbox 707 2371 1073 2425; x_wconf 89' lang='lat' dir='ltr'><strong>inﬁrmitatem</strong></span> <span class='ocrx_word' id='word_1_156' title='bbox 1109 2379 1372 2440; x_wconf 83' lang='lat' dir='ltr'><strong>petamus,</strong></span> <span class='ocrx_word' id='word_1_157' title='bbox 1408 2378 1467 2422; x_wconf 89' lang='lat' dir='ltr'><strong>ut</strong></span> <span class='ocrx_word' id='word_1_158' title='bbox 1492 2384 1595 2423; x_wconf 95' lang='lat' dir='ltr'><strong>non</strong></span> <span class='ocrx_word' id='word_1_159' title='bbox 1629 2368 1743 2433; x_wconf 89' lang='lat' dir='ltr'><strong>ﬁat,</strong></span> 
     </span>
    </p>
   </div>
   <div class='ocr_carea' id='block_1_22' title="bbox 170 2459 1746 2532">
    <p class='ocr_par' dir='ltr' id='par_1_22' title="bbox 170 2459 1746 2532">
     <span class='ocr_line' id='line_1_22' title="bbox 170 2459 1746 2532; baseline -0.002 -16"><span class='ocrx_word' id='word_1_160' title='bbox 170 2472 439 2532; x_wconf 84' lang='lat' dir='ltr'><strong>quatenus</strong></span> <span class='ocrx_word' id='word_1_161' title='bbox 464 2477 558 2531; x_wconf 87' lang='lat' dir='ltr'><strong>per</strong></span> <span class='ocrx_word' id='word_1_162' title='bbox 585 2460 949 2515; x_wconf 84' lang='lat' dir='ltr'><strong>fortitudinem</strong></span> <span class='ocrx_word' id='word_1_163' title='bbox 977 2461 1147 2530; x_wconf 78' lang='lat' dir='ltr'><strong>parati</strong></span> <span class='ocrx_word' id='word_1_164' title='bbox 1183 2460 1373 2522; x_wconf 90' lang='lat' dir='ltr'><strong>simus,</strong></span> <span class='ocrx_word' id='word_1_165' title='bbox 1412 2468 1469 2513; x_wconf 93' lang='lat' dir='ltr'><strong>ut</strong></span> <span class='ocrx_word' id='word_1_166' title='bbox 1500 2459 1746 2514; x_wconf 84' lang='lat' dir='ltr'><strong>voluntas</strong></span> 
     </span>
    </p>
   </div>
   <div class='ocr_carea' id='block_1_23' title="bbox 171 2548 1741 2606">
    <p class='ocr_par' dir='ltr' id='par_1_23' title="bbox 171 2548 1741 2606">
     <span class='ocr_line' id='line_1_23' title="bbox 171 2548 1741 2606; baseline -0.003 -1"><span class='ocrx_word' id='word_1_167' title='bbox 171 2551 469 2606; x_wconf 84' lang='lat' dir='ltr'><strong>conditoris</strong></span> <span class='ocrx_word' id='word_1_168' title='bbox 492 2550 657 2605; x_wconf 88' lang='lat' dir='ltr'><strong>nostri</strong></span> <span class='ocrx_word' id='word_1_169' title='bbox 685 2550 862 2605; x_wconf 80' lang='lat' dir='ltr'><strong>etiam‘</strong></span> <span class='ocrx_word' id='word_1_170' title='bbox 896 2558 1083 2604; x_wconf 85' lang='lat' dir='ltr'><strong>contra</strong></span> <span class='ocrx_word' id='word_1_171' title='bbox 1124 2556 1365 2603; x_wconf 89' lang='lat' dir='ltr'><strong>nostram</strong></span> <span class='ocrx_word' id='word_1_172' title='bbox 1412 2548 1741 2603; x_wconf 86' lang='lat' dir='ltr'><strong>voluntatem</strong></span> 
     </span>
    </p>
   </div>
   <div class='ocr_carea' id='block_1_24' title="bbox 172 2639 1745 2711">
    <p class='ocr_par' dir='ltr' id='par_1_24' title="bbox 172 2639 1745 2711">
     <span class='ocr_line' id='line_1_24' title="bbox 172 2639 1745 2711; baseline 0 -18"><span class='ocrx_word' id='word_1_173' title='bbox 172 2640 289 2693; x_wconf 84' lang='lat' dir='ltr'><strong>fiat.</strong></span> <span class='ocrx_word' id='word_1_174' title='bbox 325 2639 507 2711; x_wconf 79' lang='lat' dir='ltr'><strong>(Aug.)</strong></span> <span class='ocrx_word' id='word_1_175' title='bbox 533 2639 668 2705; x_wconf 83' lang='lat' dir='ltr'><strong>Quid</strong></span> <span class='ocrx_word' id='word_1_176' title='bbox 695 2649 811 2694; x_wconf 89' lang='lat' dir='ltr'><strong>erat</strong></span> <span class='ocrx_word' id='word_1_177' title='bbox 844 2639 927 2693; x_wconf 91' lang='lat' dir='ltr'><strong>illa</strong></span> <span class='ocrx_word' id='word_1_178' title='bbox 956 2655 1077 2703; x_wconf 83' lang='lat' dir='ltr'><strong>vox,</strong></span> <span class='ocrx_word' id='word_1_179' title='bbox 1123 2640 1224 2693; x_wconf 91' lang='lat' dir='ltr'><strong>nisi</strong></span> <span class='ocrx_word' id='word_1_180' title='bbox 1254 2655 1418 2694; x_wconf 91' lang='lat' dir='ltr'><strong>sonus</strong></span> <span class='ocrx_word' id='word_1_181' title='bbox 1464 2639 1745 2693; x_wconf 89' lang='lat' dir='ltr'><strong>inﬁrmita-</strong></span> 
     </span>
    </p>
   </div>
   <div class='ocr_carea' id='block_1_25' title="bbox 172 2727 1745 2800">
    <p class='ocr_par' dir='ltr' id='par_1_25' title="bbox 172 2727 1745 2800">
     <span class='ocr_line' id='line_1_25' title="bbox 172 2727 1745 2800; baseline 0 -19"><span class='ocrx_word' id='word_1_182' title='bbox 172 2728 247 2781; x_wconf 90' lang='lat' dir='ltr'><strong>tis</strong></span> <span class='ocrx_word' id='word_1_183' title='bbox 274 2728 503 2781; x_wconf 57' lang='lat' dir='ltr'><strong>nostra?</strong></span> <span class='ocrx_word' id='word_1_184' title='bbox 533 2727 677 2782; x_wconf 85' lang='lat' dir='ltr'><strong>Multi</strong></span> <span class='ocrx_word' id='word_1_185' title='bbox 711 2727 885 2781; x_wconf 90' lang='lat' dir='ltr'><strong>adhuc</strong></span> <span class='ocrx_word' id='word_1_186' title='bbox 914 2728 1111 2781; x_wconf 78' lang='lat' dir='ltr'><strong>infirmi</strong></span> <span class='ocrx_word' id='word_1_187' title='bbox 1149 2729 1539 2783; x_wconf 90' lang='lat' dir='ltr'><strong>contristantur</strong></span> <span class='ocrx_word' id='word_1_188' title='bbox 1565 2728 1745 2800; x_wconf 68' lang='lat' dir='ltr'><strong>futura</strong></span> 
     </span>
    </p>
   </div>
   <div class='ocr_carea' id='block_1_26' title="bbox 173 2815 1745 2885">
    <p class='ocr_par' dir='ltr' id='par_1_26' title="bbox 173 2815 1745 2885">
     <span class='ocr_line' id='line_1_26' title="bbox 173 2815 1745 2885; baseline 0.001 -17"><span class='ocrx_word' id='word_1_189' title='bbox 173 2822 374 2877; x_wconf 88' lang='lat' dir='ltr'><strong>morte,</strong></span> <span class='ocrx_word' id='word_1_190' title='bbox 406 2816 497 2869; x_wconf 86' lang='lat' dir='ltr'><strong>sed</strong></span> <span class='ocrx_word' id='word_1_191' title='bbox 528 2815 762 2868; x_wconf 85' lang='lat' dir='ltr'><strong>habeant</strong></span> <span class='ocrx_word' id='word_1_192' title='bbox 785 2824 986 2868; x_wconf 87' lang='lat' dir='ltr'><strong>rectum</strong></span> <span class='ocrx_word' id='word_1_193' title='bbox 1013 2831 1127 2879; x_wconf 88' lang='lat' dir='ltr'><strong>cor,</strong></span> <span class='ocrx_word' id='word_1_194' title='bbox 1146 2816 1555 2871; x_wconf 90' lang='lat' dir='ltr'><strong>vitentmortem</strong></span> <span class='ocrx_word' id='word_1_195' title='bbox 1577 2832 1745 2885; x_wconf 81' lang='lat' dir='ltr'><strong>quan—</strong></span> 
     </span>
    </p>
   </div>
   <div class='ocr_carea' id='block_1_27' title="bbox 173 2900 1747 2972">
    <p class='ocr_par' dir='ltr' id='par_1_27' title="bbox 173 2900 1747 2972">
     <span class='ocr_line' id='line_1_27' title="bbox 173 2900 1747 2972; baseline 0.001 -16"><span class='ocrx_word' id='word_1_196' title='bbox 173 2910 291 2956; x_wconf 90' lang='lat' dir='ltr'><strong>tum</strong></span> <span class='ocrx_word' id='word_1_197' title='bbox 331 2911 573 2971; x_wconf 78' lang='lat' dir='ltr'><strong>possunt.</strong></span> <span class='ocrx_word' id='word_1_198' title='bbox 602 2900 706 2957; x_wconf 86' lang='lat' dir='ltr'><strong>Sed</strong></span> <span class='ocrx_word' id='word_1_199' title='bbox 741 2903 787 2957; x_wconf 97' lang='lat' dir='ltr'><strong>si</strong></span> <span class='ocrx_word' id='word_1_200' title='bbox 812 2918 916 2956; x_wconf 82' lang='lat' dir='ltr'><strong>non</strong></span> <span class='ocrx_word' id='word_1_201' title='bbox 946 2911 1193 2971; x_wconf 90' lang='lat' dir='ltr'><strong>possunt,</strong></span> <span class='ocrx_word' id='word_1_202' title='bbox 1221 2904 1402 2957; x_wconf 87' lang='lat' dir='ltr'><strong>dicant</strong></span> <span class='ocrx_word' id='word_1_203' title='bbox 1443 2905 1585 2972; x_wconf 88' lang='lat' dir='ltr'><strong>quod</strong></span> <span class='ocrx_word' id='word_1_204' title='bbox 1633 2904 1747 2971; x_wconf 88' lang='lat' dir='ltr'><strong>ipse</strong></span> 
     </span>
    </p>
   </div>
   <div class='ocr_carea' id='block_1_28' title="bbox 174 2991 1747 3062">
    <p class='ocr_par' dir='ltr' id='par_1_28' title="bbox 174 2991 1747 3062">
     <span class='ocr_line' id='line_1_28' title="bbox 174 2991 1747 3062; baseline -0.001 -15"><span class='ocrx_word' id='word_1_205' title='bbox 174 2991 439 3047; x_wconf 88' lang='lat' dir='ltr'><strong>Dominus</strong></span> <span class='ocrx_word' id='word_1_206' title='bbox 470 3008 572 3045; x_wconf 91' lang='lat' dir='ltr'><strong>non</strong></span> <span class='ocrx_word' id='word_1_207' title='bbox 602 3000 821 3061; x_wconf 86' lang='lat' dir='ltr'><strong>propter</strong></span> <span class='ocrx_word' id='word_1_208' title='bbox 839 3007 914 3056; x_wconf 89' lang='lat' dir='ltr'><strong>se,</strong></span> <span class='ocrx_word' id='word_1_209' title='bbox 939 2992 1030 3047; x_wconf 89' lang='lat' dir='ltr'><strong>scd</strong></span> <span class='ocrx_word' id='word_1_210' title='bbox 1051 2999 1275 3062; x_wconf 86' lang='lat' dir='ltr'><strong>prepter</strong></span> <span class='ocrx_word' id='word_1_211' title='bbox 1292 3008 1393 3048; x_wconf 89' lang='lat' dir='ltr'><strong>nos</strong></span> <span class='ocrx_word' id='word_1_212' title='bbox 1418 2992 1572 3046; x_wconf 79' lang='lat' dir='ltr'><strong>dixit.</strong></span> <span class='ocrx_word' id='word_1_213' title='bbox 1605 2992 1747 3058; x_wconf 87' lang='lat' dir='ltr'><strong>Quid</strong></span> 
     </span>
    </p>
   </div>
   <div class='ocr_carea' id='block_1_29' title="bbox 173 3078 1746 3149">
    <p class='ocr_par' dir='ltr' id='par_1_29' title="bbox 173 3078 1746 3149">
     <span class='ocr_line' id='line_1_29' title="bbox 173 3078 1746 3149; baseline 0.001 -17"><span class='ocrx_word' id='word_1_214' title='bbox 173 3078 325 3132; x_wconf 84' lang='lat' dir='ltr'><strong>enim</strong></span> <span class='ocrx_word' id='word_1_215' title='bbox 353 3079 501 3139; x_wconf 77' lang='lat' dir='ltr'><strong>dixit,</strong></span> <span class='ocrx_word' id='word_1_216' title='bbox 528 3079 704 3143; x_wconf 88' lang='lat' dir='ltr'><strong>Pater,</strong></span> <span class='ocrx_word' id='word_1_217' title='bbox 729 3082 787 3133; x_wconf 70' lang='lat' dir='ltr'><strong>si&quot;</strong></span> <span class='ocrx_word' id='word_1_218' title='bbox 803 3079 919 3147; x_wconf 83' lang='lat' dir='ltr'><strong>ﬁeri</strong></span> <span class='ocrx_word' id='word_1_219' title='bbox 950 3091 1137 3149; x_wconf 78' lang='lat' dir='ltr'><strong>potest,</strong></span> <span class='ocrx_word' id='word_1_220' title='bbox 1166 3091 1398 3134; x_wconf 82' lang='lat' dir='ltr'><strong>transeat</strong></span> <span class='ocrx_word' id='word_1_221' title='bbox 1434 3099 1465 3134; x_wconf 92' lang='lat' dir='ltr'><strong>a</strong></span> <span class='ocrx_word' id='word_1_222' title='bbox 1492 3099 1571 3134; x_wconf 90' lang='lat' dir='ltr'><strong>me</strong></span> <span class='ocrx_word' id='word_1_223' title='bbox 1602 3080 1746 3134; x_wconf 73' lang='lat' dir='ltr'><strong>calix</strong></span> 
     </span>
    </p>
   </div>
   <div class='ocr_carea' id='block_1_30' title="bbox 169 3168 1739 3238">
    <p class='ocr_par' dir='ltr' id='par_1_30' title="bbox 169 3168 1739 3238">
     <span class='ocr_line' id='line_1_30' title="bbox 169 3168 1739 3238; baseline 0.001 -17"><span class='ocrx_word' id='word_1_224' title='bbox 169 3168 292 3222; x_wconf 87' lang='lat' dir='ltr'><strong>iste.</strong></span> <span class='ocrx_word' id='word_1_225' title='bbox 342 3169 481 3222; x_wconf 86' lang='lat' dir='ltr'><strong>Ecce</strong></span> <span class='ocrx_word' id='word_1_226' title='bbox 526 3168 688 3223; x_wconf 82' lang='lat' dir='ltr'><strong>habes</strong></span> <span class='ocrx_word' id='word_1_227' title='bbox 722 3168 1049 3223; x_wconf 85' lang='lat' dir='ltr'><strong>voluntatem</strong></span> <span class='ocrx_word' id='word_1_228' title='bbox 1092 3169 1375 3222; x_wconf 89' lang='lat' dir='ltr'><strong>humanam</strong></span> <span class='ocrx_word' id='word_1_229' title='bbox 1404 3184 1739 3238; x_wconf 81' lang='lat' dir='ltr'><strong>expressam.</strong></span> 
     </span>
    </p>
   </div>
   <div class='ocr_carea' id='block_1_31' title="bbox 119 3254 1743 3329">
    <p class='ocr_par' dir='ltr' id='par_1_31' title="bbox 119 3254 1743 3329">
     <span class='ocr_line' id='line_1_31' title="bbox 119 3254 1743 3329; baseline 0.002 -21"><span class='ocrx_word' id='word_1_230' title='bbox 119 3307 128 3315; x_wconf 78' lang='grc'>,</span> <span class='ocrx_word' id='word_1_231' title='bbox 166 3254 310 3310; x_wconf 73' lang='lat' dir='ltr'><strong>Vide</strong></span> <span class='ocrx_word' id='word_1_232' title='bbox 349 3257 460 3325; x_wconf 79' lang='lat' dir='ltr'><strong>jam</strong></span> <span class='ocrx_word' id='word_1_233' title='bbox 504 3264 706 3310; x_wconf 83' lang='lat' dir='ltr'><strong>rectum</strong></span> <span class='ocrx_word' id='word_1_234' title='bbox 754 3254 1020 3313; x_wconf 85' lang='lat' dir='ltr'><strong>cor:Sed</strong></span> <span class='ocrx_word' id='word_1_235' title='bbox 1068 3274 1170 3311; x_wconf 88' lang='lat' dir='ltr'><strong>non</strong></span> <span class='ocrx_word' id='word_1_236' title='bbox 1218 3259 1355 3329; x_wconf 87' lang='lat' dir='ltr'><strong>quod</strong></span> <span class='ocrx_word' id='word_1_237' title='bbox 1394 3276 1486 3329; x_wconf 81' lang='lat' dir='ltr'><strong>ego</strong></span> <span class='ocrx_word' id='word_1_238' title='bbox 1518 3258 1743 3322; x_wconf 78' lang='lat' dir='ltr'><strong>volo,sed</strong></span> 
     </span>
    </p>
   </div>
   <div class='ocr_carea' id='block_1_32' title="bbox 165 3344 1740 3417">
    <p class='ocr_par' dir='ltr' id='par_1_32' title="bbox 165 3344 1740 3417">
     <span class='ocr_line' id='line_1_32' title="bbox 165 3344 1740 3417; baseline 0.003 -20"><span class='ocrx_word' id='word_1_239' title='bbox 165 3344 314 3416; x_wconf 85' lang='lat' dir='ltr'><strong>quod</strong></span> <span class='ocrx_word' id='word_1_240' title='bbox 340 3354 417 3397; x_wconf 88' lang='lat' dir='ltr'><strong>tu.</strong></span> <span class='ocrx_word' id='word_1_241' title='bbox 455 3344 578 3399; x_wconf 86' lang='lat' dir='ltr'><strong>Non</strong></span> <span class='ocrx_word' id='word_1_242' title='bbox 604 3347 739 3411; x_wconf 79' lang='lat' dir='ltr'><strong>veni,</strong></span> <span class='ocrx_word' id='word_1_243' title='bbox 776 3347 964 3417; x_wconf 86' lang='lat' dir='ltr'><strong>inquit,</strong></span> <span class='ocrx_word' id='word_1_244' title='bbox 994 3345 1164 3415; x_wconf 80' lang='lat' dir='ltr'><strong>facere</strong></span> <span class='ocrx_word' id='word_1_245' title='bbox 1193 3347 1514 3403; x_wconf 83' lang='lat' dir='ltr'><strong>voluntatem</strong></span> <span class='ocrx_word' id='word_1_246' title='bbox 1548 3365 1740 3415; x_wconf 86' lang='lat' dir='ltr'><strong>meam,</strong></span> 
     </span>
    </p>
   </div>
   <div class='ocr_carea' id='block_1_33' title="bbox 167 3432 1743 3509">
    <p class='ocr_par' dir='ltr' id='par_1_33' title="bbox 167 3432 1743 3509">
     <span class='ocr_line' id='line_1_33' title="bbox 167 3432 1743 3509; baseline 0.004 -22"><span class='ocrx_word' id='word_1_247' title='bbox 167 3433 267 3487; x_wconf 77' lang='lat' dir='ltr'><strong>sed</strong></span> <span class='ocrx_word' id='word_1_248' title='bbox 311 3432 627 3487; x_wconf 81' lang='lat' dir='ltr'><strong>voluntatem</strong></span> <span class='ocrx_word' id='word_1_249' title='bbox 670 3435 783 3503; x_wconf 85' lang='lat' dir='ltr'><strong>ejus</strong></span> <span class='ocrx_word' id='word_1_250' title='bbox 819 3436 907 3504; x_wconf 85' lang='lat' dir='ltr'><strong>qui</strong></span> <span class='ocrx_word' id='word_1_251' title='bbox 947 3451 1026 3489; x_wconf 91' lang='lat' dir='ltr'><strong>me</strong></span> <span class='ocrx_word' id='word_1_252' title='bbox 1050 3436 1394 3508; x_wconf 78' lang='lat' dir='ltr'><strong>misit,(Joan.</strong></span> <span class='ocrx_word' id='word_1_253' title='bbox 1446 3437 1545 3509; x_wconf 77' lang='lat' dir='ltr'><strong>vi).</strong></span> <span class='ocrx_word' id='word_1_254' title='bbox 1578 3437 1743 3493; x_wconf 89' lang='lat' dir='ltr'><strong>Suam</strong></span> 
     </span>
    </p>
   </div>
   <div class='ocr_carea' id='block_1_34' title="bbox 167 3522 1745 3598">
    <p class='ocr_par' dir='ltr' id='par_1_34' title="bbox 167 3522 1745 3598">
     <span class='ocr_line' id='line_1_34' title="bbox 167 3522 1745 3598; baseline 0.003 -22"><span class='ocrx_word' id='word_1_255' title='bbox 167 3522 503 3591; x_wconf 83' lang='lat' dir='ltr'><strong>voluntatem</strong></span> <span class='ocrx_word' id='word_1_256' title='bbox 536 3525 669 3579; x_wconf 83' lang='lat' dir='ltr'><strong>dixit</strong></span> <span class='ocrx_word' id='word_1_257' title='bbox 702 3540 861 3594; x_wconf 91' lang='lat' dir='ltr'><strong>quam</strong></span> <span class='ocrx_word' id='word_1_258' title='bbox 898 3527 1261 3596; x_wconf 89' lang='lat' dir='ltr'><strong>temporaliter</strong></span> <span class='ocrx_word' id='word_1_259' title='bbox 1290 3530 1516 3598; x_wconf 88' lang='lat' dir='ltr'><strong>sumpsit</strong></span> <span class='ocrx_word' id='word_1_260' title='bbox 1542 3544 1608 3583; x_wconf 81' lang='lat' dir='ltr'><strong>ex</strong></span> <span class='ocrx_word' id='word_1_261' title='bbox 1637 3528 1745 3581; x_wconf 84' lang='lat' dir='ltr'><strong>vir-</strong></span> 
     </span>
    </p>
   </div>
   <div class='ocr_carea' id='block_1_35' title="bbox 1115 304 2639 413">
    <p class='ocr_par' dir='ltr' id='par_1_35' title="bbox 1115 304 2639 413">
     <span class='ocr_line' id='line_1_35' title="bbox 1115 304 2639 413; baseline -0.003 0"><span class='ocrx_word' id='word_1_262' title='bbox 1115 352 1461 413; x_wconf 80' lang='lat' dir='ltr'><strong>COMMENT.</strong></span> <span class='ocrx_word' id='word_1_263' title='bbox 1502 351 1569 409; x_wconf 79' lang='lat' dir='ltr'><strong>1N</strong></span> <span class='ocrx_word' id='word_1_264' title='bbox 1607 335 2040 408; x_wconf 59' lang='lat' dir='ltr'><strong>narratam.</strong></span> <span class='ocrx_word' id='word_1_265' title='bbox 2079 383 2151 396; x_wconf 92' lang='grc'><strong>--</strong></span> <span class='ocrx_word' id='word_1_266' title='bbox 2188 353 2313 410; x_wconf 87' lang='lat' dir='ltr'><strong>LIB.</strong></span> <span class='ocrx_word' id='word_1_267' title='bbox 2355 355 2485 411; x_wconf 78' lang='lat' dir='ltr'><strong>\‘lll.</strong></span> <span class='ocrx_word' id='word_1_268' title='bbox 2584 304 2639 379; x_wconf 54' lang='grc'><strong>³⁸</strong></span> 
     </span>
    </p>
   </div>
   <div class='ocr_carea' id='block_1_36' title="bbox 181 448 3418 549">
    <p class='ocr_par' dir='ltr' id='par_1_36' title="bbox 181 448 3418 549">
     <span class='ocr_line' id='line_1_36' title="bbox 181 448 3418 549; baseline -0.003 -18"><span class='ocrx_word' id='word_1_269' title='bbox 181 472 472 532; x_wconf 79' lang='lat' dir='ltr'><strong>sericordia</strong></span> <span class='ocrx_word' id='word_1_270' title='bbox 523 468 715 539; x_wconf 85' lang='lat' dir='ltr'><strong>prioris</strong></span> <span class='ocrx_word' id='word_1_271' title='bbox 758 467 957 539; x_wconf 85' lang='lat' dir='ltr'><strong>populi,</strong></span> <span class='ocrx_word' id='word_1_272' title='bbox 1011 483 1078 524; x_wconf 91' lang='lat' dir='ltr'><strong>ne</strong></span> <span class='ocrx_word' id='word_1_273' title='bbox 1113 470 1179 524; x_wconf 92' lang='lat' dir='ltr'><strong>ab</strong></span> <span class='ocrx_word' id='word_1_274' title='bbox 1219 469 1324 523; x_wconf 90' lang='lat' dir='ltr'><strong>illis</strong></span> <span class='ocrx_word' id='word_1_275' title='bbox 1350 468 1502 523; x_wconf 78' lang='lat' dir='ltr'><strong>bibat</strong></span> <span class='ocrx_word' id='word_1_276' title='bbox 1526 465 1745 521; x_wconf 85' lang='lat' dir='ltr'><strong>calicem</strong></span> <span class='ocrx_word' id='word_1_277' title='bbox 1774 466 1826 525; x_wconf 79' lang='grc' dir='ltr'><strong>Α</strong></span> <span class='ocrx_word' id='word_1_278' title='bbox 1852 478 2177 532; x_wconf 84' lang='lat' dir='ltr'><strong>quaeramus.</strong></span> <span class='ocrx_word' id='word_1_279' title='bbox 2213 464 2365 521; x_wconf 90' lang='lat' dir='ltr'><strong>Unde</strong></span> <span class='ocrx_word' id='word_1_280' title='bbox 2391 450 2579 549; x_wconf 56' lang='grc' dir='ltr'><strong>ᾀῦἓιοτ</strong></span> <span class='ocrx_word' id='word_1_281' title='bbox 2599 465 2844 536; x_wconf 80' lang='lat' dir='ltr'><strong>egregius</strong></span> <span class='ocrx_word' id='word_1_282' title='bbox 2874 464 3099 520; x_wconf 61' lang='lat' dir='ltr'><strong>formam</strong></span> <span class='ocrx_word' id='word_1_283' title='bbox 3132 448 3418 523; x_wconf 64' lang='lat' dir='ltr'><strong>docenilha</strong></span> 
     </span>
    </p>
   </div>
   <div class='ocr_carea' id='block_1_37' title="bbox 1770 790 1785 819">
    <p class='ocr_par' dir='ltr' id='par_1_37' title="bbox 1770 790 1785 819">
     <span class='ocr_line' id='line_1_37' title="bbox 1770 790 1785 819; baseline 0 -10"><span class='ocrx_word' id='word_1_284' title='bbox 1770 790 1785 819; x_wconf 37' lang='grc' dir='ltr'><strong>γἰ</strong></span> 
     </span>
    </p>
   </div>
   <div class='ocr_carea' id='block_1_38' title="bbox 178 822 1772 900">
    <p class='ocr_par' dir='ltr' id='par_1_38' title="bbox 178 822 1772 900">
     <span class='ocr_line' id='line_1_38' title="bbox 178 822 1772 900; baseline -0.006 -11"><span class='ocrx_word' id='word_1_285' title='bbox 178 851 268 889; x_wconf 91' lang='lat' dir='ltr'><strong>me</strong></span> <span class='ocrx_word' id='word_1_286' title='bbox 294 833 569 896; x_wconf 87' lang='lat' dir='ltr'><strong>occiderit,</strong></span> <span class='ocrx_word' id='word_1_287' title='bbox 604 834 805 886; x_wconf 84' lang='lat' dir='ltr'><strong>habens</strong></span> <span class='ocrx_word' id='word_1_288' title='bbox 838 833 1007 900; x_wconf 85' lang='lat' dir='ltr'><strong>legem</strong></span> <span class='ocrx_word' id='word_1_289' title='bbox 1032 836 1084 884; x_wconf 90' lang='lat' dir='ltr'><strong>et</strong></span> <span class='ocrx_word' id='word_1_290' title='bbox 1111 822 1419 898; x_wconf 82' lang='lat' dir='ltr'><strong>prophetas,</strong></span> <span class='ocrx_word' id='word_1_291' title='bbox 1446 828 1535 897; x_wconf 87' lang='lat' dir='ltr'><strong>qui</strong></span> <span class='ocrx_word' id='word_1_292' title='bbox 1569 822 1772 897; x_wconf 55' lang='lat' dir='ltr'><strong>quoti-f</strong></span> 
     </span>
    </p>
   </div>
   <div class='ocr_carea' id='block_1_39' title="bbox 3275 83 3505 123">
    <p class='ocr_par' dir='ltr' id='par_1_39' title="bbox 3275 83 3505 123">
     <span class='ocr_line' id='line_1_39' title="bbox 3275 83 3505 123; baseline 0 -4"><span class='ocrx_word' id='word_1_293' title='bbox 3275 84 3317 119; x_wconf 51' lang='grc' dir='ltr'><strong>ιν</strong></span> <span class='ocrx_word' id='word_1_294' title='bbox 3396 83 3505 123; x_wconf 57' lang='grc' dir='ltr'><strong>»ξιτατ</strong></span> 
     </span>
    </p>
   </div>
   <div class='ocr_carea' id='block_1_40' title="bbox 3438 128 3505 159">
    <p class='ocr_par' dir='ltr' id='par_1_40' title="bbox 3438 128 3505 159">
     <span class='ocr_line' id='line_1_40' title="bbox 3438 128 3505 159; baseline 0 0"><span class='ocrx_word' id='word_1_295' title='bbox 3438 128 3505 159; x_wconf 56' lang='grc' dir='ltr'><strong>,ν’-⁵.</strong></span> 
     </span>
    </p>
   </div>
   <div class='ocr_carea' id='block_1_41' title="bbox 3248 149 3517 249">
    <p class='ocr_par' dir='ltr' id='par_1_41' title="bbox 3292 149 3505 195">
     <span class='ocr_line' id='line_1_41' title="bbox 3292 149 3505 195; baseline -0.019 0"><span class='ocrx_word' id='word_1_296' title='bbox 3292 149 3505 195; x_wconf 52' lang='grc' dir='ltr'>ειμι</span> 
     </span>
    </p>
   </div>
   <div class='ocr_carea' id='block_1_42' title="bbox 3230 212 3511 291">
    <p class='ocr_par' dir='ltr' id='par_1_42' title="bbox 3230 212 3511 291">
     <span class='ocr_line' id='line_1_42' title="bbox 3230 212 3511 291; baseline -0.021 0"><span class='ocrx_word' id='word_1_297' title='bbox 3230 212 3372 291; x_wconf 49' lang='grc' dir='ltr'><em>βπ</em></span> <span class='ocrx_word' id='word_1_298' title='bbox 3388 212 3489 257; x_wconf 62' lang='grc' dir='ltr'><strong>’τ</strong></span> <span class='ocrx_word' id='word_1_299' title='bbox 3506 230 3511 237; x_wconf 84' lang='lat'><strong>‘</strong></span> 
     </span>
    </p>
   </div>
   <div class='ocr_carea' id='block_1_43' title="bbox 3282 316 3523 444">
    <p class='ocr_par' dir='ltr' id='par_1_43' title="bbox 3282 316 3523 444">
     <span class='ocr_line' id='line_1_43' title="bbox 3282 316 3523 444; baseline 0.004 -1"><span class='ocrx_word' id='word_1_300' title='bbox 3282 330 3422 443; x_wconf 54' lang='lat' dir='ltr'><strong>illi</strong></span> <span class='ocrx_word' id='word_1_301' title='bbox 3469 316 3523 444; x_wconf 50' lang='grc' dir='ltr'><strong><em>ἶ</em></strong></span> 
     </span>
    </p>
   </div>
   <div class='ocr_carea' id='block_1_44' title="bbox 3482 462 3527 509">
    <p class='ocr_par' dir='ltr' id='par_1_44' title="bbox 3482 462 3527 509">
     <span class='ocr_line' id='line_1_44' title="bbox 3482 462 3527 509; baseline 0 0"><span class='ocrx_word' id='word_1_302' title='bbox 3482 462 3527 509; x_wconf 61' lang='lat'><strong>&#39;35</strong></span> 
     </span>
    </p>
   </div>
   <div class='ocr_carea' id='block_1_45' title="bbox 1848 536 3547 633">
    <p class='ocr_par' dir='ltr' id='par_1_45' title="bbox 1848 536 3547 633">
     <span class='ocr_line' id='line_1_45' title="bbox 1848 536 3547 633; baseline 0.001 -23"><span class='ocrx_word' id='word_1_303' title='bbox 1848 556 2076 611; x_wconf 88' lang='lat' dir='ltr'><strong>Domino</strong></span> <span class='ocrx_word' id='word_1_304' title='bbox 2107 572 2323 612; x_wconf 88' lang='lat' dir='ltr'><strong>sumens</strong></span> <span class='ocrx_word' id='word_1_305' title='bbox 2355 536 2427 611; x_wconf 75' lang='lat' dir='ltr'><strong>ita</strong></span> <span class='ocrx_word' id='word_1_306' title='bbox 2458 536 2593 611; x_wconf 60' lang='grc' dir='ltr'>*ἔιιοε</span> <span class='ocrx_word' id='word_1_307' title='bbox 2623 556 2909 625; x_wconf 83' lang='lat' dir='ltr'><strong>alloquitur</strong></span> <span class='ocrx_word' id='word_1_308' title='bbox 2931 558 3233 612; x_wconf 83' lang='lat' dir='ltr'><strong>auditores:</strong></span> <span class='ocrx_word' id='word_1_309' title='bbox 3261 557 3422 612; x_wconf 75' lang='lat' dir='ltr'><strong>Acce-</strong></span> 
     </span>
    </p>
   </div>
   <div class='ocr_carea' id='block_1_46' title="bbox 1847 614 3573 869">
    <p class='ocr_par' dir='ltr' id='par_1_46' title="bbox 1847 614 3573 869">
     <span class='ocr_line' id='line_1_46' title="bbox 1847 614 3573 869; baseline -0.001 -169"><span class='ocrx_word' id='word_1_310' title='bbox 1847 648 1994 717; x_wconf 85' lang='lat' dir='ltr'><strong>pistis</strong></span> <span class='ocrx_word' id='word_1_311' title='bbox 2024 647 2261 717; x_wconf 79' lang='lat' dir='ltr'><strong>spiritum</strong></span> <span class='ocrx_word' id='word_1_312' title='bbox 2288 647 2580 718; x_wconf 64' lang='lat' dir='ltr'><strong>adoptionis</strong></span> <span class='ocrx_word' id='word_1_313' title='bbox 2608 638 2839 715; x_wconf 83' lang='lat' dir='ltr'><strong>ﬁliorum</strong></span> <span class='ocrx_word' id='word_1_314' title='bbox 2870 646 2924 699; x_wconf 89' lang='lat' dir='ltr'><strong>in</strong></span> <span class='ocrx_word' id='word_1_315' title='bbox 2964 663 3064 715; x_wconf 85' lang='lat' dir='ltr'><strong>quo</strong></span> <span class='ocrx_word' id='word_1_316' title='bbox 3105 650 3363 709; x_wconf 78' lang='lat' dir='ltr'><strong>clamamu</strong></span> 
     </span>
     <span class='ocr_line' id='line_1_47' title="bbox 1849 644 3569 869; baseline 0.001 -83"><span class='ocrx_word' id='word_1_317' title='bbox 1849 734 1982 787; x_wconf 83' lang='lat' dir='ltr'><strong>abba</strong></span> <span class='ocrx_word' id='word_1_318' title='bbox 2030 743 2178 803; x_wconf 89' lang='lat' dir='ltr'><strong>pater</strong></span> <span class='ocrx_word' id='word_1_319' title='bbox 2226 734 2403 805; x_wconf 77' lang='lat' dir='ltr'><strong>(Rom.</strong></span> <span class='ocrx_word' id='word_1_320' title='bbox 2456 722 2803 803; x_wconf 38' lang='lat' dir='ltr'><strong>vn’t)...Abba</strong></span> <span class='ocrx_word' id='word_1_321' title='bbox 2848 733 3098 787; x_wconf 87' lang='lat' dir='ltr'><strong>nimirum</strong></span> <span class='ocrx_word' id='word_1_322' title='bbox 3130 644 3505 869; x_wconf 52' lang='lat' dir='ltr'><strong>illi‘</strong></span> <span class='ocrx_word' id='word_1_323' title='bbox 3554 766 3569 809; x_wconf 77' lang='lat'><strong>-_</strong></span> 
     </span>
     <span class='ocr_line' id='line_1_48' title="bbox 1848 821 3573 869; baseline 0 0"><span class='ocrx_word' id='word_1_324' title='bbox 1848 821 2144 869; x_wconf 69' lang='lat' dir='ltr'><strong>Israelitico</strong></span> <span class='ocrx_word' id='word_1_325' title='bbox 2172 824 2387 869; x_wconf 72' lang='lat' dir='ltr'><strong>nnnnln‘-</strong></span> <span class='ocrx_word' id='word_1_326' title='bbox 2417 825 2573 869; x_wconf 71' lang='lat' dir='ltr'><strong>nobis</strong></span> <span class='ocrx_word' id='word_1_327' title='bbox 2608 822 2771 869; x_wconf 68' lang='lat' dir='ltr'><strong>Pater</strong></span> <span class='ocrx_word' id='word_1_328' title='bbox 2794 824 2883 869; x_wconf 84' lang='lat' dir='ltr'><strong>nni</strong></span> <span class='ocrx_word' id='word_1_329' title='bbox 2913 824 2978 869; x_wconf 71' lang='lat' dir='ltr'><strong>de.</strong></span> <span class='ocrx_word' id='word_1_330' title='bbox 2998 824 3246 869; x_wconf 69' lang='lat' dir='ltr'><strong>gentibus</strong></span> <span class='ocrx_word' id='word_1_331' title='bbox 3298 840 3301 841; x_wconf 43' lang='grc' dir='ltr'><em>ν</em></span> <span class='ocrx_word' id='word_1_332' title='bbox 3480 835 3492 848; x_wconf 82' lang='grc'><strong><em>⁸</em></strong></span> <span class='ocrx_word' id='word_1_333' title='bbox 3556 830 3573 869; x_wconf 66' lang='lat' dir='ltr'><strong>i-</strong></span> 
     </span>
    </p>
   </div>
   <div class='ocr_carea' id='block_1_47' title="bbox 1849 724 3569 809">
    <p class='ocr_par' dir='ltr' id='par_1_47' title="bbox 1849 724 3569 809">
     <span class='ocr_line' id='line_1_49' title="bbox 1849 724 3569 809; baseline 0.008 -23"><span class='ocrx_word' id='word_1_334' title='bbox 1849 734 1982 787; x_wconf 83' lang='lat' dir='ltr'><strong>abba</strong></span> <span class='ocrx_word' id='word_1_335' title='bbox 2030 743 2178 803; x_wconf 89' lang='lat' dir='ltr'><strong>pater</strong></span> <span class='ocrx_word' id='word_1_336' title='bbox 2226 734 2403 805; x_wconf 78' lang='lat' dir='ltr'><strong>(Rom.</strong></span> <span class='ocrx_word' id='word_1_337' title='bbox 2456 724 2803 803; x_wconf 70' lang='lat' dir='ltr'><strong>v1it)...Abba</strong></span> <span class='ocrx_word' id='word_1_338' title='bbox 2848 733 3098 787; x_wconf 87' lang='lat' dir='ltr'><strong>nimirum</strong></span> <span class='ocrx_word' id='word_1_339' title='bbox 3130 724 3569 809; x_wconf 80' lang='lat' dir='ltr'><strong>illi-</strong></span> 
     </span>
    </p>
   </div>
   <div class='ocr_carea' id='block_1_48' title="bbox 1848 644 3577 956">
    <p class='ocr_par' dir='ltr' id='par_1_48' title="bbox 1848 644 3577 956">
     <span class='ocr_line' id='line_1_50' title="bbox 1848 644 3571 727; baseline -0.001 -27"><span class='ocrx_word' id='word_1_340' title='bbox 1848 648 1994 717; x_wconf 85' lang='lat' dir='ltr'><strong>pistis</strong></span> <span class='ocrx_word' id='word_1_341' title='bbox 2024 647 2261 717; x_wconf 79' lang='lat' dir='ltr'><strong>spiritum</strong></span> <span class='ocrx_word' id='word_1_342' title='bbox 2288 647 2580 718; x_wconf 64' lang='lat' dir='ltr'><strong>adoptionis</strong></span> <span class='ocrx_word' id='word_1_343' title='bbox 2608 644 2839 715; x_wconf 83' lang='lat' dir='ltr'><strong>ﬁliorum</strong></span> <span class='ocrx_word' id='word_1_344' title='bbox 2870 646 2924 699; x_wconf 89' lang='lat' dir='ltr'><strong>in</strong></span> <span class='ocrx_word' id='word_1_345' title='bbox 2964 663 3064 715; x_wconf 85' lang='lat' dir='ltr'><strong>quo</strong></span> <span class='ocrx_word' id='word_1_346' title='bbox 3105 650 3363 709; x_wconf 78' lang='lat' dir='ltr'><strong>clamamu</strong></span> <span class='ocrx_word' id='word_1_347' title='bbox 3552 690 3571 727; x_wconf 27' lang='grc' dir='ltr'><strong>Α.</strong></span> 
     </span>
     <span class='ocr_line' id='line_1_51' title="bbox 1849 644 3573 869; baseline 0.001 -83"><span class='ocrx_word' id='word_1_348' title='bbox 1849 734 1982 787; x_wconf 83' lang='lat' dir='ltr'><strong>abba</strong></span> <span class='ocrx_word' id='word_1_349' title='bbox 2030 743 2178 803; x_wconf 89' lang='lat' dir='ltr'><strong>pater</strong></span> <span class='ocrx_word' id='word_1_350' title='bbox 2226 734 2403 805; x_wconf 77' lang='lat' dir='ltr'><strong>(Rom.</strong></span> <span class='ocrx_word' id='word_1_351' title='bbox 2456 722 2803 803; x_wconf 38' lang='lat' dir='ltr'><strong>vn’t)...Abba</strong></span> <span class='ocrx_word' id='word_1_352' title='bbox 2848 733 3098 787; x_wconf 87' lang='lat' dir='ltr'><strong>nimirum</strong></span> <span class='ocrx_word' id='word_1_353' title='bbox 3130 735 3269 804; x_wconf 52' lang='lat' dir='ltr'><strong>illi‘q</strong></span> 
     </span>
     <span class='ocr_line' id='line_1_52' title="bbox 1848 804 3577 897; baseline -0.001 -22"><span class='ocrx_word' id='word_1_354' title='bbox 1848 821 2144 877; x_wconf 81' lang='lat' dir='ltr'><strong>Israelitico</strong></span> <span class='ocrx_word' id='word_1_355' title='bbox 2172 824 2387 893; x_wconf 91' lang='lat' dir='ltr'><strong>populo,</strong></span> <span class='ocrx_word' id='word_1_356' title='bbox 2417 825 2573 879; x_wconf 83' lang='lat' dir='ltr'><strong>nobis</strong></span> <span class='ocrx_word' id='word_1_357' title='bbox 2608 822 2771 878; x_wconf 80' lang='lat' dir='ltr'><strong>Pater</strong></span> <span class='ocrx_word' id='word_1_358' title='bbox 2794 824 2885 894; x_wconf 87' lang='lat' dir='ltr'><strong>qui</strong></span> <span class='ocrx_word' id='word_1_359' title='bbox 2913 824 2978 878; x_wconf 85' lang='lat' dir='ltr'><strong>de</strong></span> <span class='ocrx_word' id='word_1_360' title='bbox 2998 824 3246 894; x_wconf 84' lang='lat' dir='ltr'><strong>gentibus</strong></span> <span class='ocrx_word' id='word_1_361' title='bbox 3298 840 3325 889; x_wconf 72' lang='grc' dir='ltr'>χ</span> <span class='ocrx_word' id='word_1_362' title='bbox 3432 804 3492 874; x_wconf 77' lang='grc' dir='ltr'><strong>ξ’·</strong></span> <span class='ocrx_word' id='word_1_363' title='bbox 3514 830 3577 897; x_wconf 41' lang='grc' dir='ltr'><strong>,νὴ</strong></span> 
     </span>
     <span class='ocr_line' id='line_1_53' title="bbox 1850 900 3564 956; baseline -0.002 0"><span class='ocrx_word' id='word_1_364' title='bbox 1850 913 1968 956; x_wconf 79' lang='lat' dir='ltr'><strong>dnm</strong></span> <span class='ocrx_word' id='word_1_365' title='bbox 2001 913 2199 956; x_wconf 66' lang='lat' dir='ltr'><strong>Chrieli</strong></span> <span class='ocrx_word' id='word_1_366' title='bbox 2230 914 2491 956; x_wconf 61' lang='lat' dir='ltr'><strong>vonimne.</strong></span> <span class='ocrx_word' id='word_1_367' title='bbox 2802 904 2805 905; x_wconf 17' lang='grc' dir='ltr'><em>ν</em></span> <span class='ocrx_word' id='word_1_368' title='bbox 2888 906 2891 911; x_wconf 70' lang='grc'><em>’</em></span> <span class='ocrx_word' id='word_1_369' title='bbox 3308 912 3324 953; x_wconf 54' lang='grc' dir='ltr'><strong>ἦ</strong></span> <span class='ocrx_word' id='word_1_370' title='bbox 3352 910 3356 915; x_wconf 72' lang='grc'><em>’</em></span> <span class='ocrx_word' id='word_1_371' title='bbox 3386 920 3403 956; x_wconf 86' lang='lat'><strong>‘_</strong></span> <span class='ocrx_word' id='word_1_372' title='bbox 3448 900 3493 923; x_wconf 49' lang='grc' dir='ltr'><strong><em>’ἢ</em></strong></span> <span class='ocrx_word' id='word_1_373' title='bbox 3538 902 3564 933; x_wconf 55' lang='lat'><strong><em>“</em></strong></span> 
     </span>
    </p>
   </div>
   <div class='ocr_carea' id='block_1_49' title="bbox 1850 900 3564 993">
    <p class='ocr_par' dir='ltr' id='par_1_49' title="bbox 1850 900 3564 993">
     <span class='ocr_line' id='line_1_54' title="bbox 1850 900 3564 993; baseline -0.001 -26"><span class='ocrx_word' id='word_1_374' title='bbox 1850 913 1970 967; x_wconf 90' lang='lat' dir='ltr'><strong>dem</strong></span> <span class='ocrx_word' id='word_1_375' title='bbox 2001 913 2201 967; x_wconf 86' lang='lat' dir='ltr'><strong>Christi</strong></span> <span class='ocrx_word' id='word_1_376' title='bbox 2230 914 2493 993; x_wconf 69' lang='lat' dir='ltr'><strong>venimus.</strong></span> <span class='ocrx_word' id='word_1_377' title='bbox 2802 904 2805 905; x_wconf 47' lang='grc'><strong><em>⁷</em></strong></span> <span class='ocrx_word' id='word_1_378' title='bbox 2888 906 2891 911; x_wconf 83' lang='grc'><em>’</em></span> <span class='ocrx_word' id='word_1_379' title='bbox 3308 900 3493 973; x_wconf 44' lang='grc' dir='ltr'><strong>θᾎῙΣῙΆ</strong></span> <span class='ocrx_word' id='word_1_380' title='bbox 3538 902 3564 933; x_wconf 55' lang='lat'><strong><em>“</em></strong></span> 
     </span>
    </p>
   </div>
   <div class='ocr_carea' id='block_1_50' title="bbox 1920 1000 3422 1071">
    <p class='ocr_par' dir='ltr' id='par_1_50' title="bbox 1920 1000 3422 1071">
     <span class='ocr_line' id='line_1_55' title="bbox 1920 1000 3422 1071; baseline 0.003 -19"><span class='ocrx_word' id='word_1_381' title='bbox 1920 1000 1987 1053; x_wconf 86' lang='lat' dir='ltr'><strong>Et</strong></span> <span class='ocrx_word' id='word_1_382' title='bbox 2011 1003 2147 1054; x_wconf 82' lang='lat' dir='ltr'><strong>venit</strong></span> <span class='ocrx_word' id='word_1_383' title='bbox 2188 1001 2256 1054; x_wconf 86' lang='lat' dir='ltr'><strong>ad</strong></span> <span class='ocrx_word' id='word_1_384' title='bbox 2274 1001 2577 1071; x_wconf 66' lang='lat' dir='ltr'><strong>‘discipulos</strong></span> <span class='ocrx_word' id='word_1_385' title='bbox 2598 1009 2644 1054; x_wconf 91' lang='lat' dir='ltr'><strong>et</strong></span> <span class='ocrx_word' id='word_1_386' title='bbox 2673 1003 2862 1055; x_wconf 77' lang='lat' dir='ltr'><strong>invenit</strong></span> <span class='ocrx_word' id='word_1_387' title='bbox 2903 1018 2988 1054; x_wconf 88' lang='lat' dir='ltr'><strong>eos</strong></span> <span class='ocrx_word' id='word_1_388' title='bbox 3011 1000 3351 1067; x_wconf 71' lang='lat' dir='ltr'><strong>dormientes,</strong></span> <span class='ocrx_word' id='word_1_389' title='bbox 3372 1013 3422 1057; x_wconf 88' lang='lat' dir='ltr'><strong>et</strong></span> 
     </span>
    </p>
   </div>
   <div class='ocr_carea' id='block_1_51' title="bbox 1848 1088 3479 1163">
    <p class='ocr_par' dir='ltr' id='par_1_51' title="bbox 1848 1088 3479 1163">
     <span class='ocr_line' id='line_1_56' title="bbox 1848 1088 3479 1163; baseline 0.003 -21"><span class='ocrx_word' id='word_1_390' title='bbox 1848 1090 1972 1143; x_wconf 85' lang='lat' dir='ltr'><strong>dicit</strong></span> <span class='ocrx_word' id='word_1_391' title='bbox 2002 1090 2194 1145; x_wconf 88' lang='lat' dir='ltr'><strong>Petro:</strong></span> <span class='ocrx_word' id='word_1_392' title='bbox 2222 1090 2308 1145; x_wconf 88' lang='lat' dir='ltr'><strong>Sic</strong></span> <span class='ocrx_word' id='word_1_393' title='bbox 2340 1110 2440 1145; x_wconf 84' lang='lat' dir='ltr'><strong>non</strong></span> <span class='ocrx_word' id='word_1_394' title='bbox 2464 1093 2705 1163; x_wconf 81' lang='lat' dir='ltr'><strong>potuistis</strong></span> <span class='ocrx_word' id='word_1_395' title='bbox 2747 1109 2851 1145; x_wconf 86' lang='lat' dir='ltr'><strong>una</strong></span> <span class='ocrx_word' id='word_1_396' title='bbox 2892 1093 3021 1146; x_wconf 84' lang='lat' dir='ltr'><strong>hora</strong></span> <span class='ocrx_word' id='word_1_397' title='bbox 3064 1088 3280 1162; x_wconf 83' lang='lat' dir='ltr'><strong>vigilare</strong></span> <span class='ocrx_word' id='word_1_398' title='bbox 3325 1110 3425 1147; x_wconf 88' lang='lat' dir='ltr'><strong>me—</strong></span> <span class='ocrx_word' id='word_1_399' title='bbox 3474 1120 3479 1123; x_wconf 87' lang='lat'><em>-</em></span> 
     </span>
    </p>
   </div>
   <div class='ocr_carea' id='block_1_52' title="bbox 1849 1178 3497 1252">
    <p class='ocr_par' dir='ltr' id='par_1_52' title="bbox 1849 1178 3497 1252">
     <span class='ocr_line' id='line_1_57' title="bbox 1849 1178 3497 1252; baseline 0.003 -21"><span class='ocrx_word' id='word_1_400' title='bbox 1849 1180 2005 1232; x_wconf 87' lang='lat' dir='ltr'><strong>cum?</strong></span> <span class='ocrx_word' id='word_1_401' title='bbox 2028 1178 2292 1252; x_wconf 74' lang='grc' dir='ltr'><strong>(Ιὶῑενοη.)</strong></span> <span class='ocrx_word' id='word_1_402' title='bbox 2316 1182 2404 1235; x_wconf 85' lang='lat' dir='ltr'><strong>ille</strong></span> <span class='ocrx_word' id='word_1_403' title='bbox 2426 1183 2517 1251; x_wconf 88' lang='lat' dir='ltr'><strong>qui</strong></span> <span class='ocrx_word' id='word_1_404' title='bbox 2544 1197 2702 1251; x_wconf 88' lang='lat' dir='ltr'><strong>supra</strong></span> <span class='ocrx_word' id='word_1_405' title='bbox 2721 1181 2932 1235; x_wconf 82' lang='lat' dir='ltr'><strong>dixerat</strong></span> <span class='ocrx_word' id='word_1_406' title='bbox 2960 1198 2973 1233; x_wconf 88' lang='lat'><strong>:</strong></span> <span class='ocrx_word' id='word_1_407' title='bbox 3000 1180 3223 1235; x_wconf 85' lang='lat' dir='ltr'><strong>Etiamsi</strong></span> <span class='ocrx_word' id='word_1_408' title='bbox 3244 1199 3435 1236; x_wconf 58' lang='lat' dir='ltr'><strong>omnes.</strong></span> <span class='ocrx_word' id='word_1_409' title='bbox 3496 1200 3497 1203; x_wconf 63' lang='lat'>‘</span> 
     </span>
    </p>
   </div>
   <div class='ocr_carea' id='block_1_53' title="bbox 1847 1271 3643 1355">
    <p class='ocr_par' dir='ltr' id='par_1_53' title="bbox 1847 1271 3643 1355">
     <span class='ocr_line' id='line_1_58' title="bbox 1847 1271 3643 1355; baseline 0.006 -33"><span class='ocrx_word' id='word_1_410' title='bbox 1847 1271 2194 1325; x_wconf 79' lang='lat' dir='ltr'><strong>scandalizati</strong></span> <span class='ocrx_word' id='word_1_411' title='bbox 2247 1274 2612 1345; x_wconf 80' lang='lat' dir='ltr'><strong>fuerint,.ego</strong></span> <span class='ocrx_word' id='word_1_412' title='bbox 2682 1291 2950 1345; x_wconf 81' lang='lat' dir='ltr'><strong>nunquam</strong></span> <span class='ocrx_word' id='word_1_413' title='bbox 2998 1275 3643 1355; x_wconf 21' lang='lat' dir='ltr'><strong>scandalizaborﬂ‘v‘f</strong></span> 
     </span>
    </p>
   </div>
   <div class='ocr_carea' id='block_1_54' title="bbox 1851 1362 3639 1461">
    <p class='ocr_par' dir='ltr' id='par_1_54' title="bbox 1851 1362 3639 1461">
     <span class='ocr_line' id='line_1_59' title="bbox 1851 1362 3639 1461; baseline 0.003 -50"><span class='ocrx_word' id='word_1_414' title='bbox 1851 1374 1991 1413; x_wconf 93' lang='lat' dir='ltr'><strong>nunc</strong></span> <span class='ocrx_word' id='word_1_415' title='bbox 2020 1362 2250 1417; x_wconf 64' lang='lat' dir='ltr'><strong>tristitia}</strong></span> <span class='ocrx_word' id='word_1_416' title='bbox 2277 1364 2645 1433; x_wconf 82' lang='lat' dir='ltr'><strong>magnitudine</strong></span> <span class='ocrx_word' id='word_1_417' title='bbox 2672 1379 2916 1420; x_wconf 87' lang='lat' dir='ltr'><strong>somnum</strong></span> <span class='ocrx_word' id='word_1_418' title='bbox 2940 1364 3166 1445; x_wconf 16' lang='lat' dir='ltr'><strong>eximere</strong></span> <span class='ocrx_word' id='word_1_419' title='bbox 3198 1379 3301 1418; x_wconf 93' lang='lat' dir='ltr'><strong>non</strong></span> <span class='ocrx_word' id='word_1_420' title='bbox 3607 1402 3639 1461; x_wconf 44' lang='grc' dir='ltr'><em>ἔ</em></span> 
     </span>
    </p>
   </div>
   <div class='ocr_carea' id='block_1_55' title="bbox 1851 1446 3629 1525">
    <p class='ocr_par' dir='ltr' id='par_1_55' title="bbox 1851 1446 3629 1525">
     <span class='ocr_line' id='line_1_60' title="bbox 1851 1446 3629 1525; baseline 0.003 -23"><span class='ocrx_word' id='word_1_421' title='bbox 1851 1456 1973 1503; x_wconf 87' lang='lat' dir='ltr'><strong>test.</strong></span> <span class='ocrx_word' id='word_1_422' title='bbox 2010 1449 2234 1521; x_wconf 80' lang='lat' dir='ltr'><strong>(Hilar.)</strong></span> <span class='ocrx_word' id='word_1_423' title='bbox 2272 1453 2489 1509; x_wconf 88' lang='lat' dir='ltr'><strong>Petrum</strong></span> <span class='ocrx_word' id='word_1_424' title='bbox 2522 1455 2643 1510; x_wconf 91' lang='lat' dir='ltr'><strong>ideo</strong></span> <span class='ocrx_word' id='word_1_425' title='bbox 2670 1456 2979 1525; x_wconf 77' lang='lat' dir='ltr'><strong>singillatim</strong></span> <span class='ocrx_word' id='word_1_426' title='bbox 3008 1454 3149 1510; x_wconf 87' lang='lat' dir='ltr'><strong>infra</strong></span> <span class='ocrx_word' id='word_1_427' title='bbox 3198 1446 3629 1525; x_wconf 41' lang='lat' dir='ltr'><strong>caeterum???</strong></span> 
     </span>
    </p>
   </div>
   <div class='ocr_carea' id='block_1_56' title="bbox 1848 1536 3603 1621">
    <p class='ocr_par' dir='ltr' id='par_1_56' title="bbox 1848 1536 3603 1621">
     <span class='ocr_line' id='line_1_61' title="bbox 1848 1536 3603 1621; baseline 0.003 -32"><span class='ocrx_word' id='word_1_428' title='bbox 1848 1536 2112 1607; x_wconf 89' lang='lat' dir='ltr'><strong>increpat,</strong></span> <span class='ocrx_word' id='word_1_429' title='bbox 2134 1542 2257 1610; x_wconf 89' lang='lat' dir='ltr'><strong>quia</strong></span> <span class='ocrx_word' id='word_1_430' title='bbox 2285 1558 2396 1611; x_wconf 68' lang='lat' dir='ltr'><strong>prae</strong></span> <span class='ocrx_word' id='word_1_431' title='bbox 2428 1544 2639 1600; x_wconf 84' lang='lat' dir='ltr'><strong>caeteris</strong></span> <span class='ocrx_word' id='word_1_432' title='bbox 2662 1559 2935 1612; x_wconf 87' lang='lat' dir='ltr'><strong>nunquam</strong></span> <span class='ocrx_word' id='word_1_433' title='bbox 2962 1559 3019 1601; x_wconf 91' lang='lat' dir='ltr'><strong>se</strong></span> <span class='ocrx_word' id='word_1_434' title='bbox 3049 1543 3423 1599; x_wconf 84' lang='lat' dir='ltr'><strong>scandalizan-</strong></span> 
     </span>
    </p>
   </div>
   <div class='ocr_carea' id='block_1_57' title="bbox 1848 1624 2719 1699">
    <p class='ocr_par' dir='ltr' id='par_1_57' title="bbox 1848 1624 2719 1699">
     <span class='ocr_line' id='line_1_62' title="bbox 1848 1624 2719 1699; baseline 0.011 -19"><span class='ocrx_word' id='word_1_435' title='bbox 1848 1627 1973 1681; x_wconf 89' lang='lat' dir='ltr'><strong>dum</strong></span> <span class='ocrx_word' id='word_1_436' title='bbox 2010 1628 2185 1684; x_wconf 84' lang='lat' dir='ltr'><strong>fuerat</strong></span> <span class='ocrx_word' id='word_1_437' title='bbox 2208 1632 2489 1699; x_wconf 82' lang='lat' dir='ltr'><strong>gloriatus.</strong></span> <span class='ocrx_word' id='word_1_438' title='bbox 2714 1624 2719 1630; x_wconf 54' lang='grc'><strong>’</strong></span> 
     </span>
    </p>
   </div>
   <div class='ocr_carea' id='block_1_58' title="bbox 3403 1310 3604 1347">
    <p class='ocr_par' dir='ltr' id='par_1_58' title="bbox 3403 1310 3604 1347">
     <span class='ocr_line' id='line_1_63' title="bbox 3403 1310 3604 1347; baseline 0 0"><span class='ocrx_word' id='word_1_439' title='bbox 3403 1310 3604 1347; x_wconf 58' lang='lat' dir='ltr'><strong>“ut</strong></span> 
     </span>
    </p>
   </div>
   <div class='ocr_carea' id='block_1_59' title="bbox 3363 1347 3600 1578">
    <p class='ocr_par' dir='ltr' id='par_1_59' title="bbox 3402 1347 3587 1421">
     <span class='ocr_line' id='line_1_64' title="bbox 3402 1347 3587 1359; baseline 0.005 -5"><span class='ocrx_word' id='word_1_440' title='bbox 3402 1347 3415 1359; x_wconf 77' lang='grc' dir='ltr'><strong>ι</strong></span> <span class='ocrx_word' id='word_1_441' title='bbox 3567 1347 3587 1355; x_wconf 66' lang='grc' dir='ltr'><strong>ν</strong></span> 
     </span>
     <span class='ocr_line' id='line_1_65' title="bbox 3538 1396 3571 1421; baseline 0 0"><span class='ocrx_word' id='word_1_442' title='bbox 3538 1396 3571 1421; x_wconf 47' lang='grc'><strong>..⁸4</strong></span> 
     </span>
    </p>

    <p class='ocr_par' dir='ltr' id='par_1_60' title="bbox 3402 1436 3600 1485">
     <span class='ocr_line' id='line_1_66' title="bbox 3402 1436 3600 1485; baseline 0.005 -32"><span class='ocrx_word' id='word_1_443' title='bbox 3402 1450 3405 1453; x_wconf 58' lang='grc' dir='ltr'>η</span> <span class='ocrx_word' id='word_1_444' title='bbox 3574 1436 3600 1485; x_wconf 43' lang='lat' dir='ltr'><strong>&quot;L1</strong></span> 
     </span>
    </p>

    <p class='ocr_par' dir='ltr' id='par_1_61' title="bbox 3540 1486 3599 1517">
     <span class='ocr_line' id='line_1_67' title="bbox 3540 1486 3599 1517; baseline 0 -14"><span class='ocrx_word' id='word_1_445' title='bbox 3540 1510 3549 1517; x_wconf 50' lang='lat'>&#39;</span> <span class='ocrx_word' id='word_1_446' title='bbox 3562 1492 3569 1495; x_wconf 62' lang='grc' dir='ltr'><strong><em>λ</em></strong></span> <span class='ocrx_word' id='word_1_447' title='bbox 3586 1486 3599 1503; x_wconf 71' lang='grc' dir='ltr'><strong><em>ρ</em></strong></span> 
     </span>
    </p>

    <p class='ocr_par' dir='ltr' id='par_1_62' title="bbox 3363 1544 3600 1578">
     <span class='ocr_line' id='line_1_68' title="bbox 3363 1544 3600 1578; baseline 0.004 0"><span class='ocrx_word' id='word_1_448' title='bbox 3363 1560 3391 1578; x_wconf 85' lang='lat' dir='ltr'><strong>n</strong></span> <span class='ocrx_word' id='word_1_449' title='bbox 3400 1572 3423 1578; x_wconf 91' lang='lat'><em>_</em></span> <span class='ocrx_word' id='word_1_450' title='bbox 3453 1568 3468 1575; x_wconf 85' lang='lat'><strong><em>-</em></strong></span> <span class='ocrx_word' id='word_1_451' title='bbox 3506 1564 3526 1578; x_wconf 59' lang='grc' dir='ltr'>ι-</span> <span class='ocrx_word' id='word_1_452' title='bbox 3569 1544 3600 1571; x_wconf 38' lang='grc' dir='ltr'><strong>ιν(</strong></span> 
     </span>
    </p>
   </div>
   <div class='ocr_carea' id='block_1_60' title="bbox 1906 1696 3601 1787">
    <p class='ocr_par' dir='ltr' id='par_1_63' title="bbox 1906 1696 3601 1787">
     <span class='ocr_line' id='line_1_69' title="bbox 1906 1696 3601 1787; baseline 0.007 -18"><span class='ocrx_word' id='word_1_453' title='bbox 1906 1714 2148 1787; x_wconf 74' lang='lat' dir='ltr'><strong>~Vigilate</strong></span> <span class='ocrx_word' id='word_1_454' title='bbox 2201 1696 2248 1773; x_wconf 74' lang='lat' dir='ltr'><strong>et</strong></span> <span class='ocrx_word' id='word_1_455' title='bbox 2293 1732 2456 1786; x_wconf 89' lang='lat' dir='ltr'><strong>orate,</strong></span> <span class='ocrx_word' id='word_1_456' title='bbox 2490 1731 2545 1775; x_wconf 90' lang='lat' dir='ltr'><strong>ut</strong></span> <span class='ocrx_word' id='word_1_457' title='bbox 2580 1740 2683 1776; x_wconf 84' lang='lat' dir='ltr'><strong>non</strong></span> <span class='ocrx_word' id='word_1_458' title='bbox 2718 1724 2918 1777; x_wconf 82' lang='lat' dir='ltr'><strong>intretis</strong></span> <span class='ocrx_word' id='word_1_459' title='bbox 2953 1724 3008 1776; x_wconf 85' lang='lat' dir='ltr'><strong>in</strong></span> <span class='ocrx_word' id='word_1_460' title='bbox 3063 1723 3419 1777; x_wconf 79' lang='lat' dir='ltr'><strong>tentationem.</strong></span> <span class='ocrx_word' id='word_1_461' title='bbox 3510 1696 3601 1782; x_wconf 52' lang='grc' dir='ltr'><strong>νίῗν</strong></span> 
     </span>
    </p>
   </div>
   <div class='ocr_carea' id='block_1_61' title="bbox 1776 1800 3603 1878">
    <p class='ocr_par' dir='ltr' id='par_1_64' title="bbox 1776 1800 3603 1878">
     <span class='ocr_line' id='line_1_70' title="bbox 1776 1800 3603 1878; baseline 0.004 -16"><span class='ocrx_word' id='word_1_462' title='bbox 1776 1804 1822 1862; x_wconf 88' lang='grc' dir='ltr'><strong>Β</strong></span> <span class='ocrx_word' id='word_1_463' title='bbox 1850 1808 2185 1878; x_wconf 88' lang='lat' dir='ltr'><strong>lmpossibile</strong></span> <span class='ocrx_word' id='word_1_464' title='bbox 2220 1822 2301 1866; x_wconf 88' lang='lat' dir='ltr'><strong>est</strong></span> <span class='ocrx_word' id='word_1_465' title='bbox 2329 1814 2618 1868; x_wconf 87' lang='lat' dir='ltr'><strong>humanam</strong></span> <span class='ocrx_word' id='word_1_466' title='bbox 2649 1814 2883 1869; x_wconf 91' lang='lat' dir='ltr'><strong>animam</strong></span> <span class='ocrx_word' id='word_1_467' title='bbox 2920 1830 3025 1870; x_wconf 94' lang='lat' dir='ltr'><strong>non</strong></span> <span class='ocrx_word' id='word_1_468' title='bbox 3062 1815 3278 1870; x_wconf 87' lang='lat' dir='ltr'><strong>tentari.</strong></span> <span class='ocrx_word' id='word_1_469' title='bbox 3310 1812 3454 1870; x_wconf 54' lang='lat' dir='ltr'><strong>Unr‘</strong></span> <span class='ocrx_word' id='word_1_470' title='bbox 3566 1800 3603 1807; x_wconf 34' lang='grc' dir='ltr'><strong>μ</strong></span> 
     </span>
    </p>
   </div>
   <div class='ocr_carea' id='block_1_62' title="bbox 1852 1898 3429 1969">
    <p class='ocr_par' dir='ltr' id='par_1_65' title="bbox 1852 1898 3429 1969">
     <span class='ocr_line' id='line_1_71' title="bbox 1852 1898 3429 1969; baseline 0.004 -17"><span class='ocrx_word' id='word_1_471' title='bbox 1852 1898 1917 1953; x_wconf 90' lang='lat' dir='ltr'><strong>de</strong></span> <span class='ocrx_word' id='word_1_472' title='bbox 1946 1907 1999 1953; x_wconf 91' lang='lat' dir='ltr'><strong>et</strong></span> <span class='ocrx_word' id='word_1_473' title='bbox 2030 1900 2082 1953; x_wconf 92' lang='lat' dir='ltr'><strong>in</strong></span> <span class='ocrx_word' id='word_1_474' title='bbox 2113 1901 2356 1955; x_wconf 90' lang='lat' dir='ltr'><strong>oratione</strong></span> <span class='ocrx_word' id='word_1_475' title='bbox 2391 1902 2667 1956; x_wconf 90' lang='lat' dir='ltr'><strong>Dominica</strong></span> <span class='ocrx_word' id='word_1_476' title='bbox 2691 1903 2919 1958; x_wconf 89' lang='lat' dir='ltr'><strong>dicimus</strong></span> <span class='ocrx_word' id='word_1_477' title='bbox 2945 1903 3063 1958; x_wconf 86' lang='lat' dir='ltr'><strong>:Ne</strong></span> <span class='ocrx_word' id='word_1_478' title='bbox 3089 1920 3180 1969; x_wconf 81' lang='lat' dir='ltr'><strong>nos</strong></span> <span class='ocrx_word' id='word_1_479' title='bbox 3204 1903 3429 1959; x_wconf 83' lang='lat' dir='ltr'><strong>inducas</strong></span> 
     </span>
    </p>
   </div>
   <div class='ocr_carea' id='block_1_63' title="bbox 1850 1972 3423 2069">
    <p class='ocr_par' dir='ltr' id='par_1_66' title="bbox 1850 1972 3423 2069">
     <span class='ocr_line' id='line_1_72' title="bbox 1850 1972 3423 2069; baseline 0.006 -29"><span class='ocrx_word' id='word_1_480' title='bbox 1850 1988 1905 2040; x_wconf 89' lang='lat' dir='ltr'><strong>in</strong></span> <span class='ocrx_word' id='word_1_481' title='bbox 1934 1990 2291 2052; x_wconf 86' lang='lat' dir='ltr'><strong>tentationem,</strong></span> <span class='ocrx_word' id='word_1_482' title='bbox 2318 2008 2473 2061; x_wconf 89' lang='lat' dir='ltr'><strong>quam</strong></span> <span class='ocrx_word' id='word_1_483' title='bbox 2503 1992 2637 2061; x_wconf 79' lang='lat' dir='ltr'><strong>ferre</strong></span> <span class='ocrx_word' id='word_1_484' title='bbox 2668 2010 2770 2069; x_wconf 83' lang='lat' dir='ltr'><strong>non</strong></span> <span class='ocrx_word' id='word_1_485' title='bbox 2790 2010 3085 2063; x_wconf 86' lang='lat' dir='ltr'><strong>possumus,</strong></span> <span class='ocrx_word' id='word_1_486' title='bbox 3109 1972 3216 2069; x_wconf 54' lang='grc' dir='ltr'>θᾷιι</span> <span class='ocrx_word' id='word_1_487' title='bbox 3246 2002 3423 2048; x_wconf 90' lang='lat' dir='ltr'><strong>tenta-</strong></span> 
     </span>
    </p>
   </div>
   <div class='ocr_carea' id='block_1_64' title="bbox 1851 2069 3653 2158">
    <p class='ocr_par' dir='ltr' id='par_1_67' title="bbox 1851 2069 3653 2158">
     <span class='ocr_line' id='line_1_73' title="bbox 1851 2069 3653 2158; baseline 0.007 -29"><span class='ocrx_word' id='word_1_488' title='bbox 1851 2076 2057 2158; x_wconf 75' lang='lat' dir='ltr'><strong>tionem</strong></span> <span class='ocrx_word' id='word_1_489' title='bbox 2102 2080 2315 2146; x_wconf 88' lang='lat' dir='ltr'><strong>penitus</strong></span> <span class='ocrx_word' id='word_1_490' title='bbox 2358 2079 2677 2145; x_wconf 82' lang='lat' dir='ltr'><strong>refutantes,</strong></span> <span class='ocrx_word' id='word_1_491' title='bbox 2726 2083 2819 2137; x_wconf 90' lang='lat' dir='ltr'><strong>sed</strong></span> <span class='ocrx_word' id='word_1_492' title='bbox 2860 2083 3005 2139; x_wconf 91' lang='lat' dir='ltr'><strong>vires</strong></span> <span class='ocrx_word' id='word_1_493' title='bbox 3042 2069 3340 2139; x_wconf 67' lang='lat' dir='ltr'><strong>sustinendi</strong></span> <span class='ocrx_word' id='word_1_494' title='bbox 3370 2085 3425 2139; x_wconf 92' lang='lat' dir='ltr'><strong>in</strong></span> <span class='ocrx_word' id='word_1_495' title='bbox 3604 2094 3653 2141; x_wconf 44' lang='grc' dir='ltr'>ἐδ</span> 
     </span>
    </p>
   </div>
   <div class='ocr_carea' id='block_1_65' title="bbox 1774 3128 1818 3190">
    <p class='ocr_par' dir='ltr' id='par_1_68' title="bbox 1774 3128 1818 3190">
     <span class='ocr_line' id='line_1_74' title="bbox 1774 3128 1818 3190; baseline 0 0"><span class='ocrx_word' id='word_1_496' title='bbox 1774 3128 1818 3190; x_wconf 90' lang='lat' dir='ltr'>C</span> 
     </span>
    </p>
   </div>
   <div class='ocr_carea' id='block_1_66' title="bbox 168 3611 1791 3692">
    <p class='ocr_par' dir='ltr' id='par_1_69' title="bbox 168 3611 1791 3692">
     <span class='ocr_line' id='line_1_75' title="bbox 168 3611 1791 3692; baseline 0.004 -27"><span class='ocrx_word' id='word_1_497' title='bbox 168 3612 336 3692; x_wconf 76' lang='lat' dir='ltr'><strong>giae;</strong></span> <span class='ocrx_word' id='word_1_498' title='bbox 375 3611 699 3669; x_wconf 87' lang='lat' dir='ltr'><strong>voluntatem</strong></span> <span class='ocrx_word' id='word_1_499' title='bbox 730 3629 859 3668; x_wconf 83' lang='lat' dir='ltr'><strong>vero</strong></span> <span class='ocrx_word' id='word_1_500' title='bbox 883 3614 998 3684; x_wconf 84' lang='lat' dir='ltr'><strong>ejus</strong></span> <span class='ocrx_word' id='word_1_501' title='bbox 1041 3616 1131 3684; x_wconf 91' lang='lat' dir='ltr'><strong>qui</strong></span> <span class='ocrx_word' id='word_1_502' title='bbox 1166 3630 1288 3669; x_wconf 90' lang='lat' dir='ltr'><strong>eum</strong></span> <span class='ocrx_word' id='word_1_503' title='bbox 1322 3617 1469 3671; x_wconf 89' lang='lat' dir='ltr'><strong>misit</strong></span> <span class='ocrx_word' id='word_1_504' title='bbox 1508 3632 1624 3672; x_wconf 91' lang='lat' dir='ltr'><strong>eam</strong></span> <span class='ocrx_word' id='word_1_505' title='bbox 1665 3617 1745 3671; x_wconf 85' lang='lat' dir='ltr'><strong>vi-</strong></span> <span class='ocrx_word' id='word_1_506' title='bbox 1790 3660 1791 3663; x_wconf 55' lang='grc' dir='ltr'><strong>η</strong></span> 
     </span>
    </p>
   </div>
   <div class='ocr_carea' id='block_1_67' title="bbox 168 3702 1743 3774">
    <p class='ocr_par' dir='ltr' id='par_1_70' title="bbox 168 3702 1743 3774">
     <span class='ocr_line' id='line_1_76' title="bbox 168 3702 1743 3774; baseline 0.004 -19"><span class='ocrx_word' id='word_1_507' title='bbox 168 3702 373 3756; x_wconf 82' lang='lat' dir='ltr'><strong>delicet</strong></span> <span class='ocrx_word' id='word_1_508' title='bbox 400 3702 638 3770; x_wconf 79' lang='lat' dir='ltr'><strong>signans,</strong></span> <span class='ocrx_word' id='word_1_509' title='bbox 663 3719 823 3773; x_wconf 90' lang='lat' dir='ltr'><strong>quam</strong></span> <span class='ocrx_word' id='word_1_510' title='bbox 850 3704 1273 3774; x_wconf 88' lang='lat' dir='ltr'><strong>intemporaliter</strong></span> <span class='ocrx_word' id='word_1_511' title='bbox 1296 3715 1529 3762; x_wconf 79' lang='lat' dir='ltr'><strong>:eternus</strong></span> <span class='ocrx_word' id='word_1_512' title='bbox 1554 3707 1743 3761; x_wconf 89' lang='lat' dir='ltr'><strong>habuit</strong></span> 
     </span>
    </p>
   </div>
   <div class='ocr_carea' id='block_1_68' title="bbox 168 3791 1745 3861">
    <p class='ocr_par' dir='ltr' id='par_1_71' title="bbox 168 3791 1745 3861">
     <span class='ocr_line' id='line_1_77' title="bbox 168 3791 1745 3861; baseline 0.004 -16"><span class='ocrx_word' id='word_1_513' title='bbox 168 3806 295 3845; x_wconf 87' lang='lat' dir='ltr'><strong>cum</strong></span> <span class='ocrx_word' id='word_1_514' title='bbox 342 3801 495 3860; x_wconf 88' lang='lat' dir='ltr'><strong>patre</strong></span> <span class='ocrx_word' id='word_1_515' title='bbox 530 3807 891 3847; x_wconf 90' lang='lat' dir='ltr'><strong>communem.</strong></span> <span class='ocrx_word' id='word_1_516' title='bbox 934 3791 1065 3849; x_wconf 89' lang='lat' dir='ltr'><strong>Orat</strong></span> <span class='ocrx_word' id='word_1_517' title='bbox 1112 3796 1343 3849; x_wconf 87' lang='lat' dir='ltr'><strong>transire</strong></span> <span class='ocrx_word' id='word_1_518' title='bbox 1390 3795 1635 3861; x_wconf 88' lang='lat' dir='ltr'><strong>calicem,</strong></span> <span class='ocrx_word' id='word_1_519' title='bbox 1684 3805 1745 3851; x_wconf 90' lang='lat' dir='ltr'><strong>ut</strong></span> 
     </span>
    </p>
   </div>
   <div class='ocr_carea' id='block_1_69' title="bbox 166 3873 1742 3952">
    <p class='ocr_par' dir='ltr' id='par_1_72' title="bbox 166 3873 1742 3952">
     <span class='ocr_line' id='line_1_78' title="bbox 166 3873 1742 3952; baseline 0.003 -16"><span class='ocrx_word' id='word_1_520' title='bbox 166 3884 423 3937; x_wconf 89' lang='lat' dir='ltr'><strong>ostendat</strong></span> <span class='ocrx_word' id='word_1_521' title='bbox 470 3873 595 3937; x_wconf 82' lang='lat' dir='ltr'><strong>vere</strong></span> <span class='ocrx_word' id='word_1_522' title='bbox 636 3885 762 3952; x_wconf 91' lang='lat' dir='ltr'><strong>quia</strong></span> <span class='ocrx_word' id='word_1_523' title='bbox 804 3893 857 3938; x_wconf 90' lang='lat' dir='ltr'><strong>et</strong></span> <span class='ocrx_word' id='word_1_524' title='bbox 896 3885 1055 3938; x_wconf 90' lang='lat' dir='ltr'><strong>homo</strong></span> <span class='ocrx_word' id='word_1_525' title='bbox 1078 3893 1215 3939; x_wconf 88' lang='lat' dir='ltr'><strong>erat.</strong></span> <span class='ocrx_word' id='word_1_526' title='bbox 1247 3886 1619 3941; x_wconf 80' lang='lat' dir='ltr'><strong>Reminiscens</strong></span> <span class='ocrx_word' id='word_1_527' title='bbox 1649 3902 1742 3940; x_wconf 78' lang='lat' dir='ltr'><strong>au—</strong></span> 
     </span>
    </p>
   </div>
   <div class='ocr_carea' id='block_1_70' title="bbox 167 3973 1743 4045">
    <p class='ocr_par' dir='ltr' id='par_1_73' title="bbox 167 3973 1743 4045">
     <span class='ocr_line' id='line_1_79' title="bbox 167 3973 1743 4045; baseline 0.004 -20"><span class='ocrx_word' id='word_1_528' title='bbox 167 3981 281 4026; x_wconf 88' lang='lat' dir='ltr'><strong>tem</strong></span> <span class='ocrx_word' id='word_1_529' title='bbox 310 3982 365 4026; x_wconf 92' lang='lat' dir='ltr'><strong>et</strong></span> <span class='ocrx_word' id='word_1_530' title='bbox 398 3980 622 4042; x_wconf 88' lang='lat' dir='ltr'><strong>propter</strong></span> <span class='ocrx_word' id='word_1_531' title='bbox 648 3973 807 4042; x_wconf 80' lang='lat' dir='ltr'><strong>quod</strong></span> <span class='ocrx_word' id='word_1_532' title='bbox 836 3974 1029 4028; x_wconf 82' lang='lat' dir='ltr'><strong>missus</strong></span> <span class='ocrx_word' id='word_1_533' title='bbox 1070 3984 1172 4040; x_wconf 87' lang='lat' dir='ltr'><strong>est,</strong></span> <span class='ocrx_word' id='word_1_534' title='bbox 1220 3975 1431 4044; x_wconf 87' lang='lat' dir='ltr'><strong>perficit</strong></span> <span class='ocrx_word' id='word_1_535' title='bbox 1467 3976 1743 4045; x_wconf 87' lang='lat' dir='ltr'><strong>dispensa-</strong></span> 
     </span>
    </p>
   </div>
   <div class='ocr_carea' id='block_1_71' title="bbox 168 4063 1740 4131">
    <p class='ocr_par' dir='ltr' id='par_1_74' title="bbox 168 4063 1740 4131">
     <span class='ocr_line' id='line_1_80' title="bbox 168 4063 1740 4131; baseline 0.003 -16"><span class='ocrx_word' id='word_1_536' title='bbox 168 4063 375 4116; x_wconf 89' lang='lat' dir='ltr'><strong>tionem</strong></span> <span class='ocrx_word' id='word_1_537' title='bbox 423 4063 489 4117; x_wconf 89' lang='lat' dir='ltr'><strong>ad</strong></span> <span class='ocrx_word' id='word_1_538' title='bbox 528 4078 686 4131; x_wconf 89' lang='lat' dir='ltr'><strong>quam</strong></span> <span class='ocrx_word' id='word_1_539' title='bbox 736 4064 929 4117; x_wconf 92' lang='lat' dir='ltr'><strong>missus</strong></span> <span class='ocrx_word' id='word_1_540' title='bbox 974 4072 1075 4129; x_wconf 90' lang='lat' dir='ltr'><strong>est,</strong></span> <span class='ocrx_word' id='word_1_541' title='bbox 1117 4072 1170 4119; x_wconf 86' lang='lat' dir='ltr'><strong>et</strong></span> <span class='ocrx_word' id='word_1_542' title='bbox 1215 4064 1450 4120; x_wconf 89' lang='lat' dir='ltr'><strong>clamat:</strong></span> <span class='ocrx_word' id='word_1_543' title='bbox 1498 4065 1604 4120; x_wconf 88' lang='lat' dir='ltr'><strong>Sed</strong></span> <span class='ocrx_word' id='word_1_544' title='bbox 1635 4083 1740 4120; x_wconf 88' lang='lat' dir='ltr'><strong>non</strong></span> 
     </span>
    </p>
   </div>
   <div class='ocr_carea' id='block_1_72' title="bbox 162 4153 1791 4225">
    <p class='ocr_par' dir='ltr' id='par_1_75' title="bbox 162 4153 1791 4225">
     <span class='ocr_line' id='line_1_81' title="bbox 162 4153 1791 4225; baseline 0.004 -19"><span class='ocrx_word' id='word_1_545' title='bbox 162 4154 309 4223; x_wconf 83' lang='lat' dir='ltr'><strong>quod</strong></span> <span class='ocrx_word' id='word_1_546' title='bbox 338 4166 430 4223; x_wconf 80' lang='lat' dir='ltr'><strong>ego</strong></span> <span class='ocrx_word' id='word_1_547' title='bbox 461 4153 594 4219; x_wconf 85' lang='lat' dir='ltr'><strong>volo,</strong></span> <span class='ocrx_word' id='word_1_548' title='bbox 618 4154 710 4207; x_wconf 81' lang='lat' dir='ltr'><strong>sed</strong></span> <span class='ocrx_word' id='word_1_549' title='bbox 731 4156 868 4225; x_wconf 86' lang='lat' dir='ltr'><strong>quod</strong></span> <span class='ocrx_word' id='word_1_550' title='bbox 895 4164 970 4208; x_wconf 90' lang='lat' dir='ltr'><strong>tu.</strong></span> <span class='ocrx_word' id='word_1_551' title='bbox 1005 4154 1062 4210; x_wconf 90' lang='lat' dir='ltr'><strong>Si</strong></span> <span class='ocrx_word' id='word_1_552' title='bbox 1086 4156 1313 4210; x_wconf 90' lang='lat' dir='ltr'><strong>moritur</strong></span> <span class='ocrx_word' id='word_1_553' title='bbox 1334 4173 1502 4223; x_wconf 89' lang='lat' dir='ltr'><strong>mors,</strong></span> <span class='ocrx_word' id='word_1_554' title='bbox 1535 4172 1620 4211; x_wconf 91' lang='lat' dir='ltr'><strong>me</strong></span> <span class='ocrx_word' id='word_1_555' title='bbox 1634 4174 1739 4212; x_wconf 89' lang='lat' dir='ltr'><strong>non</strong></span> <span class='ocrx_word' id='word_1_556' title='bbox 1788 4190 1791 4195; x_wconf 92' lang='lat'><strong><em>-</em></strong></span> 
     </span>
    </p>
   </div>
   <div class='ocr_carea' id='block_1_73' title="bbox 164 4242 1743 4310">
    <p class='ocr_par' dir='ltr' id='par_1_76' title="bbox 164 4242 1743 4310">
     <span class='ocr_line' id='line_1_82' title="bbox 164 4242 1743 4310; baseline 0.004 -15"><span class='ocrx_word' id='word_1_557' title='bbox 164 4242 440 4297; x_wconf 87' lang='lat' dir='ltr'><strong>moriente</strong></span> <span class='ocrx_word' id='word_1_558' title='bbox 469 4243 760 4297; x_wconf 86' lang='lat' dir='ltr'><strong>secundum</strong></span> <span class='ocrx_word' id='word_1_559' title='bbox 798 4258 1015 4298; x_wconf 88' lang='lat' dir='ltr'><strong>carnem</strong></span> <span class='ocrx_word' id='word_1_560' title='bbox 1047 4244 1314 4310; x_wconf 87' lang='lat' dir='ltr'><strong>videlicet,</strong></span> <span class='ocrx_word' id='word_1_561' title='bbox 1340 4247 1584 4301; x_wconf 85' lang='lat' dir='ltr'><strong>transeat</strong></span> <span class='ocrx_word' id='word_1_562' title='bbox 1604 4263 1633 4300; x_wconf 93' lang='lat' dir='ltr'><strong>a</strong></span> <span class='ocrx_word' id='word_1_563' title='bbox 1654 4263 1743 4302; x_wconf 87' lang='lat' dir='ltr'><strong>me</strong></span> 
     </span>
    </p>
   </div>
   <div class='ocr_carea' id='block_1_74' title="bbox 162 4319 1737 4403">
    <p class='ocr_par' dir='ltr' id='par_1_77' title="bbox 162 4319 1737 4403">
     <span class='ocr_line' id='line_1_83' title="bbox 162 4319 1737 4403; baseline 0.003 -16"><span class='ocrx_word' id='word_1_564' title='bbox 162 4333 311 4387; x_wconf 79' lang='lat' dir='ltr'><strong>calix</strong></span> <span class='ocrx_word' id='word_1_565' title='bbox 344 4332 482 4398; x_wconf 90' lang='lat' dir='ltr'><strong>iste;</strong></span> <span class='ocrx_word' id='word_1_566' title='bbox 517 4349 699 4388; x_wconf 90' lang='lat' dir='ltr'><strong>verum</strong></span> <span class='ocrx_word' id='word_1_567' title='bbox 730 4336 855 4403; x_wconf 88' lang='lat' dir='ltr'><strong>quia</strong></span> <span class='ocrx_word' id='word_1_568' title='bbox 894 4351 999 4399; x_wconf 79' lang='lat' dir='ltr'><strong>non</strong></span> <span class='ocrx_word' id='word_1_569' title='bbox 1028 4335 1180 4390; x_wconf 87' lang='lat' dir='ltr'><strong>aliter</strong></span> <span class='ocrx_word' id='word_1_570' title='bbox 1208 4338 1308 4391; x_wconf 91' lang='lat' dir='ltr'><strong>hoc</strong></span> <span class='ocrx_word' id='word_1_571' title='bbox 1344 4319 1457 4402; x_wconf 77' lang='lat' dir='ltr'><strong>ﬁet,</strong></span> <span class='ocrx_word' id='word_1_572' title='bbox 1488 4338 1590 4392; x_wconf 90' lang='lat' dir='ltr'><strong>ait:</strong></span> <span class='ocrx_word' id='word_1_573' title='bbox 1616 4338 1737 4391; x_wconf 86' lang='lat' dir='ltr'><strong>Non</strong></span> 
     </span>
    </p>
   </div>
   <div class='ocr_carea' id='block_1_75' title="bbox 158 4420 1737 4493">
    <p class='ocr_par' dir='ltr' id='par_1_78' title="bbox 158 4420 1737 4493">
     <span class='ocr_line' id='line_1_84' title="bbox 158 4420 1737 4493; baseline 0.003 -19"><span class='ocrx_word' id='word_1_574' title='bbox 158 4422 307 4490; x_wconf 81' lang='lat' dir='ltr'><strong>quod</strong></span> <span class='ocrx_word' id='word_1_575' title='bbox 332 4438 423 4491; x_wconf 86' lang='lat' dir='ltr'><strong>ego</strong></span> <span class='ocrx_word' id='word_1_576' title='bbox 439 4420 575 4487; x_wconf 88' lang='lat' dir='ltr'><strong>volo,</strong></span> <span class='ocrx_word' id='word_1_577' title='bbox 605 4423 695 4475; x_wconf 90' lang='lat' dir='ltr'><strong>sed</strong></span> <span class='ocrx_word' id='word_1_578' title='bbox 720 4424 859 4493; x_wconf 84' lang='lat' dir='ltr'><strong>quod</strong></span> <span class='ocrx_word' id='word_1_579' title='bbox 880 4434 955 4477; x_wconf 90' lang='lat' dir='ltr'><strong>tu.</strong></span> <span class='ocrx_word' id='word_1_580' title='bbox 985 4423 1137 4490; x_wconf 88' lang='lat' dir='ltr'><strong>Quod</strong></span> <span class='ocrx_word' id='word_1_581' title='bbox 1179 4433 1359 4478; x_wconf 89' lang='lat' dir='ltr'><strong>autem</strong></span> <span class='ocrx_word' id='word_1_582' title='bbox 1398 4424 1621 4480; x_wconf 83' lang='lat' dir='ltr'><strong>Patrem’</strong></span> <span class='ocrx_word' id='word_1_583' title='bbox 1652 4427 1737 4479; x_wconf 92' lang='lat' dir='ltr'><strong>in-</strong></span> 
     </span>
    </p>
   </div>
   <div class='ocr_carea' id='block_1_76' title="bbox 158 4512 1737 4582">
    <p class='ocr_par' dir='ltr' id='par_1_79' title="bbox 158 4512 1737 4582">
     <span class='ocr_line' id='line_1_85' title="bbox 158 4512 1737 4582; baseline 0.002 -17"><span class='ocrx_word' id='word_1_584' title='bbox 158 4527 370 4566; x_wconf 89' lang='lat' dir='ltr'><strong>vocans</strong></span> <span class='ocrx_word' id='word_1_585' title='bbox 392 4512 544 4581; x_wconf 74' lang='lat' dir='ltr'><strong>juxta</strong></span> <span class='ocrx_word' id='word_1_586' title='bbox 574 4512 735 4567; x_wconf 89' lang='lat' dir='ltr'><strong>alium</strong></span> <span class='ocrx_word' id='word_1_587' title='bbox 763 4513 1144 4582; x_wconf 81' lang='lat' dir='ltr'><strong>evangelistam</strong></span> <span class='ocrx_word' id='word_1_588' title='bbox 1180 4513 1374 4582; x_wconf 81' lang='lat' dir='ltr'><strong>duplici</strong></span> <span class='ocrx_word' id='word_1_589' title='bbox 1408 4515 1623 4568; x_wconf 87' lang='lat' dir='ltr'><strong>nomine</strong></span> <span class='ocrx_word' id='word_1_590' title='bbox 1658 4516 1737 4568; x_wconf 86' lang='lat' dir='ltr'><strong>di-</strong></span> 
     </span>
    </p>
   </div>
   <div class='ocr_carea' id='block_1_77' title="bbox 1764 4476 1814 4535">
    <p class='ocr_par' dir='ltr' id='par_1_80' title="bbox 1764 4476 1814 4535">
     <span class='ocr_line' id='line_1_86' title="bbox 1764 4476 1814 4535; baseline 0 0"><span class='ocrx_word' id='word_1_591' title='bbox 1764 4476 1814 4535; x_wconf 92' lang='lat' dir='ltr'><strong>D</strong></span> 
     </span>
    </p>
   </div>
   <div class='ocr_carea' id='block_1_78' title="bbox 157 4598 1789 4671">
    <p class='ocr_par' dir='ltr' id='par_1_81' title="bbox 157 4598 1789 4671">
     <span class='ocr_line' id='line_1_87' title="bbox 157 4598 1789 4671; baseline 0.002 -18"><span class='ocrx_word' id='word_1_592' title='bbox 157 4601 266 4664; x_wconf 85' lang='lat' dir='ltr'><strong>xit,</strong></span> <span class='ocrx_word' id='word_1_593' title='bbox 297 4599 439 4652; x_wconf 82' lang='lat' dir='ltr'><strong>Abba</strong></span> <span class='ocrx_word' id='word_1_594' title='bbox 456 4598 650 4665; x_wconf 84' lang='lat' dir='ltr'><strong>.Pater,</strong></span> <span class='ocrx_word' id='word_1_595' title='bbox 684 4602 961 4670; x_wconf 89' lang='lat' dir='ltr'><strong>utriusque</strong></span> <span class='ocrx_word' id='word_1_596' title='bbox 981 4602 1156 4671; x_wconf 89' lang='lat' dir='ltr'><strong>populi</strong></span> <span class='ocrx_word' id='word_1_597' title='bbox 1183 4602 1331 4656; x_wconf 90' lang='lat' dir='ltr'><strong>illum</strong></span> <span class='ocrx_word' id='word_1_598' title='bbox 1361 4612 1415 4657; x_wconf 91' lang='lat' dir='ltr'><strong>et</strong></span> <span class='ocrx_word' id='word_1_599' title='bbox 1443 4602 1609 4658; x_wconf 73' lang='lat' dir='ltr'><strong>Judaei</strong></span> <span class='ocrx_word' id='word_1_600' title='bbox 1635 4604 1738 4659; x_wconf 91' lang='lat' dir='ltr'><strong>sci-</strong></span> <span class='ocrx_word' id='word_1_601' title='bbox 1788 4626 1789 4629; x_wconf 50' lang='grc' dir='ltr'><strong>η</strong></span> 
     </span>
    </p>
   </div>
   <div class='ocr_carea' id='block_1_79' title="bbox 157 4689 1733 4758">
    <p class='ocr_par' dir='ltr' id='par_1_82' title="bbox 157 4689 1733 4758">
     <span class='ocr_line' id='line_1_88' title="bbox 157 4689 1733 4758; baseline 0.004 -17"><span class='ocrx_word' id='word_1_602' title='bbox 157 4689 295 4744; x_wconf 88' lang='lat' dir='ltr'><strong>licet</strong></span> <span class='ocrx_word' id='word_1_603' title='bbox 329 4698 383 4743; x_wconf 90' lang='lat' dir='ltr'><strong>et</strong></span> <span class='ocrx_word' id='word_1_604' title='bbox 416 4689 627 4758; x_wconf 82' lang='lat' dir='ltr'><strong>gentilis</strong></span> <span class='ocrx_word' id='word_1_605' title='bbox 652 4705 768 4744; x_wconf 87' lang='lat' dir='ltr'><strong>esse</strong></span> <span class='ocrx_word' id='word_1_606' title='bbox 796 4690 962 4745; x_wconf 87' lang='lat' dir='ltr'><strong>Deum</strong></span> <span class='ocrx_word' id='word_1_607' title='bbox 1006 4707 1070 4750; x_wconf 87' lang='lat' dir='ltr'><strong>ac</strong></span> <span class='ocrx_word' id='word_1_608' title='bbox 1105 4690 1437 4747; x_wconf 89' lang='lat' dir='ltr'><strong>Salvatorem</strong></span> <span class='ocrx_word' id='word_1_609' title='bbox 1479 4695 1733 4749; x_wconf 90' lang='lat' dir='ltr'><strong>ostendit.</strong></span> 
     </span>
    </p>
   </div>
   <div class='ocr_carea' id='block_1_80' title="bbox 155 4778 1737 4850">
    <p class='ocr_par' dir='ltr' id='par_1_83' title="bbox 155 4778 1737 4850">
     <span class='ocr_line' id='line_1_89' title="bbox 155 4778 1737 4850; baseline 0.002 -18"><span class='ocrx_word' id='word_1_610' title='bbox 155 4778 311 4833; x_wconf 82' lang='lat' dir='ltr'><strong>lJem</strong></span> <span class='ocrx_word' id='word_1_611' title='bbox 340 4793 569 4847; x_wconf 88' lang='lat' dir='ltr'><strong>namque</strong></span> <span class='ocrx_word' id='word_1_612' title='bbox 596 4779 746 4835; x_wconf 87' lang='lat' dir='ltr'><strong>Abba</strong></span> <span class='ocrx_word' id='word_1_613' title='bbox 767 4782 908 4849; x_wconf 89' lang='lat' dir='ltr'><strong>quod</strong></span> <span class='ocrx_word' id='word_1_614' title='bbox 934 4788 988 4835; x_wconf 89' lang='lat' dir='ltr'><strong>et</strong></span> <span class='ocrx_word' id='word_1_615' title='bbox 1015 4781 1174 4835; x_wconf 90' lang='lat' dir='ltr'><strong>Pater</strong></span> <span class='ocrx_word' id='word_1_616' title='bbox 1199 4782 1489 4850; x_wconf 87' lang='lat' dir='ltr'><strong>signiﬁcat.</strong></span> <span class='ocrx_word' id='word_1_617' title='bbox 1524 4782 1629 4837; x_wconf 89' lang='lat' dir='ltr'><strong>Sed</strong></span> <span class='ocrx_word' id='word_1_618' title='bbox 1646 4783 1737 4835; x_wconf 87' lang='lat' dir='ltr'><strong>ab-</strong></span> 
     </span>
    </p>
   </div>
   <div class='ocr_carea' id='block_1_81' title="bbox 121 4867 1737 4939">
    <p class='ocr_par' dir='ltr' id='par_1_84' title="bbox 121 4867 1737 4939">
     <span class='ocr_line' id='line_1_90' title="bbox 121 4867 1737 4939; baseline 0.004 -17"><span class='ocrx_word' id='word_1_619' title='bbox 121 4907 128 4913; x_wconf 81' lang='lat'><strong>.</strong></span> <span class='ocrx_word' id='word_1_620' title='bbox 158 4870 229 4922; x_wconf 86' lang='lat' dir='ltr'><strong>ba</strong></span> <span class='ocrx_word' id='word_1_621' title='bbox 260 4867 562 4934; x_wconf 79' lang='lat' dir='ltr'><strong>Hebrzcum,</strong></span> <span class='ocrx_word' id='word_1_622' title='bbox 588 4879 736 4939; x_wconf 84' lang='lat' dir='ltr'><strong>pater</strong></span> <span class='ocrx_word' id='word_1_623' title='bbox 762 4869 1007 4925; x_wconf 72' lang='lat' dir='ltr'><strong>Grtecum</strong></span> <span class='ocrx_word' id='word_1_624' title='bbox 1046 4880 1129 4926; x_wconf 88' lang='lat' dir='ltr'><strong>est</strong></span> <span class='ocrx_word' id='word_1_625' title='bbox 1164 4881 1217 4925; x_wconf 91' lang='lat' dir='ltr'><strong>et</strong></span> <span class='ocrx_word' id='word_1_626' title='bbox 1250 4872 1521 4927; x_wconf 87' lang='lat' dir='ltr'><strong>Latinum.</strong></span> <span class='ocrx_word' id='word_1_627' title='bbox 1550 4873 1621 4929; x_wconf 90' lang='lat' dir='ltr'><strong>Ut</strong></span> <span class='ocrx_word' id='word_1_628' title='bbox 1650 4888 1737 4929; x_wconf 89' lang='lat' dir='ltr'><strong>er-</strong></span> 
     </span>
    </p>
   </div>
   <div class='ocr_carea' id='block_1_82' title="bbox 157 4960 1732 5030">
    <p class='ocr_par' dir='ltr' id='par_1_85' title="bbox 157 4960 1732 5030">
     <span class='ocr_line' id='line_1_91' title="bbox 157 4960 1732 5030; baseline 0.004 -18"><span class='ocrx_word' id='word_1_629' title='bbox 157 4974 234 5030; x_wconf 88' lang='lat' dir='ltr'><strong>go</strong></span> <span class='ocrx_word' id='word_1_630' title='bbox 273 4967 560 5027; x_wconf 90' lang='lat' dir='ltr'><strong>utrumque</strong></span> <span class='ocrx_word' id='word_1_631' title='bbox 585 4960 832 5029; x_wconf 87' lang='lat' dir='ltr'><strong>populum</strong></span> <span class='ocrx_word' id='word_1_632' title='bbox 861 4961 913 5014; x_wconf 88' lang='lat' dir='ltr'><strong>in</strong></span> <span class='ocrx_word' id='word_1_633' title='bbox 936 4976 1056 5016; x_wconf 90' lang='lat' dir='ltr'><strong>eum</strong></span> <span class='ocrx_word' id='word_1_634' title='bbox 1080 4962 1434 5027; x_wconf 88' lang='lat' dir='ltr'><strong>crediturum,</strong></span> <span class='ocrx_word' id='word_1_635' title='bbox 1484 4964 1552 5017; x_wconf 89' lang='lat' dir='ltr'><strong>ab</strong></span> <span class='ocrx_word' id='word_1_636' title='bbox 1590 4973 1732 5019; x_wconf 91' lang='lat' dir='ltr'><strong>utro-</strong></span> 
     </span>
    </p>
   </div>
   <div class='ocr_carea' id='block_1_83' title="bbox 157 5040 1732 5127">
    <p class='ocr_par' dir='ltr' id='par_1_86' title="bbox 157 5040 1732 5127">
     <span class='ocr_line' id='line_1_92' title="bbox 157 5040 1732 5127; baseline 0.003 -21"><span class='ocrx_word' id='word_1_637' title='bbox 157 5068 272 5122; x_wconf 89' lang='lat' dir='ltr'><strong>que</strong></span> <span class='ocrx_word' id='word_1_638' title='bbox 299 5068 422 5107; x_wconf 88' lang='lat' dir='ltr'><strong>eum</strong></span> <span class='ocrx_word' id='word_1_639' title='bbox 460 5040 811 5109; x_wconf 74' lang='lat' dir='ltr'><strong>invocandqu</strong></span> <span class='ocrx_word' id='word_1_640' title='bbox 856 5069 975 5110; x_wconf 88' lang='lat' dir='ltr'><strong>esse</strong></span> <span class='ocrx_word' id='word_1_641' title='bbox 1013 5055 1247 5120; x_wconf 87' lang='lat' dir='ltr'><strong>doceret,</strong></span> <span class='ocrx_word' id='word_1_642' title='bbox 1286 5064 1513 5126; x_wconf 89' lang='lat' dir='ltr'><strong>utraque</strong></span> <span class='ocrx_word' id='word_1_643' title='bbox 1555 5057 1732 5127; x_wconf 89' lang='lat' dir='ltr'><strong>lingua</strong></span> 
     </span>
    </p>
   </div>
   <div class='ocr_carea' id='block_1_84' title="bbox 157 5143 1734 5218">
    <p class='ocr_par' dir='ltr' id='par_1_87' title="bbox 157 5143 1734 5218">
     <span class='ocr_line' id='line_1_93' title="bbox 157 5143 1734 5218; baseline 0.003 -20"><span class='ocrx_word' id='word_1_644' title='bbox 157 5158 290 5198; x_wconf 88' lang='lat' dir='ltr'><strong>eum</strong></span> <span class='ocrx_word' id='word_1_645' title='bbox 315 5143 522 5212; x_wconf 89' lang='lat' dir='ltr'><strong>primus</strong></span> <span class='ocrx_word' id='word_1_646' title='bbox 575 5145 688 5213; x_wconf 91' lang='lat' dir='ltr'><strong>ipse</strong></span> <span class='ocrx_word' id='word_1_647' title='bbox 728 5145 959 5200; x_wconf 87' lang='lat' dir='ltr'><strong>invocat.</strong></span> <span class='ocrx_word' id='word_1_648' title='bbox 991 5146 1108 5216; x_wconf 86' lang='lat' dir='ltr'><strong>Ipse</strong></span> <span class='ocrx_word' id='word_1_649' title='bbox 1131 5155 1213 5201; x_wconf 88' lang='lat' dir='ltr'><strong>est</strong></span> <span class='ocrx_word' id='word_1_650' title='bbox 1237 5147 1409 5201; x_wconf 85' lang='lat' dir='ltr'><strong>bonus</strong></span> <span class='ocrx_word' id='word_1_651' title='bbox 1435 5157 1618 5217; x_wconf 91' lang='lat' dir='ltr'><strong>pastor</strong></span> <span class='ocrx_word' id='word_1_652' title='bbox 1643 5148 1734 5218; x_wconf 91' lang='lat' dir='ltr'><strong>qui</strong></span> 
     </span>
    </p>
   </div>
   <div class='ocr_carea' id='block_1_85' title="bbox 158 5232 1736 5309">
    <p class='ocr_par' dir='ltr' id='par_1_88' title="bbox 158 5232 1736 5309">
     <span class='ocr_line' id='line_1_94' title="bbox 158 5232 1736 5309; baseline 0.004 -22"><span class='ocrx_word' id='word_1_653' title='bbox 158 5233 405 5287; x_wconf 86' lang='lat' dir='ltr'><strong>animam</strong></span> <span class='ocrx_word' id='word_1_654' title='bbox 435 5232 609 5289; x_wconf 89' lang='lat' dir='ltr'><strong>dando</strong></span> <span class='ocrx_word' id='word_1_655' title='bbox 635 5248 732 5303; x_wconf 89' lang='lat' dir='ltr'><strong>pro</strong></span> <span class='ocrx_word' id='word_1_656' title='bbox 754 5236 943 5290; x_wconf 86' lang='lat' dir='ltr'><strong>ovibus</strong></span> <span class='ocrx_word' id='word_1_657' title='bbox 974 5236 1086 5291; x_wconf 90' lang='lat' dir='ltr'><strong>suis</strong></span> <span class='ocrx_word' id='word_1_658' title='bbox 1111 5252 1274 5290; x_wconf 91' lang='lat' dir='ltr'><strong>unum</strong></span> <span class='ocrx_word' id='word_1_659' title='bbox 1308 5237 1372 5291; x_wconf 90' lang='lat' dir='ltr'><strong>de</strong></span> <span class='ocrx_word' id='word_1_660' title='bbox 1398 5238 1602 5293; x_wconf 90' lang='lat' dir='ltr'><strong>duobus</strong></span> <span class='ocrx_word' id='word_1_661' title='bbox 1618 5254 1736 5309; x_wconf 84' lang='lat' dir='ltr'><strong>gre-</strong></span> 
     </span>
    </p>
   </div>
   <div class='ocr_carea' id='block_1_86' title="bbox 158 5323 1737 5400">
    <p class='ocr_par' dir='ltr' id='par_1_89' title="bbox 158 5323 1737 5400">
     <span class='ocr_line' id='line_1_95' title="bbox 158 5323 1737 5400; baseline 0.006 -23"><span class='ocrx_word' id='word_1_662' title='bbox 158 5324 326 5395; x_wconf 80' lang='lat' dir='ltr'><strong>gibus</strong></span> <span class='ocrx_word' id='word_1_663' title='bbox 368 5323 507 5379; x_wconf 87' lang='lat' dir='ltr'><strong>ovile</strong></span> <span class='ocrx_word' id='word_1_664' title='bbox 556 5324 781 5396; x_wconf 81' lang='lat' dir='ltr'><strong>perfecit</strong></span> <span class='ocrx_word' id='word_1_665' title='bbox 822 5325 1001 5397; x_wconf 84' lang='lat' dir='ltr'><strong>(Joan.</strong></span> <span class='ocrx_word' id='word_1_666' title='bbox 1060 5326 1138 5398; x_wconf 84' lang='lat' dir='ltr'><strong>x).</strong></span> <span class='ocrx_word' id='word_1_667' title='bbox 1189 5327 1420 5398; x_wconf 85' lang='lat' dir='ltr'><strong>Ideoque</strong></span> <span class='ocrx_word' id='word_1_668' title='bbox 1458 5330 1737 5400; x_wconf 89' lang='lat' dir='ltr'><strong>utriusque</strong></span> 
     </span>
    </p>
   </div>
   <div class='ocr_carea' id='block_1_87' title="bbox 158 5414 1737 5491">
    <p class='ocr_par' dir='ltr' id='par_1_90' title="bbox 158 5414 1737 5491">
     <span class='ocr_line' id='line_1_96' title="bbox 158 5414 1737 5491; baseline 0.005 -23"><span class='ocrx_word' id='word_1_669' title='bbox 158 5428 300 5469; x_wconf 86' lang='lat' dir='ltr'><strong>voce</strong></span> <span class='ocrx_word' id='word_1_670' title='bbox 340 5414 519 5484; x_wconf 79' lang='lat' dir='ltr'><strong>gregis</strong></span> <span class='ocrx_word' id='word_1_671' title='bbox 554 5415 813 5470; x_wconf 86' lang='lat' dir='ltr'><strong>auxilium</strong></span> <span class='ocrx_word' id='word_1_672' title='bbox 852 5416 1029 5471; x_wconf 89' lang='lat' dir='ltr'><strong>Patris</strong></span> <span class='ocrx_word' id='word_1_673' title='bbox 1068 5417 1291 5487; x_wconf 81' lang='lat' dir='ltr'><strong>flagitat,</strong></span> <span class='ocrx_word' id='word_1_674' title='bbox 1319 5426 1376 5473; x_wconf 90' lang='lat' dir='ltr'><strong>ut</strong></span> <span class='ocrx_word' id='word_1_675' title='bbox 1399 5435 1497 5475; x_wconf 88' lang='lat' dir='ltr'><strong>nos</strong></span> <span class='ocrx_word' id='word_1_676' title='bbox 1524 5423 1737 5491; x_wconf 87' lang='lat' dir='ltr'><strong>utrique</strong></span> 
     </span>
    </p>
   </div>
   <div class='ocr_carea' id='block_1_88' title="bbox 156 5501 1743 5570">
    <p class='ocr_par' dir='ltr' id='par_1_91' title="bbox 156 5501 1743 5570">
     <span class='ocr_line' id='line_1_97' title="bbox 156 5501 1743 5570; baseline 0.005 -14"><span class='ocrx_word' id='word_1_677' title='bbox 156 5501 414 5570; x_wconf 81' lang='lat' dir='ltr'><strong>exemplo</strong></span> <span class='ocrx_word' id='word_1_678' title='bbox 435 5501 578 5557; x_wconf 90' lang='lat' dir='ltr'><strong>illius</strong></span> <span class='ocrx_word' id='word_1_679' title='bbox 608 5502 902 5568; x_wconf 87' lang='lat' dir='ltr'><strong>informati,</strong></span> <span class='ocrx_word' id='word_1_680' title='bbox 935 5504 1024 5557; x_wconf 91' lang='lat' dir='ltr'><strong>ubi</strong></span> <span class='ocrx_word' id='word_1_681' title='bbox 1055 5505 1285 5560; x_wconf 90' lang='lat' dir='ltr'><strong>adversa</strong></span> <span class='ocrx_word' id='word_1_682' title='bbox 1315 5507 1598 5563; x_wconf 87' lang='lat' dir='ltr'><strong>imminere</strong></span> <span class='ocrx_word' id='word_1_683' title='bbox 1624 5525 1743 5564; x_wconf 82' lang='lat' dir='ltr'><strong>sen-</strong></span> 
     </span>
    </p>
   </div>
   <div class='ocr_carea' id='block_1_89' title="bbox 157 5580 1770 5666">
    <p class='ocr_par' dir='ltr' id='par_1_92' title="bbox 157 5580 1770 5666">
     <span class='ocr_line' id='line_1_98' title="bbox 157 5580 1770 5666; baseline 0.006 -19"><span class='ocrx_word' id='word_1_684' title='bbox 157 5593 397 5648; x_wconf 86' lang='lat' dir='ltr'><strong>serimus</strong></span> <span class='ocrx_word' id='word_1_685' title='bbox 418 5608 517 5649; x_wconf 91' lang='lat' dir='ltr'><strong>nos</strong></span> <span class='ocrx_word' id='word_1_686' title='bbox 542 5602 747 5663; x_wconf 89' lang='lat' dir='ltr'><strong>patrem</strong></span> <span class='ocrx_word' id='word_1_687' title='bbox 778 5596 965 5661; x_wconf 90' lang='lat' dir='ltr'><strong>Deum,</strong></span> <span class='ocrx_word' id='word_1_688' title='bbox 994 5594 1199 5652; x_wconf 68' lang='lat' dir='ltr'><strong>Hebraei</strong></span> <span class='ocrx_word' id='word_1_689' title='bbox 1230 5598 1367 5653; x_wconf 90' lang='lat' dir='ltr'><strong>abba</strong></span> <span class='ocrx_word' id='word_1_690' title='bbox 1404 5580 1770 5666; x_wconf 37' lang='lat' dir='ltr'><strong>invocantesf</strong></span> 
     </span>
    </p>
   </div>
   <div class='ocr_carea' id='block_1_90' title="bbox 134 5681 1738 5765">
    <p class='ocr_par' dir='ltr' id='par_1_93' title="bbox 134 5681 1738 5765">
     <span class='ocr_line' id='line_1_99' title="bbox 134 5681 1738 5765; baseline 0.006 -30"><span class='ocrx_word' id='word_1_691' title='bbox 134 5697 276 5737; x_wconf 81' lang='lat' dir='ltr'><strong>.una</strong></span> <span class='ocrx_word' id='word_1_692' title='bbox 297 5681 501 5750; x_wconf 77' lang='lat' dir='ltr'><strong>ﬁdeict</strong></span> <span class='ocrx_word' id='word_1_693' title='bbox 529 5683 805 5740; x_wconf 88' lang='lat' dir='ltr'><strong>charitatis</strong></span> <span class='ocrx_word' id='word_1_694' title='bbox 832 5685 1111 5742; x_wconf 89' lang='lat' dir='ltr'><strong>devotione</strong></span> <span class='ocrx_word' id='word_1_695' title='bbox 1160 5686 1471 5765; x_wconf 67' lang='lat' dir='ltr'><strong>prtesidium</strong></span> <span class='ocrx_word' id='word_1_696' title='bbox 1518 5688 1738 5745; x_wconf 73' lang='lat' dir='ltr'><strong>cmlcste</strong></span> 
     </span>
    </p>
   </div>
   <div class='ocr_carea' id='block_1_91' title="bbox 1850 2164 3431 2243">
    <p class='ocr_par' dir='ltr' id='par_1_94' title="bbox 1850 2164 3431 2243">
     <span class='ocr_line' id='line_1_100' title="bbox 1850 2164 3431 2243; baseline 0.007 -25"><span class='ocrx_word' id='word_1_697' title='bbox 1850 2164 2235 2223; x_wconf 86' lang='lat' dir='ltr'><strong>tentationibus</strong></span> <span class='ocrx_word' id='word_1_698' title='bbox 2266 2170 2634 2240; x_wconf 86' lang='lat' dir='ltr'><strong>deprecantes.</strong></span> <span class='ocrx_word' id='word_1_699' title='bbox 2667 2172 2807 2243; x_wconf 86' lang='lat' dir='ltr'><strong>Ergo</strong></span> <span class='ocrx_word' id='word_1_700' title='bbox 2845 2180 2900 2226; x_wconf 89' lang='lat' dir='ltr'><strong>et</strong></span> <span class='ocrx_word' id='word_1_701' title='bbox 2937 2173 3431 2243; x_wconf 70' lang='lat' dir='ltr'><strong>impraasentiarum</strong></span> 
     </span>
    </p>
   </div>
   <div class='ocr_carea' id='block_1_92' title="bbox 1853 2259 3421 2330">
    <p class='ocr_par' dir='ltr' id='par_1_95' title="bbox 1853 2259 3421 2330">
     <span class='ocr_line' id='line_1_101' title="bbox 1853 2259 3421 2330; baseline 0.006 -19"><span class='ocrx_word' id='word_1_702' title='bbox 1853 2273 1962 2313; x_wconf 89' lang='lat' dir='ltr'><strong>non</strong></span> <span class='ocrx_word' id='word_1_703' title='bbox 1992 2259 2067 2312; x_wconf 91' lang='lat' dir='ltr'><strong>ait</strong></span> <span class='ocrx_word' id='word_1_704' title='bbox 2106 2277 2117 2312; x_wconf 91' lang='lat'><strong>:</strong></span> <span class='ocrx_word' id='word_1_705' title='bbox 2166 2259 2389 2330; x_wconf 86' lang='lat' dir='ltr'><strong>Vigilate</strong></span> <span class='ocrx_word' id='word_1_706' title='bbox 2412 2271 2459 2315; x_wconf 91' lang='lat' dir='ltr'><strong>et</strong></span> <span class='ocrx_word' id='word_1_707' title='bbox 2486 2272 2631 2321; x_wconf 86' lang='lat' dir='ltr'><strong>orate</strong></span> <span class='ocrx_word' id='word_1_708' title='bbox 2667 2278 2734 2317; x_wconf 91' lang='lat' dir='ltr'><strong>ne</strong></span> <span class='ocrx_word' id='word_1_709' title='bbox 2765 2265 3068 2328; x_wconf 90' lang='lat' dir='ltr'><strong>tentemini,</strong></span> <span class='ocrx_word' id='word_1_710' title='bbox 3112 2265 3205 2319; x_wconf 90' lang='lat' dir='ltr'><strong>sed</strong></span> <span class='ocrx_word' id='word_1_711' title='bbox 3243 2281 3306 2319; x_wconf 87' lang='lat' dir='ltr'><strong>ne</strong></span> <span class='ocrx_word' id='word_1_712' title='bbox 3336 2266 3421 2321; x_wconf 86' lang='lat' dir='ltr'><strong>in-</strong></span> 
     </span>
    </p>
   </div>
   <div class='ocr_carea' id='block_1_93' title="bbox 1850 2351 3417 2425">
    <p class='ocr_par' dir='ltr' id='par_1_96' title="bbox 1850 2351 3417 2425">
     <span class='ocr_line' id='line_1_102' title="bbox 1850 2351 3417 2425; baseline 0.005 -22"><span class='ocrx_word' id='word_1_713' title='bbox 1850 2351 1994 2405; x_wconf 85' lang='lat' dir='ltr'><strong>tretis</strong></span> <span class='ocrx_word' id='word_1_714' title='bbox 2014 2352 2066 2405; x_wconf 88' lang='lat' dir='ltr'><strong>in</strong></span> <span class='ocrx_word' id='word_1_715' title='bbox 2096 2354 2457 2419; x_wconf 85' lang='lat' dir='ltr'><strong>tentationem,</strong></span> <span class='ocrx_word' id='word_1_716' title='bbox 2488 2355 2591 2409; x_wconf 85' lang='lat' dir='ltr'><strong>hoc</strong></span> <span class='ocrx_word' id='word_1_717' title='bbox 2618 2363 2702 2410; x_wconf 89' lang='lat' dir='ltr'><strong>est</strong></span> <span class='ocrx_word' id='word_1_718' title='bbox 2732 2370 2841 2410; x_wconf 91' lang='lat' dir='ltr'><strong>non</strong></span> <span class='ocrx_word' id='word_1_719' title='bbox 2877 2356 3104 2412; x_wconf 88' lang='lat' dir='ltr'><strong>tentatio</strong></span> <span class='ocrx_word' id='word_1_720' title='bbox 3133 2371 3229 2412; x_wconf 89' lang='lat' dir='ltr'><strong>vos</strong></span> <span class='ocrx_word' id='word_1_721' title='bbox 3255 2371 3417 2425; x_wconf 86' lang='lat' dir='ltr'><strong>supe-</strong></span> 
     </span>
    </p>
   </div>
   <div class='ocr_carea' id='block_1_94' title="bbox 1848 2440 3425 2514">
    <p class='ocr_par' dir='ltr' id='par_1_97' title="bbox 1848 2440 3425 2514">
     <span class='ocr_line' id='line_1_103' title="bbox 1848 2440 3425 2514; baseline 0.005 -23"><span class='ocrx_word' id='word_1_722' title='bbox 1848 2447 1932 2493; x_wconf 90' lang='lat' dir='ltr'><strong>ret</strong></span> <span class='ocrx_word' id='word_1_723' title='bbox 1958 2440 2162 2506; x_wconf 93' lang='lat' dir='ltr'><strong>ultima,</strong></span> <span class='ocrx_word' id='word_1_724' title='bbox 2194 2450 2247 2495; x_wconf 91' lang='lat' dir='ltr'><strong>et</strong></span> <span class='ocrx_word' id='word_1_725' title='bbox 2275 2442 2415 2496; x_wconf 89' lang='lat' dir='ltr'><strong>intra</strong></span> <span class='ocrx_word' id='word_1_726' title='bbox 2438 2457 2563 2497; x_wconf 90' lang='lat' dir='ltr'><strong>suos</strong></span> <span class='ocrx_word' id='word_1_727' title='bbox 2593 2458 2774 2498; x_wconf 88' lang='lat' dir='ltr'><strong>casses</strong></span> <span class='ocrx_word' id='word_1_728' title='bbox 2806 2451 3003 2498; x_wconf 89' lang='lat' dir='ltr'><strong>teneat.</strong></span> <span class='ocrx_word' id='word_1_729' title='bbox 3029 2440 3190 2499; x_wconf 80' lang='lat' dir='ltr'><strong>Verbi</strong></span> <span class='ocrx_word' id='word_1_730' title='bbox 3221 2445 3425 2514; x_wconf 76' lang='lat' dir='ltr'><strong>gratia,</strong></span> 
     </span>
    </p>
   </div>
   <div class='ocr_carea' id='block_1_95' title="bbox 1847 2531 3430 2610">
    <p class='ocr_par' dir='ltr' id='par_1_98' title="bbox 1847 2531 3430 2610">
     <span class='ocr_line' id='line_1_104' title="bbox 1847 2531 3430 2610; baseline 0 -27"><span class='ocrx_word' id='word_1_731' title='bbox 1847 2536 2055 2600; x_wconf 88' lang='lat' dir='ltr'><strong>martyr</strong></span> <span class='ocrx_word' id='word_1_732' title='bbox 2084 2531 2175 2601; x_wconf 92' lang='lat' dir='ltr'><strong>qui</strong></span> <span class='ocrx_word' id='word_1_733' title='bbox 2199 2546 2295 2601; x_wconf 89' lang='lat' dir='ltr'><strong>pro</strong></span> <span class='ocrx_word' id='word_1_734' title='bbox 2321 2532 2656 2587; x_wconf 89' lang='lat' dir='ltr'><strong>confessione</strong></span> <span class='ocrx_word' id='word_1_735' title='bbox 2679 2532 2891 2586; x_wconf 91' lang='lat' dir='ltr'><strong>Domini</strong></span> <span class='ocrx_word' id='word_1_736' title='bbox 2916 2533 3235 2610; x_wconf 82' lang='lat' dir='ltr'><strong>sanguinem</strong></span> <span class='ocrx_word' id='word_1_737' title='bbox 3264 2533 3430 2596; x_wconf 71' lang='lat' dir='ltr'><strong>fudit,</strong></span> 
     </span>
    </p>
   </div>
   <div class='ocr_carea' id='block_1_96' title="bbox 1846 2622 3429 2690">
    <p class='ocr_par' dir='ltr' id='par_1_99' title="bbox 1846 2622 3429 2690">
     <span class='ocr_line' id='line_1_105' title="bbox 1846 2622 3429 2690; baseline 0.003 -17"><span class='ocrx_word' id='word_1_738' title='bbox 1846 2626 2083 2676; x_wconf 90' lang='lat' dir='ltr'><strong>tentatus</strong></span> <span class='ocrx_word' id='word_1_739' title='bbox 2111 2622 2324 2690; x_wconf 91' lang='lat' dir='ltr'><strong>quidem</strong></span> <span class='ocrx_word' id='word_1_740' title='bbox 2352 2630 2455 2687; x_wconf 91' lang='lat' dir='ltr'><strong>est,</strong></span> <span class='ocrx_word' id='word_1_741' title='bbox 2492 2624 2600 2677; x_wconf 31' lang='lat' dir='ltr'><strong>sed.</strong></span> <span class='ocrx_word' id='word_1_742' title='bbox 2622 2623 2930 2678; x_wconf 87' lang='lat' dir='ltr'><strong>tentationis</strong></span> <span class='ocrx_word' id='word_1_743' title='bbox 2967 2624 3168 2678; x_wconf 89' lang='lat' dir='ltr'><strong>retibus</strong></span> <span class='ocrx_word' id='word_1_744' title='bbox 3204 2640 3312 2679; x_wconf 92' lang='lat' dir='ltr'><strong>non</strong></span> <span class='ocrx_word' id='word_1_745' title='bbox 3353 2623 3429 2677; x_wconf 82' lang='lat' dir='ltr'><strong>ll-</strong></span> 
     </span>
    </p>
   </div>
   <div class='ocr_carea' id='block_1_97' title="bbox 1848 2713 3428 2785">
    <p class='ocr_par' dir='ltr' id='par_1_100' title="bbox 1848 2713 3428 2785">
     <span class='ocr_line' id='line_1_106' title="bbox 1848 2713 3428 2785; baseline 0.001 -19"><span class='ocrx_word' id='word_1_746' title='bbox 1848 2721 2038 2783; x_wconf 90' lang='lat' dir='ltr'><strong>gatus;</strong></span> <span class='ocrx_word' id='word_1_747' title='bbox 2072 2714 2162 2783; x_wconf 91' lang='lat' dir='ltr'><strong>qui</strong></span> <span class='ocrx_word' id='word_1_748' title='bbox 2188 2722 2365 2768; x_wconf 89' lang='lat' dir='ltr'><strong>autem</strong></span> <span class='ocrx_word' id='word_1_749' title='bbox 2399 2723 2580 2784; x_wconf 85' lang='lat' dir='ltr'><strong>negat,</strong></span> <span class='ocrx_word' id='word_1_750' title='bbox 2616 2716 2669 2769; x_wconf 90' lang='lat' dir='ltr'><strong>in</strong></span> <span class='ocrx_word' id='word_1_751' title='bbox 2699 2716 2883 2785; x_wconf 86' lang='lat' dir='ltr'><strong>plagas</strong></span> <span class='ocrx_word' id='word_1_752' title='bbox 2909 2713 3221 2769; x_wconf 85' lang='lat' dir='ltr'><strong>tentationis</strong></span> <span class='ocrx_word' id='word_1_753' title='bbox 3247 2714 3428 2769; x_wconf 60' lang='lat' dir='ltr'><strong>incuro</strong></span> 
     </span>
    </p>
   </div>
   <div class='ocr_carea' id='block_1_98' title="bbox 1848 2802 2163 2869">
    <p class='ocr_par' dir='ltr' id='par_1_101' title="bbox 1848 2802 2163 2869">
     <span class='ocr_line' id='line_1_107' title="bbox 1848 2802 2163 2869; baseline 0.006 -16"><span class='ocrx_word' id='word_1_754' title='bbox 1848 2802 1938 2855; x_wconf 86' lang='lat' dir='ltr'><strong>rit.</strong></span> <span class='ocrx_word' id='word_1_755' title='bbox 2160 2866 2163 2869; x_wconf 17' lang='grc' dir='ltr'><strong>Α</strong></span> 
     </span>
    </p>
   </div>
   <div class='ocr_carea' id='block_1_99' title="bbox 1922 2889 3425 2963">
    <p class='ocr_par' dir='ltr' id='par_1_102' title="bbox 1922 2889 3425 2963">
     <span class='ocr_line' id='line_1_108' title="bbox 1922 2889 3425 2963; baseline 0.002 -19"><span class='ocrx_word' id='word_1_756' title='bbox 1922 2889 2148 2960; x_wconf 86' lang='lat' dir='ltr'><strong>Spiritus</strong></span> <span class='ocrx_word' id='word_1_757' title='bbox 2178 2894 2385 2963; x_wconf 86' lang='lat' dir='ltr'><strong>quidem</strong></span> <span class='ocrx_word' id='word_1_758' title='bbox 2415 2902 2685 2963; x_wconf 87' lang='lat' dir='ltr'><strong>promptus</strong></span> <span class='ocrx_word' id='word_1_759' title='bbox 2713 2905 2808 2955; x_wconf 87' lang='lat' dir='ltr'><strong>est,</strong></span> <span class='ocrx_word' id='word_1_760' title='bbox 2835 2895 2959 2947; x_wconf 81' lang='lat' dir='ltr'><strong>car&#39;o</strong></span> <span class='ocrx_word' id='word_1_761' title='bbox 2982 2903 3155 2948; x_wconf 82' lang='lat' dir='ltr'><strong>autem</strong></span> <span class='ocrx_word' id='word_1_762' title='bbox 3187 2894 3425 2963; x_wconf 74' lang='lat' dir='ltr'><strong>inﬁrma.</strong></span> 
     </span>
    </p>
   </div>
   <div class='ocr_carea' id='block_1_100' title="bbox 1849 2978 3429 3054">
    <p class='ocr_par' dir='ltr' id='par_1_103' title="bbox 1849 2978 3429 3054">
     <span class='ocr_line' id='line_1_109' title="bbox 1849 2978 3429 3054; baseline 0.004 -21"><span class='ocrx_word' id='word_1_763' title='bbox 1849 2978 1964 3033; x_wconf 86' lang='lat' dir='ltr'><strong>Hoc</strong></span> <span class='ocrx_word' id='word_1_764' title='bbox 2040 2982 2324 3037; x_wconf 87' lang='lat' dir='ltr'><strong>adversum</strong></span> <span class='ocrx_word' id='word_1_765' title='bbox 2374 2984 2692 3053; x_wconf 83' lang='lat' dir='ltr'><strong>temerarios</strong></span> <span class='ocrx_word' id='word_1_766' title='bbox 2735 2984 2936 3038; x_wconf 90' lang='lat' dir='ltr'><strong>dictum</strong></span> <span class='ocrx_word' id='word_1_767' title='bbox 2988 2993 3091 3049; x_wconf 89' lang='lat' dir='ltr'><strong>est,</strong></span> <span class='ocrx_word' id='word_1_768' title='bbox 3138 2984 3228 3053; x_wconf 92' lang='lat' dir='ltr'><strong>qui</strong></span> <span class='ocrx_word' id='word_1_769' title='bbox 3267 2985 3429 3054; x_wconf 51' lang='lat' dir='ltr'><strong>quid.</strong></span> 
     </span>
    </p>
   </div>
   <div class='ocr_carea' id='block_1_101' title="bbox 1850 3068 3431 3144">
    <p class='ocr_par' dir='ltr' id='par_1_104' title="bbox 1850 3068 3431 3144">
     <span class='ocr_line' id='line_1_110' title="bbox 1850 3068 3431 3144; baseline 0.005 -22"><span class='ocrx_word' id='word_1_770' title='bbox 1850 3068 1977 3137; x_wconf 90' lang='lat' dir='ltr'><strong>quid</strong></span> <span class='ocrx_word' id='word_1_771' title='bbox 2011 3071 2369 3136; x_wconf 86' lang='lat' dir='ltr'><strong>crediderint,</strong></span> <span class='ocrx_word' id='word_1_772' title='bbox 2427 3081 2618 3141; x_wconf 85' lang='lat' dir='ltr'><strong>putant</strong></span> <span class='ocrx_word' id='word_1_773' title='bbox 2645 3087 2702 3127; x_wconf 91' lang='lat' dir='ltr'><strong>se</strong></span> <span class='ocrx_word' id='word_1_774' title='bbox 2732 3074 2985 3143; x_wconf 87' lang='lat' dir='ltr'><strong>consequi</strong></span> <span class='ocrx_word' id='word_1_775' title='bbox 3023 3090 3197 3144; x_wconf 91' lang='lat' dir='ltr'><strong>posse.</strong></span> <span class='ocrx_word' id='word_1_776' title='bbox 3238 3075 3431 3144; x_wconf 86' lang='lat' dir='ltr'><strong>Itaque</strong></span> 
     </span>
    </p>
   </div>
   <div class='ocr_carea' id='block_1_102' title="bbox 1849 3160 3424 3231">
    <p class='ocr_par' dir='ltr' id='par_1_105' title="bbox 1849 3160 3424 3231">
     <span class='ocr_line' id='line_1_111' title="bbox 1849 3160 3424 3231; baseline 0.008 -21"><span class='ocrx_word' id='word_1_777' title='bbox 1849 3165 2108 3227; x_wconf 79' lang='lat' dir='ltr'><strong>quantum</strong></span> <span class='ocrx_word' id='word_1_778' title='bbox 2134 3160 2199 3214; x_wconf 90' lang='lat' dir='ltr'><strong>de</strong></span> <span class='ocrx_word' id='word_1_779' title='bbox 2232 3160 2425 3215; x_wconf 89' lang='lat' dir='ltr'><strong>ardore</strong></span> <span class='ocrx_word' id='word_1_780' title='bbox 2480 3163 2678 3217; x_wconf 89' lang='lat' dir='ltr'><strong>mentis</strong></span> <span class='ocrx_word' id='word_1_781' title='bbox 2720 3164 3060 3231; x_wconf 83' lang='lat' dir='ltr'><strong>confidimus,</strong></span> <span class='ocrx_word' id='word_1_782' title='bbox 3092 3173 3302 3220; x_wconf 82' lang='lat' dir='ltr'><strong>tantum</strong></span> <span class='ocrx_word' id='word_1_783' title='bbox 3357 3167 3424 3223; x_wconf 91' lang='lat' dir='ltr'><strong>de</strong></span> 
     </span>
    </p>
   </div>
   <div class='ocr_carea' id='block_1_103' title="bbox 1844 3251 3428 3330">
    <p class='ocr_par' dir='ltr' id='par_1_106' title="bbox 1844 3251 3428 3330">
     <span class='ocr_line' id='line_1_112' title="bbox 1844 3251 3428 3330; baseline 0.006 -24"><span class='ocrx_word' id='word_1_784' title='bbox 1844 3253 2022 3307; x_wconf 89' lang='lat' dir='ltr'><strong>carnis</strong></span> <span class='ocrx_word' id='word_1_785' title='bbox 2051 3251 2338 3322; x_wconf 86' lang='lat' dir='ltr'><strong>fragilitate</strong></span> <span class='ocrx_word' id='word_1_786' title='bbox 2366 3255 2667 3310; x_wconf 91' lang='lat' dir='ltr'><strong>timeamus.</strong></span> <span class='ocrx_word' id='word_1_787' title='bbox 2702 3255 2808 3312; x_wconf 88' lang='lat' dir='ltr'><strong>Sed</strong></span> <span class='ocrx_word' id='word_1_788' title='bbox 2831 3265 3008 3312; x_wconf 89' lang='lat' dir='ltr'><strong>tamen</strong></span> <span class='ocrx_word' id='word_1_789' title='bbox 3027 3257 3181 3325; x_wconf 78' lang='lat' dir='ltr'><strong>juxta</strong></span> <span class='ocrx_word' id='word_1_790' title='bbox 3208 3269 3428 3330; x_wconf 77' lang='lat' dir='ltr'><strong>aposto-</strong></span> 
     </span>
    </p>
   </div>
   <div class='ocr_carea' id='block_1_104' title="bbox 1841 3341 3487 3419">
    <p class='ocr_par' dir='ltr' id='par_1_107' title="bbox 1841 3341 3487 3419">
     <span class='ocr_line' id='line_1_113' title="bbox 1841 3341 3487 3419; baseline 0.004 -24"><span class='ocrx_word' id='word_1_791' title='bbox 1841 3341 1951 3396; x_wconf 90' lang='lat' dir='ltr'><strong>lum</strong></span> <span class='ocrx_word' id='word_1_792' title='bbox 1981 3342 2171 3410; x_wconf 89' lang='lat' dir='ltr'><strong>spiritu</strong></span> <span class='ocrx_word' id='word_1_793' title='bbox 2202 3344 2382 3397; x_wconf 89' lang='lat' dir='ltr'><strong>carnis</strong></span> <span class='ocrx_word' id='word_1_794' title='bbox 2402 3359 2566 3413; x_wconf 89' lang='lat' dir='ltr'><strong>opera</strong></span> <span class='ocrx_word' id='word_1_795' title='bbox 2596 3344 3005 3399; x_wconf 87' lang='lat' dir='ltr'><strong>mortificantur.</strong></span> <span class='ocrx_word' id='word_1_796' title='bbox 3046 3345 3296 3419; x_wconf 55' lang='lat' dir='ltr'><strong>(Rasum)</strong></span> <span class='ocrx_word' id='word_1_797' title='bbox 3318 3346 3424 3401; x_wconf 59' lang='lat' dir='ltr'><strong>Fa.</strong></span> <span class='ocrx_word' id='word_1_798' title='bbox 3476 3354 3487 3359; x_wconf 86' lang='lat'><strong><em>‘</em></strong></span> 
     </span>
    </p>
   </div>
   <div class='ocr_carea' id='block_1_105' title="bbox 1842 3419 3429 3506">
    <p class='ocr_par' dir='ltr' id='par_1_108' title="bbox 1842 3419 3429 3506">
     <span class='ocr_line' id='line_1_114' title="bbox 1842 3419 3429 3506; baseline 0.003 -18"><span class='ocrx_word' id='word_1_799' title='bbox 1842 3433 1919 3489; x_wconf 91' lang='lat' dir='ltr'><strong>cit</strong></span> <span class='ocrx_word' id='word_1_800' title='bbox 1968 3433 2074 3487; x_wconf 60' lang='lat' dir='ltr'><strong>hic,</strong></span> <span class='ocrx_word' id='word_1_801' title='bbox 2104 3432 2253 3489; x_wconf 89' lang='lat' dir='ltr'><strong>locus</strong></span> <span class='ocrx_word' id='word_1_802' title='bbox 2301 3441 2353 3489; x_wconf 87' lang='lat' dir='ltr'><strong>et</strong></span> <span class='ocrx_word' id='word_1_803' title='bbox 2381 3434 2667 3489; x_wconf 89' lang='lat' dir='ltr'><strong>adversum</strong></span> <span class='ocrx_word' id='word_1_804' title='bbox 2697 3434 3082 3506; x_wconf 87' lang='lat' dir='ltr'><strong>Eutychianos,</strong></span> <span class='ocrx_word' id='word_1_805' title='bbox 3115 3430 3205 3506; x_wconf 88' lang='lat' dir='ltr'><strong>qui</strong></span> <span class='ocrx_word' id='word_1_806' title='bbox 3229 3419 3429 3494; x_wconf 75' lang='lat' dir='ltr'><strong>dicunt</strong></span> 
     </span>
    </p>
   </div>
   <div class='ocr_carea' id='block_1_106' title="bbox 1842 3524 3422 3593">
    <p class='ocr_par' dir='ltr' id='par_1_109' title="bbox 1842 3524 3422 3593">
     <span class='ocr_line' id='line_1_115' title="bbox 1842 3524 3422 3593; baseline 0.004 -16"><span class='ocrx_word' id='word_1_807' title='bbox 1842 3539 2001 3578; x_wconf 89' lang='lat' dir='ltr'><strong>unam</strong></span> <span class='ocrx_word' id='word_1_808' title='bbox 2036 3524 2091 3578; x_wconf 90' lang='lat' dir='ltr'><strong>in</strong></span> <span class='ocrx_word' id='word_1_809' title='bbox 2122 3526 2417 3581; x_wconf 89' lang='lat' dir='ltr'><strong>mediatore</strong></span> <span class='ocrx_word' id='word_1_810' title='bbox 2446 3526 2540 3580; x_wconf 89' lang='lat' dir='ltr'><strong>Dei</strong></span> <span class='ocrx_word' id='word_1_811' title='bbox 2564 3533 2619 3580; x_wconf 90' lang='lat' dir='ltr'><strong>et</strong></span> <span class='ocrx_word' id='word_1_812' title='bbox 2646 3527 2948 3593; x_wconf 91' lang='lat' dir='ltr'><strong>hominum,</strong></span> <span class='ocrx_word' id='word_1_813' title='bbox 2974 3528 3201 3585; x_wconf 91' lang='lat' dir='ltr'><strong>Domino</strong></span> <span class='ocrx_word' id='word_1_814' title='bbox 3224 3537 3279 3584; x_wconf 90' lang='lat' dir='ltr'><strong>et</strong></span> <span class='ocrx_word' id='word_1_815' title='bbox 3302 3528 3422 3586; x_wconf 81' lang='lat' dir='ltr'><strong>Sal—</strong></span> 
     </span>
    </p>
   </div>
   <div class='ocr_carea' id='block_1_107' title="bbox 1843 3614 3421 3684">
    <p class='ocr_par' dir='ltr' id='par_1_110' title="bbox 1843 3614 3421 3684">
     <span class='ocr_line' id='line_1_116' title="bbox 1843 3614 3421 3684; baseline 0.006 -20"><span class='ocrx_word' id='word_1_816' title='bbox 1843 3620 2031 3667; x_wconf 90' lang='lat' dir='ltr'><strong>vatore</strong></span> <span class='ocrx_word' id='word_1_817' title='bbox 2058 3621 2243 3668; x_wconf 88' lang='lat' dir='ltr'><strong>nostro</strong></span> <span class='ocrx_word' id='word_1_818' title='bbox 2268 3614 2657 3684; x_wconf 88' lang='lat' dir='ltr'><strong>operationem,</strong></span> <span class='ocrx_word' id='word_1_819' title='bbox 2680 3630 2843 3669; x_wconf 91' lang='lat' dir='ltr'><strong>unam</strong></span> <span class='ocrx_word' id='word_1_820' title='bbox 2872 3614 3039 3671; x_wconf 88' lang='lat' dir='ltr'><strong>fuisse</strong></span> <span class='ocrx_word' id='word_1_821' title='bbox 3059 3616 3421 3676; x_wconf 83' lang='lat' dir='ltr'><strong>voluntatem.</strong></span> 
     </span>
    </p>
   </div>
   <div class='ocr_carea' id='block_1_108' title="bbox 1843 3700 3425 3778">
    <p class='ocr_par' dir='ltr' id='par_1_111' title="bbox 1843 3700 3425 3778">
     <span class='ocr_line' id='line_1_117' title="bbox 1843 3700 3425 3778; baseline 0.005 -21"><span class='ocrx_word' id='word_1_822' title='bbox 1843 3700 1976 3757; x_wconf 88' lang='lat' dir='ltr'><strong>Cum</strong></span> <span class='ocrx_word' id='word_1_823' title='bbox 2004 3704 2143 3757; x_wconf 90' lang='lat' dir='ltr'><strong>enim</strong></span> <span class='ocrx_word' id='word_1_824' title='bbox 2176 3704 2323 3769; x_wconf 91' lang='lat' dir='ltr'><strong>dicit,</strong></span> <span class='ocrx_word' id='word_1_825' title='bbox 2352 3703 2579 3774; x_wconf 90' lang='lat' dir='ltr'><strong>Spiritus</strong></span> <span class='ocrx_word' id='word_1_826' title='bbox 2603 3706 2809 3776; x_wconf 87' lang='lat' dir='ltr'><strong>quidem</strong></span> <span class='ocrx_word' id='word_1_827' title='bbox 2830 3716 3099 3778; x_wconf 89' lang='lat' dir='ltr'><strong>promptus</strong></span> <span class='ocrx_word' id='word_1_828' title='bbox 3133 3718 3231 3775; x_wconf 88' lang='lat' dir='ltr'><strong>est,</strong></span> <span class='ocrx_word' id='word_1_829' title='bbox 3292 3726 3425 3765; x_wconf 77' lang='lat' dir='ltr'><strong>caro</strong></span> 
     </span>
    </p>
   </div>
   <div class='ocr_carea' id='block_1_109' title="bbox 1844 3793 3451 3869">
    <p class='ocr_par' dir='ltr' id='par_1_112' title="bbox 1844 3793 3451 3869">
     <span class='ocr_line' id='line_1_118' title="bbox 1844 3793 3451 3869; baseline 0.007 -25"><span class='ocrx_word' id='word_1_830' title='bbox 1844 3802 2017 3845; x_wconf 88' lang='lat' dir='ltr'><strong>autem</strong></span> <span class='ocrx_word' id='word_1_831' title='bbox 2046 3794 2278 3861; x_wconf 78' lang='lat' dir='ltr'><strong>inﬁrma,</strong></span> <span class='ocrx_word' id='word_1_832' title='bbox 2326 3796 2461 3849; x_wconf 88' lang='lat' dir='ltr'><strong>duas</strong></span> <span class='ocrx_word' id='word_1_833' title='bbox 2501 3793 2805 3852; x_wconf 82' lang='lat' dir='ltr'><strong>&#39;voluntates</strong></span> <span class='ocrx_word' id='word_1_834' title='bbox 2842 3799 3095 3864; x_wconf 86' lang='lat' dir='ltr'><strong>ostendit,</strong></span> <span class='ocrx_word' id='word_1_835' title='bbox 3124 3799 3451 3869; x_wconf 86' lang='lat' dir='ltr'><strong>humanam_</strong></span> 
     </span>
    </p>
   </div>
   <div class='ocr_carea' id='block_1_110' title="bbox 1844 3882 3420 3957">
    <p class='ocr_par' dir='ltr' id='par_1_113' title="bbox 1844 3882 3420 3957">
     <span class='ocr_line' id='line_1_119' title="bbox 1844 3882 3420 3957; baseline 0.007 -23"><span class='ocrx_word' id='word_1_836' title='bbox 1844 3882 2112 3950; x_wconf 87' lang='lat' dir='ltr'><strong>videlicet,</strong></span> <span class='ocrx_word' id='word_1_837' title='bbox 2147 3900 2267 3953; x_wconf 55' lang='lat' dir='ltr'><strong>quae</strong></span> <span class='ocrx_word' id='word_1_838' title='bbox 2292 3894 2375 3939; x_wconf 89' lang='lat' dir='ltr'><strong>est</strong></span> <span class='ocrx_word' id='word_1_839' title='bbox 2398 3885 2600 3949; x_wconf 88' lang='lat' dir='ltr'><strong>carnis,</strong></span> <span class='ocrx_word' id='word_1_840' title='bbox 2629 3892 2685 3939; x_wconf 90' lang='lat' dir='ltr'><strong>et</strong></span> <span class='ocrx_word' id='word_1_841' title='bbox 2708 3886 2964 3952; x_wconf 87' lang='lat' dir='ltr'><strong>divinam,</strong></span> <span class='ocrx_word' id='word_1_842' title='bbox 2994 3903 3112 3957; x_wconf 69' lang='lat' dir='ltr'><strong>quae</strong></span> <span class='ocrx_word' id='word_1_843' title='bbox 3140 3897 3224 3943; x_wconf 88' lang='lat' dir='ltr'><strong>est</strong></span> <span class='ocrx_word' id='word_1_844' title='bbox 3247 3889 3420 3945; x_wconf 88' lang='lat' dir='ltr'><strong>deita-</strong></span> 
     </span>
    </p>
   </div>
   <div class='ocr_carea' id='block_1_111' title="bbox 1845 3974 3415 4048">
    <p class='ocr_par' dir='ltr' id='par_1_114' title="bbox 1845 3974 3415 4048">
     <span class='ocr_line' id='line_1_120' title="bbox 1845 3974 3415 4048; baseline 0.006 -21"><span class='ocrx_word' id='word_1_845' title='bbox 1845 3974 1949 4039; x_wconf 91' lang='lat' dir='ltr'><strong>tis;</strong></span> <span class='ocrx_word' id='word_1_846' title='bbox 1981 3974 2071 4029; x_wconf 89' lang='lat' dir='ltr'><strong>ubi</strong></span> <span class='ocrx_word' id='word_1_847' title='bbox 2102 3975 2334 4029; x_wconf 89' lang='lat' dir='ltr'><strong>humana</strong></span> <span class='ocrx_word' id='word_1_848' title='bbox 2361 3976 2576 4045; x_wconf 89' lang='lat' dir='ltr'><strong>quidem</strong></span> <span class='ocrx_word' id='word_1_849' title='bbox 2602 3984 2820 4048; x_wconf 79' lang='lat' dir='ltr'><strong>propter</strong></span> <span class='ocrx_word' id='word_1_850' title='bbox 2845 3978 3209 4035; x_wconf 88' lang='lat' dir='ltr'><strong>inﬁrmitatem</strong></span> <span class='ocrx_word' id='word_1_851' title='bbox 3234 3983 3415 4043; x_wconf 86' lang='lat' dir='ltr'><strong>carnis</strong></span> 
     </span>
    </p>
   </div>
   <div class='ocr_carea' id='block_1_112' title="bbox 1842 4052 3418 4139">
    <p class='ocr_par' dir='ltr' id='par_1_115' title="bbox 1842 4052 3418 4139">
     <span class='ocr_line' id='line_1_121' title="bbox 1842 4052 3418 4139; baseline 0.004 -22"><span class='ocrx_word' id='word_1_852' title='bbox 1842 4074 2057 4119; x_wconf 82' lang='lat' dir='ltr'><strong>recusat</strong></span> <span class='ocrx_word' id='word_1_853' title='bbox 2085 4065 2415 4134; x_wconf 90' lang='lat' dir='ltr'><strong>passionem,</strong></span> <span class='ocrx_word' id='word_1_854' title='bbox 2448 4065 2629 4119; x_wconf 84' lang='lat' dir='ltr'><strong>divina</strong></span> <span class='ocrx_word' id='word_1_855' title='bbox 2660 4076 2839 4121; x_wconf 88' lang='lat' dir='ltr'><strong>autem</strong></span> <span class='ocrx_word' id='word_1_856' title='bbox 2875 4066 2991 4135; x_wconf 82' lang='lat' dir='ltr'><strong>ejus</strong></span> <span class='ocrx_word' id='word_1_857' title='bbox 3019 4075 3101 4123; x_wconf 86' lang='lat' dir='ltr'><strong>est</strong></span> <span class='ocrx_word' id='word_1_858' title='bbox 3127 4052 3418 4139; x_wconf 78' lang='lat' dir='ltr'><strong>promptis-</strong></span> 
     </span>
    </p>
   </div>
   <div class='ocr_carea' id='block_1_113' title="bbox 1841 4153 3419 4225">
    <p class='ocr_par' dir='ltr' id='par_1_116' title="bbox 1841 4153 3419 4225">
     <span class='ocr_line' id='line_1_122' title="bbox 1841 4153 3419 4225; baseline 0.004 -19"><span class='ocrx_word' id='word_1_859' title='bbox 1841 4154 1998 4219; x_wconf 90' lang='lat' dir='ltr'><strong>sima,</strong></span> <span class='ocrx_word' id='word_1_860' title='bbox 2029 4154 2282 4223; x_wconf 91' lang='lat' dir='ltr'><strong>quoniam</strong></span> <span class='ocrx_word' id='word_1_861' title='bbox 2312 4153 2602 4208; x_wconf 89' lang='lat' dir='ltr'><strong>formidare</strong></span> <span class='ocrx_word' id='word_1_862' title='bbox 2630 4156 2847 4224; x_wconf 89' lang='lat' dir='ltr'><strong>quidem</strong></span> <span class='ocrx_word' id='word_1_863' title='bbox 2873 4156 2927 4209; x_wconf 92' lang='lat' dir='ltr'><strong>in</strong></span> <span class='ocrx_word' id='word_1_864' title='bbox 2951 4159 3200 4225; x_wconf 89' lang='lat' dir='ltr'><strong>passione</strong></span> <span class='ocrx_word' id='word_1_865' title='bbox 3230 4159 3419 4214; x_wconf 82' lang='lat' dir='ltr'><strong>huma-</strong></span> 
     </span>
    </p>
   </div>
   <div class='ocr_carea' id='block_1_114' title="bbox 1840 4243 3413 4316">
    <p class='ocr_par' dir='ltr' id='par_1_117' title="bbox 1840 4243 3413 4316">
     <span class='ocr_line' id='line_1_123' title="bbox 1840 4243 3413 4316; baseline 0.003 -19"><span class='ocrx_word' id='word_1_866' title='bbox 1840 4258 1924 4297; x_wconf 73' lang='lat' dir='ltr'><strong>na:</strong></span> <span class='ocrx_word' id='word_1_867' title='bbox 1976 4243 2283 4313; x_wconf 84' lang='lat' dir='ltr'><strong>fragilitatis</strong></span> <span class='ocrx_word' id='word_1_868' title='bbox 2308 4252 2409 4309; x_wconf 88' lang='lat' dir='ltr'><strong>est,</strong></span> <span class='ocrx_word' id='word_1_869' title='bbox 2442 4244 2713 4313; x_wconf 89' lang='lat' dir='ltr'><strong>suscipere</strong></span> <span class='ocrx_word' id='word_1_870' title='bbox 2744 4254 2922 4299; x_wconf 79' lang='lat' dir='ltr'><strong>autem</strong></span> <span class='ocrx_word' id='word_1_871' title='bbox 2960 4246 3413 4316; x_wconf 86' lang='lat' dir='ltr'><strong>dispensationem</strong></span> 
     </span>
    </p>
   </div>
   <div class='ocr_carea' id='block_1_115' title="bbox 1840 4333 3413 4406">
    <p class='ocr_par' dir='ltr' id='par_1_118' title="bbox 1840 4333 3413 4406">
     <span class='ocr_line' id='line_1_124' title="bbox 1840 4333 3413 4406; baseline 0.005 -20"><span class='ocrx_word' id='word_1_872' title='bbox 1840 4333 2129 4403; x_wconf 81' lang='lat' dir='ltr'><strong>passionis,</strong></span> <span class='ocrx_word' id='word_1_873' title='bbox 2154 4334 2348 4405; x_wconf 75' lang='lat' dir='ltr'><strong>divinae</strong></span> <span class='ocrx_word' id='word_1_874' title='bbox 2365 4333 2660 4388; x_wconf 89' lang='lat' dir='ltr'><strong>voluntatis</strong></span> <span class='ocrx_word' id='word_1_875' title='bbox 2674 4343 2835 4403; x_wconf 89' lang='lat' dir='ltr'><strong>atque</strong></span> <span class='ocrx_word' id='word_1_876' title='bbox 2853 4336 3067 4406; x_wconf 81' lang='lat' dir='ltr'><strong>virtutis</strong></span> <span class='ocrx_word' id='word_1_877' title='bbox 3090 4344 3189 4393; x_wconf 88' lang='lat' dir='ltr'><strong>est.</strong></span> <span class='ocrx_word' id='word_1_878' title='bbox 3219 4338 3413 4404; x_wconf 78' lang='lat' dir='ltr'><strong>Aliter,</strong></span> 
     </span>
    </p>
   </div>
   <div class='ocr_carea' id='block_1_116' title="bbox 1842 4421 3416 4496">
    <p class='ocr_par' dir='ltr' id='par_1_119' title="bbox 1842 4421 3416 4496">
     <span class='ocr_line' id='line_1_125' title="bbox 1842 4421 3416 4496; baseline 0.005 -22"><span class='ocrx_word' id='word_1_879' title='bbox 1842 4421 1910 4475; x_wconf 90' lang='lat' dir='ltr'><strong>ad</strong></span> <span class='ocrx_word' id='word_1_880' title='bbox 1938 4435 2032 4476; x_wconf 91' lang='lat' dir='ltr'><strong>eos</strong></span> <span class='ocrx_word' id='word_1_881' title='bbox 2062 4422 2355 4488; x_wconf 84' lang='lat' dir='ltr'><strong>hic,sermo</strong></span> <span class='ocrx_word' id='word_1_882' title='bbox 2380 4436 2673 4478; x_wconf 84' lang='lat' dir='ltr'><strong>conversus</strong></span> <span class='ocrx_word' id='word_1_883' title='bbox 2696 4432 2801 4489; x_wconf 89' lang='lat' dir='ltr'><strong>est,</strong></span> <span class='ocrx_word' id='word_1_884' title='bbox 2826 4424 2993 4494; x_wconf 87' lang='lat' dir='ltr'><strong>quise</strong></span> <span class='ocrx_word' id='word_1_885' title='bbox 3017 4427 3416 4496; x_wconf 86' lang='lat' dir='ltr'><strong>spoponderant</strong></span> 
     </span>
    </p>
   </div>
   <div class='ocr_carea' id='block_1_117' title="bbox 1840 4511 3414 4593">
    <p class='ocr_par' dir='ltr' id='par_1_120' title="bbox 1840 4511 3414 4593">
     <span class='ocr_line' id='line_1_126' title="bbox 1840 4511 3414 4593; baseline 0.005 -28"><span class='ocrx_word' id='word_1_886' title='bbox 1840 4526 2112 4580; x_wconf 87' lang='lat' dir='ltr'><strong>nunquam</strong></span> <span class='ocrx_word' id='word_1_887' title='bbox 2140 4520 2453 4582; x_wconf 87' lang='lat' dir='ltr'><strong>negaturos:</strong></span> <span class='ocrx_word' id='word_1_888' title='bbox 2478 4511 2691 4566; x_wconf 89' lang='lat' dir='ltr'><strong>illorum</strong></span> <span class='ocrx_word' id='word_1_889' title='bbox 2715 4513 2858 4566; x_wconf 89' lang='lat' dir='ltr'><strong>enim</strong></span> <span class='ocrx_word' id='word_1_890' title='bbox 2885 4514 3414 4593; x_wconf 38' lang='lat' dir='ltr'><strong>spiritusrpromptus</strong></span> 
     </span>
    </p>
   </div>
   <div class='ocr_carea' id='block_1_118' title="bbox 1840 4596 3411 4671">
    <p class='ocr_par' dir='ltr' id='par_1_121' title="bbox 1840 4596 3411 4671">
     <span class='ocr_line' id='line_1_127' title="bbox 1840 4596 3411 4671; baseline 0.003 -14"><span class='ocrx_word' id='word_1_891' title='bbox 1840 4602 1936 4657; x_wconf 85' lang='lat' dir='ltr'><strong>sed</strong></span> <span class='ocrx_word' id='word_1_892' title='bbox 1962 4618 2086 4658; x_wconf 90' lang='lat' dir='ltr'><strong>caro</strong></span> <span class='ocrx_word' id='word_1_893' title='bbox 2113 4602 2325 4656; x_wconf 87' lang='lat' dir='ltr'><strong>infirma</strong></span> <span class='ocrx_word' id='word_1_894' title='bbox 2344 4610 2484 4669; x_wconf 90' lang='lat' dir='ltr'><strong>erat,</strong></span> <span class='ocrx_word' id='word_1_895' title='bbox 2506 4602 2631 4671; x_wconf 88' lang='lat' dir='ltr'><strong>quia</strong></span> <span class='ocrx_word' id='word_1_896' title='bbox 2652 4603 2889 4658; x_wconf 88' lang='lat' dir='ltr'><strong>nondum</strong></span> <span class='ocrx_word' id='word_1_897' title='bbox 2913 4604 3086 4659; x_wconf 90' lang='lat' dir='ltr'><strong>induti</strong></span> <span class='ocrx_word' id='word_1_898' title='bbox 3105 4596 3263 4660; x_wconf 86' lang='lat' dir='ltr'><strong>erant</strong></span> <span class='ocrx_word' id='word_1_899' title='bbox 3298 4606 3411 4663; x_wconf 86' lang='lat' dir='ltr'><strong>vir-</strong></span> 
     </span>
    </p>
   </div>
   <div class='ocr_carea' id='block_1_119' title="bbox 1841 4692 3135 4747">
    <p class='ocr_par' dir='ltr' id='par_1_122' title="bbox 1841 4692 3135 4747">
     <span class='ocr_line' id='line_1_128' title="bbox 1841 4692 3135 4747; baseline -0.002 -2"><span class='ocrx_word' id='word_1_900' title='bbox 1841 4699 1954 4746; x_wconf 90' lang='lat' dir='ltr'><strong>tute</strong></span> <span class='ocrx_word' id='word_1_901' title='bbox 1979 4707 2043 4745; x_wconf 72' lang='grc' dir='ltr'><strong>ει</strong></span> <span class='ocrx_word' id='word_1_902' title='bbox 2072 4692 2199 4747; x_wconf 91' lang='lat' dir='ltr'><strong>alto.</strong></span> <span class='ocrx_word' id='word_1_903' title='bbox 2235 4714 2241 4721; x_wconf 86' lang='grc'><strong><em>-</em></strong></span> <span class='ocrx_word' id='word_1_904' title='bbox 3132 4736 3135 4743; x_wconf 43' lang='grc' dir='ltr'><strong>ι</strong></span> 
     </span>
    </p>
   </div>
   <div class='ocr_carea' id='block_1_120' title="bbox 1911 4780 3409 4851">
    <p class='ocr_par' dir='ltr' id='par_1_123' title="bbox 1911 4780 3409 4851">
     <span class='ocr_line' id='line_1_129' title="bbox 1911 4780 3409 4851; baseline 0.003 -16"><span class='ocrx_word' id='word_1_905' title='bbox 1911 4783 2110 4837; x_wconf 87' lang='lat' dir='ltr'><strong>lterum</strong></span> <span class='ocrx_word' id='word_1_906' title='bbox 2136 4783 2361 4837; x_wconf 85' lang='lat' dir='ltr'><strong>secundo</strong></span> <span class='ocrx_word' id='word_1_907' title='bbox 2391 4780 2540 4847; x_wconf 83' lang='lat' dir='ltr'><strong>abiit,</strong></span> <span class='ocrx_word' id='word_1_908' title='bbox 2566 4782 2826 4847; x_wconf 81' lang='lat' dir='ltr'><strong>etoravit,</strong></span> <span class='ocrx_word' id='word_1_909' title='bbox 2862 4782 3073 4836; x_wconf 83' lang='lat' dir='ltr'><strong>dicens:</strong></span> <span class='ocrx_word' id='word_1_910' title='bbox 3112 4781 3277 4838; x_wconf 64' lang='lat' dir='ltr'><strong>Pate&quot;</strong></span> <span class='ocrx_word' id='word_1_911' title='bbox 3316 4786 3409 4851; x_wconf 86' lang='lat' dir='ltr'><strong>mi,</strong></span> 
     </span>
    </p>
   </div>
   <div class='ocr_carea' id='block_1_121' title="bbox 1840 4874 3410 4947">
    <p class='ocr_par' dir='ltr' id='par_1_124' title="bbox 1840 4874 3410 4947">
     <span class='ocr_line' id='line_1_130' title="bbox 1840 4874 3410 4947; baseline 0.001 -18"><span class='ocrx_word' id='word_1_912' title='bbox 1840 4876 1887 4929; x_wconf 87' lang='lat' dir='ltr'><strong>si</strong></span> <span class='ocrx_word' id='word_1_913' title='bbox 1914 4892 2017 4929; x_wconf 88' lang='lat' dir='ltr'><strong>non</strong></span> <span class='ocrx_word' id='word_1_914' title='bbox 2037 4885 2203 4945; x_wconf 85' lang='lat' dir='ltr'><strong>potest</strong></span> <span class='ocrx_word' id='word_1_915' title='bbox 2242 4876 2327 4929; x_wconf 76' lang='lat' dir='ltr'><strong>hic</strong></span> <span class='ocrx_word' id='word_1_916' title='bbox 2350 4874 2491 4929; x_wconf 73' lang='lat' dir='ltr'><strong>calix</strong></span> <span class='ocrx_word' id='word_1_917' title='bbox 2512 4876 2756 4940; x_wconf 86' lang='lat' dir='ltr'><strong>transire,</strong></span> <span class='ocrx_word' id='word_1_918' title='bbox 2786 4875 2888 4928; x_wconf 82' lang='lat' dir='ltr'><strong>nisi</strong></span> <span class='ocrx_word' id='word_1_919' title='bbox 2914 4874 3063 4928; x_wconf 87' lang='lat' dir='ltr'><strong>illum</strong></span> <span class='ocrx_word' id='word_1_920' title='bbox 3089 4874 3283 4941; x_wconf 83' lang='lat' dir='ltr'><strong>bibam,</strong></span> <span class='ocrx_word' id='word_1_921' title='bbox 3302 4877 3410 4947; x_wconf 74' lang='lat' dir='ltr'><strong>ﬁat</strong></span> 
     </span>
    </p>
   </div>
   <div class='ocr_carea' id='block_1_122' title="bbox 1841 4962 3413 5037">
    <p class='ocr_par' dir='ltr' id='par_1_125' title="bbox 1841 4962 3413 5037">
     <span class='ocr_line' id='line_1_131' title="bbox 1841 4962 3413 5037; baseline 0.003 -20"><span class='ocrx_word' id='word_1_922' title='bbox 1841 4963 2081 5021; x_wconf 87' lang='lat' dir='ltr'><strong>voluntas</strong></span> <span class='ocrx_word' id='word_1_923' title='bbox 2127 4974 2235 5018; x_wconf 89' lang='lat' dir='ltr'><strong>tua.</strong></span> <span class='ocrx_word' id='word_1_924' title='bbox 2275 4963 2543 5037; x_wconf 87' lang='lat' dir='ltr'><strong>(Hieron.)</strong></span> <span class='ocrx_word' id='word_1_925' title='bbox 2605 4962 2851 5019; x_wconf 89' lang='lat' dir='ltr'><strong>Secundo</strong></span> <span class='ocrx_word' id='word_1_926' title='bbox 2888 4972 3115 5028; x_wconf 76' lang='lat' dir='ltr'><strong>erat,.ut</strong></span> <span class='ocrx_word' id='word_1_927' title='bbox 3140 4966 3185 5020; x_wconf 88' lang='lat' dir='ltr'><strong>si</strong></span> <span class='ocrx_word' id='word_1_928' title='bbox 3219 4964 3413 5023; x_wconf 81' lang='lat' dir='ltr'><strong>Ninive</strong></span> 
     </span>
    </p>
   </div>
   <div class='ocr_carea' id='block_1_123' title="bbox 1843 5050 3411 5125">
    <p class='ocr_par' dir='ltr' id='par_1_126' title="bbox 1843 5050 3411 5125">
     <span class='ocr_line' id='line_1_132' title="bbox 1843 5050 3411 5125; baseline 0.003 -18"><span class='ocrx_word' id='word_1_929' title='bbox 1843 5054 1999 5109; x_wconf 89' lang='lat' dir='ltr'><strong>aliter</strong></span> <span class='ocrx_word' id='word_1_930' title='bbox 2028 5055 2221 5110; x_wconf 84' lang='lat' dir='ltr'><strong>salvari</strong></span> <span class='ocrx_word' id='word_1_931' title='bbox 2243 5071 2350 5110; x_wconf 92' lang='lat' dir='ltr'><strong>non</strong></span> <span class='ocrx_word' id='word_1_932' title='bbox 2377 5063 2575 5125; x_wconf 90' lang='lat' dir='ltr'><strong>potest,</strong></span> <span class='ocrx_word' id='word_1_933' title='bbox 2618 5055 2724 5111; x_wconf 90' lang='lat' dir='ltr'><strong>nisi</strong></span> <span class='ocrx_word' id='word_1_934' title='bbox 2750 5054 3030 5109; x_wconf 87' lang='lat' dir='ltr'><strong>cucurbita</strong></span> <span class='ocrx_word' id='word_1_935' title='bbox 3057 5050 3284 5123; x_wconf 80' lang='lat' dir='ltr'><strong>aruerit,</strong></span> <span class='ocrx_word' id='word_1_936' title='bbox 3318 5057 3411 5111; x_wconf 89' lang='lat' dir='ltr'><strong>ﬁat</strong></span> 
     </span>
    </p>
   </div>
   <div class='ocr_carea' id='block_1_124' title="bbox 1841 5145 3411 5217">
    <p class='ocr_par' dir='ltr' id='par_1_127' title="bbox 1841 5145 3411 5217">
     <span class='ocr_line' id='line_1_133' title="bbox 1841 5145 3411 5217; baseline 0.001 -18"><span class='ocrx_word' id='word_1_937' title='bbox 1841 5146 2087 5201; x_wconf 87' lang='lat' dir='ltr'><strong>voluntas</strong></span> <span class='ocrx_word' id='word_1_938' title='bbox 2112 5146 2440 5217; x_wconf 75' lang='lat' dir='ltr'><strong>Patris,qu:e</strong></span> <span class='ocrx_word' id='word_1_939' title='bbox 2466 5145 2666 5201; x_wconf 85' lang='lat' dir='ltr'><strong>uon&#39;est</strong></span> <span class='ocrx_word' id='word_1_940' title='bbox 2687 5146 2960 5201; x_wconf 82' lang='lat' dir='ltr'><strong>contraria</strong></span> <span class='ocrx_word' id='word_1_941' title='bbox 2979 5145 3101 5201; x_wconf 87' lang='lat' dir='ltr'><strong>Filii</strong></span> <span class='ocrx_word' id='word_1_942' title='bbox 3126 5148 3411 5216; x_wconf 86' lang='lat' dir='ltr'><strong>voluntati,</strong></span> 
     </span>
    </p>
   </div>
   <div class='ocr_carea' id='block_1_125' title="bbox 1843 5228 3405 5307">
    <p class='ocr_par' dir='ltr' id='par_1_128' title="bbox 1843 5228 3405 5307">
     <span class='ocr_line' id='line_1_134' title="bbox 1843 5228 3405 5307; baseline 0.001 -16"><span class='ocrx_word' id='word_1_943' title='bbox 1843 5237 2054 5293; x_wconf 88' lang='lat' dir='ltr'><strong>dicente</strong></span> <span class='ocrx_word' id='word_1_944' title='bbox 2100 5237 2211 5306; x_wconf 91' lang='lat' dir='ltr'><strong>ipso</strong></span> <span class='ocrx_word' id='word_1_945' title='bbox 2255 5252 2351 5307; x_wconf 89' lang='lat' dir='ltr'><strong>per</strong></span> <span class='ocrx_word' id='word_1_946' title='bbox 2385 5236 2729 5305; x_wconf 88' lang='lat' dir='ltr'><strong>Prophetam,</strong></span> <span class='ocrx_word' id='word_1_947' title='bbox 2758 5245 2815 5289; x_wconf 90' lang='lat' dir='ltr'><strong>ut</strong></span> <span class='ocrx_word' id='word_1_948' title='bbox 2841 5228 3062 5305; x_wconf 79' lang='lat' dir='ltr'><strong>facerem</strong></span> <span class='ocrx_word' id='word_1_949' title='bbox 3095 5236 3405 5292; x_wconf 86' lang='lat' dir='ltr'><strong>voluntatem</strong></span> 
     </span>
    </p>
   </div>
   <div class='ocr_carea' id='block_1_126' title="bbox 1842 5324 3411 5399">
    <p class='ocr_par' dir='ltr' id='par_1_129' title="bbox 1842 5324 3411 5399">
     <span class='ocr_line' id='line_1_135' title="bbox 1842 5324 3411 5399; baseline 0.003 -22"><span class='ocrx_word' id='word_1_950' title='bbox 1842 5334 2007 5390; x_wconf 85' lang='lat' dir='ltr'><strong>tuam,</strong></span> <span class='ocrx_word' id='word_1_951' title='bbox 2036 5324 2170 5379; x_wconf 83' lang='lat' dir='ltr'><strong>Deus</strong></span> <span class='ocrx_word' id='word_1_952' title='bbox 2188 5341 2354 5391; x_wconf 92' lang='lat' dir='ltr'><strong>meus,</strong></span> <span class='ocrx_word' id='word_1_953' title='bbox 2377 5326 2515 5379; x_wconf 85' lang='lat' dir='ltr'><strong>volui</strong></span> <span class='ocrx_word' id='word_1_954' title='bbox 2542 5324 2713 5397; x_wconf 85' lang='lat' dir='ltr'><strong>(Psal.</strong></span> <span class='ocrx_word' id='word_1_955' title='bbox 2739 5326 2910 5399; x_wconf 72' lang='grc' dir='ltr'>χχιι).</span> <span class='ocrx_word' id='word_1_956' title='bbox 2934 5326 3226 5397; x_wconf 86' lang='lat' dir='ltr'><strong>Diligenter</strong></span> <span class='ocrx_word' id='word_1_957' title='bbox 3245 5328 3411 5398; x_wconf 84' lang='lat' dir='ltr'><strong>igitur</strong></span> 
     </span>
    </p>
   </div>
   <div class='ocr_carea' id='block_1_127' title="bbox 1840 5414 3407 5486">
    <p class='ocr_par' dir='ltr' id='par_1_130' title="bbox 1840 5414 3407 5486">
     <span class='ocr_line' id='line_1_136' title="bbox 1840 5414 3407 5486; baseline 0.003 -17"><span class='ocrx_word' id='word_1_958' title='bbox 1840 5414 2225 5472; x_wconf 85' lang='lat' dir='ltr'><strong>consideranda</strong></span> <span class='ocrx_word' id='word_1_959' title='bbox 2278 5421 2403 5469; x_wconf 90' lang='lat' dir='ltr'><strong>sunt</strong></span> <span class='ocrx_word' id='word_1_960' title='bbox 2455 5415 2620 5470; x_wconf 88' lang='lat' dir='ltr'><strong>verba</strong></span> <span class='ocrx_word' id='word_1_961' title='bbox 2675 5416 2905 5479; x_wconf 89' lang='lat' dir='ltr'><strong>Domini,</strong></span> <span class='ocrx_word' id='word_1_962' title='bbox 2931 5431 3059 5486; x_wconf 71' lang='lat' dir='ltr'><strong>qua:</strong></span> <span class='ocrx_word' id='word_1_963' title='bbox 3088 5417 3313 5486; x_wconf 88' lang='lat' dir='ltr'><strong>protulit</strong></span> <span class='ocrx_word' id='word_1_964' title='bbox 3338 5417 3407 5473; x_wconf 87' lang='lat' dir='ltr'><strong>de</strong></span> 
     </span>
    </p>
   </div>
   <div class='ocr_carea' id='block_1_128' title="bbox 1839 5508 3407 5579">
    <p class='ocr_par' dir='ltr' id='par_1_131' title="bbox 1839 5508 3407 5579">
     <span class='ocr_line' id='line_1_137' title="bbox 1839 5508 3407 5579; baseline -0.002 -14"><span class='ocrx_word' id='word_1_965' title='bbox 1839 5508 2195 5579; x_wconf 73' lang='lat' dir='ltr'><strong>possibilitate</strong></span> <span class='ocrx_word' id='word_1_966' title='bbox 2220 5515 2275 5563; x_wconf 88' lang='lat' dir='ltr'><strong>et</strong></span> <span class='ocrx_word' id='word_1_967' title='bbox 2296 5508 2571 5564; x_wconf 88' lang='lat' dir='ltr'><strong>voluntate</strong></span> <span class='ocrx_word' id='word_1_968' title='bbox 2596 5508 2792 5573; x_wconf 73' lang='lat' dir='ltr'><strong>Patris,</strong></span> <span class='ocrx_word' id='word_1_969' title='bbox 2826 5508 2953 5577; x_wconf 86' lang='lat' dir='ltr'><strong>quia</strong></span> <span class='ocrx_word' id='word_1_970' title='bbox 2980 5508 3307 5578; x_wconf 90' lang='lat' dir='ltr'><strong>possibilitas</strong></span> <span class='ocrx_word' id='word_1_971' title='bbox 3351 5515 3407 5562; x_wconf 87' lang='lat' dir='ltr'><strong>et</strong></span> 
     </span>
    </p>
   </div>
   <div class='ocr_carea' id='block_1_129' title="bbox 1840 5595 3407 5653">
    <p class='ocr_par' dir='ltr' id='par_1_132' title="bbox 1840 5595 3407 5653">
     <span class='ocr_line' id='line_1_138' title="bbox 1840 5595 3407 5653; baseline -0.001 -2"><span class='ocrx_word' id='word_1_972' title='bbox 1840 5598 2084 5653; x_wconf 85' lang='lat' dir='ltr'><strong>voluntas</strong></span> <span class='ocrx_word' id='word_1_973' title='bbox 2115 5598 2209 5652; x_wconf 89' lang='lat' dir='ltr'><strong>Dei</strong></span> <span class='ocrx_word' id='word_1_974' title='bbox 2235 5596 2413 5653; x_wconf 88' lang='lat' dir='ltr'><strong>Patris</strong></span> <span class='ocrx_word' id='word_1_975' title='bbox 2442 5598 2495 5652; x_wconf 91' lang='lat' dir='ltr'><strong>in</strong></span> <span class='ocrx_word' id='word_1_976' title='bbox 2532 5597 2676 5653; x_wconf 91' lang='lat' dir='ltr'><strong>nullo</strong></span> <span class='ocrx_word' id='word_1_977' title='bbox 2716 5597 3043 5652; x_wconf 90' lang='lat' dir='ltr'><strong>discordant.</strong></span> <span class='ocrx_word' id='word_1_978' title='bbox 3094 5595 3261 5652; x_wconf 85' lang='lat' dir='ltr'><strong>Porro</strong></span> <span class='ocrx_word' id='word_1_979' title='bbox 3309 5610 3407 5649; x_wconf 89' lang='lat' dir='ltr'><strong>au-</strong></span> 
     </span>
    </p>
   </div>
   <div class='ocr_carea' id='block_1_130' title="bbox 1843 5672 3406 5762">
    <p class='ocr_par' dir='ltr' id='par_1_133' title="bbox 1843 5672 3406 5762">
     <span class='ocr_line' id='line_1_139' title="bbox 1843 5672 3406 5762; baseline 0.002 -18"><span class='ocrx_word' id='word_1_980' title='bbox 1843 5682 1947 5748; x_wconf 80' lang='lat' dir='ltr'><strong>tem</strong></span> <span class='ocrx_word' id='word_1_981' title='bbox 1976 5690 2188 5747; x_wconf 83' lang='lat' dir='ltr'><strong>Marcus</strong></span> <span class='ocrx_word' id='word_1_982' title='bbox 2220 5672 2393 5762; x_wconf 70' lang='lat' dir='ltr'><strong>primo</strong></span> <span class='ocrx_word' id='word_1_983' title='bbox 2422 5706 2487 5748; x_wconf 80' lang='lat' dir='ltr'><strong>cx</strong></span> <span class='ocrx_word' id='word_1_984' title='bbox 2517 5690 2695 5746; x_wconf 84' lang='lat' dir='ltr'><strong>verbis</strong></span> <span class='ocrx_word' id='word_1_985' title='bbox 2745 5690 2854 5745; x_wconf 86' lang='lat' dir='ltr'><strong>suis</strong></span> <span class='ocrx_word' id='word_1_986' title='bbox 2882 5689 3022 5746; x_wconf 87' lang='lat' dir='ltr'><strong>idem</strong></span> <span class='ocrx_word' id='word_1_987' title='bbox 3054 5690 3291 5746; x_wconf 89' lang='lat' dir='ltr'><strong>narravit</strong></span> <span class='ocrx_word' id='word_1_988' title='bbox 3316 5704 3406 5747; x_wconf 83' lang='lat' dir='ltr'><strong>ro-</strong></span> 
     </span>
    </p>
   </div>
  </div>
