3922 6342
168 326 314 382 m7

1083 323 1432 381 COMMENT.
1472 323 1536 377 IN
1573 321 2003 381 MATTHZEUM.
2042 357 2111 368 —
2150 330 2277 385 LIB.
2318 284 2457 385 VIII.‘

3158 406 3161 407 ν
3238 338 3376 394 IIIS

162 442 293 498 vitae
325 442 549 498 accessit
581 456 699 494 cum
726 440 1065 496 meditatione
1105 442 1313 496 mortis.
1353 440 1504 495 Unde
1540 446 1595 494 et
1636 453 1725 494 se-
1752 440 1803 499 Α
1829 454 1915 491 rus
1940 439 2339 507 interpretatur.
2368 440 2516 507 Quod
2542 450 2720 497 autem
2749 458 2935 500 servus
2980 448 3225 502 inventus
3268 458 3373 513 est,

164 534 353 601 quitur
376 551 389 587 :

238 621 341 689 Qui
367 633 536 675 autem
564 622 773 674 tradidit
802 639 915 675 eum
944 622 1083 676 dedit
1113 621 1217 675 illis
1261 622 1464 691 signum
1509 621 1679 674 dicens
1704 632 1721 669 :

166 709 534 778 Quemcunque
555 708 812 763 osculatus
829 710 1114 779 fuero,ipse
1130 719 1223 772 est,
1238 720 1400 763 tenete
1420 726 1553 763 eum.
1574 708 1725 780 (Hie-

162 797 316 861 ron.)
348 797 505 852 Miser
535 797 699 853 Judas
722 807 775 852 et
809 807 985 851 tamen
1014 814 1117 851 non
1149 798 1488 863 miserabilis,
1537 798 1723 851 eadem

165 888 480 943 inﬁdelitate
502 884 605 958 qud
631 890 909 961 Dominum
942 896 995 942 et
1019 888 1327 955 magistrum
1358 887 1598 951 tradidit,
1622 902 1721 955 pu-

163 979 316 1032 tabat
342 978 488 1048 signa
510 993 627 1047 qua:
651 977 976 1032 Salvatorem
1021 976 1223 1029 viderat
1276 975 1561 1029 facientem
1618 988 1723 1026 non

159 1067 446 1136 majestate
474 1069 669 1129 divina,
702 1065 792 1120 sed
820 1065 1041 1133 magicis
1068 1066 1272 1119 artibus
1308 1064 1469 1117 facta.
1519 1063 1584 1129 Et
1631 1062 1723 1130 qui

158 1171 287 1209 eum
310 1155 447 1211 forte
468 1157 709 1211 audierat
732 1155 787 1208 in
815 1164 993 1208 monte
1027 1141 1475 1224 transﬁguratum,
1501 1152 1722 1207 timebat

158 1260 229 1299 ne
255 1246 412 1301 simili
456 1244 922 1301 transformatione
964 1244 1228 1298 laberetur
1247 1258 1311 1297 ex
1339 1244 1580 1297 manibus
1625 1243 1723 1296 mi-

158 1333 471 1388 nistrorum.
529 1335 628 1387 Dat
668 1348 793 1402 ergo
842 1332 1051 1401 signum
1090 1340 1151 1385 ut
1179 1332 1351 1386 sciant
1383 1331 1558 1400 ipsum
1603 1345 1721 1385 esse

157 1438 318 1492 quem
346 1425 528 1480 osculo
554 1424 962 1477 demonstraret.

231 1514 300 1569 Et
321 1515 587 1583 confestim
614 1513 858 1567 accedens
886 1513 955 1565 ad
978 1511 1155 1565 Iesum
1180 1511 1311 1563 dixit
1338 1528 1350 1563 :
1378 1510 1501 1574 Ave,
1526 1508 1718 1574 Rabbi;

154 1604 490 1659 etosculatus
512 1612 584 1657 est
606 1619 743 1657 eum.
796 1601 1075 1670 Impudens
1126 1599 1340 1670 quidem
1387 1606 1440 1653 et
1461 1598 1720 1652 scelerata

155 1691 483 1747 conﬁdentia
504 1693 815 1763 magistrum
831 1705 1043 1778 vocare,
1066 1699 1119 1743 et
1139 1690 1380 1744 osculum
1401 1690 1447 1743 ei
1475 1690 1716 1759 ingerere

1818 537 1874 583 et
1898 529 1999 584 hoc
2024 531 2257 597 pertinet
2285 533 2350 585 ad
2378 532 2521 585 illam
2546 542 2883 599 vetustatem,
2928 552 3043 605 qua:
3067 538 3117 591 in
3148 540 3376 593 servitu-

1820 624 1927 671 tem
1949 626 2195 691 generat,
2225 621 2365 687 quod
2393 629 2478 674 est
2498 620 2641 689 Agar
2662 620 2812 691 (Gal.
2837 621 2944 693 tv).
2998 623 3100 679 Sed
3128 642 3247 680 cum
3279 643 3371 683 ac-

1820 705 2073 760 cessisset
2099 707 2317 771 sanitas,
2347 708 2564 776 ﬁgurata
2596 718 2677 764 est
2697 717 2751 763 et
2776 709 3011 765 libertas.

1894 793 2037 847 Tunc
2064 796 2135 847 ait
2158 794 2235 848 illi
2253 795 2405 850 Iesus
2430 810 2448 847 :
2470 796 2717 851 Converte
2755 798 2983 868 gladium
3026 812 3171 855 tuum
3190 806 3243 856 in
3295 805 3373 857 lo-

1821 899 1937 937 cum
1958 900 2129 937 suum.
2156 884 2396 956 (ΜΑοιι.)
2439 886 2515 939 Ac
2537 887 2579 940 si
2605 887 2826 942 dixisset
2852 907 2864 942 :
2889 889 3072 945 Cesset
3120 893 3370 955 vindicta,

1822 974 2064 1027 remissio
2092 974 2362 1044 largiatur.
2390 974 2635 1044 Oportuit
2665 978 2808 1031 enim
2857 988 2915 1032 ut
2956 990 3141 1035 auctor
3192 985 3371 1051 gratiae

1789 1064 2071 1139 ~populum
2100 1065 2463 1133 evangelicum
2496 1081 2593 1120 suo
2633 1068 2874 1135 exemplo
2921 1072 3230 1137 patientiam
3283 1074 3374 1127 do—

1821 1160 1986 1217 ceret,
2009 1160 2064 1206 et
2087 1154 2262 1221 potius
2287 1155 2353 1209 ad
2383 1156 2750 1211 sustinendum
2778 1156 2989 1213 fortiter
3022 1160 3240 1213 adversa
3290 1162 3379 1215 in-

1820 1248 2069 1306 strueret,
2101 1255 2261 1310 quam
2290 1244 2356 1298 ad
2385 1245 2759 1300 vindicandum
2803 1257 3137 1317 provocaret.
3190 1248 3279 1305 Sic
3322 1260 3387 1305 et.

1819 1329 2013 1385 Paulus
2050 1332 2217 1387 dicit:
2252 1333 2373 1388 Non
2415 1352 2503 1389 vos
2541 1336 2883 1405 defendentes,
2933 1340 3242 1403 cliarissimi,
3286 1344 3377 1395 sed

1818 1420 1936 1474 date
1962 1421 2131 1475 locum
2155 1424 2247 1477 ine
2270 1441 2289 1478 :
2321 1426 2567 1495 scriptum
2592 1436 2665 1480 est
2703 1430 2877 1481 enim:
2904 1428 3036 1482 Milli
3072 1430 3371 1496 vindictam,

1818 1525 1908 1578 ego
1932 1511 2207 1564 retribuam
2235 1513 2361 1566 dicit
2388 1513 2639 1569 Dominus
2670 1514 2855 1589 (Rom.
2882 1515 3010 1585 xu).
3064 1517 3217 1574 Unde
3252 1528 3308 1573 et
3343 1534 3375 1574 e

1819 1598 2084 1653 contrario
2106 1600 2349 1655 subditur

1890 1687 2079 1743 Omnes
2095 1692 2227 1744 enim
2248 1694 2337 1762 qui
2356 1703 2656 1763 acceperunt
2669 1672 2899 1764 gladium
2920 1695 3095 1765 gladio
3111 1697 3371 1767 peribunt,

154 1799 317 1852 quem
349 1762 622 1849 tradebat;
653 1792 829 1837 tamen
858 1762 1030 1838 adhuc
1059 1783 1257 1851 aliquid
1286 1782 1445 1837 habet
1474 1782 1539 1837 de
1569 1797 1719 1836 vere-
1746 1762 1792 1821 Β
1821 1779 1932 1835 Hoc
1958 1788 2060 1847 est,
2090 1797 2275 1836 omnes
2302 1784 2391 1852 qui
2418 1762 2731 1853 semetipsos
2760 1786 2875 1840 vice
2920 1762 3140 1841 talionis
3190 1772 3374 1841 ulcisci

153 1875 349 1937 cundia
378 1874 641 1942 discipuli,
666 1889 785 1928 cum
810 1889 915 1927 non
946 1889 1066 1928 eum
1088 1873 1259 1942 palam
1290 1873 1509 1927 tradidit
1536 1887 1719 1942 perse-

153 1965 460 2028 cutoribus,
488 1964 579 2017 sed
610 1978 707 2031 per
729 1961 951 2033 [signum
996 1963 1179 2017 osculi.
1237 1962 1436 2033 (ΚΑΒ.)
1487 1961 1722 2030 Suscipit

154 2061 335 2106 autem
368 2052 625 2106 Dominus
648 2052 888 2107 osculum
909 2053 1199 2117 traditoris,
1221 2068 1324 2106 non
1345 2067 1450 2120 quo
1468 2050 1724 2105 simulare

152 2156 254 2195 nos
284 2142 488 2203 doceat,
514 2142 607 2195 sed
638 2158 703 2196 ne
725 2142 1075 2211 proditionem
1101 2141 1283 2211 lugere
1330 2142 1591 2205 videatur,
1642 2141 1719 2195 si-

152 2230 267 2283 mul
294 2240 349 2285 et
377 2231 500 2285 illud
526 2230 833 2285 Davidicum
878 2230 1148 2299 complens
1181 2247 1193 2283 :
1223 2226 1352 2283 Cum
1371 2229 1452 2297 his
1478 2230 1567 2299 qui
1596 2232 1719 2282 ode—

151 2331 276 2374 runt
301 2338 478 2390 pacem
501 2338 642 2375 eram
671 2320 919 2390 paciﬁcus
950 2319 1128 2389 (Psal.
1159 2321 1337 2389 cxtx).
1407 2308 1413 2315 ’

228 2411 471 2482 Dixitque
506 2412 583 2464 illi
611 2411 767 2466 Iesus
803 2412 1038 2475 :Amice,
1064 2411 1131 2462 ad
1159 2402 1281 2479 quid
1310 2410 1494 2463 venisti
1514 2410 1540 2463 7
1576 2408 1719 2463 Tunc

150 2511 475 2554 accesserunt
503 2510 548 2553 et
577 2516 762 2553 manus
798 2499 1080 2567 injecerunt
1124 2499 1176 2551 in
1219 2497 1419 2563 Iesum,
1459 2507 1507 2550 et
1545 2506 1719 2551 tenue-

150 2598 276 2641 runt
318 2605 455 2642 eum.
488 2586 775 2659 (Hierom)
807 2586 1038 2641 Verbum
1079 2587 1233 2640 amici
1273 2589 1399 2641 κατά
1426 2587 1718 2663 ἀντίφρασιν

151 2689 238 2733 est
274 2679 689 2749 intelligendum,
721 2678 801 2732 vel
830 2686 975 2732 certe
997 2679 1147 2745 juxta
1193 2677 1319 2731 illud
1366 2677 1506 2745 quod
1555 2690 1719 2746 supra

152 2770 382 2841 legimus
416 2788 429 2822 :
468 2772 658 2830 Amice,
697 2768 952 2839 quomodo
995 2769 1093 2821 huc
1136 2769 1339 2821 intrasti
1380 2785 1483 2821 non
1528 2768 1719 2822 habens

151 2867 341 2911 restem
374 2856 696 2927 nuptialem?
1355 2928 1359 2931 Α

226 2946 294 3001 Et
320 2963 434 3001 ecce
454 2962 587 2999 unus
607 2960 670 2998 ex
707 2945 787 2998 liis
826 2945 918 3014 qui
935 2951 1081 2997 erant
1124 2959 1240 2997 cum
1276 2942 1406 2997 Iesu
1447 2942 1722 2997 extendens

156 3052 373 3092 manum
414 3036 601 3088 exemit
648 3032 875 3103 gladium
906 3048 1079 3096 suum,
1128 3041 1175 3085 et
1220 3032 1469 3102 percussit
1517 3048 1719 3085 servum

1822 1868 1874 1922 in
1908 1870 2156 1948 praesenti
2179 1870 2501 1937 desiderant,
2529 1888 2635 1927 non
2657 1880 2927 1927 merentur
2951 1888 2981 1927 a
3018 1874 3244 1929 Domino
3290 1875 3373 1929 ul-

1820 1958 1971 2023 cisci,
2006 1959 2098 2013 sed
2131 1975 2341 2029 poenam
2390 1961 2489 2015 sibi
2525 1961 2879 2016 damnationis
2922 1962 3264 2030 ampliﬁcant.
3315 1962 3374 2015 In

1821 2050 1939 2104 aliis
1962 2050 2103 2104 enim
2131 2051 2530 2119 exemplaribus
2557 2051 2749 2121 legitur
2780 2070 2793 2105 :
2824 2049 3011 2105 Omnes
3037 2053 3125 2121 qui
3164 2068 3378 2122 percus-

1818 2140 1975 2193 serint
1997 2138 2190 2208 gladio,
2212 2131 2386 2209 gladio
2416 2141 2715 2195 morientur.
2771 2139 2973 2214 (Aug)
3016 2141 3185 2208 Quam
3228 2142 3382 2197 multi
3412 2170 3423 2180 -

1820 2230 1996 2309 gladio
2032 2232 2337 2299 percutiunt
2369 2246 2467 2286 nec
2509 2240 2682 2286 tamen
2726 2233 2778 2285 in
2827 2232 3000 2300 gladio
3047 2233 3387 2287 moriuntur?

1820 2318 1957 2373 sicut
1984 2335 2156 2390 neque
2184 2320 2297 2390 ipse
2323 2319 2530 2377 Petrus.
2561 2320 2666 2379 Sed
2702 2336 2767 2379 ne
2807 2323 2968 2379 istum
3009 2321 3186 2381 dicere
3228 2322 3380 2381 venia

1817 2415 2156 2475 peccatorum
2180 2410 2339 2464 talem
2360 2411 2591 2465 evasisse
2612 2426 2821 2481 poenam
2846 2414 2964 2481 quis
2984 2412 3382 2481 potest?Qudn-

1819 2512 1978 2566 quam
2004 2499 2139 2552 nihil
2160 2499 2462 2563 absurdius,
2492 2516 2651 2569 quam
2677 2509 2735 2554 ut
2759 2502 3011 2570 majorem
3035 2509 3184 2572 putet
3208 2504 3384 2572 gladio

1816 2601 2031 2655 poenam
2059 2580 2177 2642 esse
2204 2588 2437 2656 potuisse
2458 2604 2576 2658 quae
2609 2588 2765 2644 Petro
2813 2605 2917 2644 non
2962 2591 3172 2656 accidit,
3224 2607 3385 2660 quam

1819 2678 1996 2732 crucis
2016 2692 2133 2746 qua:
2167 2679 2381 2733 accidit".
2423 2678 2559 2744 Quid
2592 2687 2769 2732 tamen
2800 2680 2866 2734 de
2892 2679 3189 2733 latronibus
3209 2680 3383 2734 dictu-

1819 2783 1914 2822 rus
1935 2776 2017 2822 est
2042 2769 2131 2837 qui
2158 2784 2280 2823 cum
2304 2770 2529 2824 Domino
2554 2769 2795 2823 cruciﬁxi
2824 2771 2985 2825 sunt?
3010 2770 3146 2836 Quia
3197 2778 3253 2827 et
3299 2772 3387 2827 ille

1822 2856 1912 2924 qui
1941 2856 2140 2910 meruit
2167 2857 2402 2921 veniam,
2436 2865 2785 2926 posteaquam
2816 2858 3101 2913 cruciﬁxus
3149 2866 3231 2914 est
3275 2874 3388 2915 me-

1821 2944 1952 3010 ruit,
1980 2953 2036 2998 et
2065 2944 2201 3000 alter
2226 2946 2444 2999 omnino
2472 2961 2577 2999 non
2621 2947 2834 3019 meruit.
2888 2948 2970 3000 An
3017 2946 3152 3002 forte
3203 2962 3390 3005 omnes

1822 3049 1957 3105 quos
2004 3035 2314 3090 occiderant
2356 3035 2758 3101 cruciﬁxerant,
2798 3048 2851 3091 et
2879 3046 3161 3107 propterea
3208 3048 3389 3101 autem,

148 3128 402 3198 principis
431 3124 775 3187 sacerdotum,
832 3132 880 3176 et
922 3124 1204 3193 amputavit
1250 3122 1541 3175 auriculam
1579 3122 1712 3191 ejus.
1744 3112 1788 3172 C
1820 3122 1920 3192 ipsi
1943 3123 2101 3176 etiam
2123 3124 2231 3192 pati
2263 3125 2608 3179 meruerant?
2634 3125 2933 3179 Ridiculum
2956 3128 3157 3183 esthoc
3175 3138 3385 3198 putare.

156 3214 364 3288 (ΚΑΒ.)
415 3214 607 3268 Petrus
632 3212 733 3267 hoc
754 3211 881 3266 fecit
908 3219 968 3263 ut
993 3208 1224 3269 Joannes
1267 3210 1589 3279 evangelista
1630 3211 1723 3265 dc-

152 3308 343 3372 clarat,
373 3307 557 3361 eodem
586 3304 838 3359 nimirum
865 3304 1055 3365 mentis
1082 3304 1271 3358 ardore
1292 3318 1397 3372 quo
1422 3312 1616 3359 castera
1643 3302 1721 3360 fe-

154 3406 321 3453 cerat.
374 3396 586 3452 Sciebat
613 3395 756 3449 enim
777 3394 1041 3463 quomodo
1065 3393 1292 3469 Phinees
1319 3394 1586 3462 puniendo
1629 3409 1719 3449 sa-

155 3488 383 3557 crilegos
404 3485 697 3541 mercedem
717 3483 939 3551 justitize
967 3491 1020 3538 et
1042 3483 1323 3537 sacerdotii
1349 3484 1601 3552 perennis
1631 3498 1723 3537 ao-

152 3587 370 3647 ceperat
398 3576 419 3648 (
434 3576 486 3629 Ν
491 3592 595 3629 um.
621 3568 773 3644 xxv).
798 3573 969 3628 Lucas
997 3581 1169 3627 autem
1193 3570 1358 3638 addit,
1386 3574 1526 3642 quod
1546 3573 1724 3628 Domi-

150 3686 259 3725 nus
296 3678 521 3738 tangens
555 3666 848 3721 auriculam
874 3665 1015 3720 servi
1061 3665 1328 3741 sanaverit
1375 3680 1518 3720 eum.
1573 3665 1723 3719 Nun-

151 3776 319 3830 quam
350 3774 477 3829 ergo
501 3757 713 3826 pietatis
747 3772 855 3811 sua:
882 3757 1134 3811 Dominus
1154 3756 1501 3823 obliviscitur,
1529 3759 1619 3827 qui
1673 3768 1728 3813 et

152 3852 342 3905 hostes
369 3862 495 3903 suos
519 3862 624 3901 non
651 3845 850 3914 patitur
877 3845 1163 3899 vulnerari.
1217 3845 1293 3898 Illi
1318 3844 1463 3915 justo
1499 3854 1727 3900 mortem

152 3943 205 3994 in
216 3940 417 4002 lerunt,
432 3938 545 4006 ipse
573 3930 975 4004 persecutorum
999 3934 1218 3988 vulnera
1242 3942 1413 3987 sanat.
1440 3934 1458 4006 (
1484 3920 1725 4006 venant.)

151 4029 318 4083 Juxta
366 4027 666 4095 allegoriam
695 4038 819 4079 vero
839 4039 1024 4078 servus
1048 4032 1129 4077 est
1156 4023 1378 4093 populus
1422 4022 1728 4079 Iudaeorum

152 4116 489 4187 principibus
522 4114 859 4169 sacerdotum
909 4112 1144 4167 indebito
1188 4112 1521 4183 mancipatus
1572 4114 1728 4167 obse-

154 4210 309 4279 quio,
333 4207 466 4261 adeo
485 4214 543 4260 ut
564 4220 748 4260 eorum
774 4219 931 4259 suasu
952 4202 1249 4259 Barabbam
1280 4203 1495 4266 dimitti,
1543 4202 1725 4257 Iesum

154 4318 311 4364 vero,
341 4313 498 4369 quem
523 4296 681 4367 paulo
707 4305 831 4350 ante
871 4295 1121 4350 Hosanna
1165 4293 1505 4349 concinentes
1560 4293 1727 4347 ﬁlium

157 4390 329 4445 David
356 4400 638 4460 regemque
659 4385 979 4450 clamabant,
1024 4390 1271 4454 peterent
1308 4382 1571 4451 cruciﬁgi.
1627 4381 1728 4449 Qui

1820 3210 1957 3278 Quid
1983 3226 2112 3282 ergo
2143 3212 2287 3266 aliud
2313 3213 2515 3267 dictum
2543 3222 2646 3278 est,
2675 3212 2859 3267 Omnis
2899 3216 3035 3268 enim
3082 3219 3169 3287 qui
3213 3218 3388 3288 gladio

1816 3300 2123 3369 percusserit
2147 3298 2321 3368 gladio
2348 3300 2634 3353 morietur?
2672 3300 2774 3355 nisi
2827 3304 2949 3371 quia
2998 3304 3113 3374 ipso
3166 3316 3393 3377 peccato

1820 3387 1997 3441 anima
2021 3387 2252 3441 moritur
2282 3387 2635 3459 quodCunque
2664 3394 2954 3447 commisit.

1888 3478 1971 3531 An
1992 3487 2143 3549 putas
2163 3481 2285 3549 quia
2310 3496 2412 3534 non
2431 3497 2642 3551 possum
2672 3499 2853 3553 rogare
2879 3483 3092 3539 Patrem
3123 3503 3312 3555 meum,
3338 3499 3387 3543 et

1820 3568 2071 3637 exhibebit
2097 3569 2222 3623 mihi
2264 3570 2380 3641 plus
2423 3587 2578 3641 quam
2621 3572 2889 3626 duodecim
2928 3573 3151 3645 legiones
3182 3577 3391 3648 angelo-

1824 3656 2285 3730 rum?(Hieron.)
2324 3659 2401 3715 Ac
2432 3660 2479 3713 si
2516 3668 2764 3731 patenter
2806 3662 2987 3717 dicat:
3018 3662 3132 3719 Non
3178 3666 3394 3737 indigeo

1825 3747 2104 3803 duodecim
2148 3749 2509 3818 apostolorum
2549 3750 2769 3815 auxilio,
2817 3752 3028 3807 etiamsi
3066 3768 3251 3810 omnes
3302 3772 3392 3813 me

1826 3838 2191 3904 defenderent,
2220 3839 2310 3908 qui
2346 3853 2560 3907 possum
2589 3841 2786 3895 habere
2830 3841 3107 3897 duodecim
3152 3844 3390 3913 legiones

1827 3933 2051 4003 angelici
2079 3935 2366 3989 exercitus.
2398 3934 2515 3989 Una
2538 3935 2729 4004 quippe
2751 3934 2887 4006 legio
2910 3936 3045 4006 apud
3064 3945 3276 3994 veteres
3296 3954 3390 3995 sex

1826 4023 2059 4077 millibus
2086 4023 2452 4092 complebatur
2476 4023 2775 4078 hominum.
2829 4024 2934 4079 Sed
2981 4040 3080 4094 pro
3131 4027 3390 4084 brevitate

1828 4115 2081 4182 temporis
2109 4130 2389 4170 numerum
2424 4131 2528 4171 non
2574 4116 2906 4171 occurrimus
2952 4117 3236 4185 explicare.
3286 4119 3391 4189 Ty-

1825 4219 1952 4273 pum
1990 4195 2197 4259 tantum
2234 4205 2433 4260 dixisse
2461 4204 2704 4270 suﬂiciat,
2729 4205 3062 4275 septuaginta
3089 4206 3193 4259 duo
3210 4206 3384 4260 millia

1830 4293 2162 4364 angelorum,
2200 4292 2257 4346 in
2283 4302 2411 4363 quot
2436 4300 2621 4361 gentes
2669 4291 2849 4361 lingua
2895 4292 3170 4346 hominum
3219 4293 3387 4349 divisa

1831 4396 1936 4450 est,
1969 4386 2033 4441 de
2053 4384 2329 4439 duodecim
2378 4382 2675 4453 legionibus
2728 4381 2842 4437 ﬁeri
2868 4400 2881 4435 :
2907 4381 2959 4436 in
3012 4398 3119 4452 quo
3164 4382 3391 4440 latenter

160 4484 218 4538 in
240 4448 448 4535 Domini
479 4478 726 4547 passione
747 4477 1019 4531 dexteram
1044 4472 1354 4537 auriculam,
1396 4472 1449 4526 id
1472 4478 1573 4537 est,
1624 4473 1731 4540 spi-
1755 4448 1807 4507 D
1834 4477 2070 4531 innuitur
2102 4476 2240 4545 quod
2269 4490 2373 4528 non
2395 4488 2714 4553 magnopere
2735 4473 3027 4527 curandum
3065 4470 3154 4538 sit,
3216 4487 3390 4542 neque
3432 4533 3437 4537 ,

160 4571 377 4626 ritalcm
407 4560 973 4642 lcgisintelligentiam
1006 4563 1255 4633 perdidit,
1282 4562 1499 4617 sinistra
1521 4570 1729 4615 tantum

157 4663 263 4717 hoc
302 4668 385 4715 est
426 4658 653 4713 utilitate
695 4656 883 4710 litterae
928 4662 1211 4709 contentus
1252 4670 1264 4705 :
1308 4644 1429 4721 qua:
1486 4652 1732 4706 videlicet

160 4754 310 4809 auris
344 4752 487 4807 Petri
517 4741 690 4821 gladio
720 4748 997 4812 deciditur,
1050 4763 1156 4802 non
1194 4746 1334 4816 quod
1376 4747 1463 4803 ille
1515 4761 1727 4801 sensum

160 4841 496 4909 intelligendi
524 4838 863 4893 audientibus
918 4837 1088 4902 tollat,
1137 4837 1230 4890 sed
1271 4836 1449 4889 divino
1493 4835 1727 4889 ablatum

154 4934 362 5003 judicio
387 4930 770 5001 negligentibus
808 4928 1024 4997 pandat.
1058 4928 1255 5008 Verum
1302 4925 1488 4981 eadem
1539 4926 1728 4980 dextra

161 5022 500 5088 aurisin,his
534 5021 622 5089 qui
652 5034 717 5073 ex
737 5019 922 5073 eodem
952 5017 1145 5087 populo
1169 5016 1386 5070 credere
1406 5013 1725 5079 maluerunt,

160 5114 360 5169 dit-inte
382 5110 683 5178 dignatione
711 5108 923 5178 pietatis
954 5107 1179 5176 pristino
1206 5113 1285 5160 est
1321 5105 1567 5159 restituta
1614 5101 1729 5157 olli-

161 5203 269 5259 cio.
319 5200 509 5264 Aliter,
537 5199 679 5252 auris
707 5212 803 5267 pro
818 5196 1053 5251 'Domino
1079 5202 1349 5265 amputata
1378 5202 1432 5247 et
1454 5208 1485 5246 a
1504 5192 1729 5248 Domino

162 5296 349 5344 sanata
385 5286 649 5356 signiﬁcat
688 5286 923 5339 auditum
969 5285 1143 5338 ablata
1194 5291 1456 5338 vetustate
1502 5297 1730 5337 renova-

166 5390 303 5442 tum,
331 5384 391 5430 ut
409 5377 479 5431 sit
501 5377 555 5430 in
580 5376 808 5430 novitate
830 5375 1049 5443 spiritus
1070 5386 1123 5430 et
1145 5391 1247 5429 non
1271 5374 1325 5427 in
1348 5381 1613 5428 vetustate
1645 5373 1731 5428 lit-

166 5484 319 5529 terte.
351 5468 502 5536 Quod
537 5469 619 5524 cui
662 5469 955 5537 praestitum
1000 5466 1209 5522 fuerita
1238 5466 1469 5528 Christo,
1510 5472 1729 5533 praesta-

164 5563 316 5620 bitur
334 5570 390 5615 et
417 5574 638 5631 regnare
658 5574 776 5613 cum
797 5557 1029 5612 Christo.
1067 5558 1215 5613 Unde
1241 5557 1374 5611 bene
1394 5563 1447 5610 et
1467 5554 1724 5618 Malchus,

168 5669 279 5725 quo
304 5653 510 5709 nomine
537 5666 718 5706 servus
745 5649 829 5703 ille
856 5648 1161 5712 vocabatur,
1193 5664 1280 5701 rer
1320 5648 1430 5701 sive
1477 5654 1722 5716 regnatu-

1834 4568 2120 4623 verendum
2147 4565 2399 4636 apostolis
2416 4566 2461 4619 si
2479 4573 2666 4620 contra
2701 4564 3033 4619 Salvatorem
3063 4573 3389 4636 consurgant

1831 4672 2017 4713 omnes
2045 4656 2288 4711 nationes
2318 4654 2574 4725 gentium,
2597 4669 2717 4708 cum
2743 4653 2909 4708 multo
2931 4652 3177 4708 fortiores
3197 4654 3393 4708 habeat
3422 4675 3429 4681 -

1831 4750 1945 4817 ipse
1971 4748 2239 4805 exercitus
2265 4745 2593 4815 angelorum.
2620 4744 2791 4799 Aliter
2812 4752 2987 4798 autem
3016 4743 3278 4813 signiﬁcat
3304 4744 3392 4800 hic

1830 4852 2084 4893 numerus
2108 4851 2265 4892 omne
2291 4850 2455 4905 genus
2482 4833 2781 4898 hominum,
2824 4847 2945 4887 cum
2997 4831 3237 4885 Romano
3278 4832 3387 4885 im-

1829 4928 1995 4997 perio,
2029 4928 2284 4981 adversus
2313 4924 2627 4979 sceleratam
2649 4933 2860 4990 gentem
2882 4918 3181 4973 Iudaeorum
3215 4929 3391 4985 certa-

1833 5025 2027 5098 tprutn.
2070 5014 2134 5068 Ili
2154 5024 2278 5068 sunt
2303 5013 2475 5082 angeli
2505 5012 2600 5065 Dei
2632 5009 2722 5079 qui
2750 5008 2845 5062 Dei
2872 5016 3233 5064 exercuerunt
3255 5008 3392 5077 judi-

1831 5106 1995 5170 cium,
2022 5104 2232 5173 quando
2258 5110 2378 5171 post
2400 5116 2551 5155 suam
2591 5098 3035 5154 resurrectionem
3064 5112 3205 5153 anno
3257 5112 3389 5168 qua-

1832 5191 2131 5263 dragesimo
2179 5190 2413 5244 secundo
2439 5229 2453 5253 ,
2481 5195 2539 5241 ut
2561 5187 2925 5243 ecclesiastica
2949 5194 3176 5242 testatur
3206 5185 3387 5241 Histo-

1833 5284 1932 5348 ria,
1958 5297 2079 5338 cum
2104 5280 2431 5349 Vespasiano
2444 5277 2632 5333 etTito
2645 5278 2869 5334 ducibus
2881 5278 3242 5332 Romanorum
3267 5276 3389 5333 mis-

1825 5375 1898 5429 sis
1919 5372 2239 5427 exercitibus
2264 5370 2497 5439 gentium
2527 5385 2661 5439 quos
2688 5370 2790 5423 hoc
2816 5368 2933 5422 loco
2966 5367 3183 5437 angelos
3207 5365 3386 5423 Domi-

1824 5479 1923 5518 nus
1947 5461 2111 5516 voluit
2140 5460 2439 5523 nominare,
2468 5459 2698 5529 perdidit
2726 5458 3019 5512 homicidas
3050 5456 3187 5521 illos,
3221 5464 3271 5510 et
3310 5455 3375 5508 ci-

1823 5553 2040 5606 vitatem
2072 5549 2287 5603 illorum
2315 5549 2608 5603 succendit.
2638 5547 2729 5603 llis
2751 5547 2927 5602 verbis
2952 5545 3163 5616 adjungi
3190 5553 3395 5615 potest...

1823 5640 1961 5711 quod
1989 5639 2136 5695 illum
2189 5654 2255 5694 eo
2305 5639 2420 5694 loco
2464 5639 2692 5694 Joannes
2737 5638 2931 5692 dixisse
2984 5644 3393 5693 commemorat.
