3922 6388
519 284 576 360 ἠ
595 298 654 355 l9
706 352 711 358 .

1162 293 1222 347 B.
1266 291 1521 352 RABANI
1560 281 1776 352 MAURI
1813 290 2127 349 ARCHIEP.
2174 286 2479 348 MOGUNT.
2522 290 2801 349 OPERUM
2840 291 3016 352 PARS
3053 298 3093 352 Ι.

3635 302 3762 357 “Et?

518 415 741 471 Calicem
766 427 911 482 quem
934 410 1072 463 dedit
1097 409 1219 466 mihi
1251 413 1429 479 Pater,
1453 430 1554 467 non
1592 414 1667 466 vis
1712 422 1767 465 ut
1806 411 1975 465 bibam
2022 407 2086 461 il-
2114 410 2162 469 Α
2192 416 2302 463 tum
2325 410 2424 465 sibi
2452 411 2652 481 absque
2698 412 2890 469 merito
2936 414 3207 485 dignitatis
3245 419 3444 474 emerit
3489 420 3673 488 pretio
3704 422 3765 473 sb

517 505 667 558 tum?
692 503 861 561 Tunc.
888 500 1026 554 sicut
1059 503 1228 559 Lucas
1261 512 1468 568 narrat,
1493 503 1666 573 tetigit
1706 500 1999 555 auriculam
2027 498 2090 552 il-

517 599 620 653 lius
648 596 737 665 qui
761 609 1044 665 percussus
1081 600 1273 663 fuerat,
1305 606 1357 651 et
1396 597 1604 651 sanavit
1651 610 1794 650 eum.
1846 592 2090 662 Sequens

516 700 643 755 ergo
672 683 932 740 sententia
966 703 1068 756 qua
1098 686 1320 740 dicitur:

588 772 857 838 Quomodo
913 792 1033 846 ergo
1092 774 1439 842 implebuntur
1509 772 1814 842 Scriptum,
1859 772 1981 842 quia
2014 772 2089 825 sic

516 871 714 933 oportet
755 867 1243 935 ﬁerilpromptum
1288 863 1355 916 ad
1402 861 1707 932 patiendum
1761 862 2092 916 demonstrat

516 954 755 1011 animum
786 958 926 1026 quod
956 954 1151 1010 frustra
1185 954 1457 1025 propheta:
1482 952 1795 1016 cecinerint,
1836 951 1937 1005 nisi
1988 949 2093 1006 Do-

520 1047 697 1101 minus
721 1059 814 1100 eos
843 1061 966 1099 vera
994 1044 1191 1099 dixisse
1217 1042 1463 1115 passione
1489 1057 1583 1096 sua
1618 1041 1929 1097 asseruerit.

603 1135 657 1193 In
681 1134 773 1187 illa
802 1135 930 1187 hora
963 1132 1116 1187 Iesus
1159 1132 1289 1183 dixit
1313 1129 1474 1183 turbis
1494 1147 1512 1183 :
1530 1129 1797 1199 Tanquam
1826 1131 1895 1183 ad
1924 1128 2089 1182 latro-‘-

518 1240 633 1278 nem
660 1224 865 1278 venistis
907 1239 1021 1275 cum
1063 1219 1247 1290 gladiis
1296 1229 1343 1272 et
1394 1218 1615 1286 fustibus
1665 1218 2090 1288 comprehendere

517 1332 615 1376 me,
642 1314 869 1384 quotidie
892 1310 1031 1379 apud
1054 1327 1137 1363 vos
1179 1309 1415 1362 sedebam
1469 1309 1657 1362 docens
1702 1310 1755 1361 in
1795 1307 2006 1379 templo,
2041 1316 2091 1361 et

520 1421 620 1457 non
666 1419 745 1455 me
792 1400 1045 1454 tenuistis.
1097 1398 1325 1453 Stultum
1387 1408 1486 1461 est,
1545 1400 1737 1468 inquit,
1794 1414 1916 1453 eum
1969 1408 2089 1454 cum

514 1494 706 1563 gladiis
750 1500 805 1546 et
844 1490 1071 1544 fustibus
1097 1505 1355 1558 qumrere,
1380 1491 1469 1558 qui
1502 1490 1640 1543 ultro
1685 1505 1741 1545 se
1771 1492 1962 1546 vestris
1988 1499 2096 1545 tra-

515 1586 607 1637 dat
640 1583 907 1637 manibus.
948 1580 1014 1634 Et
1040 1580 1093 1633 in
1120 1588 1276 1634 nocte
1306 1579 1459 1647 quasi
1484 1579 1781 1633 latitantem
1807 1588 1861 1633 et
1881 1587 2091 1637 vestros

515 1672 697 1726 oculos
727 1671 1101 1734 declinantem,
1141 1685 1236 1739 per
1257 1671 1580 1740 proditorem
1608 1671 1952 1741 investigare,
1999 1671 2091 1741 qul

2192 499 2422 567 Herode,
2476 502 2716 573 principe
2747 503 3008 559 Romano.
3047 504 3160 561 Non
3198 523 3326 579 ergo
3365 509 3568 563 mirum
3604 520 3693 563 est
3726 513 3761 563 si

2191 590 2407 660 iniquus
2433 592 2668 663 pontifex
2696 593 2876 662 inique
2897 592 3122 662 iudicat.

2208 748 2222 761 η.
2265 680 2455 737 Petrus
2477 694 2648 738 autem
2667 684 2971 755 sequebatur
2997 701 3113 738 eum
3128 687 3318 757 alonge
3331 706 3493 758 usque
3504 692 3561 742 in
3578 691 3765 742 atrium

2190 772 2436 842 principis
2478 774 2825 829 sacerdotum.
2872 773 3062 829 Merito
3087 790 3116 828 a
3141 776 3298 846 longe
3317 780 3654 846 sequebatur
3681 782 3763 847 qui

2182 861 2295 930 jam
2322 863 2597 932 proximus
2615 869 2731 916 erat
2752 869 3027 933 negatura.
3054 862 3237 933 Neque
3254 864 3398 918 enim
3425 881 3627 935 negare
3650 881 3765 934 pos-

2192 961 2281 1008 set
2326 954 2369 1010 si
2404 954 2623 1009 Cbristo
2655 953 2931 1022 proximus
2956 954 3306 1008 adhaesisset.
3338 953 3544 1009 Verum
3578 958 3633 1010 in
3674 958 3767 1010 hoc

2192 1033 2424 1098 maxima
2464 1044 2619 1099 nobis
2638 1051 2720 1099 est
2746 1043 3097 1098 admiratione
3126 1043 3465 1098 venerandus
3493 1048 3641 1113 quod
3666 1048 3754 1100 Do-

2192 1135 2395 1189 minum
2421 1150 2527 1189 non
2556 1133 2770 1203 reliquit
2798 1134 2960 1188 etiam
2990 1148 3112 1189 cum
3152 1134 3380 1187 timeret.
3439 1132 3597 1198 Quod
3627 1138 3765 1189 enim

2192 1226 2345 1279 timet
2391 1233 2596 1279 naturae
2628 1233 2729 1299 est,
2776 1226 2915 1294 quod
2962 1224 3202 1294 sequitur
3244 1223 3573 1285 devotionis,
3634 1228 3767 1290 quod

2192 1322 2351 1384 negat
2378 1315 2726 1383 obreptionis,
2750 1314 2891 1383 quod
2914 1313 3136 1383 paenitet
3164 1310 3303 1367 ﬁdei.
3347 1310 3517 1383 (Aug.
3538 1312 3557 1381 )
3584 1311 3763 1373 Aliter,

2191 1405 2334 1473 quod
2356 1404 2421 1459 ad
2448 1405 2749 1473 passionem
2778 1412 2994 1458 euntem
3014 1403 3298 1459 Dominum
3332 1417 3362 1456 a
3394 1402 3553 1471 longe
3590 1405 3763 1469 sequi-

2194 1500 2281 1547 tur
2309 1492 2519 1558 Petrus,
2559 1490 2891 1563 significabat
2932 1491 3233 1546 Ecclesiam
3283 1497 3597 1546 secuturam
3651 1492 3760 1560 qui-

2194 1583 2338 1649 dem,
2396 1582 2497 1638 boc
2548 1590 2630 1637 est
2684 1582 3012 1636 imitaturam
3059 1583 3332 1650 passiones
3382 1582 3624 1643 Domini,
3682 1586 3762 1636 sed

2194 1671 2349 1742 longe
2386 1670 2714 1726 differenter.
2757 1670 2996 1725 Ecclesia
3050 1672 3194 1725 enim
3238 1686 3335 1740 pro
3367 1686 3425 1725 se
3452 1672 3679 1740 patitur,
3716 1682 3760 1723 at

522 1759 754 1828 luotidie
775 1759 827 1813 in
854 1759 1051 1828 templo
1080 1735 1288 1813 doceat.
1326 1758 1430 1813 Sed
1458 1758 1577 1813 ideo
1607 1735 1890 1813 adversum
1919 1735 2089 1816 Ine-in
2118 1735 2166 1795 Β
2194 1735 2414 1829 ξιιέιπο
2449 1746 2709 1814 Ecclesia.
2774 1775 2782 1781 ·

520 1849 754 1905 tenebris
777 1848 1193 1919 congregamini,
1218 1848 1343 1919 quia
1368 1855 1604 1917 potestas
1626 1857 1806 1902 vestra
1830 1850 1883 1903 in
1943 1858 2091 1905 tene-

517 1940 629 1993 bris
654 1946 757 1993 est.
1270 1926 1275 1933 ’

589 2026 706 2081 Hoc
744 2035 915 2081 autem
948 2035 1106 2081 totum
1135 2028 1329 2096 factum
1353 2037 1447 2095 est,
1488 2039 1541 2083 ut
1582 2030 1916 2100 implerentur
1959 2032 2089 2086 scri-

520 2126 688 2187 ptura:
706 2117 1089 2187 prophetarum.
1116 2117 1243 2184 Qua:
1270 2128 1395 2172 sunt
1416 2134 1542 2189 ergo
1566 2118 1844 2190 scripturae
1868 2121 2093 2190 prophe-

522 2206 738 2261 tarum?
766 2206 1013 2261 videlicet
1037 2207 1150 2260 ista:
1177 2224 1188 2260 :
1224 2205 1494 2259 Foderunt
1516 2223 1701 2261 manus
1727 2196 1889 2272 meas,
1918 2217 1964 2261 et
2007 2224 2092 2276 pe-

521 2296 611 2348 des
632 2311 769 2349 meus
791 2293 970 2366 (Psal.
1004 2294 1147 2366 ιιι).
1174 2295 1239 2348 Εῑ
1262 2295 1415 2349 alibi:
1447 2294 1591 2349 Sicut
1613 2298 1718 2350 ovis
1742 2298 1809 2349 ad
1833 2298 2092 2350 victimam

483 2374 485 2376 ’
519 2386 707 2438 ductus
732 2395 805 2464 est
829 2385 970 2457 (Isa.
996 2386 1140 2455 LIII).
1185 2386 1251 2440 Et
1273 2388 1325 2440 in
1355 2387 1459 2440 alio
1503 2388 1619 2441 loco
1646 2406 1658 2441 :
1686 2390 1761 2441 Ab
1803 2389 2093 2464 iniquitati-

520 2475 614 2528 bus
634 2456 811 2544 papbli
833 2476 932 2528 mei
952 2475 1133 2529 ductus
1163 2486 1236 2529 est
1260 2476 1330 2530 ad
1372 2486 1610 2542 mortem,
1659 2485 1712 2531 et
1745 2478 1827 2531 bis
1877 2456 2087 2531 similia.

594 2563 738 2616 Tunc
764 2563 1006 2633 discipuli
1034 2580 1229 2629 omnes,
1258 2564 1435 2619 relicto
1476 2583 1556 2631 eo,
1602 2566 1868 2642 fugerunt.
1902 2566 2089 2636 (ΗΑΒ.)

520 2650 775 2722 lmpletur
802 2667 979 2707 sermo
1005 2652 1234 2717 Domini,
1271 2654 1360 2723 qui
1390 2654 1599 2707 dixerat
1621 2654 1763 2722 quod
1790 2669 1977 2708 omnes
2007 2654 2090 2707 di-

522 2742 712 2810 scipuli
759 2741 1249 2795 scandalizarentur
1288 2743 1341 2796 in
1381 2742 1468 2796 illo
1513 2743 1566 2796 in
1590 2742 1703 2812 ipsa
1750 2753 1923 2798 nocte.
1959 2742 2093 2797 Nam

520 2833 621 2884 etsi
653 2830 805 2884 turba
835 2830 1178 2899 permittente
1220 2832 1286 2883 ad
1332 2832 1638 2899 petitionem
1686 2833 1894 2886 Domini
1943 2831 2092 2900 fuge-

520 2928 669 2984 runt,
699 2928 757 2974 ut
782 2917 1017 2974 Joannes
1050 2920 1257 2985 scribit,
1289 2936 1538 2988 pavorem
1566 2928 1744 2975 tamen
1794 2936 1858 2975 ac
1898 2922 2098 2975 timidi-

524 3018 696 3066 tatem
721 3025 832 3063 sua:
855 3009 1050 3062 mentis
1078 3009 1448 3073 ostendebant,
1471 3009 1611 3077 quod
1636 3009 1703 3061 ad
1742 3006 1878 3077 fuga:
1918 3008 2097 3076 praesi-

2261 1848 2330 1901 Et
2359 1843 2619 1918 ingressus
2644 1849 2778 1901 intro
2803 1849 3006 1904 sedebat
3045 1866 3162 1903 cum
3210 1851 3465 1904 ministris
3491 1860 3547 1903 ut
3579 1851 3757 1904 rideret

2190 1938 2366 2005 ﬁnem.
2405 1935 2680 2003 Quomodo
2704 1944 2879 1991 autem
2918 1937 3109 1993 Petrus
3151 1938 3206 1992 in
3252 1940 3449 1993 atrium
3498 1938 3755 2008 pontiﬁcis

2192 2026 2395 2095 ingredi
2421 2019 2621 2095 posset,
2668 2024 2899 2081 Joannes
2951 2025 3261 2080 manifestat
3307 2028 3542 2082 dicens:
3578 2027 3756 2095 Sequr-

2193 2116 2345 2169 batur
2366 2124 2541 2169 autem
2563 2114 2741 2169 Iesum
2772 2116 2951 2171 Simon
2982 2116 3185 2181 Petrus,
3208 2126 3256 2171 et
3282 2116 3417 2171 alius
3446 2118 3748 2185 discipulus.

2192 2204 2489 2273 Discipulus
2512 2212 2683 2258 autem
2712 2203 2797 2257 ille
2832 2214 2985 2258 notus
3010 2214 3118 2258 erat
3149 2206 3407 2274 pontiﬁci,
3432 2216 3481 2258 et
3504 2206 3663 2258 simul
3686 2208 3751 2258 in-

2193 2294 2365 2347 troivit
2392 2309 2507 2345 cum
2532 2292 2661 2346 Iesu
2688 2295 2741 2346 in
2762 2295 2953 2346 atrium
2980 2294 3272 2361 pontiﬁcis;
3295 2294 3489 2347 Petrus
3516 2312 3634 2347 rem
3658 2306 3754 2347 sta-

2194 2382 2279 2433 bat
2304 2380 2372 2432 ad
2420 2380 2606 2432 ostium
2643 2379 2789 2447 foris.
2834 2378 3006 2432 Exivit
3041 2396 3161 2449 ergo
3208 2381 3498 2449 discipulus
3546 2382 3636 2434 ille
3679 2386 3754 2452 qui

2192 2478 2301 2521 erat
2327 2477 2477 2521 notus
2500 2465 2746 2537 pontiﬁci,
2779 2478 2825 2520 et
2849 2468 2979 2521 dixit
3004 2469 3252 2533 ostiaria’,
3281 2479 3327 2523 et
3354 2471 3645 2523 introdurit
3674 2471 3757 2524 Pro

2193 2568 2351 2612 trum.
2384 2557 2656 2628 Ingressus
2689 2566 2858 2612 autem
2886 2559 3173 2614 siciPetrus
3205 2561 3412 2615 sedebat
3447 2580 3566 2616 cum
3620 2565 3753 2616 mini-

2193 2649 2329 2729 stris!
2360 2649 2519 2717 juxta
2573 2650 2741 2719 ignem
2770 2666 2823 2702 se
2852 2649 3184 2719 calefaciens,
3228 2648 3658 2722 exspectabatque
3705 2666 3753 2707 ut

2194 2739 2383 2793 videret
2408 2739 2584 2807 ﬁnem.
2614 2739 2871 2794 Videlicet
2892 2741 2973 2794 vel
3000 2756 3182 2797 amore
3215 2742 3483 2811 discipuli,
3539 2742 3620 2797 vel
3666 2743 3754 2795 hu-

2196 2841 2355 2881 mana
2376 2826 2686 2881 curiositate
2712 2828 2848 2881 scire
2875 2829 3095 2897 cupiens
3122 2830 3247 2899 quid
3265 2829 3541 2897 iudicaret
3579 2831 3641 2884 de
3665 2832 3754 2884 Dn-

2197 2916 2346 2971 mino
2386 2916 2645 2985 pontifex,
2688 2925 2863 2970 utrum
2889 2932 3008 2970 eum
3032 2918 3149 2972 neci
3177 2920 3473 2983 addiceret,
3507 2935 3572 2972 an
3605 2919 3753 2989 ﬂagel-

2206 3007 2276 3059 lis
2305 3020 2502 3059 caesum
2523 3005 2829 3060 dimitteret.
2860 3004 2926 3058 Et
2949 3006 3004 3059 in
3031 3006 3132 3061 hoc
3153 3006 3437 3062 diversitas
3457 3016 3751 3062 casterorum

522 3101 669 3154 dium
698 3099 1071 3169 promptiores,
1104 3114 1259 3166 quam
1285 3069 1728 3165 fiducia-patiendi
1753 3069 1873 3150 cum
1908 3069 2093 3149 Domi-
2135 3069 2180 3131 C
2210 3097 2573 3167 apostolorum
2618 3104 2673 3151 et
2719 3097 2881 3151 Petri.
2926 3097 3005 3150 Illi
3050 3097 3275 3167 fugiunt,
3320 3099 3423 3152 iste
3468 3113 3751 3167 quanquam

523 3204 593 3242 no
623 3188 959 3242 exstiterant.
993 3186 1209 3255 Mystice
1238 3196 1415 3238 autem
1439 3186 1575 3239 sicut
1612 3185 1801 3239 Petrus
1839 3186 1930 3254 qui
1976 3185 2092 3240 cul-

520 3293 643 3347 pam
681 3275 978 3346 negationis
1006 3275 1332 3343 poenitentia:
1358 3275 1607 3345 lacrymis
1650 3276 1817 3330 abluit
1868 3284 1923 3330 et
1966 3292 2093 3331 con-

520 3367 753 3422 fessroue
782 3363 1042 3419 Dominici
1074 3363 1273 3418 amoris
1305 3363 1541 3418 funditus
1567 3365 1900 3433 exstirpavit,
1934 3378 2089 3419 recu-

462 3494 469 3502 ι
520 3458 852 3527 perationem
880 3469 1064 3511 eorum
1088 3453 1339 3517 ostendit,
1380 3454 1471 3521 qui
1502 3454 1554 3506 in
1599 3456 1859 3524 martyrio
1906 3455 2092 3510 labun-

472 3586 475 3587 ν
524 3558 634 3613 tur,
664 3549 736 3601 ita
760 3546 939 3601 caeteri
968 3544 1209 3615 discipuli
1233 3545 1323 3614 qui
1356 3544 1637 3598 articulum
1661 3547 2093 3614 comprehensio-

523 3641 606 3693 nis
637 3638 885 3709 fugiendo
908 3644 1296 3706 praevenerunt,
1320 3636 1585 3691 cautelam
1635 3636 1869 3705 fugiendi
1900 3636 2095 3693 docent

522 3745 617 3784 eos
640 3729 728 3798 qui
759 3743 815 3783 se
842 3729 1019 3781 minus
1039 3728 1257 3781 idoneos
1277 3727 1343 3780 ad
1372 3726 1645 3783 toleranda
1668 3727 1925 3795 supplicia
1971 3742 2095 3782 sen-

524 3818 680 3871 tiunt.
711 3817 914 3884 Quibus
942 3818 1110 3870 tutius
1130 3824 1214 3869 est
1252 3815 1418 3869 multo
1465 3816 1712 3884 praesidia
1766 3815 2093 3870 latebrarum

518 3916 728 3973 uetere,
754 3923 914 3977 quam
944 3922 1003 3961 se
1025 3906 1317 3961 discrimini
1339 3908 1691 3961 certaminum
1713 3922 1999 3976 exponere.
2016 3907 2095 3961 Ita

525 4000 686 4051 etiam
710 3997 797 4051 ille
817 3995 1122 4051 adolescens
1143 3996 1207 4049 de
1232 4010 1336 4064 quo
1360 3994 1568 4049 Marcus
1589 3994 1775 4058 refert,
1798 3997 1939 4064 quod
1962 3993 2096 4062 reje-

529 4095 614 4141 cta
641 4085 864 4140 sindone
900 4085 1073 4139 nudus
1100 4084 1394 4153 profugerit
1422 4084 1489 4138 ab
1518 4084 1717 4152 impiis,
1773 4084 1985 4137 illorum
2042 4092 2096 4138 et

530 4192 664 4245 opus
687 4177 928 4245 designat
953 4182 1008 4229 et
1027 4175 1286 4238 animum,
1328 4174 1416 4243 qui
1468 4183 1527 4227 ut
1570 4174 1873 4229 securiores
1911 4174 1979 4227 ab
2012 4175 2095 4229 in-

529 4263 775 4318 cursibus
805 4262 1033 4317 hostium
1057 4263 1209 4327 ﬁant,
1242 4263 1497 4333 quidquid
1520 4264 1571 4316 in
1594 4263 1698 4317 hoc
1738 4264 1935 4317 mundo
1968 4277 2095 4333 pos-

533 4356 706 4411 sidere
735 4355 981 4410 videntur
1007 4355 1279 4424 abjiciunt,
1311 4370 1376 4410 ac
1416 4355 1600 4408 mu'ndi
1649 4356 1828 4424 potius
1867 4355 2093 4409 Domino

528 4448 772 4502 famulari
811 4462 971 4515 quam
1010 4447 1327 4501 adhaerendo
1372 4448 1553 4502 mundi
1594 4448 1755 4502 rebus
1808 4448 2093 4501 materiam

527 4537 765 4591 tentandi
786 4545 947 4605 atque
971 4552 1001 4590 a
1027 4536 1134 4590 Deo
1160 4537 1443 4591 revocandi
1472 4538 1812 4601 adversariis,
1843 4538 1970 4591 dare
2014 4536 2095 4590 di-

528 4624 792 4679 dicerunt.
819 4623 977 4676 Juxta
1005 4623 1301 4691 exemplum
1327 4625 1466 4678 beati
1504 4623 1719 4693 Ioseph,
1769 4626 1861 4694 qui
1909 4624 2095 4679 relicto

530 4712 588 4765 in
619 4712 867 4766 manibus
893 4712 1147 4765 adulterae
1183 4712 1364 4780 pallio,
1417 4712 1562 4767 foras
1606 4714 1843 4777 exsiluit,
1888 4713 2092 4769 malens

531 4801 643 4856 Deo
670 4802 842 4856 nudus
867 4817 1027 4871 quam
1055 4802 1269 4857 indutus
1304 4803 1680 4872 cupiditatibus
1702 4803 1903 4869 mundi,
1928 4818 2098 4858 mere-

532 4892 652 4947 trici
682 4893 882 4947 servire
908 4891 1067 4963 (Gen.
1100 4894 1317 4963 XXXIX).

606 4979 802 5051 [VIIL]
825 4981 887 5033 At
911 4982 987 5035 illi
1010 4992 1232 5037 tenentes
1258 4983 1458 5049 Iesum,
1479 4985 1735 5038 duxerunt
1755 4986 1824 5038 ad
1845 4983 2095 5059 Caipltam

532 5072 813 5141 principem
843 5070 1165 5126 sacerdotum
1186 5074 1272 5127 ubi
1320 5077 1502 5130 scriba:
1547 5087 1594 5130 et
1641 5078 1866 5130 seniores
1919 5094 2098 5131 conve-

534 5171 735 5216 nerant.
762 5164 960 5217 Ductus
990 5172 1073 5217 est
1094 5173 1270 5221 autem
1300 5164 1471 5233 Jesus,
1512 5178 1570 5223 ut
1595 5167 1825 5223 Joannes
1866 5171 2099 5224 ostendit

533 5252 727 5322 (Ioan.
760 5254 961 5323 ινιιι),
1002 5255 1069 5308 ad
1114 5255 1320 5309 Annam
1364 5260 1611 5326 primum,
1659 5260 1898 5329 quierat
1944 5275 2097 5314 socer

535 5338 768 5409 Caiphae.
811 5341 1013 5396 Deinde
1040 5342 1222 5397 Annas
1254 5345 1396 5397 misit
1421 5361 1541 5400 eum
1588 5349 1824 5401 vinctum
1864 5348 1930 5401 ad
1977 5348 2097 5402 Cai—

538 5430 718 5497 pham,
741 5430 855 5497 qui,
877 5430 1013 5485 sicut
1032 5432 1317 5500 praedictus
1342 5431 1575 5487 Joannes
1601 5436 1921 5505 evangelista
1958 5436 2095 5491 scri-

533 5520 634 5584 bit,
661 5530 779 5574 erat
802 5521 1037 5590 pontifex
1062 5524 1183 5577 anni
1209 5524 1365 5595 illius.
1400 5525 1473 5578 De
1511 5542 1617 5594 quo
1642 5539 1993 5583 consentanea
2022 5538 2097 5581 te-

537 5606 1034 5688 staturkJOSCphus,
1075 5615 1213 5682 quod
1247 5614 1609 5695 pontiﬁcatum
1647 5617 1802 5671 unius
1825 5618 1947 5670 anui
1976 5626 2093 5671 tan-

2194 3187 2377 3259 procul
2401 3187 2843 3255 tamen_sequitnr
2865 3186 3217 3243 Salvatorem.

2267 3275 2517 3345 Princeps
2548 3287 2716 3330 autem
2732 3278 3059 3331 sacerdotum
3081 3288 3131 3332 et
3156 3295 3306 3332 omne
3327 3279 3606 3332 concilium
3625 3296 3750 3348 quc-

2196 3370 2373 3423 rebant
2396 3368 2587 3437 falsum
2613 3369 2953 3422 testimonium
2974 3378 3155 3422 contra
3177 3367 3380 3433 Iesum,
3397 3378 3583 3422 uteum
3618 3368 3752 3422 morti

2195 3459 2476 3521 traderent,
2499 3467 2546 3510 et
2579 3474 2679 3511 non
2702 3460 3023 3523 invenerunt,
3052 3475 3170 3512 cum
3200 3457 3347 3511 multi
3372 3457 3499 3524 falsi
3514 3467 3659 3511 testes
3674 3473 3749 3509 ac-

2196 3549 2482 3601 cessissent.
2531 3545 2783 3617 (ΜΑυιι.)
2818 3546 2932 3601 Non
2961 3548 3104 3600 enim
3128 3554 3303 3612 erant,
3340 3555 3401 3600 ut
3426 3546 3639 3601 Marcus
3681 3554 3751 3600 te—

2196 3646 2387 3701 statur,
2413 3634 2782 3690 convenientia
2811 3636 2908 3690 sibi
2940 3637 3263 3692 testimonia.
3298 3637 3396 3692 Hic
3425 3653 3635 3708 quoque
3668 3638 3752 3691 im—

2196 3727 2370 3795 pletur
2413 3726 2539 3779 illud
2568 3724 2986 3795 Psalmographi,
3019 3741 3125 3793 quo
3164 3727 3330 3780 dicit:
3356 3726 3646 3780 Astiterunt
3687 3743 3751 3778 re-

2195 3834 2281 3887 ges
2301 3825 2470 3879 terrm,
2499 3824 2547 3868 et
2576 3816 2828 3886 principes
2850 3823 3189 3868 convenerunt
3219 3818 3271 3869 in
3315 3833 3477 3869 unum
3523 3816 3751 3870 adversus

2200 3909 2495 3971 Dominum,
2522 3916 2570 3961 et
2593 3907 2838 3959 adversus
2866 3903 3127 3959 Christum
3152 3906 3297 3975 ejus(
3320 3903 3470 3959 Psal.
3491 3922 3530 3959 II
3551 3908 3589 3965 ).
3616 3904 3752 3959 Scru-

2195 3999 2291 4051 tati
2314 4008 2430 4051 sunt
2463 3997 2803 4067 iniquitatem,
2830 3996 3126 4065 defecerunt
3172 4005 3462 4050 scrutantes
3500 3996 3749 4055 scrutinio.

2195 4086 2396 4155 sagittw
2420 4084 2751 4154 paruulorum
2800 4085 2953 4153 facta
2981 4095 3103 4138 sunt
3145 4085 3312 4155 plagm
3351 4101 3535 4137 eorum
3583 4082 3745 4150 (Psal.

2171 4190 2322 4246 .LXIII
2340 4174 2378 4244 ).
2405 4173 2546 4229 Bene
2571 4174 2730 4228 etiam
2753 4174 3004 4228 convenit
3032 4188 3226 4228 nomen
3254 4173 3529 4243 pontiﬁcis
3549 4175 3751 4228 actionis

2195 4280 2304 4320 sua:
2331 4265 2654 4319 strenuitati.
2697 4264 3079 4334 Interpretatur
3121 4266 3261 4319 enim
3310 4264 3541 4331 Caiphas
3570 4267 3749 4319 investi-

2198 4367 2367 4428 gator,
2404 4356 2488 4410 vel
2513 4373 2697 4427 sagax,
2726 4357 2837 4411 sive
2863 4374 3065 4411 vomens
3106 4374 3212 4411 ore.
3272 4358 3448 4427 Sagax
3484 4360 3629 4412 enim
3670 4358 3746 4412 fuit
3800 4366 3805 4369 ‘

2199 4447 2266 4501 ad
2295 4446 2719 4515 prosequendam
2756 4454 2810 4500 et
2836 4446 2900 4500 ad
2929 4446 3245 4515 explendam
3293 4446 3401 4500 doli
3454 4448 3541 4500 sui
3592 4448 3750 4517 nequi-

2201 4537 2347 4599 tiam,
2373 4535 2464 4589 sed
2494 4535 2775 4604 impudens
2800 4535 2867 4589 ad
2905 4533 3280 4605 proferendum
3334 4535 3671 4589 mendacium
3709 4544 3750 4586 et

2199 4626 2266 4681 ad
2296 4626 2581 4695 petendum
2605 4626 2967 4680 homicidium.

2273 4717 2565 4771 Novissime
2596 4727 2767 4771 autem
2796 4725 3038 4771 venerunt
3070 4717 3175 4771 duo
3199 4716 3320 4785 falsi
3346 4725 3523 4778 testes,
3558 4726 3603 4770 et
3624 4716 3750 4768 disco

2201 4818 2361 4863 runt:
2389 4808 2488 4862 Hic
2517 4809 2647 4863 dixit
2673 4823 2690 4859 :
2720 4806 2940 4862 Possum
2970 4809 3232 4861 destruere
3282 4808 3534 4874 templum
3592 4805 3681 4859 Dei
3711 4815 3749 4857 et

2194 4908 2305 4968 post
2334 4899 2563 4951 triduum
2590 4897 2904 4965 rerediﬁcare
2930 4897 3083 4950 illud.
3114 4898 3389 4963 Quomodo
3446 4896 3573 4953 falsi
3612 4905 3749 4951 testes

2197 4997 2341 5052 sunt,
2375 4989 2418 5042 si
2455 5004 2517 5042 ea
2545 4989 2728 5042 dicunt
2776 5003 2894 5056 quae
2933 4986 3214 5041 Dominum
3254 4987 3457 5049 dixisse
3499 4986 3747 5057 legimus?

2200 5079 2304 5133 Sed
2326 5078 2489 5132 falsus
2519 5080 2671 5133 testis
2698 5086 2780 5132 est
2800 5078 2887 5148 qui
2919 5092 3022 5131 non
3075 5079 3260 5133 eodem
3297 5094 3458 5133 sensu
3512 5078 3650 5133 dicta
3683 5078 3747 5131 in-
3774 5152 3779 5155 _

2200 5168 2382 5237 telligit
2410 5185 2515 5237 quo
2536 5168 2803 5223 dicuntur.
2836 5168 3091 5222 Dominus
3115 5170 3257 5222 enim
3291 5169 3504 5223 dixerat
3546 5170 3607 5223 de
3631 5178 3741 5223 tem-

2199 5258 2286 5328 plo
2319 5260 2558 5328 corporis
2583 5260 2684 5324 sui,
2710 5260 2802 5313 sed
2830 5268 2883 5312 et
2906 5260 2956 5312 in
2984 5258 3109 5327 ipsis
3131 5257 3308 5314 verbis
3352 5258 3742 5318 calumniantur,

2201 5356 2254 5401 et
2276 5344 2458 5416 paucis
2483 5350 2677 5404 additis
2698 5348 2779 5403 vel
2809 5348 3031 5401 mutatis
3046 5349 3195 5417 quasi
3218 5348 3418 5415 justam
3445 5345 3740 5400 calumniam

2202 5446 2469 5493 accusant.
2540 5438 2786 5492 Salvator
2840 5438 3093 5492 dixerat:
3145 5434 3338 5490 Solvite
3375 5434 3620 5503 templum
3664 5434 3742 5485 hoc

2202 5530 2392 5597 (Ioan.
2427 5530 2497 5599 II)
2526 5550 2536 5583 :
2565 5531 2654 5585 lsti
2680 5538 3007 5585 commutant
3028 5537 3081 5583 et
3106 5528 3257 5581 aiunt
3285 5544 3297 5579 :
3331 5525 3443 5595 Ego
3491 5523 3741 5579 dissoluant

2202 5620 2561 5687 lemplum’hoc
2586 5620 2958 5687 manufactum.
2994 5618 3120 5684 Vos,
3153 5617 3343 5685 inquit,
3402 5614 3610 5677 solvite,
3653 5625 3741 5664 non

3566 5916 3850 6276 Δ
