  <div class='ocr_page' id='page_1' title='image "/cluster/home/n/w/nwhite01/storage/ocr_20150623/107/uva.x000827064/566.png"; bbox 0 0 3922 6326; ppageno 0'>
   <div class='ocr_carea' id='block_1_1' title="bbox 160 373 296 427">
    <p class='ocr_par' dir='ltr' id='par_1_1' title="bbox 160 373 296 427">
     <span class='ocr_line' id='line_1_1' title="bbox 160 373 296 427; baseline -0.007 0"><span class='ocrx_word' id='word_1_1' title='bbox 160 373 296 427; x_wconf 70' lang='lat'><strong>“2|</strong></span> 
     </span>
    </p>
   </div>
   <div class='ocr_carea' id='block_1_2' title="bbox 1073 367 2431 424">
    <p class='ocr_par' dir='ltr' id='par_1_2' title="bbox 1073 367 2431 424">
     <span class='ocr_line' id='line_1_2' title="bbox 1073 367 2431 424; baseline 0.001 -4"><span class='ocrx_word' id='word_1_2' title='bbox 1073 367 1415 420; x_wconf 70' lang='grc' dir='ltr'><strong>(ΣΟΜΜΕΝΤ.</strong></span> <span class='ocrx_word' id='word_1_3' title='bbox 1458 367 1520 419; x_wconf 73' lang='lat' dir='ltr'><strong>IN</strong></span> <span class='ocrx_word' id='word_1_4' title='bbox 1562 367 1993 421; x_wconf 67' lang='lat' dir='ltr'><strong>MATTILEL&#39;M.</strong></span> <span class='ocrx_word' id='word_1_5' title='bbox 2035 399 2100 407; x_wconf 86' lang='lat'><strong>--</strong></span> <span class='ocrx_word' id='word_1_6' title='bbox 2140 369 2259 422; x_wconf 79' lang='lat' dir='ltr'><strong>LIB.</strong></span> <span class='ocrx_word' id='word_1_7' title='bbox 2304 371 2431 424; x_wconf 71' lang='lat' dir='ltr'>VIII.</span> 
     </span>
    </p>
   </div>
   <div class='ocr_carea' id='block_1_3' title="bbox 3234 343 3389 432">
    <p class='ocr_par' dir='ltr' id='par_1_3' title="bbox 3234 343 3389 432">
     <span class='ocr_line' id='line_1_3' title="bbox 3234 343 3389 432; baseline -0.013 0"><span class='ocrx_word' id='word_1_8' title='bbox 3234 343 3389 432; x_wconf 60' lang='lat' dir='ltr'><strong>ita).</strong></span> 
     </span>
    </p>
   </div>
   <div class='ocr_carea' id='block_1_4' title="bbox 150 478 3365 557">
    <p class='ocr_par' dir='ltr' id='par_1_4' title="bbox 150 478 3365 557">
     <span class='ocr_line' id='line_1_4' title="bbox 150 478 3365 557; baseline 0.001 -18"><span class='ocrx_word' id='word_1_9' title='bbox 150 500 257 556; x_wconf 82' lang='lat' dir='ltr'><strong>ego</strong></span> <span class='ocrx_word' id='word_1_10' title='bbox 284 505 296 537; x_wconf 92' lang='lat'><strong>:</strong></span> <span class='ocrx_word' id='word_1_11' title='bbox 327 486 447 554; x_wconf 83' lang='lat' dir='ltr'><strong>quia</strong></span> <span class='ocrx_word' id='word_1_12' title='bbox 476 483 710 535; x_wconf 83' lang='lat' dir='ltr'><strong>illicitum</strong></span> <span class='ocrx_word' id='word_1_13' title='bbox 740 489 819 534; x_wconf 87' lang='lat' dir='ltr'><strong>est</strong></span> <span class='ocrx_word' id='word_1_14' title='bbox 848 490 902 532; x_wconf 90' lang='lat' dir='ltr'><strong>ut</strong></span> <span class='ocrx_word' id='word_1_15' title='bbox 929 480 1022 548; x_wconf 63' lang='lat' dir='ltr'><strong>ipsi</strong></span> <span class='ocrx_word' id='word_1_16' title='bbox 1053 482 1203 532; x_wconf 72' lang='lat' dir='ltr'><strong>uehis</strong></span> <span class='ocrx_word' id='word_1_17' title='bbox 1247 478 1533 531; x_wconf 74' lang='lat' dir='ltr'><strong>inferamus</strong></span> <span class='ocrx_word' id='word_1_18' title='bbox 1567 495 1705 532; x_wconf 88' lang='lat' dir='ltr'><strong>mor-</strong></span> <span class='ocrx_word' id='word_1_19' title='bbox 1732 486 1779 541; x_wconf 75' lang='grc' dir='ltr'><strong>Α</strong></span> <span class='ocrx_word' id='word_1_20' title='bbox 1808 491 1922 533; x_wconf 82' lang='lat' dir='ltr'><strong>rato</strong></span> <span class='ocrx_word' id='word_1_21' title='bbox 1952 481 2116 536; x_wconf 79' lang='lat' dir='ltr'><strong>favori</strong></span> <span class='ocrx_word' id='word_1_22' title='bbox 2150 483 2349 551; x_wconf 85' lang='lat' dir='ltr'><strong>populi,</strong></span> <span class='ocrx_word' id='word_1_23' title='bbox 2393 484 2571 537; x_wconf 88' lang='lat' dir='ltr'><strong>statim</strong></span> <span class='ocrx_word' id='word_1_24' title='bbox 2605 486 2672 538; x_wconf 87' lang='lat' dir='ltr'><strong>ah</strong></span> <span class='ocrx_word' id='word_1_25' title='bbox 2712 487 2897 553; x_wconf 78' lang='lat' dir='ltr'><strong>angelo</strong></span> <span class='ocrx_word' id='word_1_26' title='bbox 2943 502 3229 557; x_wconf 84' lang='lat' dir='ltr'><strong>percussus</strong></span> <span class='ocrx_word' id='word_1_27' title='bbox 3261 504 3365 546; x_wconf 80' lang='lat' dir='ltr'><strong>es.</strong></span> 
     </span>
    </p>
   </div>
   <div class='ocr_carea' id='block_1_5' title="bbox 150 570 1705 638">
    <p class='ocr_par' dir='ltr' id='par_1_5' title="bbox 150 570 1705 638">
     <span class='ocr_line' id='line_1_5' title="bbox 150 570 1705 638; baseline -0.007 -6"><span class='ocrx_word' id='word_1_28' title='bbox 150 586 284 632; x_wconf 70' lang='lat' dir='ltr'><strong>teni.</strong></span> <span class='ocrx_word' id='word_1_29' title='bbox 320 575 515 628; x_wconf 86' lang='lat' dir='ltr'><strong>Deinde</strong></span> <span class='ocrx_word' id='word_1_30' title='bbox 537 572 607 625; x_wconf 82' lang='lat' dir='ltr'><strong>illi</strong></span> <span class='ocrx_word' id='word_1_31' title='bbox 635 581 845 625; x_wconf 87' lang='lat' dir='ltr'><strong>vertunt</strong></span> <span class='ocrx_word' id='word_1_32' title='bbox 870 586 886 623; x_wconf 83' lang='lat'><strong>:</strong></span> <span class='ocrx_word' id='word_1_33' title='bbox 914 571 975 623; x_wconf 80' lang='lat' dir='ltr'><strong>Et</strong></span> <span class='ocrx_word' id='word_1_34' title='bbox 1008 581 1117 638; x_wconf 84' lang='lat' dir='ltr'><strong>post</strong></span> <span class='ocrx_word' id='word_1_35' title='bbox 1146 571 1372 622; x_wconf 86' lang='lat' dir='ltr'><strong>triduum</strong></span> <span class='ocrx_word' id='word_1_36' title='bbox 1401 570 1546 622; x_wconf 88' lang='lat' dir='ltr'><strong>aliud</strong></span> <span class='ocrx_word' id='word_1_37' title='bbox 1590 586 1705 621; x_wconf 89' lang='lat' dir='ltr'><strong>ma-</strong></span> 
     </span>
    </p>
   </div>
   <div class='ocr_carea' id='block_1_6' title="bbox 148 658 1707 735">
    <p class='ocr_par' dir='ltr' id='par_1_6' title="bbox 148 658 1707 735">
     <span class='ocr_line' id='line_1_6' title="bbox 148 658 1707 735; baseline -0.006 -13"><span class='ocrx_word' id='word_1_38' title='bbox 148 668 418 735; x_wconf 75' lang='lat' dir='ltr'><strong>nufactunt</strong></span> <span class='ocrx_word' id='word_1_39' title='bbox 449 664 733 731; x_wconf 73' lang='lat' dir='ltr'><strong>mdiﬁcabo,</strong></span> <span class='ocrx_word' id='word_1_40' title='bbox 783 672 840 716; x_wconf 92' lang='lat' dir='ltr'><strong>ut</strong></span> <span class='ocrx_word' id='word_1_41' title='bbox 882 662 1094 730; x_wconf 92' lang='lat' dir='ltr'><strong>proprie</strong></span> <span class='ocrx_word' id='word_1_42' title='bbox 1137 661 1203 714; x_wconf 88' lang='lat' dir='ltr'><strong>de</strong></span> <span class='ocrx_word' id='word_1_43' title='bbox 1248 661 1441 730; x_wconf 88' lang='lat' dir='ltr'><strong>templo</strong></span> <span class='ocrx_word' id='word_1_44' title='bbox 1480 658 1707 735; x_wconf 43' lang='lat' dir='ltr'><strong>(iudaice</strong></span> 
     </span>
    </p>
   </div>
   <div class='ocr_carea' id='block_1_7' title="bbox 146 752 1703 812">
    <p class='ocr_par' dir='ltr' id='par_1_7' title="bbox 146 752 1703 812">
     <span class='ocr_line' id='line_1_7' title="bbox 146 752 1703 812; baseline -0.006 0"><span class='ocrx_word' id='word_1_45' title='bbox 146 759 351 812; x_wconf 81' lang='lat' dir='ltr'><strong>dixisse</strong></span> <span class='ocrx_word' id='word_1_46' title='bbox 381 756 636 809; x_wconf 88' lang='lat' dir='ltr'><strong>videatur.</strong></span> <span class='ocrx_word' id='word_1_47' title='bbox 665 754 917 807; x_wconf 85' lang='lat' dir='ltr'><strong>Dominus</strong></span> <span class='ocrx_word' id='word_1_48' title='bbox 948 762 1123 805; x_wconf 84' lang='lat' dir='ltr'><strong>autem</strong></span> <span class='ocrx_word' id='word_1_49' title='bbox 1152 761 1207 803; x_wconf 86' lang='grc' dir='ltr'><strong>ιιι</strong></span> <span class='ocrx_word' id='word_1_50' title='bbox 1237 752 1541 805; x_wconf 75' lang='lat' dir='ltr'><strong>ostenderet</strong></span> <span class='ocrx_word' id='word_1_51' title='bbox 1586 752 1703 804; x_wconf 86' lang='lat' dir='ltr'><strong>ani-</strong></span> 
     </span>
    </p>
   </div>
   <div class='ocr_carea' id='block_1_8' title="bbox 148 840 1702 912">
    <p class='ocr_par' dir='ltr' id='par_1_8' title="bbox 148 840 1702 912">
     <span class='ocr_line' id='line_1_8' title="bbox 148 840 1702 912; baseline -0.005 -12"><span class='ocrx_word' id='word_1_52' title='bbox 148 848 259 900; x_wconf 87' lang='lat' dir='ltr'><strong>mal</strong></span> <span class='ocrx_word' id='word_1_53' title='bbox 298 849 471 899; x_wconf 90' lang='lat' dir='ltr'><strong>vivum</strong></span> <span class='ocrx_word' id='word_1_54' title='bbox 506 852 560 899; x_wconf 92' lang='lat' dir='ltr'><strong>et</strong></span> <span class='ocrx_word' id='word_1_55' title='bbox 599 843 807 912; x_wconf 82' lang='lat' dir='ltr'><strong>spirans</strong></span> <span class='ocrx_word' id='word_1_56' title='bbox 848 842 1097 909; x_wconf 83' lang='lat' dir='ltr'><strong>templum</strong></span> <span class='ocrx_word' id='word_1_57' title='bbox 1138 841 1373 895; x_wconf 76' lang='lat' dir='ltr'><strong>dixerat:</strong></span> <span class='ocrx_word' id='word_1_58' title='bbox 1404 840 1467 893; x_wconf 86' lang='lat' dir='ltr'><strong>Et</strong></span> <span class='ocrx_word' id='word_1_59' title='bbox 1515 855 1605 909; x_wconf 89' lang='lat' dir='ltr'><strong>ego</strong></span> <span class='ocrx_word' id='word_1_60' title='bbox 1648 840 1702 892; x_wconf 89' lang='lat' dir='ltr'><strong>in</strong></span> 
     </span>
    </p>
   </div>
   <div class='ocr_carea' id='block_1_9' title="bbox 144 929 1703 992">
    <p class='ocr_par' dir='ltr' id='par_1_9' title="bbox 144 929 1703 992">
     <span class='ocr_line' id='line_1_9' title="bbox 144 929 1703 992; baseline -0.003 -6"><span class='ocrx_word' id='word_1_61' title='bbox 144 935 323 987; x_wconf 79' lang='lat' dir='ltr'><strong>triduo</strong></span> <span class='ocrx_word' id='word_1_62' title='bbox 348 932 602 987; x_wconf 86' lang='lat' dir='ltr'><strong>suscitabo</strong></span> <span class='ocrx_word' id='word_1_63' title='bbox 630 930 777 984; x_wconf 86' lang='lat' dir='ltr'><strong>illud.</strong></span> <span class='ocrx_word' id='word_1_64' title='bbox 810 929 961 982; x_wconf 87' lang='lat' dir='ltr'><strong>Aliud</strong></span> <span class='ocrx_word' id='word_1_65' title='bbox 992 939 1070 983; x_wconf 88' lang='lat' dir='ltr'><strong>est</strong></span> <span class='ocrx_word' id='word_1_66' title='bbox 1090 930 1374 992; x_wconf 60' lang='lat' dir='ltr'><strong>aediﬁcare,</strong></span> <span class='ocrx_word' id='word_1_67' title='bbox 1418 929 1560 982; x_wconf 84' lang='lat' dir='ltr'><strong>aliud</strong></span> <span class='ocrx_word' id='word_1_68' title='bbox 1585 942 1703 982; x_wconf 89' lang='lat' dir='ltr'><strong>sus-</strong></span> 
     </span>
    </p>
   </div>
   <div class='ocr_carea' id='block_1_10' title="bbox 144 1026 337 1078">
    <p class='ocr_par' dir='ltr' id='par_1_10' title="bbox 144 1026 337 1078">
     <span class='ocr_line' id='line_1_10' title="bbox 144 1026 337 1078; baseline 0.005 -1"><span class='ocrx_word' id='word_1_69' title='bbox 144 1026 337 1078; x_wconf 89' lang='lat' dir='ltr'><strong>citare.</strong></span> 
     </span>
    </p>
   </div>
   <div class='ocr_carea' id='block_1_11' title="bbox 216 1105 1699 1185">
    <p class='ocr_par' dir='ltr' id='par_1_11' title="bbox 216 1105 1699 1185">
     <span class='ocr_line' id='line_1_11' title="bbox 216 1105 1699 1185; baseline -0.008 -16"><span class='ocrx_word' id='word_1_70' title='bbox 216 1115 287 1169; x_wconf 81' lang='lat' dir='ltr'><strong>Et</strong></span> <span class='ocrx_word' id='word_1_71' title='bbox 313 1132 525 1185; x_wconf 83' lang='lat' dir='ltr'><strong>surgens</strong></span> <span class='ocrx_word' id='word_1_72' title='bbox 546 1114 775 1184; x_wconf 88' lang='lat' dir='ltr'><strong>princeps</strong></span> <span class='ocrx_word' id='word_1_73' title='bbox 795 1111 1119 1166; x_wconf 74' lang='lat' dir='ltr'><strong>sacerdotum</strong></span> <span class='ocrx_word' id='word_1_74' title='bbox 1166 1110 1238 1162; x_wconf 89' lang='lat' dir='ltr'><strong>ait</strong></span> <span class='ocrx_word' id='word_1_75' title='bbox 1284 1108 1360 1162; x_wconf 90' lang='lat' dir='ltr'><strong>illi</strong></span> <span class='ocrx_word' id='word_1_76' title='bbox 1384 1116 1405 1158; x_wconf 89' lang='lat'><strong>.&#39;</strong></span> <span class='ocrx_word' id='word_1_77' title='bbox 1431 1105 1580 1159; x_wconf 81' lang='lat' dir='ltr'><strong>Nihil</strong></span> <span class='ocrx_word' id='word_1_78' title='bbox 1619 1120 1699 1158; x_wconf 84' lang='lat' dir='ltr'><strong>re-</strong></span> 
     </span>
    </p>
   </div>
   <div class='ocr_carea' id='block_1_12' title="bbox 138 1186 1694 1273">
    <p class='ocr_par' dir='ltr' id='par_1_12' title="bbox 138 1186 1694 1273">
     <span class='ocr_line' id='line_1_12' title="bbox 138 1186 1694 1273; baseline -0.008 -14"><span class='ocrx_word' id='word_1_79' title='bbox 138 1206 362 1273; x_wconf 83' lang='lat' dir='ltr'><strong>spondes</strong></span> <span class='ocrx_word' id='word_1_80' title='bbox 386 1206 454 1257; x_wconf 91' lang='lat' dir='ltr'><strong>ad</strong></span> <span class='ocrx_word' id='word_1_81' title='bbox 474 1222 534 1258; x_wconf 91' lang='lat' dir='ltr'><strong>ea</strong></span> <span class='ocrx_word' id='word_1_82' title='bbox 557 1220 671 1273; x_wconf 80' lang='lat' dir='ltr'><strong>qute</strong></span> <span class='ocrx_word' id='word_1_83' title='bbox 691 1202 774 1257; x_wconf 91' lang='lat' dir='ltr'><strong>isti</strong></span> <span class='ocrx_word' id='word_1_84' title='bbox 794 1186 1062 1257; x_wconf 82' lang='lat' dir='ltr'><strong>adversum</strong></span> <span class='ocrx_word' id='word_1_85' title='bbox 1084 1211 1132 1255; x_wconf 89' lang='lat' dir='ltr'><strong>te</strong></span> <span class='ocrx_word' id='word_1_86' title='bbox 1153 1199 1490 1267; x_wconf 79' lang='lat' dir='ltr'><strong>testificantur</strong></span> <span class='ocrx_word' id='word_1_87' title='bbox 1506 1194 1694 1248; x_wconf 70' lang='lat' dir='ltr'><strong>Hesus</strong></span> 
     </span>
    </p>
   </div>
   <div class='ocr_carea' id='block_1_13' title="bbox 134 1285 1697 1362">
    <p class='ocr_par' dir='ltr' id='par_1_13' title="bbox 134 1285 1697 1362">
     <span class='ocr_line' id='line_1_13' title="bbox 134 1285 1697 1362; baseline -0.006 -15"><span class='ocrx_word' id='word_1_88' title='bbox 134 1306 314 1349; x_wconf 85' lang='lat' dir='ltr'><strong>autem</strong></span> <span class='ocrx_word' id='word_1_89' title='bbox 339 1294 554 1348; x_wconf 84' lang='lat' dir='ltr'><strong>tacebat.</strong></span> <span class='ocrx_word' id='word_1_90' title='bbox 578 1294 660 1347; x_wconf 87' lang='lat' dir='ltr'><strong>lra</strong></span> <span class='ocrx_word' id='word_1_91' title='bbox 692 1306 928 1362; x_wconf 68' lang='lat' dir='ltr'><strong>praeceps</strong></span> <span class='ocrx_word' id='word_1_92' title='bbox 956 1299 1011 1345; x_wconf 88' lang='lat' dir='ltr'><strong>et</strong></span> <span class='ocrx_word' id='word_1_93' title='bbox 1052 1289 1353 1360; x_wconf 74' lang='lat' dir='ltr'><strong>impatiens,</strong></span> <span class='ocrx_word' id='word_1_94' title='bbox 1402 1300 1505 1340; x_wconf 92' lang='lat' dir='ltr'><strong>non</strong></span> <span class='ocrx_word' id='word_1_95' title='bbox 1551 1285 1697 1337; x_wconf 89' lang='lat' dir='ltr'><strong>inve-</strong></span> 
     </span>
    </p>
   </div>
   <div class='ocr_carea' id='block_1_14' title="bbox 134 1370 1693 1447">
    <p class='ocr_par' dir='ltr' id='par_1_14' title="bbox 134 1370 1693 1447">
     <span class='ocr_line' id='line_1_14' title="bbox 134 1370 1693 1447; baseline -0.006 -10"><span class='ocrx_word' id='word_1_96' title='bbox 134 1370 297 1438; x_wconf 85' lang='lat' dir='ltr'><strong>niens</strong></span> <span class='ocrx_word' id='word_1_97' title='bbox 330 1383 607 1437; x_wconf 68' lang='lat' dir='ltr'><strong>calumnia:</strong></span> <span class='ocrx_word' id='word_1_98' title='bbox 636 1383 827 1447; x_wconf 88' lang='lat' dir='ltr'><strong>locum,</strong></span> <span class='ocrx_word' id='word_1_99' title='bbox 854 1381 1056 1436; x_wconf 69' lang='lat' dir='ltr'><strong>eicutit</strong></span> <span class='ocrx_word' id='word_1_100' title='bbox 1096 1380 1164 1435; x_wconf 90' lang='lat' dir='ltr'><strong>de</strong></span> <span class='ocrx_word' id='word_1_101' title='bbox 1215 1379 1347 1435; x_wconf 91' lang='lat' dir='ltr'><strong>solio</strong></span> <span class='ocrx_word' id='word_1_102' title='bbox 1388 1375 1693 1447; x_wconf 85' lang='lat' dir='ltr'><strong>pontiﬁcem</strong></span> 
     </span>
    </p>
   </div>
   <div class='ocr_carea' id='block_1_15' title="bbox 132 1469 1689 1540">
    <p class='ocr_par' dir='ltr' id='par_1_15' title="bbox 132 1469 1689 1540">
     <span class='ocr_line' id='line_1_15' title="bbox 132 1469 1689 1540; baseline -0.004 -14"><span class='ocrx_word' id='word_1_103' title='bbox 132 1483 201 1527; x_wconf 87' lang='lat' dir='ltr'><strong>ut</strong></span> <span class='ocrx_word' id='word_1_104' title='bbox 248 1473 510 1537; x_wconf 86' lang='lat' dir='ltr'><strong>insaniam</strong></span> <span class='ocrx_word' id='word_1_105' title='bbox 556 1472 749 1527; x_wconf 86' lang='lat' dir='ltr'><strong>mentis</strong></span> <span class='ocrx_word' id='word_1_106' title='bbox 798 1479 944 1527; x_wconf 86' lang='lat' dir='ltr'><strong>motu</strong></span> <span class='ocrx_word' id='word_1_107' title='bbox 996 1471 1233 1540; x_wconf 86' lang='lat' dir='ltr'><strong>corporis</strong></span> <span class='ocrx_word' id='word_1_108' title='bbox 1279 1469 1689 1524; x_wconf 84' lang='lat' dir='ltr'><strong>demonstraret.</strong></span> 
     </span>
    </p>
   </div>
   <div class='ocr_carea' id='block_1_16' title="bbox 133 1558 1690 1631">
    <p class='ocr_par' dir='ltr' id='par_1_16' title="bbox 133 1558 1690 1631">
     <span class='ocr_line' id='line_1_16' title="bbox 133 1558 1690 1631; baseline -0.004 -15"><span class='ocrx_word' id='word_1_109' title='bbox 133 1562 351 1629; x_wconf 89' lang='lat' dir='ltr'><strong>Quanto</strong></span> <span class='ocrx_word' id='word_1_110' title='bbox 379 1560 531 1617; x_wconf 81' lang='lat' dir='ltr'><strong>Jesus</strong></span> <span class='ocrx_word' id='word_1_111' title='bbox 567 1559 771 1617; x_wconf 60' lang='lat' dir='ltr'><strong>tdcebat</strong></span> <span class='ocrx_word' id='word_1_112' title='bbox 804 1562 868 1619; x_wconf 80' lang='lat' dir='ltr'><strong>ad</strong></span> <span class='ocrx_word' id='word_1_113' title='bbox 912 1561 1155 1631; x_wconf 85' lang='lat' dir='ltr'><strong>indignos</strong></span> <span class='ocrx_word' id='word_1_114' title='bbox 1200 1558 1543 1631; x_wconf 72' lang='lat' dir='ltr'><strong>responsione</strong></span> <span class='ocrx_word' id='word_1_115' title='bbox 1592 1571 1690 1610; x_wconf 90' lang='lat' dir='ltr'><strong>sua</strong></span> 
     </span>
    </p>
   </div>
   <div class='ocr_carea' id='block_1_17' title="bbox 134 1646 1689 1719">
    <p class='ocr_par' dir='ltr' id='par_1_17' title="bbox 134 1646 1689 1719">
     <span class='ocr_line' id='line_1_17' title="bbox 134 1646 1689 1719; baseline -0.005 -15"><span class='ocrx_word' id='word_1_116' title='bbox 134 1652 303 1707; x_wconf 82' lang='lat' dir='ltr'><strong>falsos</strong></span> <span class='ocrx_word' id='word_1_117' title='bbox 322 1660 484 1707; x_wconf 86' lang='lat' dir='ltr'><strong>testes</strong></span> <span class='ocrx_word' id='word_1_118' title='bbox 507 1661 559 1705; x_wconf 88' lang='lat' dir='ltr'><strong>et</strong></span> <span class='ocrx_word' id='word_1_119' title='bbox 585 1650 886 1706; x_wconf 81' lang='lat' dir='ltr'><strong>sacerdotes</strong></span> <span class='ocrx_word' id='word_1_120' title='bbox 914 1650 1123 1719; x_wconf 90' lang='lat' dir='ltr'><strong>impios,</strong></span> <span class='ocrx_word' id='word_1_121' title='bbox 1172 1656 1319 1702; x_wconf 88' lang='lat' dir='ltr'><strong>tanto</strong></span> <span class='ocrx_word' id='word_1_122' title='bbox 1344 1646 1512 1717; x_wconf 86' lang='lat' dir='ltr'><strong>magis</strong></span> <span class='ocrx_word' id='word_1_123' title='bbox 1558 1659 1689 1714; x_wconf 90' lang='lat' dir='ltr'><strong>pon-</strong></span> 
     </span>
    </p>
   </div>
   <div class='ocr_carea' id='block_1_18' title="bbox 132 1735 1686 1809">
    <p class='ocr_par' dir='ltr' id='par_1_18' title="bbox 132 1735 1686 1809">
     <span class='ocr_line' id='line_1_18' title="bbox 132 1735 1686 1809; baseline -0.006 -15"><span class='ocrx_word' id='word_1_124' title='bbox 132 1741 267 1795; x_wconf 81' lang='lat' dir='ltr'><strong>tifex</strong></span> <span class='ocrx_word' id='word_1_125' title='bbox 286 1738 470 1795; x_wconf 82' lang='lat' dir='ltr'><strong>furore</strong></span> <span class='ocrx_word' id='word_1_126' title='bbox 498 1747 776 1809; x_wconf 79' lang='lat' dir='ltr'><strong>superatus</strong></span> <span class='ocrx_word' id='word_1_127' title='bbox 799 1754 918 1793; x_wconf 91' lang='lat' dir='ltr'><strong>eum</strong></span> <span class='ocrx_word' id='word_1_128' title='bbox 951 1738 1016 1791; x_wconf 89' lang='lat' dir='ltr'><strong>ad</strong></span> <span class='ocrx_word' id='word_1_129' title='bbox 1044 1735 1463 1806; x_wconf 86' lang='lat' dir='ltr'><strong>respondendum</strong></span> <span class='ocrx_word' id='word_1_130' title='bbox 1492 1747 1686 1802; x_wconf 82' lang='lat' dir='ltr'><strong>provo-</strong></span> 
     </span>
    </p>
   </div>
   <div class='ocr_carea' id='block_1_19' title="bbox 1808 569 3364 642">
    <p class='ocr_par' dir='ltr' id='par_1_19' title="bbox 1808 569 3364 642">
     <span class='ocr_line' id='line_1_19' title="bbox 1808 569 3364 642; baseline 0.004 -22"><span class='ocrx_word' id='word_1_131' title='bbox 1808 569 2008 639; x_wconf 71' lang='grc' dir='ltr'>(ιιω.)</span> <span class='ocrx_word' id='word_1_132' title='bbox 2034 572 2215 624; x_wconf 73' lang='grc' dir='ltr'><strong>ΛΙιῑοτί</strong></span> <span class='ocrx_word' id='word_1_133' title='bbox 2240 581 2416 624; x_wconf 88' lang='lat' dir='ltr'><strong>autem</strong></span> <span class='ocrx_word' id='word_1_134' title='bbox 2449 572 2701 641; x_wconf 86' lang='lat' dir='ltr'><strong>mysterio</strong></span> <span class='ocrx_word' id='word_1_135' title='bbox 2727 574 3023 629; x_wconf 80' lang='lat' dir='ltr'><strong>estfactum</strong></span> <span class='ocrx_word' id='word_1_136' title='bbox 3051 584 3106 629; x_wconf 94' lang='lat' dir='ltr'><strong>ut</strong></span> <span class='ocrx_word' id='word_1_137' title='bbox 3141 576 3194 627; x_wconf 92' lang='lat' dir='ltr'><strong>in</strong></span> <span class='ocrx_word' id='word_1_138' title='bbox 3245 590 3364 642; x_wconf 83' lang='lat' dir='ltr'><strong>pas-</strong></span> 
     </span>
    </p>
   </div>
   <div class='ocr_carea' id='block_1_20' title="bbox 1804 658 3364 731">
    <p class='ocr_par' dir='ltr' id='par_1_20' title="bbox 1804 658 3364 731">
     <span class='ocr_line' id='line_1_20' title="bbox 1804 658 3364 731; baseline 0.001 -20"><span class='ocrx_word' id='word_1_139' title='bbox 1804 658 1951 712; x_wconf 87' lang='lat' dir='ltr'><strong>sione</strong></span> <span class='ocrx_word' id='word_1_140' title='bbox 1969 660 2170 712; x_wconf 80' lang='lat' dir='ltr'><strong>Domini</strong></span> <span class='ocrx_word' id='word_1_141' title='bbox 2195 659 2429 728; x_wconf 78' lang='lat' dir='ltr'><strong>pontifex</strong></span> <span class='ocrx_word' id='word_1_142' title='bbox 2443 658 2743 713; x_wconf 73' lang='lat' dir='ltr'><strong>Iudaeorum</strong></span> <span class='ocrx_word' id='word_1_143' title='bbox 2756 674 2852 714; x_wconf 89' lang='lat' dir='ltr'><strong>sua</strong></span> <span class='ocrx_word' id='word_1_144' title='bbox 2868 661 3031 731; x_wconf 89' lang='lat' dir='ltr'><strong>ipsius</strong></span> <span class='ocrx_word' id='word_1_145' title='bbox 3047 663 3364 716; x_wconf 86' lang='lat' dir='ltr'><strong>vestimenta</strong></span> 
     </span>
    </p>
   </div>
   <div class='ocr_carea' id='block_1_21' title="bbox 1802 747 3360 822">
    <p class='ocr_par' dir='ltr' id='par_1_21' title="bbox 1802 747 3360 822">
     <span class='ocr_line' id='line_1_21' title="bbox 1802 747 3360 822; baseline 0 -21"><span class='ocrx_word' id='word_1_146' title='bbox 1802 747 2092 810; x_wconf 71' lang='lat' dir='ltr'><strong>discitlerit,</strong></span> <span class='ocrx_word' id='word_1_147' title='bbox 2135 762 2254 801; x_wconf 87' lang='lat' dir='ltr'><strong>cmn</strong></span> <span class='ocrx_word' id='word_1_148' title='bbox 2285 750 2463 803; x_wconf 90' lang='lat' dir='ltr'><strong>tunica</strong></span> <span class='ocrx_word' id='word_1_149' title='bbox 2497 748 2704 822; x_wconf 90' lang='lat' dir='ltr'><strong>Domini</strong></span> <span class='ocrx_word' id='word_1_150' title='bbox 2740 762 2837 803; x_wconf 88' lang='lat' dir='ltr'><strong>nec</strong></span> <span class='ocrx_word' id='word_1_151' title='bbox 2860 748 2928 803; x_wconf 89' lang='lat' dir='ltr'><strong>ab</strong></span> <span class='ocrx_word' id='word_1_152' title='bbox 2957 748 3083 817; x_wconf 84' lang='lat' dir='ltr'><strong>ipsis</strong></span> <span class='ocrx_word' id='word_1_153' title='bbox 3110 751 3201 818; x_wconf 87' lang='lat' dir='ltr'><strong>qui</strong></span> <span class='ocrx_word' id='word_1_154' title='bbox 3238 765 3360 805; x_wconf 90' lang='lat' dir='ltr'><strong>eum</strong></span> 
     </span>
    </p>
   </div>
   <div class='ocr_carea' id='block_1_22' title="bbox 1801 827 3365 909">
    <p class='ocr_par' dir='ltr' id='par_1_22' title="bbox 1801 827 3365 909">
     <span class='ocr_line' id='line_1_22' title="bbox 1801 827 3365 909; baseline 0.002 -19"><span class='ocrx_word' id='word_1_155' title='bbox 1801 835 2113 890; x_wconf 74' lang='lat' dir='ltr'><strong>cruciﬁxere</strong></span> <span class='ocrx_word' id='word_1_156' title='bbox 2177 837 2432 892; x_wconf 86' lang='lat' dir='ltr'><strong>militibus</strong></span> <span class='ocrx_word' id='word_1_157' title='bbox 2479 838 2647 892; x_wconf 90' lang='lat' dir='ltr'><strong>scindi</strong></span> <span class='ocrx_word' id='word_1_158' title='bbox 2702 827 2954 907; x_wconf 85' lang='lat' dir='ltr'><strong>potuerit.</strong></span> <span class='ocrx_word' id='word_1_159' title='bbox 3008 832 3365 909; x_wconf 83' lang='lat' dir='ltr'><strong>Figurabatnr</strong></span> 
     </span>
    </p>
   </div>
   <div class='ocr_carea' id='block_1_23' title="bbox 1799 923 3363 997">
    <p class='ocr_par' dir='ltr' id='par_1_23' title="bbox 1799 923 3363 997">
     <span class='ocr_line' id='line_1_23' title="bbox 1799 923 3363 997; baseline 0.003 -21"><span class='ocrx_word' id='word_1_160' title='bbox 1799 924 1941 976; x_wconf 90' lang='lat' dir='ltr'><strong>enim</strong></span> <span class='ocrx_word' id='word_1_161' title='bbox 1986 923 2128 991; x_wconf 91' lang='lat' dir='ltr'><strong>quod</strong></span> <span class='ocrx_word' id='word_1_162' title='bbox 2176 927 2533 980; x_wconf 83' lang='lat' dir='ltr'><strong>sacerdotium</strong></span> <span class='ocrx_word' id='word_1_163' title='bbox 2582 927 2880 982; x_wconf 63' lang='lat' dir='ltr'><strong>Judasorum</strong></span> <span class='ocrx_word' id='word_1_164' title='bbox 2928 942 3026 997; x_wconf 89' lang='lat' dir='ltr'><strong>pro</strong></span> <span class='ocrx_word' id='word_1_165' title='bbox 3071 927 3363 982; x_wconf 86' lang='lat' dir='ltr'><strong>sceleribus</strong></span> 
     </span>
    </p>
   </div>
   <div class='ocr_carea' id='block_1_24' title="bbox 1798 1012 3363 1081">
    <p class='ocr_par' dir='ltr' id='par_1_24' title="bbox 1798 1012 3363 1081">
     <span class='ocr_line' id='line_1_24' title="bbox 1798 1012 3363 1081; baseline 0.003 -17"><span class='ocrx_word' id='word_1_166' title='bbox 1798 1012 2033 1080; x_wconf 91' lang='lat' dir='ltr'><strong>ipsorum</strong></span> <span class='ocrx_word' id='word_1_167' title='bbox 2061 1012 2367 1080; x_wconf 89' lang='lat' dir='ltr'><strong>pontiﬁcum</strong></span> <span class='ocrx_word' id='word_1_168' title='bbox 2393 1023 2535 1068; x_wconf 90' lang='lat' dir='ltr'><strong>esset</strong></span> <span class='ocrx_word' id='word_1_169' title='bbox 2558 1015 2924 1081; x_wconf 87' lang='lat' dir='ltr'><strong>scindendum,</strong></span> <span class='ocrx_word' id='word_1_170' title='bbox 2952 1026 3005 1071; x_wconf 90' lang='lat' dir='ltr'><strong>et</strong></span> <span class='ocrx_word' id='word_1_171' title='bbox 3032 1032 3062 1071; x_wconf 89' lang='lat' dir='ltr'><strong>a</strong></span> <span class='ocrx_word' id='word_1_172' title='bbox 3085 1031 3195 1071; x_wconf 67' lang='lat' dir='ltr'><strong>sua:</strong></span> <span class='ocrx_word' id='word_1_173' title='bbox 3219 1025 3363 1071; x_wconf 88' lang='lat' dir='ltr'><strong>statu</strong></span> 
     </span>
    </p>
   </div>
   <div class='ocr_carea' id='block_1_25' title="bbox 1797 1099 3363 1169">
    <p class='ocr_par' dir='ltr' id='par_1_25' title="bbox 1797 1099 3363 1169">
     <span class='ocr_line' id='line_1_25' title="bbox 1797 1099 3363 1169; baseline 0.005 -18"><span class='ocrx_word' id='word_1_174' title='bbox 1797 1099 2119 1169; x_wconf 75' lang='lat' dir='ltr'><strong>integritatis</strong></span> <span class='ocrx_word' id='word_1_175' title='bbox 2132 1102 2433 1156; x_wconf 90' lang='lat' dir='ltr'><strong>omnimode</strong></span> <span class='ocrx_word' id='word_1_176' title='bbox 2459 1101 2787 1156; x_wconf 85' lang='lat' dir='ltr'><strong>solvendum.</strong></span> <span class='ocrx_word' id='word_1_177' title='bbox 2816 1101 3066 1159; x_wconf 89' lang='lat' dir='ltr'><strong>Soliditas</strong></span> <span class='ocrx_word' id='word_1_178' title='bbox 3086 1121 3214 1159; x_wconf 90' lang='lat' dir='ltr'><strong>vero</strong></span> <span class='ocrx_word' id='word_1_179' title='bbox 3243 1120 3363 1159; x_wconf 87' lang='lat' dir='ltr'><strong>san-</strong></span> 
     </span>
    </p>
   </div>
   <div class='ocr_carea' id='block_1_26' title="bbox 1795 1193 3357 1266">
    <p class='ocr_par' dir='ltr' id='par_1_26' title="bbox 1795 1193 3357 1266">
     <span class='ocr_line' id='line_1_26' title="bbox 1795 1193 3357 1266; baseline 0.004 -22"><span class='ocrx_word' id='word_1_180' title='bbox 1795 1201 1896 1245; x_wconf 71' lang='lat' dir='ltr'><strong>ctze</strong></span> <span class='ocrx_word' id='word_1_181' title='bbox 1926 1193 2243 1247; x_wconf 75' lang='lat' dir='ltr'><strong>universalis</strong></span> <span class='ocrx_word' id='word_1_182' title='bbox 2272 1193 2540 1258; x_wconf 70' lang='lat' dir='ltr'><strong>Ecclesim,</strong></span> <span class='ocrx_word' id='word_1_183' title='bbox 2571 1209 2689 1262; x_wconf 65' lang='lat' dir='ltr'><strong>qua:</strong></span> <span class='ocrx_word' id='word_1_184' title='bbox 2721 1195 2884 1248; x_wconf 83' lang='lat' dir='ltr'><strong>vestis</strong></span> <span class='ocrx_word' id='word_1_185' title='bbox 2927 1196 3006 1248; x_wconf 91' lang='lat' dir='ltr'><strong>sui</strong></span> <span class='ocrx_word' id='word_1_186' title='bbox 3037 1196 3357 1266; x_wconf 84' lang='lat' dir='ltr'><strong>Redempto—</strong></span> 
     </span>
    </p>
   </div>
   <div class='ocr_carea' id='block_1_27' title="bbox 1794 1282 3357 1354">
    <p class='ocr_par' dir='ltr' id='par_1_27' title="bbox 1794 1282 3357 1354">
     <span class='ocr_line' id='line_1_27' title="bbox 1794 1282 3357 1354; baseline 0.004 -20"><span class='ocrx_word' id='word_1_187' title='bbox 1794 1282 1869 1335; x_wconf 88' lang='lat' dir='ltr'><strong>ris</strong></span> <span class='ocrx_word' id='word_1_188' title='bbox 1890 1282 2025 1336; x_wconf 88' lang='lat' dir='ltr'><strong>solet</strong></span> <span class='ocrx_word' id='word_1_189' title='bbox 2043 1283 2315 1351; x_wconf 87' lang='lat' dir='ltr'><strong>appellari,</strong></span> <span class='ocrx_word' id='word_1_190' title='bbox 2349 1300 2615 1353; x_wconf 81' lang='lat' dir='ltr'><strong>nunquam</strong></span> <span class='ocrx_word' id='word_1_191' title='bbox 2666 1284 2843 1338; x_wconf 79' lang='lat' dir='ltr'><strong>valeat</strong></span> <span class='ocrx_word' id='word_1_192' title='bbox 2886 1285 3163 1354; x_wconf 87' lang='lat' dir='ltr'><strong>disrumpi.</strong></span> <span class='ocrx_word' id='word_1_193' title='bbox 3219 1287 3357 1352; x_wconf 87' lang='lat' dir='ltr'><strong>Quin</strong></span> 
     </span>
    </p>
   </div>
   <div class='ocr_carea' id='block_1_28' title="bbox 1792 1366 3359 1440">
    <p class='ocr_par' dir='ltr' id='par_1_28' title="bbox 1792 1366 3359 1440">
     <span class='ocr_line' id='line_1_28' title="bbox 1792 1366 3359 1440; baseline 0.003 -17"><span class='ocrx_word' id='word_1_194' title='bbox 1792 1371 1966 1438; x_wconf 88' lang='lat' dir='ltr'><strong>potius</strong></span> <span class='ocrx_word' id='word_1_195' title='bbox 1998 1380 2051 1424; x_wconf 91' lang='lat' dir='ltr'><strong>et</strong></span> <span class='ocrx_word' id='word_1_196' title='bbox 2079 1372 2122 1423; x_wconf 89' lang='lat' dir='ltr'><strong>si</strong></span> <span class='ocrx_word' id='word_1_197' title='bbox 2147 1369 2334 1434; x_wconf 83' lang='lat' dir='ltr'><strong>Judaei,</strong></span> <span class='ocrx_word' id='word_1_198' title='bbox 2383 1371 2428 1425; x_wconf 88' lang='lat' dir='ltr'><strong>si</strong></span> <span class='ocrx_word' id='word_1_199' title='bbox 2459 1366 2701 1440; x_wconf 76' lang='lat' dir='ltr'><strong>gentiles,</strong></span> <span class='ocrx_word' id='word_1_200' title='bbox 2753 1373 2797 1427; x_wconf 92' lang='lat' dir='ltr'><strong>si</strong></span> <span class='ocrx_word' id='word_1_201' title='bbox 2840 1374 3097 1436; x_wconf 63' lang='lat' dir='ltr'><strong>haeretici,</strong></span> <span class='ocrx_word' id='word_1_202' title='bbox 3145 1374 3189 1427; x_wconf 89' lang='lat' dir='ltr'><strong>si</strong></span> <span class='ocrx_word' id='word_1_203' title='bbox 3233 1374 3359 1427; x_wconf 85' lang='lat' dir='ltr'><strong>mali</strong></span> 
     </span>
    </p>
   </div>
   <div class='ocr_carea' id='block_1_29' title="bbox 1792 1448 3361 1516">
    <p class='ocr_par' dir='ltr' id='par_1_29' title="bbox 1792 1448 3361 1516">
     <span class='ocr_line' id='line_1_29' title="bbox 1792 1448 3361 1516; baseline 0.003 -5"><span class='ocrx_word' id='word_1_204' title='bbox 1792 1457 2037 1511; x_wconf 88' lang='lat' dir='ltr'><strong>catholici</strong></span> <span class='ocrx_word' id='word_1_205' title='bbox 2092 1460 2442 1512; x_wconf 84' lang='lat' dir='ltr'><strong>humilitatem</strong></span> <span class='ocrx_word' id='word_1_206' title='bbox 2502 1448 2709 1514; x_wconf 86' lang='lat' dir='ltr'><strong>Domini</strong></span> <span class='ocrx_word' id='word_1_207' title='bbox 2775 1461 3065 1516; x_wconf 87' lang='lat' dir='ltr'><strong>Salvatoris</strong></span> <span class='ocrx_word' id='word_1_208' title='bbox 3121 1471 3361 1516; x_wconf 85' lang='lat' dir='ltr'><strong>contem-</strong></span> 
     </span>
    </p>
   </div>
   <div class='ocr_carea' id='block_1_30' title="bbox 1790 1547 3356 1617">
    <p class='ocr_par' dir='ltr' id='par_1_30' title="bbox 1790 1547 3356 1617">
     <span class='ocr_line' id='line_1_30' title="bbox 1790 1547 3356 1617; baseline 0.003 -17"><span class='ocrx_word' id='word_1_209' title='bbox 1790 1554 1939 1610; x_wconf 85' lang='lat' dir='ltr'><strong>nant,</strong></span> <span class='ocrx_word' id='word_1_210' title='bbox 1970 1547 2083 1616; x_wconf 89' lang='lat' dir='ltr'><strong>ejus</strong></span> <span class='ocrx_word' id='word_1_211' title='bbox 2112 1556 2285 1601; x_wconf 83' lang='lat' dir='ltr'><strong>tamen</strong></span> <span class='ocrx_word' id='word_1_212' title='bbox 2310 1565 2476 1617; x_wconf 88' lang='lat' dir='ltr'><strong>usque</strong></span> <span class='ocrx_word' id='word_1_213' title='bbox 2511 1550 2577 1604; x_wconf 89' lang='lat' dir='ltr'><strong>ad</strong></span> <span class='ocrx_word' id='word_1_214' title='bbox 2608 1552 3119 1607; x_wconf 83' lang='lat' dir='ltr'><strong>consummationem</strong></span> <span class='ocrx_word' id='word_1_215' title='bbox 3148 1553 3200 1606; x_wconf 93' lang='lat' dir='ltr'><strong>in</strong></span> <span class='ocrx_word' id='word_1_216' title='bbox 3231 1552 3356 1616; x_wconf 82' lang='lat' dir='ltr'><strong>illis,</strong></span> 
     </span>
    </p>
   </div>
   <div class='ocr_carea' id='block_1_31' title="bbox 1791 1623 3357 1710">
    <p class='ocr_par' dir='ltr' id='par_1_31' title="bbox 1791 1623 3357 1710">
     <span class='ocr_line' id='line_1_31' title="bbox 1791 1623 3357 1710; baseline 0.004 -23"><span class='ocrx_word' id='word_1_217' title='bbox 1791 1649 1924 1705; x_wconf 89' lang='lat' dir='ltr'><strong>quos</strong></span> <span class='ocrx_word' id='word_1_218' title='bbox 1951 1650 2067 1689; x_wconf 89' lang='lat' dir='ltr'><strong>sors</strong></span> <span class='ocrx_word' id='word_1_219' title='bbox 2089 1635 2363 1691; x_wconf 88' lang='lat' dir='ltr'><strong>electionis</strong></span> <span class='ocrx_word' id='word_1_220' title='bbox 2386 1623 2648 1692; x_wconf 86' lang='lat' dir='ltr'><strong>invenerit</strong></span> <span class='ocrx_word' id='word_1_221' title='bbox 2694 1639 2946 1694; x_wconf 88' lang='lat' dir='ltr'><strong>inviolata</strong></span> <span class='ocrx_word' id='word_1_222' title='bbox 2992 1640 3064 1695; x_wconf 87' lang='lat' dir='ltr'><strong>sit</strong></span> <span class='ocrx_word' id='word_1_223' title='bbox 3106 1656 3357 1710; x_wconf 80' lang='lat' dir='ltr'><strong>perman-</strong></span> 
     </span>
    </p>
   </div>
   <div class='ocr_carea' id='block_1_32' title="bbox 1789 1724 2183 1779">
    <p class='ocr_par' dir='ltr' id='par_1_32' title="bbox 1789 1724 2183 1779">
     <span class='ocr_line' id='line_1_32' title="bbox 1789 1724 2183 1779; baseline -0.003 -3"><span class='ocrx_word' id='word_1_224' title='bbox 1789 1737 1912 1776; x_wconf 85' lang='lat' dir='ltr'><strong>sura</strong></span> <span class='ocrx_word' id='word_1_225' title='bbox 1944 1724 2183 1779; x_wconf 85' lang='lat' dir='ltr'><strong>castitas.</strong></span> 
     </span>
    </p>
   </div>
   <div class='ocr_carea' id='block_1_33' title="bbox 102 1811 3351 1899">
    <p class='ocr_par' dir='ltr' id='par_1_33' title="bbox 102 1811 3351 1899">
     <span class='ocr_line' id='line_1_33' title="bbox 102 1811 3351 1899; baseline -0.001 -22"><span class='ocrx_word' id='word_1_226' title='bbox 102 1816 242 1896; x_wconf 15' lang='lat' dir='ltr'><strong>Aut,</strong></span> <span class='ocrx_word' id='word_1_227' title='bbox 274 1840 335 1885; x_wconf 78' lang='lat' dir='ltr'><strong>ut</strong></span> <span class='ocrx_word' id='word_1_228' title='bbox 359 1846 425 1885; x_wconf 72' lang='lat' dir='ltr'><strong>ex</strong></span> <span class='ocrx_word' id='word_1_229' title='bbox 449 1830 678 1899; x_wconf 75' lang='lat' dir='ltr'><strong>qualibet</strong></span> <span class='ocrx_word' id='word_1_230' title='bbox 702 1829 981 1883; x_wconf 74' lang='lat' dir='ltr'><strong>occasione</strong></span> <span class='ocrx_word' id='word_1_231' title='bbox 1014 1825 1274 1882; x_wconf 70' lang='lat' dir='ltr'><strong>sermonis</strong></span> <span class='ocrx_word' id='word_1_232' title='bbox 1320 1824 1493 1879; x_wconf 86' lang='lat' dir='ltr'><strong>locum</strong></span> <span class='ocrx_word' id='word_1_233' title='bbox 1542 1823 1690 1878; x_wconf 77' lang='lat' dir='ltr'><strong>inve-</strong></span> <span class='ocrx_word' id='word_1_234' title='bbox 1716 1811 1762 1869; x_wconf 86' lang='lat' dir='ltr'><strong>B</strong></span> <span class='ocrx_word' id='word_1_235' title='bbox 1858 1812 1922 1865; x_wconf 82' lang='lat' dir='ltr'><strong>At</strong></span> <span class='ocrx_word' id='word_1_236' title='bbox 1947 1813 2022 1865; x_wconf 86' lang='lat' dir='ltr'><strong>illi</strong></span> <span class='ocrx_word' id='word_1_237' title='bbox 2048 1814 2403 1881; x_wconf 79' lang='lat' dir='ltr'><strong>respondentes</strong></span> <span class='ocrx_word' id='word_1_238' title='bbox 2428 1816 2666 1869; x_wconf 74' lang='lat' dir='ltr'><strong>dixerunt</strong></span> <span class='ocrx_word' id='word_1_239' title='bbox 2690 1833 2707 1870; x_wconf 90' lang='lat'><em>:</em></span> <span class='ocrx_word' id='word_1_240' title='bbox 2743 1815 2878 1870; x_wconf 87' lang='lat' dir='ltr'><strong>Reus</strong></span> <span class='ocrx_word' id='word_1_241' title='bbox 2900 1827 2973 1870; x_wconf 87' lang='lat' dir='ltr'><strong>est</strong></span> <span class='ocrx_word' id='word_1_242' title='bbox 3001 1818 3198 1872; x_wconf 88' lang='lat' dir='ltr'><strong>mortis.</strong></span> <span class='ocrx_word' id='word_1_243' title='bbox 3214 1818 3351 1885; x_wconf 79' lang='lat' dir='ltr'><strong>Quia</strong></span> 
     </span>
    </p>
   </div>
   <div class='ocr_carea' id='block_1_34' title="bbox 128 1914 1689 1980">
    <p class='ocr_par' dir='ltr' id='par_1_34' title="bbox 128 1914 1689 1980">
     <span class='ocr_line' id='line_1_34' title="bbox 128 1914 1689 1980; baseline -0.008 -1"><span class='ocrx_word' id='word_1_244' title='bbox 128 1926 249 1980; x_wconf 85' lang='lat' dir='ltr'><strong>niat</strong></span> <span class='ocrx_word' id='word_1_245' title='bbox 295 1924 597 1979; x_wconf 86' lang='lat' dir='ltr'><strong>accusandi.</strong></span> <span class='ocrx_word' id='word_1_246' title='bbox 659 1921 1008 1977; x_wconf 83' lang='lat' dir='ltr'><strong>Nihilominus</strong></span> <span class='ocrx_word' id='word_1_247' title='bbox 1061 1918 1215 1974; x_wconf 68' lang='lat' dir='ltr'><strong>Iesus</strong></span> <span class='ocrx_word' id='word_1_248' title='bbox 1255 1924 1414 1972; x_wconf 84' lang='lat' dir='ltr'><strong>tacet.</strong></span> <span class='ocrx_word' id='word_1_249' title='bbox 1473 1914 1689 1969; x_wconf 82' lang='lat' dir='ltr'><strong>Sciebat</strong></span> 
     </span>
    </p>
   </div>
   <div class='ocr_carea' id='block_1_35' title="bbox 126 2003 1684 2083">
    <p class='ocr_par' dir='ltr' id='par_1_35' title="bbox 126 2003 1684 2083">
     <span class='ocr_line' id='line_1_35' title="bbox 126 2003 1684 2083; baseline -0.008 -16"><span class='ocrx_word' id='word_1_250' title='bbox 126 2015 277 2068; x_wconf 89' lang='lat' dir='ltr'><strong>enim</strong></span> <span class='ocrx_word' id='word_1_251' title='bbox 305 2015 455 2083; x_wconf 90' lang='lat' dir='ltr'><strong>quasi</strong></span> <span class='ocrx_word' id='word_1_252' title='bbox 486 2014 624 2067; x_wconf 84' lang='lat' dir='ltr'><strong>Deus</strong></span> <span class='ocrx_word' id='word_1_253' title='bbox 643 2011 897 2082; x_wconf 88' lang='lat' dir='ltr'><strong>quidquid</strong></span> <span class='ocrx_word' id='word_1_254' title='bbox 938 2008 1293 2078; x_wconf 86' lang='lat' dir='ltr'><strong>respondisset</strong></span> <span class='ocrx_word' id='word_1_255' title='bbox 1330 2003 1684 2073; x_wconf 83' lang='lat' dir='ltr'><strong>torquendum</strong></span> 
     </span>
    </p>
   </div>
   <div class='ocr_carea' id='block_1_36' title="bbox 125 2102 555 2158">
    <p class='ocr_par' dir='ltr' id='par_1_36' title="bbox 125 2102 555 2158">
     <span class='ocr_line' id='line_1_36' title="bbox 125 2102 555 2158; baseline 0 -4"><span class='ocrx_word' id='word_1_256' title='bbox 125 2103 199 2158; x_wconf 87' lang='lat' dir='ltr'><strong>ad</strong></span> <span class='ocrx_word' id='word_1_257' title='bbox 219 2102 555 2156; x_wconf 89' lang='lat' dir='ltr'><strong>calumniam.</strong></span> 
     </span>
    </p>
   </div>
   <div class='ocr_carea' id='block_1_37' title="bbox 165 2180 1682 2262">
    <p class='ocr_par' dir='ltr' id='par_1_37' title="bbox 165 2180 1682 2262">
     <span class='ocr_line' id='line_1_37' title="bbox 165 2180 1682 2262; baseline -0.009 -15"><span class='ocrx_word' id='word_1_258' title='bbox 165 2180 183 2195; x_wconf 78' lang='grc'><em>’</em></span> <span class='ocrx_word' id='word_1_259' title='bbox 202 2192 271 2246; x_wconf 82' lang='lat' dir='ltr'><strong>Et</strong></span> <span class='ocrx_word' id='word_1_260' title='bbox 295 2193 527 2262; x_wconf 81' lang='lat' dir='ltr'><strong>princeps</strong></span> <span class='ocrx_word' id='word_1_261' title='bbox 548 2191 867 2245; x_wconf 85' lang='lat' dir='ltr'><strong>sacerdotum</strong></span> <span class='ocrx_word' id='word_1_262' title='bbox 888 2189 961 2241; x_wconf 87' lang='lat' dir='ltr'><strong>ait</strong></span> <span class='ocrx_word' id='word_1_263' title='bbox 987 2187 1095 2240; x_wconf 86' lang='lat' dir='ltr'><strong>illi:</strong></span> <span class='ocrx_word' id='word_1_264' title='bbox 1117 2187 1315 2255; x_wconf 76' lang='lat' dir='ltr'><strong>Adjuro</strong></span> <span class='ocrx_word' id='word_1_265' title='bbox 1336 2193 1384 2237; x_wconf 90' lang='lat' dir='ltr'><strong>te</strong></span> <span class='ocrx_word' id='word_1_266' title='bbox 1406 2199 1497 2253; x_wconf 88' lang='lat' dir='ltr'><strong>per</strong></span> <span class='ocrx_word' id='word_1_267' title='bbox 1516 2181 1682 2235; x_wconf 89' lang='lat' dir='ltr'><strong>Deum</strong></span> 
     </span>
    </p>
   </div>
   <div class='ocr_carea' id='block_1_38' title="bbox 122 2271 1679 2336">
    <p class='ocr_par' dir='ltr' id='par_1_38' title="bbox 122 2271 1679 2336">
     <span class='ocr_line' id='line_1_38' title="bbox 122 2271 1679 2336; baseline -0.008 0"><span class='ocrx_word' id='word_1_268' title='bbox 122 2284 299 2336; x_wconf 79' lang='lat' dir='ltr'><strong>vivum</strong></span> <span class='ocrx_word' id='word_1_269' title='bbox 345 2290 400 2335; x_wconf 89' lang='lat' dir='ltr'><strong>ut</strong></span> <span class='ocrx_word' id='word_1_270' title='bbox 437 2282 580 2334; x_wconf 87' lang='lat' dir='ltr'><strong>dicas</strong></span> <span class='ocrx_word' id='word_1_271' title='bbox 623 2279 764 2333; x_wconf 84' lang='lat' dir='ltr'><strong>nobis</strong></span> <span class='ocrx_word' id='word_1_272' title='bbox 806 2279 851 2332; x_wconf 89' lang='lat' dir='ltr'><strong>si</strong></span> <span class='ocrx_word' id='word_1_273' title='bbox 890 2288 947 2331; x_wconf 89' lang='lat' dir='ltr'><strong>tu</strong></span> <span class='ocrx_word' id='word_1_274' title='bbox 984 2294 1035 2331; x_wconf 90' lang='lat' dir='ltr'><strong>es</strong></span> <span class='ocrx_word' id='word_1_275' title='bbox 1070 2274 1304 2331; x_wconf 83' lang='lat' dir='ltr'><strong>Christus</strong></span> <span class='ocrx_word' id='word_1_276' title='bbox 1352 2272 1523 2325; x_wconf 81' lang='lat' dir='ltr'><strong>Filius</strong></span> <span class='ocrx_word' id='word_1_277' title='bbox 1564 2271 1679 2325; x_wconf 85' lang='lat' dir='ltr'><strong>Dei.</strong></span> 
     </span>
    </p>
   </div>
   <div class='ocr_carea' id='block_1_39' title="bbox 120 2363 1679 2438">
    <p class='ocr_par' dir='ltr' id='par_1_39' title="bbox 120 2363 1679 2438">
     <span class='ocr_line' id='line_1_39' title="bbox 120 2363 1679 2438; baseline -0.007 -14"><span class='ocrx_word' id='word_1_278' title='bbox 120 2370 267 2436; x_wconf 85' lang='lat' dir='ltr'><strong>Quid</strong></span> <span class='ocrx_word' id='word_1_279' title='bbox 310 2368 546 2438; x_wconf 84' lang='lat' dir='ltr'><strong>adjuras,</strong></span> <span class='ocrx_word' id='word_1_280' title='bbox 591 2366 902 2437; x_wconf 85' lang='lat' dir='ltr'><strong>impiissime</strong></span> <span class='ocrx_word' id='word_1_281' title='bbox 945 2363 1314 2419; x_wconf 77' lang='lat' dir='ltr'><strong>sacerdotum?</strong></span> <span class='ocrx_word' id='word_1_282' title='bbox 1347 2369 1407 2419; x_wconf 82' lang='lat' dir='ltr'><strong>ut</strong></span> <span class='ocrx_word' id='word_1_283' title='bbox 1438 2375 1679 2425; x_wconf 87' lang='lat' dir='ltr'><strong>accuses,</strong></span> 
     </span>
    </p>
   </div>
   <div class='ocr_carea' id='block_1_40' title="bbox 125 2450 1682 2531">
    <p class='ocr_par' dir='ltr' id='par_1_40' title="bbox 125 2450 1682 2531">
     <span class='ocr_line' id='line_1_40' title="bbox 125 2450 1682 2531; baseline -0.006 -19"><span class='ocrx_word' id='word_1_284' title='bbox 125 2476 200 2513; x_wconf 81' lang='lat' dir='ltr'><strong>an</strong></span> <span class='ocrx_word' id='word_1_285' title='bbox 230 2470 289 2513; x_wconf 88' lang='lat' dir='ltr'><strong>ut</strong></span> <span class='ocrx_word' id='word_1_286' title='bbox 312 2458 534 2513; x_wconf 77' lang='lat' dir='ltr'><strong>credas?</strong></span> <span class='ocrx_word' id='word_1_287' title='bbox 556 2455 696 2531; x_wconf 31' lang='lat' dir='ltr'><strong>Si‘ut</strong></span> <span class='ocrx_word' id='word_1_288' title='bbox 726 2469 964 2519; x_wconf 89' lang='lat' dir='ltr'><strong>accuses,</strong></span> <span class='ocrx_word' id='word_1_289' title='bbox 988 2461 1214 2523; x_wconf 84' lang='lat' dir='ltr'><strong>arguunt</strong></span> <span class='ocrx_word' id='word_1_290' title='bbox 1235 2461 1285 2505; x_wconf 89' lang='lat' dir='ltr'><strong>te</strong></span> <span class='ocrx_word' id='word_1_291' title='bbox 1314 2451 1403 2505; x_wconf 89' lang='lat' dir='ltr'><strong>alii</strong></span> <span class='ocrx_word' id='word_1_292' title='bbox 1432 2450 1682 2505; x_wconf 78' lang='lat' dir='ltr'><strong>condem-</strong></span> 
     </span>
    </p>
   </div>
   <div class='ocr_carea' id='block_1_41' title="bbox 120 2537 1681 2609">
    <p class='ocr_par' dir='ltr' id='par_1_41' title="bbox 120 2537 1681 2609">
     <span class='ocr_line' id='line_1_41' title="bbox 120 2537 1681 2609; baseline -0.008 -8"><span class='ocrx_word' id='word_1_293' title='bbox 120 2562 259 2601; x_wconf 83' lang='lat' dir='ltr'><strong>nare</strong></span> <span class='ocrx_word' id='word_1_294' title='bbox 280 2555 560 2600; x_wconf 86' lang='lat' dir='ltr'><strong>tacentem.</strong></span> <span class='ocrx_word' id='word_1_295' title='bbox 591 2543 645 2598; x_wconf 90' lang='lat' dir='ltr'><strong>Si</strong></span> <span class='ocrx_word' id='word_1_296' title='bbox 670 2540 726 2597; x_wconf 88' lang='lat' dir='ltr'><strong>ut</strong></span> <span class='ocrx_word' id='word_1_297' title='bbox 749 2542 960 2605; x_wconf 91' lang='lat' dir='ltr'><strong>credas,</strong></span> <span class='ocrx_word' id='word_1_298' title='bbox 988 2556 1152 2609; x_wconf 89' lang='lat' dir='ltr'><strong>quare</strong></span> <span class='ocrx_word' id='word_1_299' title='bbox 1173 2537 1443 2593; x_wconf 87' lang='lat' dir='ltr'><strong>conﬁtenti</strong></span> <span class='ocrx_word' id='word_1_300' title='bbox 1465 2538 1681 2591; x_wconf 86' lang='lat' dir='ltr'><strong>credere</strong></span> 
     </span>
    </p>
   </div>
   <div class='ocr_carea' id='block_1_42' title="bbox 117 2634 379 2688">
    <p class='ocr_par' dir='ltr' id='par_1_42' title="bbox 117 2634 379 2688">
     <span class='ocr_line' id='line_1_42' title="bbox 117 2634 379 2688; baseline -0.011 0"><span class='ocrx_word' id='word_1_301' title='bbox 117 2634 339 2688; x_wconf 81' lang='lat' dir='ltr'><strong>noluisti</strong></span> <span class='ocrx_word' id='word_1_302' title='bbox 354 2634 379 2685; x_wconf 72' lang='lat' dir='ltr'><strong>i</strong></span> 
     </span>
    </p>
   </div>
   <div class='ocr_carea' id='block_1_43' title="bbox 188 2716 1679 2791">
    <p class='ocr_par' dir='ltr' id='par_1_43' title="bbox 188 2716 1679 2791">
     <span class='ocr_line' id='line_1_43' title="bbox 188 2716 1679 2791; baseline -0.005 -15"><span class='ocrx_word' id='word_1_303' title='bbox 188 2723 332 2776; x_wconf 84' lang='lat' dir='ltr'><strong>Dicit</strong></span> <span class='ocrx_word' id='word_1_304' title='bbox 355 2722 431 2776; x_wconf 87' lang='lat' dir='ltr'><strong>illi</strong></span> <span class='ocrx_word' id='word_1_305' title='bbox 449 2722 632 2776; x_wconf 81' lang='lat' dir='ltr'><strong>Jesus:</strong></span> <span class='ocrx_word' id='word_1_306' title='bbox 656 2720 733 2774; x_wconf 88' lang='lat' dir='ltr'><strong>Tu</strong></span> <span class='ocrx_word' id='word_1_307' title='bbox 754 2719 1146 2791; x_wconf 68' lang='lat' dir='ltr'><strong>dixisti.(Rsu.)</strong></span> <span class='ocrx_word' id='word_1_308' title='bbox 1169 2718 1433 2772; x_wconf 83' lang='lat' dir='ltr'><strong>Adversus</strong></span> <span class='ocrx_word' id='word_1_309' title='bbox 1450 2716 1679 2770; x_wconf 86' lang='lat' dir='ltr'><strong>Pilatum</strong></span> 
     </span>
    </p>
   </div>
   <div class='ocr_carea' id='block_1_44' title="bbox 115 2808 1679 2881">
    <p class='ocr_par' dir='ltr' id='par_1_44' title="bbox 115 2808 1679 2881">
     <span class='ocr_line' id='line_1_44' title="bbox 115 2808 1679 2881; baseline -0.008 -11"><span class='ocrx_word' id='word_1_310' title='bbox 115 2824 171 2870; x_wconf 91' lang='lat' dir='ltr'><strong>et</strong></span> <span class='ocrx_word' id='word_1_311' title='bbox 196 2815 453 2869; x_wconf 89' lang='lat' dir='ltr'><strong>adversus</strong></span> <span class='ocrx_word' id='word_1_312' title='bbox 473 2811 725 2881; x_wconf 85' lang='lat' dir='ltr'><strong>Caipham</strong></span> <span class='ocrx_word' id='word_1_313' title='bbox 748 2811 934 2865; x_wconf 89' lang='lat' dir='ltr'><strong>similis</strong></span> <span class='ocrx_word' id='word_1_314' title='bbox 980 2820 1061 2864; x_wconf 89' lang='lat' dir='ltr'><strong>est</strong></span> <span class='ocrx_word' id='word_1_315' title='bbox 1112 2808 1405 2877; x_wconf 88' lang='lat' dir='ltr'><strong>responsio,</strong></span> <span class='ocrx_word' id='word_1_316' title='bbox 1456 2815 1516 2860; x_wconf 90' lang='lat' dir='ltr'><strong>ut</strong></span> <span class='ocrx_word' id='word_1_317' title='bbox 1556 2818 1679 2873; x_wconf 88' lang='lat' dir='ltr'><strong>pro-</strong></span> 
     </span>
    </p>
   </div>
   <div class='ocr_carea' id='block_1_45' title="bbox 112 2896 1680 2978">
    <p class='ocr_par' dir='ltr' id='par_1_45' title="bbox 112 2896 1680 2978">
     <span class='ocr_line' id='line_1_45' title="bbox 112 2896 1680 2978; baseline -0.008 -16"><span class='ocrx_word' id='word_1_318' title='bbox 112 2909 236 2978; x_wconf 89' lang='lat' dir='ltr'><strong>pria</strong></span> <span class='ocrx_word' id='word_1_319' title='bbox 262 2908 525 2962; x_wconf 88' lang='lat' dir='ltr'><strong>sententia</strong></span> <span class='ocrx_word' id='word_1_320' title='bbox 560 2906 995 2960; x_wconf 88' lang='lat' dir='ltr'><strong>condemnentur.</strong></span> <span class='ocrx_word' id='word_1_321' title='bbox 1019 2900 1316 2957; x_wconf 84' lang='lat' dir='ltr'><strong>Notandum</strong></span> <span class='ocrx_word' id='word_1_322' title='bbox 1338 2908 1513 2952; x_wconf 87' lang='lat' dir='ltr'><strong>autem</strong></span> <span class='ocrx_word' id='word_1_323' title='bbox 1538 2896 1680 2966; x_wconf 90' lang='lat' dir='ltr'><strong>quod</strong></span> 
     </span>
    </p>
   </div>
   <div class='ocr_carea' id='block_1_46' title="bbox 112 2984 1676 3057">
    <p class='ocr_par' dir='ltr' id='par_1_46' title="bbox 112 2984 1676 3057">
     <span class='ocr_line' id='line_1_46' title="bbox 112 2984 1676 3057; baseline -0.011 -4"><span class='ocrx_word' id='word_1_324' title='bbox 112 2999 207 3053; x_wconf 84' lang='lat' dir='ltr'><strong>hic</strong></span> <span class='ocrx_word' id='word_1_325' title='bbox 232 2998 321 3051; x_wconf 92' lang='lat' dir='ltr'><strong>ubi</strong></span> <span class='ocrx_word' id='word_1_326' title='bbox 347 2996 622 3049; x_wconf 70' lang='lat' dir='ltr'><strong>Matthaeus</strong></span> <span class='ocrx_word' id='word_1_327' title='bbox 644 2992 819 3057; x_wconf 86' lang='lat' dir='ltr'><strong>habet,</strong></span> <span class='ocrx_word' id='word_1_328' title='bbox 872 2991 946 3044; x_wconf 86' lang='lat' dir='ltr'><strong>Tu</strong></span> <span class='ocrx_word' id='word_1_329' title='bbox 980 2990 1176 3053; x_wconf 69' lang='lat' dir='ltr'><strong>dixisti,</strong></span> <span class='ocrx_word' id='word_1_330' title='bbox 1229 2987 1436 3041; x_wconf 82' lang='lat' dir='ltr'><strong>Marcus</strong></span> <span class='ocrx_word' id='word_1_331' title='bbox 1476 2984 1676 3054; x_wconf 90' lang='lat' dir='ltr'><strong>posuit,</strong></span> 
     </span>
    </p>
   </div>
   <div class='ocr_carea' id='block_1_47' title="bbox 114 3073 1676 3158">
    <p class='ocr_par' dir='ltr' id='par_1_47' title="bbox 114 3073 1676 3158">
     <span class='ocr_line' id='line_1_47' title="bbox 114 3073 1676 3158; baseline -0.01 -17"><span class='ocrx_word' id='word_1_332' title='bbox 114 3087 233 3158; x_wconf 82' lang='lat' dir='ltr'><strong>Ego</strong></span> <span class='ocrx_word' id='word_1_333' title='bbox 258 3103 396 3149; x_wconf 86' lang='lat' dir='ltr'><strong>sum,</strong></span> <span class='ocrx_word' id='word_1_334' title='bbox 416 3094 476 3138; x_wconf 90' lang='lat' dir='ltr'><strong>ut</strong></span> <span class='ocrx_word' id='word_1_335' title='bbox 496 3083 737 3138; x_wconf 88' lang='lat' dir='ltr'><strong>videlicet</strong></span> <span class='ocrx_word' id='word_1_336' title='bbox 759 3081 1062 3135; x_wconf 86' lang='lat' dir='ltr'><strong>ostenderet</strong></span> <span class='ocrx_word' id='word_1_337' title='bbox 1090 3086 1293 3131; x_wconf 86' lang='lat' dir='ltr'><strong>tantum</strong></span> <span class='ocrx_word' id='word_1_338' title='bbox 1322 3075 1515 3139; x_wconf 86' lang='lat' dir='ltr'><strong>valere,</strong></span> <span class='ocrx_word' id='word_1_339' title='bbox 1534 3073 1676 3143; x_wconf 91' lang='lat' dir='ltr'><strong>quod</strong></span> 
     </span>
    </p>
   </div>
   <div class='ocr_carea' id='block_1_48' title="bbox 1788 1899 3387 1971">
    <p class='ocr_par' dir='ltr' id='par_1_48' title="bbox 1788 1899 3387 1971">
     <span class='ocr_line' id='line_1_48' title="bbox 1788 1899 3387 1971; baseline 0.004 -16"><span class='ocrx_word' id='word_1_340' title='bbox 1788 1899 2155 1969; x_wconf 86' lang='lat' dir='ltr'><strong>blasphemum</strong></span> <span class='ocrx_word' id='word_1_341' title='bbox 2185 1911 2504 1971; x_wconf 87' lang='lat' dir='ltr'><strong>putaverunt</strong></span> <span class='ocrx_word' id='word_1_342' title='bbox 2527 1906 2645 1960; x_wconf 90' lang='lat' dir='ltr'><strong>ideo</strong></span> <span class='ocrx_word' id='word_1_343' title='bbox 2671 1906 2817 1960; x_wconf 91' lang='lat' dir='ltr'><strong>illum</strong></span> <span class='ocrx_word' id='word_1_344' title='bbox 2840 1908 2995 1960; x_wconf 92' lang='lat' dir='ltr'><strong>morti</strong></span> <span class='ocrx_word' id='word_1_345' title='bbox 3011 1908 3349 1963; x_wconf 76' lang='lat' dir='ltr'><strong>addixerunt.</strong></span> <span class='ocrx_word' id='word_1_346' title='bbox 3383 1908 3387 1913; x_wconf 77' lang='grc'><strong>’</strong></span> 
     </span>
    </p>
   </div>
   <div class='ocr_carea' id='block_1_49' title="bbox 1788 1980 3351 2062">
    <p class='ocr_par' dir='ltr' id='par_1_49' title="bbox 1788 1980 3351 2062">
     <span class='ocr_line' id='line_1_49' title="bbox 1788 1980 3351 2062; baseline 0.006 -19"><span class='ocrx_word' id='word_1_347' title='bbox 1788 1987 1893 2043; x_wconf 85' lang='lat' dir='ltr'><strong>Sed</strong></span> <span class='ocrx_word' id='word_1_348' title='bbox 1944 2005 2064 2043; x_wconf 90' lang='lat' dir='ltr'><strong>cum</strong></span> <span class='ocrx_word' id='word_1_349' title='bbox 2123 1990 2254 2059; x_wconf 80' lang='lat' dir='ltr'><strong>legis</strong></span> <span class='ocrx_word' id='word_1_350' title='bbox 2300 2003 2561 2062; x_wconf 63' lang='lat' dir='ltr'><strong>praecepta</strong></span> <span class='ocrx_word' id='word_1_351' title='bbox 2599 2009 2656 2048; x_wconf 91' lang='lat' dir='ltr'><strong>se</strong></span> <span class='ocrx_word' id='word_1_352' title='bbox 2688 1980 3062 2050; x_wconf 85' lang='lat' dir='ltr'><strong>consummare</strong></span> <span class='ocrx_word' id='word_1_353' title='bbox 3105 1998 3351 2052; x_wconf 86' lang='lat' dir='ltr'><strong>arbitrati</strong></span> 
     </span>
    </p>
   </div>
   <div class='ocr_carea' id='block_1_50' title="bbox 1785 2082 3353 2161">
    <p class='ocr_par' dir='ltr' id='par_1_50' title="bbox 1785 2082 3353 2161">
     <span class='ocr_line' id='line_1_50' title="bbox 1785 2082 3353 2161; baseline 0.005 -28"><span class='ocrx_word' id='word_1_354' title='bbox 1785 2088 1929 2161; x_wconf 83' lang='lat' dir='ltr'><strong>sunt,</strong></span> <span class='ocrx_word' id='word_1_355' title='bbox 1958 2088 2141 2134; x_wconf 91' lang='lat' dir='ltr'><strong>contra</strong></span> <span class='ocrx_word' id='word_1_356' title='bbox 2178 2082 2342 2152; x_wconf 80' lang='lat' dir='ltr'><strong>legem</strong></span> <span class='ocrx_word' id='word_1_357' title='bbox 2367 2092 2610 2153; x_wconf 81' lang='lat' dir='ltr'><strong>egerunt,</strong></span> <span class='ocrx_word' id='word_1_358' title='bbox 2653 2085 2861 2140; x_wconf 89' lang='lat' dir='ltr'><strong>dicente</strong></span> <span class='ocrx_word' id='word_1_359' title='bbox 2906 2086 3148 2151; x_wconf 89' lang='lat' dir='ltr'><strong>Domino,</strong></span> <span class='ocrx_word' id='word_1_360' title='bbox 3190 2086 3353 2141; x_wconf 82' lang='lat' dir='ltr'><strong>Inno-</strong></span> 
     </span>
    </p>
   </div>
   <div class='ocr_carea' id='block_1_51' title="bbox 1782 2171 3350 2247">
    <p class='ocr_par' dir='ltr' id='par_1_51' title="bbox 1782 2171 3350 2247">
     <span class='ocr_line' id='line_1_51' title="bbox 1782 2171 3350 2247; baseline 0.007 -26"><span class='ocrx_word' id='word_1_361' title='bbox 1782 2178 1996 2233; x_wconf 87' lang='lat' dir='ltr'><strong>centem,</strong></span> <span class='ocrx_word' id='word_1_362' title='bbox 2030 2188 2074 2223; x_wconf 84' lang='lat' dir='ltr'><strong>et</strong></span> <span class='ocrx_word' id='word_1_363' title='bbox 2098 2171 2299 2239; x_wconf 87' lang='lat' dir='ltr'><strong>jttstunt</strong></span> <span class='ocrx_word' id='word_1_364' title='bbox 2340 2191 2440 2227; x_wconf 84' lang='lat' dir='ltr'><strong>non</strong></span> <span class='ocrx_word' id='word_1_365' title='bbox 2478 2175 2753 2242; x_wconf 66' lang='lat' dir='ltr'><strong>inter/Scies</strong></span> <span class='ocrx_word' id='word_1_366' title='bbox 2791 2176 2986 2243; x_wconf 78' lang='lat' dir='ltr'><strong>(Exod.</strong></span> <span class='ocrx_word' id='word_1_367' title='bbox 3022 2178 3203 2247; x_wconf 63' lang='grc' dir='ltr'>χχιιι).</span> <span class='ocrx_word' id='word_1_368' title='bbox 3234 2176 3350 2232; x_wconf 84' lang='lat' dir='ltr'><strong>Non</strong></span> 
     </span>
    </p>
   </div>
   <div class='ocr_carea' id='block_1_52' title="bbox 1781 2257 3349 2329">
    <p class='ocr_par' dir='ltr' id='par_1_52' title="bbox 1781 2257 3349 2329">
     <span class='ocr_line' id='line_1_52' title="bbox 1781 2257 3349 2329; baseline 0.006 -18"><span class='ocrx_word' id='word_1_369' title='bbox 1781 2258 1925 2311; x_wconf 90' lang='lat' dir='ltr'><strong>enim</strong></span> <span class='ocrx_word' id='word_1_370' title='bbox 1966 2257 2225 2326; x_wconf 83' lang='lat' dir='ltr'><strong>judicium</strong></span> <span class='ocrx_word' id='word_1_371' title='bbox 2274 2263 2710 2329; x_wconf 75' lang='lat' dir='ltr'><strong>observaverunt,</strong></span> <span class='ocrx_word' id='word_1_372' title='bbox 2761 2266 2853 2320; x_wconf 89' lang='lat' dir='ltr'><strong>sed</strong></span> <span class='ocrx_word' id='word_1_373' title='bbox 2893 2276 3216 2321; x_wconf 85' lang='lat' dir='ltr'><strong>exeruerunt</strong></span> <span class='ocrx_word' id='word_1_374' title='bbox 3266 2268 3349 2321; x_wconf 73' lang='lat' dir='ltr'><strong>in~</strong></span> 
     </span>
    </p>
   </div>
   <div class='ocr_carea' id='block_1_53' title="bbox 1780 2346 1997 2400">
    <p class='ocr_par' dir='ltr' id='par_1_53' title="bbox 1780 2346 1997 2400">
     <span class='ocr_line' id='line_1_53' title="bbox 1780 2346 1997 2400; baseline 0.009 -4"><span class='ocrx_word' id='word_1_375' title='bbox 1780 2346 1997 2400; x_wconf 91' lang='lat' dir='ltr'><strong>vidiam.</strong></span> 
     </span>
    </p>
   </div>
   <div class='ocr_carea' id='block_1_54' title="bbox 1854 2436 3343 2516">
    <p class='ocr_par' dir='ltr' id='par_1_54' title="bbox 1854 2436 3343 2516">
     <span class='ocr_line' id='line_1_54' title="bbox 1854 2436 3343 2516; baseline 0.008 -27"><span class='ocrx_word' id='word_1_376' title='bbox 1854 2436 1995 2490; x_wconf 85' lang='lat' dir='ltr'><strong>Tunc</strong></span> <span class='ocrx_word' id='word_1_377' title='bbox 2014 2453 2321 2508; x_wconf 74' lang='lat' dir='ltr'><strong>exspuerant</strong></span> <span class='ocrx_word' id='word_1_378' title='bbox 2351 2444 2401 2495; x_wconf 85' lang='lat' dir='ltr'><strong>in</strong></span> <span class='ocrx_word' id='word_1_379' title='bbox 2428 2444 2613 2511; x_wconf 78' lang='lat' dir='ltr'><strong>[aciem</strong></span> <span class='ocrx_word' id='word_1_380' title='bbox 2642 2446 2754 2513; x_wconf 84' lang='lat' dir='ltr'><strong>ejus</strong></span> <span class='ocrx_word' id='word_1_381' title='bbox 2782 2456 2828 2498; x_wconf 88' lang='lat' dir='ltr'><strong>ct</strong></span> <span class='ocrx_word' id='word_1_382' title='bbox 2857 2447 3086 2516; x_wconf 80' lang='lat' dir='ltr'><strong>colaphis</strong></span> <span class='ocrx_word' id='word_1_383' title='bbox 3108 2465 3224 2502; x_wconf 86' lang='lat' dir='ltr'><strong>cum</strong></span> <span class='ocrx_word' id='word_1_384' title='bbox 3262 2466 3343 2503; x_wconf 82' lang='lat' dir='ltr'><strong>ce-</strong></span> 
     </span>
    </p>
   </div>
   <div class='ocr_carea' id='block_1_55' title="bbox 1778 2526 3341 2604">
    <p class='ocr_par' dir='ltr' id='par_1_55' title="bbox 1778 2526 3341 2604">
     <span class='ocr_line' id='line_1_55' title="bbox 1778 2526 3341 2604; baseline 0.007 -25"><span class='ocrx_word' id='word_1_385' title='bbox 1778 2526 2032 2579; x_wconf 87' lang='lat' dir='ltr'><strong>ciderunt.</strong></span> <span class='ocrx_word' id='word_1_386' title='bbox 2074 2528 2139 2582; x_wconf 88' lang='lat' dir='ltr'><strong>Ut</strong></span> <span class='ocrx_word' id='word_1_387' title='bbox 2169 2532 2525 2599; x_wconf 76' lang='lat' dir='ltr'><strong>complcretur</strong></span> <span class='ocrx_word' id='word_1_388' title='bbox 2559 2535 2698 2601; x_wconf 85' lang='lat' dir='ltr'><strong>quod</strong></span> <span class='ocrx_word' id='word_1_389' title='bbox 2740 2536 2993 2604; x_wconf 84' lang='lat' dir='ltr'><strong>scriptqu</strong></span> <span class='ocrx_word' id='word_1_390' title='bbox 3049 2547 3131 2591; x_wconf 84' lang='lat' dir='ltr'><strong>est</strong></span> <span class='ocrx_word' id='word_1_391' title='bbox 3164 2556 3175 2589; x_wconf 93' lang='lat'><strong>:</strong></span> <span class='ocrx_word' id='word_1_392' title='bbox 3210 2538 3341 2591; x_wconf 79' lang='lat' dir='ltr'><strong>Dedi</strong></span> 
     </span>
    </p>
   </div>
   <div class='ocr_carea' id='block_1_56' title="bbox 1778 2616 3341 2690">
    <p class='ocr_par' dir='ltr' id='par_1_56' title="bbox 1778 2616 3341 2690">
     <span class='ocr_line' id='line_1_56' title="bbox 1778 2616 3341 2690; baseline 0.009 -24"><span class='ocrx_word' id='word_1_393' title='bbox 1778 2616 2022 2669; x_wconf 77' lang='lat' dir='ltr'><strong>maxillas</strong></span> <span class='ocrx_word' id='word_1_394' title='bbox 2049 2634 2187 2671; x_wconf 83' lang='lat' dir='ltr'><strong>meas</strong></span> <span class='ocrx_word' id='word_1_395' title='bbox 2215 2620 2403 2687; x_wconf 84' lang='lat' dir='ltr'><strong>alapis,</strong></span> <span class='ocrx_word' id='word_1_396' title='bbox 2434 2632 2480 2674; x_wconf 90' lang='lat' dir='ltr'><strong>et</strong></span> <span class='ocrx_word' id='word_1_397' title='bbox 2524 2622 2708 2690; x_wconf 78' lang='lat' dir='ltr'><strong>faciem</strong></span> <span class='ocrx_word' id='word_1_398' title='bbox 2755 2640 2919 2677; x_wconf 87' lang='lat' dir='ltr'><strong>meam</strong></span> <span class='ocrx_word' id='word_1_399' title='bbox 2971 2642 3070 2678; x_wconf 87' lang='lat' dir='ltr'><strong>non</strong></span> <span class='ocrx_word' id='word_1_400' title='bbox 3113 2629 3271 2679; x_wconf 80' lang='lat' dir='ltr'><strong>arerti</strong></span> <span class='ocrx_word' id='word_1_401' title='bbox 3308 2645 3341 2681; x_wconf 90' lang='lat' dir='ltr'><strong>a</strong></span> 
     </span>
    </p>
   </div>
   <div class='ocr_carea' id='block_1_57' title="bbox 1778 2706 2665 2779">
    <p class='ocr_par' dir='ltr' id='par_1_57' title="bbox 1778 2706 2665 2779">
     <span class='ocr_line' id='line_1_57' title="bbox 1778 2706 2665 2779; baseline 0.008 -21"><span class='ocrx_word' id='word_1_402' title='bbox 1778 2706 2079 2775; x_wconf 79' lang='lat' dir='ltr'><strong>confusione</strong></span> <span class='ocrx_word' id='word_1_403' title='bbox 2100 2717 2363 2776; x_wconf 87' lang='lat' dir='ltr'><strong>sputorum</strong></span> <span class='ocrx_word' id='word_1_404' title='bbox 2397 2710 2557 2779; x_wconf 86' lang='lat' dir='ltr'><strong>(lsat&#39;.</strong></span> <span class='ocrx_word' id='word_1_405' title='bbox 2584 2712 2665 2779; x_wconf 69' lang='grc' dir='ltr'><strong>ι).</strong></span> 
     </span>
    </p>
   </div>
   <div class='ocr_carea' id='block_1_58' title="bbox 1848 2795 3339 2867">
    <p class='ocr_par' dir='ltr' id='par_1_58' title="bbox 1848 2795 3339 2867">
     <span class='ocr_line' id='line_1_58' title="bbox 1848 2795 3339 2867; baseline 0.006 -19"><span class='ocrx_word' id='word_1_406' title='bbox 1848 2795 1952 2849; x_wconf 82' lang='lat' dir='ltr'><strong>Alii</strong></span> <span class='ocrx_word' id='word_1_407' title='bbox 1980 2808 2149 2850; x_wconf 88' lang='lat' dir='ltr'><strong>autem</strong></span> <span class='ocrx_word' id='word_1_408' title='bbox 2176 2797 2376 2865; x_wconf 89' lang='lat' dir='ltr'><strong>palmas</strong></span> <span class='ocrx_word' id='word_1_409' title='bbox 2400 2800 2453 2852; x_wconf 84' lang='lat' dir='ltr'><strong>in</strong></span> <span class='ocrx_word' id='word_1_410' title='bbox 2477 2798 2660 2867; x_wconf 80' lang='lat' dir='ltr'><strong>facient</strong></span> <span class='ocrx_word' id='word_1_411' title='bbox 2689 2802 2737 2854; x_wconf 90' lang='lat' dir='ltr'><strong>ei</strong></span> <span class='ocrx_word' id='word_1_412' title='bbox 2757 2803 3033 2867; x_wconf 88' lang='lat' dir='ltr'><strong>dederunt,</strong></span> <span class='ocrx_word' id='word_1_413' title='bbox 3080 2803 3339 2858; x_wconf 82' lang='lat' dir='ltr'><strong>dicentes:</strong></span> 
     </span>
    </p>
   </div>
   <div class='ocr_carea' id='block_1_59' title="bbox 1779 2881 3344 2963">
    <p class='ocr_par' dir='ltr' id='par_1_59' title="bbox 1779 2881 3344 2963">
     <span class='ocr_line' id='line_1_59' title="bbox 1779 2881 3344 2963; baseline 0.007 -27"><span class='ocrx_word' id='word_1_414' title='bbox 1779 2881 2087 2953; x_wconf 72' lang='lat' dir='ltr'><strong>Prophetiza</strong></span> <span class='ocrx_word' id='word_1_415' title='bbox 2115 2888 2281 2950; x_wconf 86' lang='lat' dir='ltr'><strong>nobis,</strong></span> <span class='ocrx_word' id='word_1_416' title='bbox 2308 2886 2528 2954; x_wconf 84' lang='lat' dir='ltr'><strong>Christe,</strong></span> <span class='ocrx_word' id='word_1_417' title='bbox 2563 2893 2677 2959; x_wconf 84' lang='lat' dir='ltr'><strong>quis</strong></span> <span class='ocrx_word' id='word_1_418' title='bbox 2714 2901 2786 2945; x_wconf 88' lang='lat' dir='ltr'><strong>est</strong></span> <span class='ocrx_word' id='word_1_419' title='bbox 2824 2894 2911 2963; x_wconf 86' lang='lat' dir='ltr'><strong>qui</strong></span> <span class='ocrx_word' id='word_1_420' title='bbox 2962 2904 3011 2946; x_wconf 90' lang='lat' dir='ltr'><strong>te</strong></span> <span class='ocrx_word' id='word_1_421' title='bbox 3056 2896 3344 2962; x_wconf 80' lang='lat' dir='ltr'><strong>percussit?</strong></span> 
     </span>
    </p>
   </div>
   <div class='ocr_carea' id='block_1_60' title="bbox 1779 2971 3337 3051">
    <p class='ocr_par' dir='ltr' id='par_1_60' title="bbox 1779 2971 3337 3051">
     <span class='ocr_line' id='line_1_60' title="bbox 1779 2971 3337 3051; baseline 0.008 -25"><span class='ocrx_word' id='word_1_422' title='bbox 1779 2971 1879 3038; x_wconf 90' lang='lat' dir='ltr'><strong>Qui</strong></span> <span class='ocrx_word' id='word_1_423' title='bbox 1902 2981 2029 3027; x_wconf 88' lang='lat' dir='ltr'><strong>tunc</strong></span> <span class='ocrx_word' id='word_1_424' title='bbox 2054 2989 2223 3027; x_wconf 60' lang='lat' dir='ltr'><strong>catsus</strong></span> <span class='ocrx_word' id='word_1_425' title='bbox 2250 2984 2332 3029; x_wconf 89' lang='lat' dir='ltr'><strong>est</strong></span> <span class='ocrx_word' id='word_1_426' title='bbox 2361 2977 2595 3045; x_wconf 87' lang='lat' dir='ltr'><strong>colaphis</strong></span> <span class='ocrx_word' id='word_1_427' title='bbox 2642 2982 2754 3035; x_wconf 84' lang='lat' dir='ltr'><strong>sive</strong></span> <span class='ocrx_word' id='word_1_428' title='bbox 2797 2983 2964 3051; x_wconf 86' lang='lat' dir='ltr'><strong>alapis</strong></span> <span class='ocrx_word' id='word_1_429' title='bbox 3015 2983 3337 3049; x_wconf 66' lang='lat' dir='ltr'><strong>Judaeorum,</strong></span> 
     </span>
    </p>
   </div>
   <div class='ocr_carea' id='block_1_61' title="bbox 1777 3060 3391 3139">
    <p class='ocr_par' dir='ltr' id='par_1_61' title="bbox 1777 3060 3391 3139">
     <span class='ocr_line' id='line_1_61' title="bbox 1777 3060 3391 3139; baseline 0.009 -25"><span class='ocrx_word' id='word_1_430' title='bbox 1777 3060 2001 3115; x_wconf 60' lang='lat' dir='ltr'><strong>aditur</strong></span> <span class='ocrx_word' id='word_1_431' title='bbox 2027 3064 2191 3116; x_wconf 89' lang='lat' dir='ltr'><strong>etiam</strong></span> <span class='ocrx_word' id='word_1_432' title='bbox 2231 3081 2369 3118; x_wconf 91' lang='lat' dir='ltr'><strong>nunc</strong></span> <span class='ocrx_word' id='word_1_433' title='bbox 2401 3067 2742 3135; x_wconf 80' lang='lat' dir='ltr'><strong>hlasphemiis</strong></span> <span class='ocrx_word' id='word_1_434' title='bbox 2774 3070 3033 3136; x_wconf 78' lang='lat' dir='ltr'><strong>falsorum</strong></span> <span class='ocrx_word' id='word_1_435' title='bbox 3060 3073 3337 3139; x_wconf 50' lang='lat' dir='ltr'><strong>,Christia-</strong></span> <span class='ocrx_word' id='word_1_436' title='bbox 3382 3088 3391 3099; x_wconf 88' lang='lat'><strong>‘</strong></span> 
     </span>
    </p>
   </div>
   <div class='ocr_carea' id='block_1_62' title="bbox 112 3153 3337 3237">
    <p class='ocr_par' dir='ltr' id='par_1_62' title="bbox 112 3153 3337 3237">
     <span class='ocr_line' id='line_1_62' title="bbox 112 3153 3337 3237; baseline -0.004 -7"><span class='ocrx_word' id='word_1_437' title='bbox 112 3153 327 3230; x_wconf 37' lang='lat' dir='ltr'><strong>ei&#39;dicit</strong></span> <span class='ocrx_word' id='word_1_438' title='bbox 349 3174 505 3228; x_wconf 81' lang='lat' dir='ltr'><strong>Jesus</strong></span> <span class='ocrx_word' id='word_1_439' title='bbox 528 3171 604 3225; x_wconf 88' lang='lat' dir='ltr'><strong>Tu</strong></span> <span class='ocrx_word' id='word_1_440' title='bbox 624 3170 819 3231; x_wconf 64' lang='lat' dir='ltr'><strong>dixisti,</strong></span> <span class='ocrx_word' id='word_1_441' title='bbox 848 3175 1103 3237; x_wconf 90' lang='lat' dir='ltr'><strong>quantum</strong></span> <span class='ocrx_word' id='word_1_442' title='bbox 1118 3166 1160 3220; x_wconf 91' lang='lat' dir='ltr'><strong>si</strong></span> <span class='ocrx_word' id='word_1_443' title='bbox 1176 3166 1399 3227; x_wconf 81' lang='lat' dir='ltr'><strong>diceret,</strong></span> <span class='ocrx_word' id='word_1_444' title='bbox 1413 3161 1523 3232; x_wconf 86' lang='lat' dir='ltr'><strong>Ego</strong></span> <span class='ocrx_word' id='word_1_445' title='bbox 1537 3177 1673 3215; x_wconf 86' lang='lat' dir='ltr'><strong>sum.</strong></span> <span class='ocrx_word' id='word_1_446' title='bbox 1704 3155 1747 3217; x_wconf 90' lang='lat' dir='ltr'><strong>C</strong></span> <span class='ocrx_word' id='word_1_447' title='bbox 1778 3167 1987 3207; x_wconf 84' lang='lat' dir='ltr'><strong>norum.</strong></span> <span class='ocrx_word' id='word_1_448' title='bbox 2032 3153 2130 3220; x_wconf 86' lang='lat' dir='ltr'><strong>Qui</strong></span> <span class='ocrx_word' id='word_1_449' title='bbox 2163 3165 2289 3208; x_wconf 91' lang='lat' dir='ltr'><strong>tunc</strong></span> <span class='ocrx_word' id='word_1_450' title='bbox 2334 3168 2622 3224; x_wconf 78' lang='lat' dir='ltr'><strong>consputus</strong></span> <span class='ocrx_word' id='word_1_451' title='bbox 2667 3169 2750 3212; x_wconf 81' lang='lat' dir='ltr'><strong>est</strong></span> <span class='ocrx_word' id='word_1_452' title='bbox 2799 3160 2981 3215; x_wconf 79' lang='lat' dir='ltr'><strong>salivis</strong></span> <span class='ocrx_word' id='word_1_453' title='bbox 3027 3163 3337 3229; x_wconf 88' lang='lat' dir='ltr'><strong>inﬁdelium,</strong></span> 
     </span>
    </p>
   </div>
   <div class='ocr_carea' id='block_1_63' title="bbox 192 3251 1673 3333">
    <p class='ocr_par' dir='ltr' id='par_1_63' title="bbox 192 3251 1673 3333">
     <span class='ocr_line' id='line_1_63' title="bbox 192 3251 1673 3333; baseline -0.012 -13"><span class='ocrx_word' id='word_1_454' title='bbox 192 3265 587 3333; x_wconf 49' lang='lat' dir='ltr'><strong>Verumtamen,</strong></span> <span class='ocrx_word' id='word_1_455' title='bbox 616 3261 731 3314; x_wconf 90' lang='lat' dir='ltr'><strong>dico</strong></span> <span class='ocrx_word' id='word_1_456' title='bbox 781 3259 941 3321; x_wconf 76' lang='lat' dir='ltr'><strong>vobis,</strong></span> <span class='ocrx_word' id='word_1_457' title='bbox 992 3255 1177 3311; x_wconf 89' lang='lat' dir='ltr'><strong>amodo</strong></span> <span class='ocrx_word' id='word_1_458' title='bbox 1227 3253 1459 3306; x_wconf 82' lang='lat' dir='ltr'><strong>videbitis</strong></span> <span class='ocrx_word' id='word_1_459' title='bbox 1506 3251 1673 3319; x_wconf 74' lang='lat' dir='ltr'><strong>ﬁlium</strong></span> 
     </span>
    </p>
   </div>
   <div class='ocr_carea' id='block_1_64' title="bbox 112 3337 1674 3426">
    <p class='ocr_par' dir='ltr' id='par_1_64' title="bbox 112 3337 1674 3426">
     <span class='ocr_line' id='line_1_64' title="bbox 112 3337 1674 3426; baseline -0.012 -17"><span class='ocrx_word' id='word_1_460' title='bbox 112 3353 336 3426; x_wconf 77' lang='lat' dir='ltr'><strong>hominis</strong></span> <span class='ocrx_word' id='word_1_461' title='bbox 351 3352 605 3405; x_wconf 83' lang='lat' dir='ltr'><strong>sedentem</strong></span> <span class='ocrx_word' id='word_1_462' title='bbox 629 3366 660 3402; x_wconf 94' lang='lat' dir='ltr'><strong>a</strong></span> <span class='ocrx_word' id='word_1_463' title='bbox 683 3348 878 3402; x_wconf 70' lang='lat' dir='ltr'><strong>dextris</strong></span> <span class='ocrx_word' id='word_1_464' title='bbox 898 3346 1097 3401; x_wconf 78' lang='lat' dir='ltr'><strong>virtutis</strong></span> <span class='ocrx_word' id='word_1_465' title='bbox 1116 3342 1232 3406; x_wconf 88' lang='lat' dir='ltr'><strong>Dei,</strong></span> <span class='ocrx_word' id='word_1_466' title='bbox 1257 3350 1304 3395; x_wconf 90' lang='lat' dir='ltr'><strong>et</strong></span> <span class='ocrx_word' id='word_1_467' title='bbox 1324 3340 1598 3394; x_wconf 79' lang='lat' dir='ltr'><strong>venientem</strong></span> <span class='ocrx_word' id='word_1_468' title='bbox 1620 3337 1674 3391; x_wconf 89' lang='lat' dir='ltr'><strong>in</strong></span> 
     </span>
    </p>
   </div>
   <div class='ocr_carea' id='block_1_65' title="bbox 116 3427 1674 3507">
    <p class='ocr_par' dir='ltr' id='par_1_65' title="bbox 116 3427 1674 3507">
     <span class='ocr_line' id='line_1_65' title="bbox 116 3427 1674 3507; baseline -0.012 -9"><span class='ocrx_word' id='word_1_469' title='bbox 116 3443 339 3499; x_wconf 80' lang='lat' dir='ltr'><strong>nubibus</strong></span> <span class='ocrx_word' id='word_1_470' title='bbox 364 3440 494 3494; x_wconf 79' lang='lat' dir='ltr'><strong>cteli.</strong></span> <span class='ocrx_word' id='word_1_471' title='bbox 522 3437 578 3493; x_wconf 90' lang='lat' dir='ltr'><strong>Si</strong></span> <span class='ocrx_word' id='word_1_472' title='bbox 618 3450 747 3507; x_wconf 85' lang='lat' dir='ltr'><strong>ergo</strong></span> <span class='ocrx_word' id='word_1_473' title='bbox 791 3435 883 3489; x_wconf 91' lang='lat' dir='ltr'><strong>tibi</strong></span> <span class='ocrx_word' id='word_1_474' title='bbox 932 3435 986 3487; x_wconf 91' lang='lat' dir='ltr'><strong>in</strong></span> <span class='ocrx_word' id='word_1_475' title='bbox 1022 3431 1263 3493; x_wconf 86' lang='lat' dir='ltr'><strong>Christo,</strong></span> <span class='ocrx_word' id='word_1_476' title='bbox 1304 3427 1539 3483; x_wconf 66' lang='lat' dir='ltr'><strong>oJudaaa</strong></span> <span class='ocrx_word' id='word_1_477' title='bbox 1581 3441 1674 3494; x_wconf 90' lang='lat' dir='ltr'><strong>pa-</strong></span> 
     </span>
    </p>
   </div>
   <div class='ocr_carea' id='block_1_66' title="bbox 118 3520 1672 3605">
    <p class='ocr_par' dir='ltr' id='par_1_66' title="bbox 118 3520 1672 3605">
     <span class='ocr_line' id='line_1_66' title="bbox 118 3520 1672 3605; baseline -0.014 -17"><span class='ocrx_word' id='word_1_478' title='bbox 118 3550 257 3605; x_wconf 83' lang='lat' dir='ltr'><strong>gana</strong></span> <span class='ocrx_word' id='word_1_479' title='bbox 283 3541 339 3586; x_wconf 91' lang='lat' dir='ltr'><strong>et</strong></span> <span class='ocrx_word' id='word_1_480' title='bbox 362 3530 632 3605; x_wconf 70' lang='lat' dir='ltr'><strong>haeretica,</strong></span> <span class='ocrx_word' id='word_1_481' title='bbox 651 3531 987 3593; x_wconf 85' lang='lat' dir='ltr'><strong>contemptus</strong></span> <span class='ocrx_word' id='word_1_482' title='bbox 1009 3520 1307 3584; x_wconf 83' lang='lat' dir='ltr'><strong>infirmitas,</strong></span> <span class='ocrx_word' id='word_1_483' title='bbox 1329 3522 1463 3572; x_wconf 75' lang='lat' dir='ltr'><strong>crux‘</strong></span> <span class='ocrx_word' id='word_1_484' title='bbox 1487 3522 1672 3571; x_wconf 86' lang='lat' dir='ltr'><strong>contu-</strong></span> 
     </span>
    </p>
   </div>
   <div class='ocr_carea' id='block_1_67' title="bbox 117 3601 1673 3685">
    <p class='ocr_par' dir='ltr' id='par_1_67' title="bbox 117 3601 1673 3685">
     <span class='ocr_line' id='line_1_67' title="bbox 117 3601 1673 3685; baseline -0.013 -7"><span class='ocrx_word' id='word_1_485' title='bbox 117 3601 281 3678; x_wconf 79' lang='lat' dir='ltr'><strong>melia</strong></span> <span class='ocrx_word' id='word_1_486' title='bbox 302 3628 405 3683; x_wconf 89' lang='lat' dir='ltr'><strong>est,</strong></span> <span class='ocrx_word' id='word_1_487' title='bbox 431 3601 550 3672; x_wconf 52' lang='lat' dir='ltr'><strong>vid&#39;e</strong></span> <span class='ocrx_word' id='word_1_488' title='bbox 577 3617 698 3685; x_wconf 88' lang='lat' dir='ltr'><strong>quia</strong></span> <span class='ocrx_word' id='word_1_489' title='bbox 725 3629 819 3683; x_wconf 86' lang='lat' dir='ltr'><strong>per</strong></span> <span class='ocrx_word' id='word_1_490' title='bbox 847 3614 960 3667; x_wconf 61' lang='lat' dir='ltr'><strong>haec</strong></span> <span class='ocrx_word' id='word_1_491' title='bbox 981 3611 1117 3664; x_wconf 90' lang='lat' dir='ltr'><strong>lilius</strong></span> <span class='ocrx_word' id='word_1_492' title='bbox 1144 3608 1373 3679; x_wconf 81' lang='lat' dir='ltr'><strong>hominis</strong></span> <span class='ocrx_word' id='word_1_493' title='bbox 1398 3607 1465 3661; x_wconf 90' lang='lat' dir='ltr'><strong>ad</strong></span> <span class='ocrx_word' id='word_1_494' title='bbox 1492 3607 1673 3661; x_wconf 78' lang='lat' dir='ltr'><strong>dexte-</strong></span> 
     </span>
    </p>
   </div>
   <div class='ocr_carea' id='block_1_68' title="bbox 116 3694 1672 3767">
    <p class='ocr_par' dir='ltr' id='par_1_68' title="bbox 116 3694 1672 3767">
     <span class='ocr_line' id='line_1_68' title="bbox 116 3694 1672 3767; baseline -0.013 -1"><span class='ocrx_word' id='word_1_495' title='bbox 116 3726 233 3766; x_wconf 86' lang='lat' dir='ltr'><strong>ram</strong></span> <span class='ocrx_word' id='word_1_496' title='bbox 265 3709 358 3762; x_wconf 87' lang='lat' dir='ltr'><strong>Dci</strong></span> <span class='ocrx_word' id='word_1_497' title='bbox 381 3705 556 3760; x_wconf 88' lang='lat' dir='ltr'><strong>Patris</strong></span> <span class='ocrx_word' id='word_1_498' title='bbox 582 3716 844 3765; x_wconf 86' lang='lat' dir='ltr'><strong>sessurus,</strong></span> <span class='ocrx_word' id='word_1_499' title='bbox 883 3709 938 3754; x_wconf 91' lang='lat' dir='ltr'><strong>et</strong></span> <span class='ocrx_word' id='word_1_500' title='bbox 959 3714 1024 3752; x_wconf 78' lang='lat' dir='ltr'><strong>ex</strong></span> <span class='ocrx_word' id='word_1_501' title='bbox 1053 3706 1205 3767; x_wconf 90' lang='lat' dir='ltr'><strong>partu</strong></span> <span class='ocrx_word' id='word_1_502' title='bbox 1250 3695 1470 3766; x_wconf 77' lang='lat' dir='ltr'><strong>virginis</strong></span> <span class='ocrx_word' id='word_1_503' title='bbox 1513 3694 1672 3748; x_wconf 90' lang='lat' dir='ltr'><strong>homo</strong></span> 
     </span>
    </p>
   </div>
   <div class='ocr_carea' id='block_1_69' title="bbox 112 3784 1669 3856">
    <p class='ocr_par' dir='ltr' id='par_1_69' title="bbox 112 3784 1669 3856">
     <span class='ocr_line' id='line_1_69' title="bbox 112 3784 1669 3856; baseline -0.013 0"><span class='ocrx_word' id='word_1_504' title='bbox 112 3811 276 3856; x_wconf 88' lang='lat' dir='ltr'><strong>natus</strong></span> <span class='ocrx_word' id='word_1_505' title='bbox 309 3798 362 3852; x_wconf 91' lang='lat' dir='ltr'><strong>in</strong></span> <span class='ocrx_word' id='word_1_506' title='bbox 399 3811 493 3851; x_wconf 91' lang='lat' dir='ltr'><strong>sua</strong></span> <span class='ocrx_word' id='word_1_507' title='bbox 524 3808 642 3849; x_wconf 91' lang='lat' dir='ltr'><strong>cum</strong></span> <span class='ocrx_word' id='word_1_508' title='bbox 682 3790 800 3847; x_wconf 76' lang='lat' dir='ltr'><strong>cmli</strong></span> <span class='ocrx_word' id='word_1_509' title='bbox 829 3788 1054 3844; x_wconf 89' lang='lat' dir='ltr'><strong>nubibus</strong></span> <span class='ocrx_word' id='word_1_510' title='bbox 1092 3796 1174 3841; x_wconf 90' lang='lat' dir='ltr'><strong>est</strong></span> <span class='ocrx_word' id='word_1_511' title='bbox 1217 3784 1491 3854; x_wconf 86' lang='lat' dir='ltr'><strong>majestate</strong></span> <span class='ocrx_word' id='word_1_512' title='bbox 1541 3798 1669 3836; x_wconf 91' lang='lat' dir='ltr'><strong>ven-</strong></span> 
     </span>
    </p>
   </div>
   <div class='ocr_carea' id='block_1_70' title="bbox 112 3873 1670 3949">
    <p class='ocr_par' dir='ltr' id='par_1_70' title="bbox 112 3873 1670 3949">
     <span class='ocr_line' id='line_1_70' title="bbox 112 3873 1670 3949; baseline -0.011 -6"><span class='ocrx_word' id='word_1_513' title='bbox 112 3902 289 3944; x_wconf 83' lang='lat' dir='ltr'><strong>turus.</strong></span> <span class='ocrx_word' id='word_1_514' title='bbox 322 3884 467 3941; x_wconf 86' lang='lat' dir='ltr'><strong>Unde</strong></span> <span class='ocrx_word' id='word_1_515' title='bbox 494 3892 549 3936; x_wconf 91' lang='lat' dir='ltr'><strong>et</strong></span> <span class='ocrx_word' id='word_1_516' title='bbox 574 3879 854 3949; x_wconf 84' lang='lat' dir='ltr'><strong>Apostolus</strong></span> <span class='ocrx_word' id='word_1_517' title='bbox 882 3894 1002 3933; x_wconf 89' lang='lat' dir='ltr'><strong>cum</strong></span> <span class='ocrx_word' id='word_1_518' title='bbox 1044 3877 1218 3931; x_wconf 89' lang='lat' dir='ltr'><strong>crucis</strong></span> <span class='ocrx_word' id='word_1_519' title='bbox 1240 3874 1443 3944; x_wconf 89' lang='lat' dir='ltr'><strong>abjecta</strong></span> <span class='ocrx_word' id='word_1_520' title='bbox 1471 3873 1670 3928; x_wconf 84' lang='lat' dir='ltr'><strong>descri-</strong></span> 
     </span>
    </p>
   </div>
   <div class='ocr_carea' id='block_1_71' title="bbox 110 3964 1672 4050">
    <p class='ocr_par' dir='ltr' id='par_1_71' title="bbox 110 3964 1672 4050">
     <span class='ocr_line' id='line_1_71' title="bbox 110 3964 1672 4050; baseline -0.013 -15"><span class='ocrx_word' id='word_1_521' title='bbox 110 3981 311 4050; x_wconf 87' lang='lat' dir='ltr'><strong>psisset</strong></span> <span class='ocrx_word' id='word_1_522' title='bbox 331 3977 511 4031; x_wconf 87' lang='lat' dir='ltr'><strong>dicens</strong></span> <span class='ocrx_word' id='word_1_523' title='bbox 532 3988 545 4026; x_wconf 86' lang='lat'><strong>:</strong></span> <span class='ocrx_word' id='word_1_524' title='bbox 572 3972 706 4036; x_wconf 86' lang='lat' dir='ltr'><strong>Quia</strong></span> <span class='ocrx_word' id='word_1_525' title='bbox 726 3968 1011 4023; x_wconf 82' lang='lat' dir='ltr'><strong>humiliavi:</strong></span> <span class='ocrx_word' id='word_1_526' title='bbox 1029 3968 1351 4035; x_wconf 86' lang='lat' dir='ltr'><strong>semetipsum</strong></span> <span class='ocrx_word' id='word_1_527' title='bbox 1365 3966 1534 4034; x_wconf 83' lang='lat' dir='ltr'><strong>[actus</strong></span> <span class='ocrx_word' id='word_1_528' title='bbox 1556 3964 1672 4016; x_wconf 86' lang='lat' dir='ltr'><strong>obe-</strong></span> 
     </span>
    </p>
   </div>
   <div class='ocr_carea' id='block_1_72' title="bbox 108 4057 1670 4135">
    <p class='ocr_par' dir='ltr' id='par_1_72' title="bbox 108 4057 1670 4135">
     <span class='ocr_line' id='line_1_72' title="bbox 108 4057 1670 4135; baseline -0.01 -11"><span class='ocrx_word' id='word_1_529' title='bbox 108 4070 260 4123; x_wconf 82' lang='lat' dir='ltr'><strong>diens</strong></span> <span class='ocrx_word' id='word_1_530' title='bbox 286 4082 441 4135; x_wconf 83' lang='lat' dir='ltr'><strong>usque</strong></span> <span class='ocrx_word' id='word_1_531' title='bbox 478 4062 545 4118; x_wconf 87' lang='lat' dir='ltr'><strong>ad</strong></span> <span class='ocrx_word' id='word_1_532' title='bbox 593 4070 824 4124; x_wconf 88' lang='lat' dir='ltr'><strong>mortem,</strong></span> <span class='ocrx_word' id='word_1_533' title='bbox 868 4067 1081 4123; x_wconf 81' lang='lat' dir='ltr'><strong>mortem</strong></span> <span class='ocrx_word' id='word_1_534' title='bbox 1121 4066 1288 4110; x_wconf 89' lang='lat' dir='ltr'><strong>autem</strong></span> <span class='ocrx_word' id='word_1_535' title='bbox 1344 4057 1531 4119; x_wconf 88' lang='lat' dir='ltr'><strong>crucis,</strong></span> <span class='ocrx_word' id='word_1_536' title='bbox 1578 4057 1670 4110; x_wconf 86' lang='lat' dir='ltr'><strong>ad-</strong></span> 
     </span>
    </p>
   </div>
   <div class='ocr_carea' id='block_1_73' title="bbox 105 4146 1673 4233">
    <p class='ocr_par' dir='ltr' id='par_1_73' title="bbox 105 4146 1673 4233">
     <span class='ocr_line' id='line_1_73' title="bbox 105 4146 1673 4233; baseline -0.013 -16"><span class='ocrx_word' id='word_1_537' title='bbox 105 4161 289 4233; x_wconf 75' lang='lat' dir='ltr'><strong>iunxit</strong></span> <span class='ocrx_word' id='word_1_538' title='bbox 316 4168 474 4226; x_wconf 90' lang='lat' dir='ltr'><strong>atque</strong></span> <span class='ocrx_word' id='word_1_539' title='bbox 500 4154 575 4209; x_wconf 88' lang='lat' dir='ltr'><strong>ait</strong></span> <span class='ocrx_word' id='word_1_540' title='bbox 606 4171 619 4206; x_wconf 90' lang='lat'><strong>:</strong></span> <span class='ocrx_word' id='word_1_541' title='bbox 650 4152 865 4220; x_wconf 85' lang='lat' dir='ltr'><strong>Propter</strong></span> <span class='ocrx_word' id='word_1_542' title='bbox 897 4150 1031 4219; x_wconf 89' lang='lat' dir='ltr'><strong>quod</strong></span> <span class='ocrx_word' id='word_1_543' title='bbox 1078 4159 1124 4203; x_wconf 91' lang='lat' dir='ltr'><strong>et</strong></span> <span class='ocrx_word' id='word_1_544' title='bbox 1167 4148 1304 4202; x_wconf 86' lang='lat' dir='ltr'><strong>Deus</strong></span> <span class='ocrx_word' id='word_1_545' title='bbox 1346 4147 1489 4199; x_wconf 89' lang='lat' dir='ltr'><strong>illum</strong></span> <span class='ocrx_word' id='word_1_546' title='bbox 1530 4146 1673 4200; x_wconf 78' lang='lat' dir='ltr'><strong>exal-</strong></span> 
     </span>
    </p>
   </div>
   <div class='ocr_carea' id='block_1_74' title="bbox 108 4238 1666 4309">
    <p class='ocr_par' dir='ltr' id='par_1_74' title="bbox 108 4238 1666 4309">
     <span class='ocr_line' id='line_1_74' title="bbox 108 4238 1666 4309; baseline -0.011 -4"><span class='ocrx_word' id='word_1_547' title='bbox 108 4251 239 4305; x_wconf 81' lang='lat' dir='ltr'><strong>tauit</strong></span> <span class='ocrx_word' id='word_1_548' title='bbox 270 4244 542 4301; x_wconf 77' lang='lat' dir='ltr'><strong>et‘donavit</strong></span> <span class='ocrx_word' id='word_1_549' title='bbox 556 4241 857 4295; x_wconf 42' lang='lat' dir='ltr'><strong>tlli‘nomen-</strong></span> <span class='ocrx_word' id='word_1_550' title='bbox 870 4238 1006 4309; x_wconf 88' lang='lat' dir='ltr'><strong>quod</strong></span> <span class='ocrx_word' id='word_1_551' title='bbox 1019 4249 1091 4291; x_wconf 90' lang='lat' dir='ltr'><strong>est</strong></span> <span class='ocrx_word' id='word_1_552' title='bbox 1119 4254 1270 4307; x_wconf 90' lang='lat' dir='ltr'><strong>super</strong></span> <span class='ocrx_word' id='word_1_553' title='bbox 1294 4253 1440 4290; x_wconf 88' lang='lat' dir='ltr'><strong>omne</strong></span> <span class='ocrx_word' id='word_1_554' title='bbox 1465 4253 1666 4300; x_wconf 88' lang='lat' dir='ltr'><strong>nomen,</strong></span> 
     </span>
    </p>
   </div>
   <div class='ocr_carea' id='block_1_75' title="bbox 106 4324 1671 4397">
    <p class='ocr_par' dir='ltr' id='par_1_75' title="bbox 106 4324 1671 4397">
     <span class='ocr_line' id='line_1_75' title="bbox 106 4324 1671 4397; baseline -0.01 -5"><span class='ocrx_word' id='word_1_555' title='bbox 106 4350 163 4392; x_wconf 84' lang='lat' dir='ltr'><strong>ut</strong></span> <span class='ocrx_word' id='word_1_556' title='bbox 186 4340 245 4391; x_wconf 89' lang='lat' dir='ltr'><strong>in</strong></span> <span class='ocrx_word' id='word_1_557' title='bbox 272 4334 476 4389; x_wconf 86' lang='lat' dir='ltr'><strong>nomine</strong></span> <span class='ocrx_word' id='word_1_558' title='bbox 511 4332 635 4385; x_wconf 82' lang='lat' dir='ltr'><strong>Jesu</strong></span> <span class='ocrx_word' id='word_1_559' title='bbox 663 4344 809 4382; x_wconf 88' lang='lat' dir='ltr'><strong>omne</strong></span> <span class='ocrx_word' id='word_1_560' title='bbox 837 4344 967 4397; x_wconf 89' lang='lat' dir='ltr'><strong>genu</strong></span> <span class='ocrx_word' id='word_1_561' title='bbox 993 4328 1232 4395; x_wconf 81' lang='lat' dir='ltr'><strong>ﬂectatur</strong></span> <span class='ocrx_word' id='word_1_562' title='bbox 1252 4324 1548 4389; x_wconf 81' lang='lat' dir='ltr'><strong>ctelestium,</strong></span> <span class='ocrx_word' id='word_1_563' title='bbox 1573 4335 1671 4377; x_wconf 90' lang='lat' dir='ltr'><strong>ter-</strong></span> 
     </span>
    </p>
   </div>
   <div class='ocr_carea' id='block_1_76' title="bbox 107 4415 1672 4491">
    <p class='ocr_par' dir='ltr' id='par_1_76' title="bbox 107 4415 1672 4491">
     <span class='ocr_line' id='line_1_76' title="bbox 107 4415 1672 4491; baseline -0.011 -8"><span class='ocrx_word' id='word_1_564' title='bbox 107 4430 375 4491; x_wconf 84' lang='lat' dir='ltr'><strong>restrium,</strong></span> <span class='ocrx_word' id='word_1_565' title='bbox 398 4435 442 4479; x_wconf 88' lang='lat' dir='ltr'><strong>et</strong></span> <span class='ocrx_word' id='word_1_566' title='bbox 471 4422 811 4491; x_wconf 76' lang='lat' dir='ltr'><strong>infernarum,</strong></span> <span class='ocrx_word' id='word_1_567' title='bbox 848 4428 894 4471; x_wconf 92' lang='lat' dir='ltr'><strong>et</strong></span> <span class='ocrx_word' id='word_1_568' title='bbox 943 4417 1105 4470; x_wconf 85' lang='lat' dir='ltr'><strong>omnis</strong></span> <span class='ocrx_word' id='word_1_569' title='bbox 1162 4415 1339 4484; x_wconf 86' lang='lat' dir='ltr'><strong>lingua</strong></span> <span class='ocrx_word' id='word_1_570' title='bbox 1368 4416 1672 4482; x_wconf 84' lang='lat' dir='ltr'><strong>conﬁteatur</strong></span> 
     </span>
    </p>
   </div>
   <div class='ocr_carea' id='block_1_77' title="bbox 1777 3245 3341 3311">
    <p class='ocr_par' dir='ltr' id='par_1_77' title="bbox 1777 3245 3341 3311">
     <span class='ocr_line' id='line_1_77' title="bbox 1777 3245 3341 3311; baseline 0.009 -18"><span class='ocrx_word' id='word_1_571' title='bbox 1777 3255 1919 3294; x_wconf 88' lang='lat' dir='ltr'><strong>nunc</strong></span> <span class='ocrx_word' id='word_1_572' title='bbox 1950 3256 2118 3311; x_wconf 84' lang='lat' dir='ltr'><strong>usque</strong></span> <span class='ocrx_word' id='word_1_573' title='bbox 2146 3245 2353 3298; x_wconf 86' lang='lat' dir='ltr'><strong>vesanis</strong></span> <span class='ocrx_word' id='word_1_574' title='bbox 2393 3247 2605 3298; x_wconf 86' lang='lat' dir='ltr'><strong>nomine</strong></span> <span class='ocrx_word' id='word_1_575' title='bbox 2648 3256 2800 3300; x_wconf 89' lang='lat' dir='ltr'><strong>tenus</strong></span> <span class='ocrx_word' id='word_1_576' title='bbox 2840 3249 3071 3304; x_wconf 87' lang='lat' dir='ltr'><strong>ﬁdelium</strong></span> <span class='ocrx_word' id='word_1_577' title='bbox 3110 3255 3341 3307; x_wconf 79' lang='lat' dir='ltr'><strong>exhono-</strong></span> 
     </span>
    </p>
   </div>
   <div class='ocr_carea' id='block_1_78' title="bbox 1777 3334 3339 3403">
    <p class='ocr_par' dir='ltr' id='par_1_78' title="bbox 1777 3334 3339 3403">
     <span class='ocr_line' id='line_1_78' title="bbox 1777 3334 3339 3403; baseline 0.01 -22"><span class='ocrx_word' id='word_1_578' title='bbox 1777 3338 1927 3382; x_wconf 87' lang='lat' dir='ltr'><strong>ratur</strong></span> <span class='ocrx_word' id='word_1_579' title='bbox 1952 3339 2111 3399; x_wconf 90' lang='lat' dir='ltr'><strong>atque</strong></span> <span class='ocrx_word' id='word_1_580' title='bbox 2138 3334 2381 3387; x_wconf 58' lang='lat' dir='ltr'><strong>irritatur</strong></span> <span class='ocrx_word' id='word_1_581' title='bbox 2426 3336 2741 3403; x_wconf 86' lang='lat' dir='ltr'><strong>opprobriis.</strong></span> <span class='ocrx_word' id='word_1_582' title='bbox 2796 3338 3114 3393; x_wconf 82' lang='lat' dir='ltr'><strong>Vclaverunt</strong></span> <span class='ocrx_word' id='word_1_583' title='bbox 3158 3352 3339 3397; x_wconf 84' lang='lat' dir='ltr'><strong>autem</strong></span> 
     </span>
    </p>
   </div>
   <div class='ocr_carea' id='block_1_79' title="bbox 1776 3419 3341 3495">
    <p class='ocr_par' dir='ltr' id='par_1_79' title="bbox 1776 3419 3341 3495">
     <span class='ocr_line' id='line_1_79' title="bbox 1776 3419 3341 3495; baseline 0.008 -21"><span class='ocrx_word' id='word_1_584' title='bbox 1776 3419 1969 3475; x_wconf 89' lang='lat' dir='ltr'><strong>faciem</strong></span> <span class='ocrx_word' id='word_1_585' title='bbox 1998 3422 2131 3491; x_wconf 87' lang='lat' dir='ltr'><strong>ejus,</strong></span> <span class='ocrx_word' id='word_1_586' title='bbox 2181 3426 2469 3478; x_wconf 87' lang='lat' dir='ltr'><strong>secundum</strong></span> <span class='ocrx_word' id='word_1_587' title='bbox 2520 3427 2660 3495; x_wconf 88' lang='lat' dir='ltr'><strong>quod</strong></span> <span class='ocrx_word' id='word_1_588' title='bbox 2706 3427 2913 3483; x_wconf 83' lang='lat' dir='ltr'><strong>Marcus</strong></span> <span class='ocrx_word' id='word_1_589' title='bbox 2958 3427 3169 3484; x_wconf 62' lang='lat' dir='ltr'><strong>Iudaeos</strong></span> <span class='ocrx_word' id='word_1_590' title='bbox 3214 3440 3341 3487; x_wconf 90' lang='lat' dir='ltr'><strong>tunc</strong></span> 
     </span>
    </p>
   </div>
   <div class='ocr_carea' id='block_1_80' title="bbox 1774 3508 3339 3579">
    <p class='ocr_par' dir='ltr' id='par_1_80' title="bbox 1774 3508 3339 3579">
     <span class='ocr_line' id='line_1_80' title="bbox 1774 3508 3339 3579; baseline 0.008 -16"><span class='ocrx_word' id='word_1_591' title='bbox 1774 3508 1967 3566; x_wconf 77' lang='lat' dir='ltr'><strong>fecisse</strong></span> <span class='ocrx_word' id='word_1_592' title='bbox 2003 3524 2403 3579; x_wconf 89' lang='lat' dir='ltr'><strong>commemorat,</strong></span> <span class='ocrx_word' id='word_1_593' title='bbox 2434 3532 2538 3569; x_wconf 92' lang='lat' dir='ltr'><strong>non</strong></span> <span class='ocrx_word' id='word_1_594' title='bbox 2562 3526 2618 3569; x_wconf 92' lang='lat' dir='ltr'><strong>ut</strong></span> <span class='ocrx_word' id='word_1_595' title='bbox 2644 3534 2827 3571; x_wconf 86' lang='lat' dir='ltr'><strong>eorum</strong></span> <span class='ocrx_word' id='word_1_596' title='bbox 2860 3520 3060 3574; x_wconf 89' lang='lat' dir='ltr'><strong>scelera</strong></span> <span class='ocrx_word' id='word_1_597' title='bbox 3104 3536 3210 3575; x_wconf 92' lang='lat' dir='ltr'><strong>non</strong></span> <span class='ocrx_word' id='word_1_598' title='bbox 3259 3522 3339 3576; x_wconf 86' lang='lat' dir='ltr'><strong>vi-</strong></span> 
     </span>
    </p>
   </div>
   <div class='ocr_carea' id='block_1_81' title="bbox 1775 3603 3332 3680">
    <p class='ocr_par' dir='ltr' id='par_1_81' title="bbox 1775 3603 3332 3680">
     <span class='ocr_line' id='line_1_81' title="bbox 1775 3603 3332 3680; baseline 0.006 -23"><span class='ocrx_word' id='word_1_599' title='bbox 1775 3603 1916 3668; x_wconf 84' lang='lat' dir='ltr'><strong>deat,</strong></span> <span class='ocrx_word' id='word_1_600' title='bbox 1948 3605 2039 3657; x_wconf 89' lang='lat' dir='ltr'><strong>sed</strong></span> <span class='ocrx_word' id='word_1_601' title='bbox 2066 3613 2123 3659; x_wconf 91' lang='lat' dir='ltr'><strong>ut</strong></span> <span class='ocrx_word' id='word_1_602' title='bbox 2152 3622 2181 3658; x_wconf 87' lang='lat' dir='ltr'><strong>a</strong></span> <span class='ocrx_word' id='word_1_603' title='bbox 2207 3607 2413 3674; x_wconf 79' lang='lat' dir='ltr'><strong>sipsis,</strong></span> <span class='ocrx_word' id='word_1_604' title='bbox 2457 3609 2595 3661; x_wconf 90' lang='lat' dir='ltr'><strong>sicut</strong></span> <span class='ocrx_word' id='word_1_605' title='bbox 2639 3612 2905 3677; x_wconf 88' lang='lat' dir='ltr'><strong>quondam</strong></span> <span class='ocrx_word' id='word_1_606' title='bbox 2934 3610 3097 3680; x_wconf 75' lang='lat' dir='ltr'><strong>Moysi</strong></span> <span class='ocrx_word' id='word_1_607' title='bbox 3130 3610 3332 3677; x_wconf 85' lang='lat' dir='ltr'><strong>ferunt,</strong></span> 
     </span>
    </p>
   </div>
   <div class='ocr_carea' id='block_1_82' title="bbox 1767 3693 3334 3775">
    <p class='ocr_par' dir='ltr' id='par_1_82' title="bbox 1767 3693 3334 3775">
     <span class='ocr_line' id='line_1_82' title="bbox 1767 3693 3334 3775; baseline 0.006 -31"><span class='ocrx_word' id='word_1_608' title='bbox 1767 3693 1999 3775; x_wconf 75' lang='lat' dir='ltr'><strong>‘gratiam</strong></span> <span class='ocrx_word' id='word_1_609' title='bbox 2029 3694 2346 3764; x_wconf 80' lang='lat' dir='ltr'><strong>cognitionis</strong></span> <span class='ocrx_word' id='word_1_610' title='bbox 2364 3695 2475 3762; x_wconf 90' lang='lat' dir='ltr'><strong>ejus</strong></span> <span class='ocrx_word' id='word_1_611' title='bbox 2505 3698 2852 3750; x_wconf 82' lang='lat' dir='ltr'><strong>abscondant.</strong></span> <span class='ocrx_word' id='word_1_612' title='bbox 2890 3698 2945 3751; x_wconf 88' lang='lat' dir='ltr'><strong>Si</strong></span> <span class='ocrx_word' id='word_1_613' title='bbox 2969 3700 3109 3752; x_wconf 90' lang='lat' dir='ltr'><strong>enim</strong></span> <span class='ocrx_word' id='word_1_614' title='bbox 3147 3703 3334 3754; x_wconf 89' lang='lat' dir='ltr'><strong>crede-</strong></span> 
     </span>
    </p>
   </div>
   <div class='ocr_carea' id='block_1_83' title="bbox 1774 3784 3330 3861">
    <p class='ocr_par' dir='ltr' id='par_1_83' title="bbox 1774 3784 3330 3861">
     <span class='ocr_line' id='line_1_83' title="bbox 1774 3784 3330 3861; baseline 0.004 -24"><span class='ocrx_word' id='word_1_615' title='bbox 1774 3795 1895 3838; x_wconf 88' lang='lat' dir='ltr'><strong>rent</strong></span> <span class='ocrx_word' id='word_1_616' title='bbox 1922 3784 2107 3854; x_wconf 74' lang='lat' dir='ltr'><strong>Moysi,</strong></span> <span class='ocrx_word' id='word_1_617' title='bbox 2144 3786 2421 3859; x_wconf 82' lang='lat' dir='ltr'><strong>crederent</strong></span> <span class='ocrx_word' id='word_1_618' title='bbox 2451 3787 2673 3841; x_wconf 87' lang='lat' dir='ltr'><strong>forsitan</strong></span> <span class='ocrx_word' id='word_1_619' title='bbox 2699 3797 2751 3841; x_wconf 89' lang='lat' dir='ltr'><strong>et</strong></span> <span class='ocrx_word' id='word_1_620' title='bbox 2781 3790 3003 3842; x_wconf 87' lang='lat' dir='ltr'><strong>Domino</strong></span> <span class='ocrx_word' id='word_1_621' title='bbox 3031 3790 3217 3858; x_wconf 87' lang='lat' dir='ltr'><strong>(Joan.</strong></span> <span class='ocrx_word' id='word_1_622' title='bbox 3249 3795 3330 3861; x_wconf 83' lang='lat' dir='ltr'><strong>v).</strong></span> 
     </span>
    </p>
   </div>
   <div class='ocr_carea' id='block_1_84' title="bbox 1772 3872 3330 3947">
    <p class='ocr_par' dir='ltr' id='par_1_84' title="bbox 1772 3872 3330 3947">
     <span class='ocr_line' id='line_1_84' title="bbox 1772 3872 3330 3947; baseline 0.004 -19"><span class='ocrx_word' id='word_1_623' title='bbox 1772 3872 1925 3947; x_wconf 89' lang='lat' dir='ltr'><strong>Quod</strong></span> <span class='ocrx_word' id='word_1_624' title='bbox 1956 3875 2306 3930; x_wconf 84' lang='lat' dir='ltr'><strong>velamentum</strong></span> <span class='ocrx_word' id='word_1_625' title='bbox 2339 3892 2504 3945; x_wconf 84' lang='lat' dir='ltr'><strong>usque</strong></span> <span class='ocrx_word' id='word_1_626' title='bbox 2529 3878 2684 3932; x_wconf 90' lang='lat' dir='ltr'><strong>hodie</strong></span> <span class='ocrx_word' id='word_1_627' title='bbox 2709 3886 2886 3931; x_wconf 85' lang='lat' dir='ltr'><strong>manet</strong></span> <span class='ocrx_word' id='word_1_628' title='bbox 2912 3894 3071 3947; x_wconf 84' lang='lat' dir='ltr'><strong>super</strong></span> <span class='ocrx_word' id='word_1_629' title='bbox 3098 3895 3193 3933; x_wconf 86' lang='lat' dir='ltr'><strong>cor</strong></span> <span class='ocrx_word' id='word_1_630' title='bbox 3240 3896 3330 3934; x_wconf 88' lang='lat' dir='ltr'><strong>eo-</strong></span> 
     </span>
    </p>
   </div>
   <div class='ocr_carea' id='block_1_85' title="bbox 1771 3964 3334 4028">
    <p class='ocr_par' dir='ltr' id='par_1_85' title="bbox 1771 3964 3334 4028">
     <span class='ocr_line' id='line_1_85' title="bbox 1771 3964 3334 4028; baseline 0.004 -12"><span class='ocrx_word' id='word_1_631' title='bbox 1771 3979 1889 4017; x_wconf 90' lang='lat' dir='ltr'><strong>rum</strong></span> <span class='ocrx_word' id='word_1_632' title='bbox 1919 3978 2022 4017; x_wconf 90' lang='lat' dir='ltr'><strong>non</strong></span> <span class='ocrx_word' id='word_1_633' title='bbox 2054 3964 2361 4028; x_wconf 87' lang='lat' dir='ltr'><strong>revelatum,</strong></span> <span class='ocrx_word' id='word_1_634' title='bbox 2394 3966 2543 4019; x_wconf 89' lang='lat' dir='ltr'><strong>nobis</strong></span> <span class='ocrx_word' id='word_1_635' title='bbox 2578 3973 2755 4019; x_wconf 89' lang='lat' dir='ltr'><strong>autem</strong></span> <span class='ocrx_word' id='word_1_636' title='bbox 2807 3969 2856 4020; x_wconf 92' lang='lat' dir='ltr'><strong>in</strong></span> <span class='ocrx_word' id='word_1_637' title='bbox 2898 3966 3167 4021; x_wconf 87' lang='lat' dir='ltr'><strong>Christum</strong></span> <span class='ocrx_word' id='word_1_638' title='bbox 3216 3986 3334 4023; x_wconf 87' lang='lat' dir='ltr'><strong>cre-</strong></span> 
     </span>
    </p>
   </div>
   <div class='ocr_carea' id='block_1_86' title="bbox 1772 4053 3337 4122">
    <p class='ocr_par' dir='ltr' id='par_1_86' title="bbox 1772 4053 3337 4122">
     <span class='ocr_line' id='line_1_86' title="bbox 1772 4053 3337 4122; baseline 0.003 -16"><span class='ocrx_word' id='word_1_639' title='bbox 1772 4053 2018 4107; x_wconf 89' lang='lat' dir='ltr'><strong>dentibus</strong></span> <span class='ocrx_word' id='word_1_640' title='bbox 2046 4053 2277 4106; x_wconf 89' lang='lat' dir='ltr'><strong>ablatum</strong></span> <span class='ocrx_word' id='word_1_641' title='bbox 2304 4060 2405 4106; x_wconf 89' lang='lat' dir='ltr'><strong>est.</strong></span> <span class='ocrx_word' id='word_1_642' title='bbox 2459 4054 2639 4122; x_wconf 87' lang='lat' dir='ltr'><strong>Neque</strong></span> <span class='ocrx_word' id='word_1_643' title='bbox 2686 4055 2827 4108; x_wconf 90' lang='lat' dir='ltr'><strong>enim</strong></span> <span class='ocrx_word' id='word_1_644' title='bbox 2870 4054 3067 4110; x_wconf 88' lang='lat' dir='ltr'><strong>frustra</strong></span> <span class='ocrx_word' id='word_1_645' title='bbox 3113 4071 3176 4111; x_wconf 89' lang='lat' dir='ltr'><strong>eo</strong></span> <span class='ocrx_word' id='word_1_646' title='bbox 3225 4074 3337 4111; x_wconf 86' lang='lat' dir='ltr'><strong>mo-</strong></span> 
     </span>
    </p>
   </div>
   <div class='ocr_carea' id='block_1_87' title="bbox 1764 4141 3337 4217">
    <p class='ocr_par' dir='ltr' id='par_1_87' title="bbox 1764 4141 3337 4217">
     <span class='ocr_line' id='line_1_87' title="bbox 1764 4141 3337 4217; baseline 0.005 -24"><span class='ocrx_word' id='word_1_647' title='bbox 1764 4142 1944 4195; x_wconf 78' lang='lat' dir='ltr'><strong>riente</strong></span> <span class='ocrx_word' id='word_1_648' title='bbox 1973 4141 2141 4195; x_wconf 90' lang='lat' dir='ltr'><strong>velum</strong></span> <span class='ocrx_word' id='word_1_649' title='bbox 2167 4142 2345 4210; x_wconf 89' lang='lat' dir='ltr'><strong>templi</strong></span> <span class='ocrx_word' id='word_1_650' title='bbox 2382 4143 2605 4197; x_wconf 88' lang='lat' dir='ltr'><strong>scissum</strong></span> <span class='ocrx_word' id='word_1_651' title='bbox 2632 4153 2715 4198; x_wconf 89' lang='lat' dir='ltr'><strong>est</strong></span> <span class='ocrx_word' id='word_1_652' title='bbox 2741 4146 2993 4207; x_wconf 88' lang='lat' dir='ltr'><strong>medium,</strong></span> <span class='ocrx_word' id='word_1_653' title='bbox 3037 4156 3090 4199; x_wconf 90' lang='lat' dir='ltr'><strong>et</strong></span> <span class='ocrx_word' id='word_1_654' title='bbox 3116 4162 3186 4217; x_wconf 79' lang='lat' dir='ltr'><strong>ea</strong></span> <span class='ocrx_word' id='word_1_655' title='bbox 3217 4163 3337 4215; x_wconf 75' lang='lat' dir='ltr'><strong>qua:</strong></span> 
     </span>
    </p>
   </div>
   <div class='ocr_carea' id='block_1_88' title="bbox 1774 4230 3334 4301">
    <p class='ocr_par' dir='ltr' id='par_1_88' title="bbox 1774 4230 3334 4301">
     <span class='ocr_line' id='line_1_88' title="bbox 1774 4230 3334 4301; baseline 0.004 -17"><span class='ocrx_word' id='word_1_656' title='bbox 1774 4239 1884 4285; x_wconf 89' lang='lat' dir='ltr'><strong>toto</strong></span> <span class='ocrx_word' id='word_1_657' title='bbox 1914 4230 2046 4301; x_wconf 74' lang='lat' dir='ltr'><strong>legis</strong></span> <span class='ocrx_word' id='word_1_658' title='bbox 2080 4241 2317 4301; x_wconf 88' lang='lat' dir='ltr'><strong>tempore</strong></span> <span class='ocrx_word' id='word_1_659' title='bbox 2361 4233 2644 4297; x_wconf 81' lang='lat' dir='ltr'><strong>latuerant,</strong></span> <span class='ocrx_word' id='word_1_660' title='bbox 2694 4244 2747 4289; x_wconf 91' lang='lat' dir='ltr'><strong>ct</strong></span> <span class='ocrx_word' id='word_1_661' title='bbox 2773 4236 3082 4289; x_wconf 88' lang='lat' dir='ltr'><strong>abscondita</strong></span> <span class='ocrx_word' id='word_1_662' title='bbox 3132 4238 3334 4290; x_wconf 69' lang='lat' dir='ltr'><strong>carnali</strong></span> 
     </span>
    </p>
   </div>
   <div class='ocr_carea' id='block_1_89' title="bbox 1770 4320 3336 4394">
    <p class='ocr_par' dir='ltr' id='par_1_89' title="bbox 1770 4320 3336 4394">
     <span class='ocr_line' id='line_1_89' title="bbox 1770 4320 3336 4394; baseline 0.003 -20"><span class='ocrx_word' id='word_1_663' title='bbox 1770 4320 1933 4375; x_wconf 86' lang='lat' dir='ltr'><strong>Israel</strong></span> <span class='ocrx_word' id='word_1_664' title='bbox 1955 4322 2188 4387; x_wconf 87' lang='lat' dir='ltr'><strong>fuerant,</strong></span> <span class='ocrx_word' id='word_1_665' title='bbox 2232 4321 2361 4376; x_wconf 85' lang='lat' dir='ltr'><strong>Novi</strong></span> <span class='ocrx_word' id='word_1_666' title='bbox 2389 4324 2709 4378; x_wconf 77' lang='lat' dir='ltr'><strong>Tcstameuti</strong></span> <span class='ocrx_word' id='word_1_667' title='bbox 2727 4325 3014 4379; x_wconf 89' lang='lat' dir='ltr'><strong>cultoribus</strong></span> <span class='ocrx_word' id='word_1_668' title='bbox 3037 4337 3159 4379; x_wconf 91' lang='lat' dir='ltr'><strong>sunt</strong></span> <span class='ocrx_word' id='word_1_669' title='bbox 3187 4337 3336 4394; x_wconf 84' lang='lat' dir='ltr'><strong>pate-</strong></span> 
     </span>
    </p>
   </div>
   <div class='ocr_carea' id='block_1_90' title="bbox 1773 4407 3328 4480">
    <p class='ocr_par' dir='ltr' id='par_1_90' title="bbox 1773 4407 3328 4480">
     <span class='ocr_line' id='line_1_90' title="bbox 1773 4407 3328 4480; baseline 0.005 -19"><span class='ocrx_word' id='word_1_670' title='bbox 1773 4407 1912 4464; x_wconf 87' lang='lat' dir='ltr'><strong>facta</strong></span> <span class='ocrx_word' id='word_1_671' title='bbox 1945 4420 2129 4465; x_wconf 86' lang='lat' dir='ltr'><strong>sancta</strong></span> <span class='ocrx_word' id='word_1_672' title='bbox 2157 4422 2459 4466; x_wconf 88' lang='lat' dir='ltr'><strong>sanctorum</strong></span> <span class='ocrx_word' id='word_1_673' title='bbox 2481 4428 2695 4466; x_wconf 87' lang='lat' dir='ltr'><strong>arcana.</strong></span> <span class='ocrx_word' id='word_1_674' title='bbox 2729 4414 2876 4480; x_wconf 89' lang='lat' dir='ltr'><strong>Quod</strong></span> <span class='ocrx_word' id='word_1_675' title='bbox 2895 4430 3021 4467; x_wconf 90' lang='lat' dir='ltr'><strong>vero</strong></span> <span class='ocrx_word' id='word_1_676' title='bbox 3048 4415 3229 4468; x_wconf 85' lang='lat' dir='ltr'><strong>dicunt</strong></span> <span class='ocrx_word' id='word_1_677' title='bbox 3260 4418 3328 4479; x_wconf 90' lang='lat' dir='ltr'><strong>ei,</strong></span> 
     </span>
    </p>
   </div>
   <div class='ocr_carea' id='block_1_91' title="bbox 103 4498 3329 4591">
    <p class='ocr_par' dir='ltr' id='par_1_91' title="bbox 103 4498 3329 4591">
     <span class='ocr_line' id='line_1_91' title="bbox 103 4498 3329 4591; baseline -0.005 -19"><span class='ocrx_word' id='word_1_678' title='bbox 103 4520 235 4591; x_wconf 88' lang='lat' dir='ltr'><strong>quia</strong></span> <span class='ocrx_word' id='word_1_679' title='bbox 261 4516 413 4571; x_wconf 74' lang='lat' dir='ltr'><strong>Iesus</strong></span> <span class='ocrx_word' id='word_1_680' title='bbox 427 4514 657 4571; x_wconf 83' lang='lat' dir='ltr'><strong>Christus</strong></span> <span class='ocrx_word' id='word_1_681' title='bbox 676 4511 729 4563; x_wconf 88' lang='lat' dir='ltr'><strong>in</strong></span> <span class='ocrx_word' id='word_1_682' title='bbox 743 4509 906 4579; x_wconf 86' lang='lat' dir='ltr'><strong>gloria</strong></span> <span class='ocrx_word' id='word_1_683' title='bbox 928 4517 999 4560; x_wconf 88' lang='lat' dir='ltr'><strong>est</strong></span> <span class='ocrx_word' id='word_1_684' title='bbox 1033 4505 1125 4559; x_wconf 81' lang='lat' dir='ltr'><strong>Dei</strong></span> <span class='ocrx_word' id='word_1_685' title='bbox 1141 4503 1548 4575; x_wconf 80' lang='lat' dir='ltr'><strong>Patris(P/tilip.</strong></span> <span class='ocrx_word' id='word_1_686' title='bbox 1570 4520 1606 4558; x_wconf 88' lang='grc' dir='ltr'><strong>ιι</strong></span> <span class='ocrx_word' id='word_1_687' title='bbox 1626 4505 1664 4575; x_wconf 92' lang='grc'><strong>).</strong></span> <span class='ocrx_word' id='word_1_688' title='bbox 1694 4501 1747 4560; x_wconf 93' lang='lat' dir='ltr'><strong>D</strong></span> <span class='ocrx_word' id='word_1_689' title='bbox 1776 4498 2109 4591; x_wconf 79' lang='lat' dir='ltr'><strong>Propltetiza,</strong></span> <span class='ocrx_word' id='word_1_690' title='bbox 2144 4500 2259 4569; x_wconf 85' lang='lat' dir='ltr'><strong>quis</strong></span> <span class='ocrx_word' id='word_1_691' title='bbox 2290 4507 2364 4554; x_wconf 63' lang='lat' dir='ltr'><strong>ett</strong></span> <span class='ocrx_word' id='word_1_692' title='bbox 2397 4502 2485 4570; x_wconf 88' lang='lat' dir='ltr'><strong>qui</strong></span> <span class='ocrx_word' id='word_1_693' title='bbox 2515 4510 2563 4554; x_wconf 89' lang='lat' dir='ltr'><strong>te</strong></span> <span class='ocrx_word' id='word_1_694' title='bbox 2585 4502 3047 4571; x_wconf 83' lang='lat' dir='ltr'><strong>percussit?quasi</strong></span> <span class='ocrx_word' id='word_1_695' title='bbox 3099 4504 3150 4556; x_wconf 92' lang='lat' dir='ltr'><strong>in</strong></span> <span class='ocrx_word' id='word_1_696' title='bbox 3199 4519 3329 4557; x_wconf 90' lang='lat' dir='ltr'><strong>con-</strong></span> 
     </span>
    </p>
   </div>
   <div class='ocr_carea' id='block_1_92' title="bbox 182 4596 1671 4675">
    <p class='ocr_par' dir='ltr' id='par_1_92' title="bbox 182 4596 1671 4675">
     <span class='ocr_line' id='line_1_92' title="bbox 182 4596 1671 4675; baseline -0.009 -14"><span class='ocrx_word' id='word_1_697' title='bbox 182 4607 329 4661; x_wconf 79' lang='lat' dir='ltr'><strong>Tunc</strong></span> <span class='ocrx_word' id='word_1_698' title='bbox 351 4606 581 4675; x_wconf 84' lang='lat' dir='ltr'><strong>princeps</strong></span> <span class='ocrx_word' id='word_1_699' title='bbox 603 4600 922 4655; x_wconf 87' lang='lat' dir='ltr'><strong>sacerdotum</strong></span> <span class='ocrx_word' id='word_1_700' title='bbox 949 4596 1097 4651; x_wconf 88' lang='lat' dir='ltr'><strong>scidit</strong></span> <span class='ocrx_word' id='word_1_701' title='bbox 1130 4596 1423 4650; x_wconf 82' lang='lat' dir='ltr'><strong>vestimenta</strong></span> <span class='ocrx_word' id='word_1_702' title='bbox 1453 4612 1548 4649; x_wconf 90' lang='lat' dir='ltr'><strong>sua</strong></span> <span class='ocrx_word' id='word_1_703' title='bbox 1591 4596 1671 4649; x_wconf 85' lang='lat' dir='ltr'><strong>di-</strong></span> 
     </span>
    </p>
   </div>
   <div class='ocr_carea' id='block_1_93' title="bbox 106 4686 1671 4765">
    <p class='ocr_par' dir='ltr' id='par_1_93' title="bbox 106 4686 1671 4765">
     <span class='ocr_line' id='line_1_93' title="bbox 106 4686 1671 4765; baseline -0.009 -10"><span class='ocrx_word' id='word_1_704' title='bbox 106 4716 233 4755; x_wconf 85' lang='lat' dir='ltr'><strong>cens</strong></span> <span class='ocrx_word' id='word_1_705' title='bbox 257 4715 274 4752; x_wconf 94' lang='lat'><strong><em>:</em></strong></span> <span class='ocrx_word' id='word_1_706' title='bbox 297 4691 828 4765; x_wconf 85' lang='lat' dir='ltr'><strong>Blaspltemavit,quid</strong></span> <span class='ocrx_word' id='word_1_707' title='bbox 851 4689 1018 4744; x_wconf 87' lang='lat' dir='ltr'><strong>adhuc</strong></span> <span class='ocrx_word' id='word_1_708' title='bbox 1043 4703 1244 4757; x_wconf 84' lang='lat' dir='ltr'><strong>egemus</strong></span> <span class='ocrx_word' id='word_1_709' title='bbox 1268 4687 1518 4740; x_wconf 84' lang='lat' dir='ltr'><strong>testibus?</strong></span> <span class='ocrx_word' id='word_1_710' title='bbox 1538 4686 1671 4741; x_wconf 85' lang='lat' dir='ltr'><strong>Ecce</strong></span> 
     </span>
    </p>
   </div>
   <div class='ocr_carea' id='block_1_94' title="bbox 106 4777 1670 4853">
    <p class='ocr_par' dir='ltr' id='par_1_94' title="bbox 106 4777 1670 4853">
     <span class='ocr_line' id='line_1_94' title="bbox 106 4777 1670 4853; baseline -0.01 -7"><span class='ocrx_word' id='word_1_711' title='bbox 106 4805 253 4845; x_wconf 73' lang='lat' dir='ltr'><strong>nunc</strong></span> <span class='ocrx_word' id='word_1_712' title='bbox 272 4787 487 4841; x_wconf 87' lang='lat' dir='ltr'><strong>audistis</strong></span> <span class='ocrx_word' id='word_1_713' title='bbox 515 4783 878 4853; x_wconf 72' lang='lat' dir='ltr'><strong>blasphemiam</strong></span> <span class='ocrx_word' id='word_1_714' title='bbox 900 4797 917 4834; x_wconf 88' lang='lat'><strong><em>:</em></strong></span> <span class='ocrx_word' id='word_1_715' title='bbox 939 4780 1061 4849; x_wconf 89' lang='lat' dir='ltr'><strong>quid</strong></span> <span class='ocrx_word' id='word_1_716' title='bbox 1081 4779 1217 4833; x_wconf 83' lang='lat' dir='ltr'><strong>vobis</strong></span> <span class='ocrx_word' id='word_1_717' title='bbox 1240 4778 1477 4831; x_wconf 85' lang='lat' dir='ltr'><strong>videtur?</strong></span> <span class='ocrx_word' id='word_1_718' title='bbox 1508 4777 1670 4847; x_wconf 81' lang='lat' dir='ltr'><strong>(Hie-</strong></span> 
     </span>
    </p>
   </div>
   <div class='ocr_carea' id='block_1_95' title="bbox 107 4870 1665 4952">
    <p class='ocr_par' dir='ltr' id='par_1_95' title="bbox 107 4870 1665 4952">
     <span class='ocr_line' id='line_1_95' title="bbox 107 4870 1665 4952; baseline -0.01 -15"><span class='ocrx_word' id='word_1_719' title='bbox 107 4879 271 4952; x_wconf 85' lang='lat' dir='ltr'><strong>ron.)</strong></span> <span class='ocrx_word' id='word_1_720' title='bbox 300 4878 465 4946; x_wconf 89' lang='lat' dir='ltr'><strong>Quem</strong></span> <span class='ocrx_word' id='word_1_721' title='bbox 507 4876 573 4931; x_wconf 91' lang='lat' dir='ltr'><strong>de</strong></span> <span class='ocrx_word' id='word_1_722' title='bbox 618 4870 748 4929; x_wconf 86' lang='lat' dir='ltr'><strong>solio</strong></span> <span class='ocrx_word' id='word_1_723' title='bbox 796 4871 1109 4927; x_wconf 88' lang='lat' dir='ltr'><strong>sacerdotali</strong></span> <span class='ocrx_word' id='word_1_724' title='bbox 1154 4870 1301 4923; x_wconf 85' lang='lat' dir='ltr'><strong>furor</strong></span> <span class='ocrx_word' id='word_1_725' title='bbox 1338 4876 1665 4932; x_wconf 80' lang='lat' dir='ltr'><strong>excesserat,</strong></span> 
     </span>
    </p>
   </div>
   <div class='ocr_carea' id='block_1_96' title="bbox 109 4958 1667 5029">
    <p class='ocr_par' dir='ltr' id='par_1_96' title="bbox 109 4958 1667 5029">
     <span class='ocr_line' id='line_1_96' title="bbox 109 4958 1667 5029; baseline -0.012 -1"><span class='ocrx_word' id='word_1_726' title='bbox 109 4972 304 5029; x_wconf 89' lang='lat' dir='ltr'><strong>eadem</strong></span> <span class='ocrx_word' id='word_1_727' title='bbox 333 4969 507 5023; x_wconf 86' lang='lat' dir='ltr'><strong>rabies</strong></span> <span class='ocrx_word' id='word_1_728' title='bbox 531 4967 597 5021; x_wconf 89' lang='lat' dir='ltr'><strong>ad</strong></span> <span class='ocrx_word' id='word_1_729' title='bbox 623 4964 935 5020; x_wconf 88' lang='lat' dir='ltr'><strong>scindendas</strong></span> <span class='ocrx_word' id='word_1_730' title='bbox 980 4970 1154 5015; x_wconf 89' lang='lat' dir='ltr'><strong>vestes</strong></span> <span class='ocrx_word' id='word_1_731' title='bbox 1197 4968 1467 5029; x_wconf 88' lang='lat' dir='ltr'><strong>provocat.</strong></span> <span class='ocrx_word' id='word_1_732' title='bbox 1516 4958 1667 5013; x_wconf 89' lang='lat' dir='ltr'><strong>Scin-</strong></span> 
     </span>
    </p>
   </div>
   <div class='ocr_carea' id='block_1_97' title="bbox 110 5048 1667 5117">
    <p class='ocr_par' dir='ltr' id='par_1_97' title="bbox 110 5048 1667 5117">
     <span class='ocr_line' id='line_1_97' title="bbox 110 5048 1667 5117; baseline -0.01 0"><span class='ocrx_word' id='word_1_733' title='bbox 110 5063 192 5117; x_wconf 86' lang='lat' dir='ltr'><strong>dit</strong></span> <span class='ocrx_word' id='word_1_734' title='bbox 217 5059 530 5114; x_wconf 88' lang='lat' dir='ltr'><strong>vestimenta</strong></span> <span class='ocrx_word' id='word_1_735' title='bbox 557 5069 671 5117; x_wconf 90' lang='lat' dir='ltr'><strong>sua,</strong></span> <span class='ocrx_word' id='word_1_736' title='bbox 700 5060 757 5105; x_wconf 92' lang='lat' dir='ltr'><strong>ut</strong></span> <span class='ocrx_word' id='word_1_737' title='bbox 785 5051 1027 5106; x_wconf 88' lang='lat' dir='ltr'><strong>ostendat</strong></span> <span class='ocrx_word' id='word_1_738' title='bbox 1049 5048 1259 5103; x_wconf 71' lang='lat' dir='ltr'><strong>Judaros</strong></span> <span class='ocrx_word' id='word_1_739' title='bbox 1284 5048 1667 5101; x_wconf 88' lang='lat' dir='ltr'><strong>sacerdotalem</strong></span> 
     </span>
    </p>
   </div>
   <div class='ocr_carea' id='block_1_98' title="bbox 110 5138 1667 5223">
    <p class='ocr_par' dir='ltr' id='par_1_98' title="bbox 110 5138 1667 5223">
     <span class='ocr_line' id='line_1_98' title="bbox 110 5138 1667 5223; baseline -0.01 -18"><span class='ocrx_word' id='word_1_740' title='bbox 110 5152 341 5223; x_wconf 83' lang='lat' dir='ltr'><strong>gloriam</strong></span> <span class='ocrx_word' id='word_1_741' title='bbox 366 5147 675 5217; x_wconf 90' lang='lat' dir='ltr'><strong>perdidisse,</strong></span> <span class='ocrx_word' id='word_1_742' title='bbox 704 5150 758 5197; x_wconf 89' lang='lat' dir='ltr'><strong>et</strong></span> <span class='ocrx_word' id='word_1_743' title='bbox 775 5156 997 5195; x_wconf 87' lang='lat' dir='ltr'><strong>vacuam</strong></span> <span class='ocrx_word' id='word_1_744' title='bbox 1034 5140 1212 5194; x_wconf 88' lang='lat' dir='ltr'><strong>sedem</strong></span> <span class='ocrx_word' id='word_1_745' title='bbox 1258 5140 1454 5192; x_wconf 88' lang='lat' dir='ltr'><strong>habere</strong></span> <span class='ocrx_word' id='word_1_746' title='bbox 1498 5138 1667 5206; x_wconf 83' lang='lat' dir='ltr'><strong>ponti-</strong></span> 
     </span>
    </p>
   </div>
   <div class='ocr_carea' id='block_1_99' title="bbox 112 5228 1669 5297">
    <p class='ocr_par' dir='ltr' id='par_1_99' title="bbox 112 5228 1669 5297">
     <span class='ocr_line' id='line_1_99' title="bbox 112 5228 1669 5297; baseline -0.01 0"><span class='ocrx_word' id='word_1_747' title='bbox 112 5242 265 5297; x_wconf 83' lang='lat' dir='ltr'><strong>ﬁces.</strong></span> <span class='ocrx_word' id='word_1_748' title='bbox 302 5238 406 5294; x_wconf 86' lang='lat' dir='ltr'><strong>Sed</strong></span> <span class='ocrx_word' id='word_1_749' title='bbox 440 5245 494 5290; x_wconf 90' lang='lat' dir='ltr'><strong>et</strong></span> <span class='ocrx_word' id='word_1_750' title='bbox 527 5232 923 5290; x_wconf 91' lang='lat' dir='ltr'><strong>consuetudinis</strong></span> <span class='ocrx_word' id='word_1_751' title='bbox 968 5230 1197 5284; x_wconf 69' lang='lat' dir='ltr'><strong>Judaicze</strong></span> <span class='ocrx_word' id='word_1_752' title='bbox 1246 5240 1345 5293; x_wconf 90' lang='lat' dir='ltr'><strong>est,</strong></span> <span class='ocrx_word' id='word_1_753' title='bbox 1402 5244 1522 5282; x_wconf 92' lang='lat' dir='ltr'><strong>cum</strong></span> <span class='ocrx_word' id='word_1_754' title='bbox 1571 5228 1669 5283; x_wconf 85' lang='lat' dir='ltr'><strong>ali-</strong></span> 
     </span>
    </p>
   </div>
   <div class='ocr_carea' id='block_1_100' title="bbox 111 5319 1667 5402">
    <p class='ocr_par' dir='ltr' id='par_1_100' title="bbox 111 5319 1667 5402">
     <span class='ocr_line' id='line_1_100' title="bbox 111 5319 1667 5402; baseline -0.008 -17"><span class='ocrx_word' id='word_1_755' title='bbox 111 5331 246 5402; x_wconf 82' lang='lat' dir='ltr'><strong>quid</strong></span> <span class='ocrx_word' id='word_1_756' title='bbox 271 5327 633 5397; x_wconf 68' lang='lat' dir='ltr'><strong>blasphemire,</strong></span> <span class='ocrx_word' id='word_1_757' title='bbox 659 5333 713 5379; x_wconf 89' lang='lat' dir='ltr'><strong>et</strong></span> <span class='ocrx_word' id='word_1_758' title='bbox 754 5323 903 5391; x_wconf 89' lang='lat' dir='ltr'><strong>quasi</strong></span> <span class='ocrx_word' id='word_1_759' title='bbox 953 5330 1134 5376; x_wconf 90' lang='lat' dir='ltr'><strong>contra</strong></span> <span class='ocrx_word' id='word_1_760' title='bbox 1189 5321 1352 5372; x_wconf 91' lang='lat' dir='ltr'><strong>Deum</strong></span> <span class='ocrx_word' id='word_1_761' title='bbox 1400 5319 1667 5373; x_wconf 89' lang='lat' dir='ltr'><strong>audierint</strong></span> 
     </span>
    </p>
   </div>
   <div class='ocr_carea' id='block_1_101' title="bbox 111 5410 1669 5478">
    <p class='ocr_par' dir='ltr' id='par_1_101' title="bbox 111 5410 1669 5478">
     <span class='ocr_line' id='line_1_101' title="bbox 111 5410 1669 5478; baseline -0.009 -1"><span class='ocrx_word' id='word_1_762' title='bbox 111 5420 358 5477; x_wconf 87' lang='lat' dir='ltr'><strong>scindere</strong></span> <span class='ocrx_word' id='word_1_763' title='bbox 386 5417 695 5470; x_wconf 87' lang='lat' dir='ltr'><strong>vestimenta</strong></span> <span class='ocrx_word' id='word_1_764' title='bbox 724 5428 837 5467; x_wconf 87' lang='lat' dir='ltr'><strong>sua.</strong></span> <span class='ocrx_word' id='word_1_765' title='bbox 893 5412 1041 5477; x_wconf 90' lang='lat' dir='ltr'><strong>Quod</strong></span> <span class='ocrx_word' id='word_1_766' title='bbox 1078 5410 1295 5463; x_wconf 88' lang='lat' dir='ltr'><strong>Paulum</strong></span> <span class='ocrx_word' id='word_1_767' title='bbox 1352 5419 1563 5478; x_wconf 86' lang='lat' dir='ltr'><strong>quoque</strong></span> <span class='ocrx_word' id='word_1_768' title='bbox 1616 5420 1669 5463; x_wconf 90' lang='lat' dir='ltr'><strong>et</strong></span> 
     </span>
    </p>
   </div>
   <div class='ocr_carea' id='block_1_102' title="bbox 111 5500 1664 5574">
    <p class='ocr_par' dir='ltr' id='par_1_102' title="bbox 111 5500 1664 5574">
     <span class='ocr_line' id='line_1_102' title="bbox 111 5500 1664 5574; baseline -0.01 -6"><span class='ocrx_word' id='word_1_769' title='bbox 111 5510 412 5568; x_wconf 80' lang='lat' dir='ltr'><strong>Barnabani</strong></span> <span class='ocrx_word' id='word_1_770' title='bbox 439 5507 647 5574; x_wconf 86' lang='lat' dir='ltr'><strong>quando</strong></span> <span class='ocrx_word' id='word_1_771' title='bbox 675 5505 724 5557; x_wconf 90' lang='lat' dir='ltr'><strong>in</strong></span> <span class='ocrx_word' id='word_1_772' title='bbox 752 5503 1010 5573; x_wconf 79' lang='lat' dir='ltr'><strong>Lycaonia</strong></span> <span class='ocrx_word' id='word_1_773' title='bbox 1028 5502 1245 5554; x_wconf 91' lang='lat' dir='ltr'><strong>deorum</strong></span> <span class='ocrx_word' id='word_1_774' title='bbox 1261 5500 1404 5553; x_wconf 89' lang='lat' dir='ltr'><strong>cultu</strong></span> <span class='ocrx_word' id='word_1_775' title='bbox 1432 5500 1664 5553; x_wconf 87' lang='lat' dir='ltr'><strong>honora-</strong></span> 
     </span>
    </p>
   </div>
   <div class='ocr_carea' id='block_1_103' title="bbox 111 5590 1664 5662">
    <p class='ocr_par' dir='ltr' id='par_1_103' title="bbox 111 5590 1664 5662">
     <span class='ocr_line' id='line_1_103' title="bbox 111 5590 1664 5662; baseline -0.009 -6"><span class='ocrx_word' id='word_1_776' title='bbox 111 5606 328 5661; x_wconf 85' lang='lat' dir='ltr'><strong>bantur,</strong></span> <span class='ocrx_word' id='word_1_777' title='bbox 364 5596 551 5650; x_wconf 79' lang='lat' dir='ltr'><strong>fecisse</strong></span> <span class='ocrx_word' id='word_1_778' title='bbox 578 5595 798 5661; x_wconf 78' lang='lat' dir='ltr'><strong>legimus</strong></span> <span class='ocrx_word' id='word_1_779' title='bbox 837 5595 972 5661; x_wconf 72' lang='lat' dir='ltr'><strong>(Art.</strong></span> <span class='ocrx_word' id='word_1_780' title='bbox 1002 5590 1141 5662; x_wconf 76' lang='lat' dir='ltr'><strong>xw).</strong></span> <span class='ocrx_word' id='word_1_781' title='bbox 1205 5590 1440 5644; x_wconf 85' lang='lat' dir='ltr'><strong>Herodes</strong></span> <span class='ocrx_word' id='word_1_782' title='bbox 1490 5599 1664 5643; x_wconf 85' lang='lat' dir='ltr'><strong>autem</strong></span> 
     </span>
    </p>
   </div>
   <div class='ocr_carea' id='block_1_104' title="bbox 116 5682 1663 5761">
    <p class='ocr_par' dir='ltr' id='par_1_104' title="bbox 116 5682 1663 5761">
     <span class='ocr_line' id='line_1_104' title="bbox 116 5682 1663 5761; baseline -0.006 -17"><span class='ocrx_word' id='word_1_783' title='bbox 116 5694 237 5761; x_wconf 84' lang='lat' dir='ltr'><strong>quia</strong></span> <span class='ocrx_word' id='word_1_784' title='bbox 272 5705 375 5743; x_wconf 88' lang='lat' dir='ltr'><strong>non</strong></span> <span class='ocrx_word' id='word_1_785' title='bbox 398 5686 534 5740; x_wconf 82' lang='lat' dir='ltr'><strong>dedit</strong></span> <span class='ocrx_word' id='word_1_786' title='bbox 563 5685 813 5737; x_wconf 89' lang='lat' dir='ltr'><strong>honorem</strong></span> <span class='ocrx_word' id='word_1_787' title='bbox 838 5683 965 5745; x_wconf 83' lang='lat' dir='ltr'><strong>Deo,</strong></span> <span class='ocrx_word' id='word_1_788' title='bbox 989 5682 1078 5736; x_wconf 86' lang='lat' dir='ltr'><strong>sed</strong></span> <span class='ocrx_word' id='word_1_789' title='bbox 1110 5682 1365 5749; x_wconf 78' lang='lat' dir='ltr'><strong>acquievit</strong></span> <span class='ocrx_word' id='word_1_790' title='bbox 1412 5683 1663 5735; x_wconf 58' lang='lat' dir='ltr'><strong>iuunsnle-</strong></span> 
     </span>
    </p>
   </div>
   <div class='ocr_carea' id='block_1_105' title="bbox 1774 4590 3331 4663">
    <p class='ocr_par' dir='ltr' id='par_1_105' title="bbox 1774 4590 3331 4663">
     <span class='ocr_line' id='line_1_105' title="bbox 1774 4590 3331 4663; baseline 0.003 -20"><span class='ocrx_word' id='word_1_791' title='bbox 1774 4591 2044 4645; x_wconf 88' lang='lat' dir='ltr'><strong>tumeliam</strong></span> <span class='ocrx_word' id='word_1_792' title='bbox 2078 4590 2277 4645; x_wconf 89' lang='lat' dir='ltr'><strong>faciunt</strong></span> <span class='ocrx_word' id='word_1_793' title='bbox 2304 4590 2439 4659; x_wconf 87' lang='lat' dir='ltr'><strong>ejus,</strong></span> <span class='ocrx_word' id='word_1_794' title='bbox 2468 4594 2557 4661; x_wconf 91' lang='lat' dir='ltr'><strong>qui</strong></span> <span class='ocrx_word' id='word_1_795' title='bbox 2585 4608 2642 4646; x_wconf 90' lang='lat' dir='ltr'><strong>se</strong></span> <span class='ocrx_word' id='word_1_796' title='bbox 2685 4609 2713 4645; x_wconf 88' lang='lat' dir='ltr'><strong>a</strong></span> <span class='ocrx_word' id='word_1_797' title='bbox 2760 4594 2966 4661; x_wconf 86' lang='lat' dir='ltr'><strong>populis</strong></span> <span class='ocrx_word' id='word_1_798' title='bbox 3018 4596 3331 4663; x_wconf 83' lang='lat' dir='ltr'><strong>prophetam</strong></span> 
     </span>
    </p>
   </div>
   <div class='ocr_carea' id='block_1_106' title="bbox 1771 4680 3329 4750">
    <p class='ocr_par' dir='ltr' id='par_1_106' title="bbox 1771 4680 3329 4750">
     <span class='ocr_line' id='line_1_106' title="bbox 1771 4680 3329 4750; baseline 0.001 -16"><span class='ocrx_word' id='word_1_799' title='bbox 1771 4680 1997 4735; x_wconf 87' lang='lat' dir='ltr'><strong>voluerit</strong></span> <span class='ocrx_word' id='word_1_800' title='bbox 2026 4680 2231 4745; x_wconf 87' lang='lat' dir='ltr'><strong>haberi,</strong></span> <span class='ocrx_word' id='word_1_801' title='bbox 2256 4682 2347 4734; x_wconf 90' lang='lat' dir='ltr'><strong>sed</strong></span> <span class='ocrx_word' id='word_1_802' title='bbox 2385 4681 2499 4750; x_wconf 85' lang='lat' dir='ltr'><strong>ipso</strong></span> <span class='ocrx_word' id='word_1_803' title='bbox 2536 4682 2876 4750; x_wconf 83' lang='lat' dir='ltr'><strong>dispensante</strong></span> <span class='ocrx_word' id='word_1_804' title='bbox 2928 4684 3125 4750; x_wconf 87' lang='lat' dir='ltr'><strong>patitur</strong></span> <span class='ocrx_word' id='word_1_805' title='bbox 3152 4686 3329 4737; x_wconf 89' lang='lat' dir='ltr'><strong>omnia</strong></span> 
     </span>
    </p>
   </div>
   <div class='ocr_carea' id='block_1_107' title="bbox 1770 4771 3331 4841">
    <p class='ocr_par' dir='ltr' id='par_1_107' title="bbox 1770 4771 3331 4841">
     <span class='ocr_line' id='line_1_107' title="bbox 1770 4771 3331 4841; baseline -0.001 -16"><span class='ocrx_word' id='word_1_806' title='bbox 1770 4786 1868 4841; x_wconf 89' lang='lat' dir='ltr'><strong>pro</strong></span> <span class='ocrx_word' id='word_1_807' title='bbox 1890 4772 2062 4836; x_wconf 91' lang='lat' dir='ltr'><strong>nobis,</strong></span> <span class='ocrx_word' id='word_1_808' title='bbox 2090 4771 2517 4826; x_wconf 80' lang='lat' dir='ltr'><strong>utsicutPetrus</strong></span> <span class='ocrx_word' id='word_1_809' title='bbox 2540 4773 2803 4835; x_wconf 89' lang='lat' dir='ltr'><strong>hortatur,</strong></span> <span class='ocrx_word' id='word_1_810' title='bbox 2837 4771 3037 4824; x_wconf 86' lang='lat' dir='ltr'><strong>Christo</strong></span> <span class='ocrx_word' id='word_1_811' title='bbox 3084 4773 3137 4824; x_wconf 87' lang='lat' dir='ltr'><strong>in</strong></span> <span class='ocrx_word' id='word_1_812' title='bbox 3178 4789 3331 4824; x_wconf 83' lang='lat' dir='ltr'><strong>carne</strong></span> 
     </span>
    </p>
   </div>
   <div class='ocr_carea' id='block_1_108' title="bbox 1768 4852 3327 4931">
    <p class='ocr_par' dir='ltr' id='par_1_108' title="bbox 1768 4852 3327 4931">
     <span class='ocr_line' id='line_1_108' title="bbox 1768 4852 3327 4931; baseline -0.001 -18"><span class='ocrx_word' id='word_1_813' title='bbox 1768 4876 1920 4931; x_wconf 85' lang='lat' dir='ltr'><strong>passo</strong></span> <span class='ocrx_word' id='word_1_814' title='bbox 1945 4877 2035 4913; x_wconf 88' lang='lat' dir='ltr'><strong>nos</strong></span> <span class='ocrx_word' id='word_1_815' title='bbox 2061 4860 2237 4912; x_wconf 88' lang='lat' dir='ltr'><strong>eadem</strong></span> <span class='ocrx_word' id='word_1_816' title='bbox 2287 4852 2595 4928; x_wconf 84' lang='lat' dir='ltr'><strong>cogitatione</strong></span> <span class='ocrx_word' id='word_1_817' title='bbox 2638 4876 2898 4912; x_wconf 77' lang='lat' dir='ltr'><strong>armentur</strong></span> <span class='ocrx_word' id='word_1_818' title='bbox 2943 4860 3000 4929; x_wconf 88' lang='grc' dir='ltr'><strong>(Ι</strong></span> <span class='ocrx_word' id='word_1_819' title='bbox 3034 4859 3172 4911; x_wconf 72' lang='grc' dir='ltr'><strong>Ρι-ιν.</strong></span> <span class='ocrx_word' id='word_1_820' title='bbox 3208 4861 3287 4928; x_wconf 81' lang='lat' dir='ltr'><strong>tv)</strong></span> <span class='ocrx_word' id='word_1_821' title='bbox 3313 4901 3327 4923; x_wconf 91' lang='lat'><strong>,</strong></span> 
     </span>
    </p>
   </div>
   <div class='ocr_carea' id='block_1_109' title="bbox 1770 4949 3325 5019">
    <p class='ocr_par' dir='ltr' id='par_1_109' title="bbox 1770 4949 3325 5019">
     <span class='ocr_line' id='line_1_109' title="bbox 1770 4949 3325 5019; baseline -0.005 -15"><span class='ocrx_word' id='word_1_822' title='bbox 1770 4961 1929 5019; x_wconf 91' lang='lat' dir='ltr'><strong>atque</strong></span> <span class='ocrx_word' id='word_1_823' title='bbox 1956 4951 2022 5004; x_wconf 90' lang='lat' dir='ltr'><strong>ad</strong></span> <span class='ocrx_word' id='word_1_824' title='bbox 2054 4950 2323 5004; x_wconf 87' lang='lat' dir='ltr'><strong>toleranda</strong></span> <span class='ocrx_word' id='word_1_825' title='bbox 2353 4965 2449 5019; x_wconf 90' lang='lat' dir='ltr'><strong>pro</strong></span> <span class='ocrx_word' id='word_1_826' title='bbox 2489 4949 2700 5002; x_wconf 89' lang='lat' dir='ltr'><strong>nomine</strong></span> <span class='ocrx_word' id='word_1_827' title='bbox 2736 4950 2847 5016; x_wconf 82' lang='lat' dir='ltr'><strong>ejus</strong></span> <span class='ocrx_word' id='word_1_828' title='bbox 2888 4949 3194 5001; x_wconf 80' lang='lat' dir='ltr'><strong>irrisionuni</strong></span> <span class='ocrx_word' id='word_1_829' title='bbox 3231 4966 3325 5016; x_wconf 79' lang='lat' dir='ltr'><strong>op-</strong></span> 
     </span>
    </p>
   </div>
   <div class='ocr_carea' id='block_1_110' title="bbox 1767 5038 3329 5109">
    <p class='ocr_par' dir='ltr' id='par_1_110' title="bbox 1767 5038 3329 5109">
     <span class='ocr_line' id='line_1_110' title="bbox 1767 5038 3329 5109; baseline 0 -18"><span class='ocrx_word' id='word_1_830' title='bbox 1767 5040 1980 5108; x_wconf 87' lang='lat' dir='ltr'><strong>prohria</strong></span> <span class='ocrx_word' id='word_1_831' title='bbox 2018 5055 2395 5108; x_wconf 73' lang='lat' dir='ltr'><strong>prmparemur.</strong></span> <span class='ocrx_word' id='word_1_832' title='bbox 2430 5038 2627 5109; x_wconf 82' lang='lat' dir='ltr'><strong>(Aug.)</strong></span> <span class='ocrx_word' id='word_1_833' title='bbox 2659 5038 2846 5100; x_wconf 84' lang='lat' dir='ltr'><strong>Aliter,</strong></span> <span class='ocrx_word' id='word_1_834' title='bbox 2890 5038 3017 5090; x_wconf 90' lang='lat' dir='ltr'><strong>illud</strong></span> <span class='ocrx_word' id='word_1_835' title='bbox 3064 5038 3203 5106; x_wconf 82' lang='lat' dir='ltr'><strong>quod</strong></span> <span class='ocrx_word' id='word_1_836' title='bbox 3251 5040 3329 5091; x_wconf 89' lang='lat' dir='ltr'><strong>di-</strong></span> 
     </span>
    </p>
   </div>
   <div class='ocr_carea' id='block_1_111' title="bbox 1768 5130 3325 5199">
    <p class='ocr_par' dir='ltr' id='par_1_111' title="bbox 1768 5130 3325 5199">
     <span class='ocr_line' id='line_1_111' title="bbox 1768 5130 3325 5199; baseline -0.001 -13"><span class='ocrx_word' id='word_1_837' title='bbox 1768 5141 1911 5186; x_wconf 87' lang='lat' dir='ltr'><strong>ctum</strong></span> <span class='ocrx_word' id='word_1_838' title='bbox 1940 5141 2021 5184; x_wconf 86' lang='lat' dir='ltr'><strong>est</strong></span> <span class='ocrx_word' id='word_1_839' title='bbox 2045 5150 2056 5183; x_wconf 92' lang='lat'>:</span> <span class='ocrx_word' id='word_1_840' title='bbox 2094 5132 2356 5199; x_wconf 85' lang='lat' dir='ltr'><strong>Spuerunt</strong></span> <span class='ocrx_word' id='word_1_841' title='bbox 2383 5132 2434 5183; x_wconf 86' lang='lat' dir='ltr'><strong>in</strong></span> <span class='ocrx_word' id='word_1_842' title='bbox 2456 5132 2639 5199; x_wconf 82' lang='lat' dir='ltr'><strong>faciem</strong></span> <span class='ocrx_word' id='word_1_843' title='bbox 2662 5130 2793 5198; x_wconf 76' lang='lat' dir='ltr'><strong>ejus,</strong></span> <span class='ocrx_word' id='word_1_844' title='bbox 2827 5131 3091 5198; x_wconf 80' lang='lat' dir='ltr'><strong>significat</strong></span> <span class='ocrx_word' id='word_1_845' title='bbox 3118 5146 3208 5183; x_wconf 82' lang='lat' dir='ltr'><strong>eos</strong></span> <span class='ocrx_word' id='word_1_846' title='bbox 3236 5134 3325 5198; x_wconf 86' lang='lat' dir='ltr'><strong>qui</strong></span> 
     </span>
    </p>
   </div>
   <div class='ocr_carea' id='block_1_112' title="bbox 1768 5221 3327 5294">
    <p class='ocr_par' dir='ltr' id='par_1_112' title="bbox 1768 5221 3327 5294">
     <span class='ocr_line' id='line_1_112' title="bbox 1768 5221 3327 5294; baseline -0.004 -16"><span class='ocrx_word' id='word_1_847' title='bbox 1768 5224 1884 5294; x_wconf 89' lang='lat' dir='ltr'><strong>ejus</strong></span> <span class='ocrx_word' id='word_1_848' title='bbox 1910 5223 2206 5291; x_wconf 70' lang='lat' dir='ltr'><strong>prmsentia:</strong></span> <span class='ocrx_word' id='word_1_849' title='bbox 2237 5223 2461 5291; x_wconf 86' lang='lat' dir='ltr'><strong>gratiam</strong></span> <span class='ocrx_word' id='word_1_850' title='bbox 2493 5230 2768 5289; x_wconf 88' lang='lat' dir='ltr'><strong>respuunt.</strong></span> <span class='ocrx_word' id='word_1_851' title='bbox 2795 5221 2920 5273; x_wconf 89' lang='lat' dir='ltr'><strong>Item</strong></span> <span class='ocrx_word' id='word_1_852' title='bbox 2954 5229 3205 5288; x_wconf 83' lang='lat' dir='ltr'><strong>tanquam</strong></span> <span class='ocrx_word' id='word_1_853' title='bbox 3238 5236 3327 5273; x_wconf 83' lang='lat' dir='ltr'><strong>co-</strong></span> 
     </span>
    </p>
   </div>
   <div class='ocr_carea' id='block_1_113' title="bbox 1768 5306 3321 5382">
    <p class='ocr_par' dir='ltr' id='par_1_113' title="bbox 1768 5306 3321 5382">
     <span class='ocr_line' id='line_1_113' title="bbox 1768 5306 3321 5382; baseline -0.006 -15"><span class='ocrx_word' id='word_1_854' title='bbox 1768 5312 1941 5382; x_wconf 83' lang='lat' dir='ltr'><strong>laphis</strong></span> <span class='ocrx_word' id='word_1_855' title='bbox 1971 5327 2091 5365; x_wconf 90' lang='lat' dir='ltr'><strong>eum</strong></span> <span class='ocrx_word' id='word_1_856' title='bbox 2124 5310 2331 5363; x_wconf 76' lang='lat' dir='ltr'><strong>czrdunt</strong></span> <span class='ocrx_word' id='word_1_857' title='bbox 2361 5309 2450 5376; x_wconf 87' lang='lat' dir='ltr'><strong>qui</strong></span> <span class='ocrx_word' id='word_1_858' title='bbox 2484 5309 2532 5361; x_wconf 86' lang='lat' dir='ltr'><strong>ei</strong></span> <span class='ocrx_word' id='word_1_859' title='bbox 2580 5309 2808 5361; x_wconf 88' lang='lat' dir='ltr'><strong>honores</strong></span> <span class='ocrx_word' id='word_1_860' title='bbox 2851 5323 2974 5361; x_wconf 88' lang='lat' dir='ltr'><strong>suos</strong></span> <span class='ocrx_word' id='word_1_861' title='bbox 3014 5306 3321 5375; x_wconf 73' lang='lat' dir='ltr'><strong>przeferunt.</strong></span> 
     </span>
    </p>
   </div>
   <div class='ocr_carea' id='block_1_114' title="bbox 1770 5398 3322 5467">
    <p class='ocr_par' dir='ltr' id='par_1_114' title="bbox 1770 5398 3322 5467">
     <span class='ocr_line' id='line_1_114' title="bbox 1770 5398 3322 5467; baseline -0.005 -10"><span class='ocrx_word' id='word_1_862' title='bbox 1770 5404 1978 5457; x_wconf 88' lang='lat' dir='ltr'><strong>Paltnas</strong></span> <span class='ocrx_word' id='word_1_863' title='bbox 2003 5403 2054 5454; x_wconf 92' lang='lat' dir='ltr'><strong>in</strong></span> <span class='ocrx_word' id='word_1_864' title='bbox 2080 5400 2268 5454; x_wconf 81' lang='lat' dir='ltr'><strong>faciem</strong></span> <span class='ocrx_word' id='word_1_865' title='bbox 2292 5400 2340 5452; x_wconf 88' lang='lat' dir='ltr'><strong>ei</strong></span> <span class='ocrx_word' id='word_1_866' title='bbox 2364 5401 2516 5461; x_wconf 88' lang='lat' dir='ltr'><strong>dant,</strong></span> <span class='ocrx_word' id='word_1_867' title='bbox 2564 5400 2653 5467; x_wconf 89' lang='lat' dir='ltr'><strong>qui</strong></span> <span class='ocrx_word' id='word_1_868' title='bbox 2697 5400 2912 5467; x_wconf 79' lang='lat' dir='ltr'><strong>perfidia</strong></span> <span class='ocrx_word' id='word_1_869' title='bbox 2968 5398 3149 5449; x_wconf 61' lang='lat' dir='ltr'><strong>caecati</strong></span> <span class='ocrx_word' id='word_1_870' title='bbox 3201 5412 3322 5449; x_wconf 89' lang='lat' dir='ltr'><strong>eum</strong></span> 
     </span>
    </p>
   </div>
   <div class='ocr_carea' id='block_1_115' title="bbox 1770 5485 3323 5556">
    <p class='ocr_par' dir='ltr' id='par_1_115' title="bbox 1770 5485 3323 5556">
     <span class='ocr_line' id='line_1_115' title="bbox 1770 5485 3323 5556; baseline -0.006 -9"><span class='ocrx_word' id='word_1_871' title='bbox 1770 5510 1873 5547; x_wconf 90' lang='lat' dir='ltr'><strong>non</strong></span> <span class='ocrx_word' id='word_1_872' title='bbox 1904 5492 2110 5545; x_wconf 89' lang='lat' dir='ltr'><strong>venisse</strong></span> <span class='ocrx_word' id='word_1_873' title='bbox 2138 5490 2419 5553; x_wconf 81' lang='lat' dir='ltr'><strong>allirmant,</strong></span> <span class='ocrx_word' id='word_1_874' title='bbox 2457 5500 2702 5556; x_wconf 83' lang='lat' dir='ltr'><strong>tauquam</strong></span> <span class='ocrx_word' id='word_1_875' title='bbox 2735 5488 3066 5556; x_wconf 66' lang='lat' dir='ltr'><strong>prmseutiam</strong></span> <span class='ocrx_word' id='word_1_876' title='bbox 3095 5485 3208 5553; x_wconf 71' lang='lat' dir='ltr'><strong>ejus</strong></span> <span class='ocrx_word' id='word_1_877' title='bbox 3236 5501 3323 5537; x_wconf 81' lang='lat' dir='ltr'><strong>cx-</strong></span> 
     </span>
    </p>
   </div>
   <div class='ocr_carea' id='block_1_116' title="bbox 1769 5577 3322 5651">
    <p class='ocr_par' dir='ltr' id='par_1_116' title="bbox 1769 5577 3322 5651">
     <span class='ocr_line' id='line_1_116' title="bbox 1769 5577 3322 5651; baseline -0.008 -13"><span class='ocrx_word' id='word_1_878' title='bbox 1769 5586 2111 5639; x_wconf 85' lang='lat' dir='ltr'><strong>tertuiuantes</strong></span> <span class='ocrx_word' id='word_1_879' title='bbox 2147 5592 2199 5636; x_wconf 91' lang='lat' dir='ltr'><strong>et</strong></span> <span class='ocrx_word' id='word_1_880' title='bbox 2246 5582 2574 5651; x_wconf 81' lang='lat' dir='ltr'><strong>repellentes.</strong></span> <span class='ocrx_word' id='word_1_881' title='bbox 2625 5582 2786 5632; x_wconf 65' lang='lat' dir='ltr'><strong>lirrur</strong></span> <span class='ocrx_word' id='word_1_882' title='bbox 2839 5580 3205 5633; x_wconf 81' lang='lat' dir='ltr'><strong>lnereticorum</strong></span> <span class='ocrx_word' id='word_1_883' title='bbox 3258 5577 3322 5627; x_wconf 87' lang='lat' dir='ltr'><strong>de</strong></span> 
     </span>
    </p>
   </div>
   <div class='ocr_carea' id='block_1_117' title="bbox 1766 5667 3319 5742">
    <p class='ocr_par' dir='ltr' id='par_1_117' title="bbox 1766 5667 3319 5742">
     <span class='ocr_line' id='line_1_117' title="bbox 1766 5667 3319 5742; baseline -0.009 -11"><span class='ocrx_word' id='word_1_884' title='bbox 1766 5675 1976 5731; x_wconf 77' lang='lat' dir='ltr'><strong>Chrile</strong></span> <span class='ocrx_word' id='word_1_885' title='bbox 2019 5673 2185 5727; x_wconf 76' lang='lat' dir='ltr'><strong>tribus</strong></span> <span class='ocrx_word' id='word_1_886' title='bbox 2223 5674 2502 5742; x_wconf 53' lang='lat' dir='ltr'><strong>generibus</strong></span> <span class='ocrx_word' id='word_1_887' title='bbox 2536 5673 2848 5727; x_wconf 83' lang='lat' dir='ltr'><strong>terminatur</strong></span> <span class='ocrx_word' id='word_1_888' title='bbox 2892 5690 2901 5724; x_wconf 94' lang='lat'>:</span> <span class='ocrx_word' id='word_1_889' title='bbox 2950 5679 3035 5724; x_wconf 81' lang='lat' dir='ltr'><strong>aut</strong></span> <span class='ocrx_word' id='word_1_890' title='bbox 3068 5671 3207 5721; x_wconf 80' lang='lat' dir='ltr'><strong>enim</strong></span> <span class='ocrx_word' id='word_1_891' title='bbox 3255 5667 3319 5717; x_wconf 78' lang='lat' dir='ltr'><strong>de</strong></span> 
     </span>
    </p>
   </div>
  </div>
