3922 6340
581 217 715 273 “'23

573 418 773 471 luatur.

644 504 835 559 Petrus
870 522 986 560 vero
1026 508 1232 562 sedebat
1276 509 1405 578 {oris
1445 510 1500 562 in
1541 511 1693 564 atrio.
1739 511 1893 567 Foris
1925 513 2146 569 sedebat

571 602 630 648 ut
657 594 862 649 videret
887 598 1088 651 exitum
1118 599 1214 661 rei,
1245 605 1299 651 et
1331 613 1437 651 non
1477 602 1938 671 appropinquabat
1967 602 2093 659 Jesu
2125 644 2140 671 ,

570 697 639 736 ne
676 684 939 745 ministris
963 686 1137 755 aliqua
1167 687 1400 756 suspicio
1429 698 1759 743 nasceretur.

641 774 710 827 Et
743 778 954 829 accessit
986 794 1088 830 una
1120 777 1315 832 ancilla
1344 778 1411 832 ad
1439 796 1556 834 eum
1592 781 1770 836 dicens
1804 796 1825 834 :
1852 783 1919 837 Et
1945 792 1999 837 tu
2025 802 2140 839 cum

567 862 695 916 Jesu
736 859 951 916 Calilwo
980 881 1116 919 eras.
1151 865 1288 933 Quid
1316 868 1416 922 sibi
1457 868 1571 923 vult
1617 870 1758 939 quod
1796 872 2138 942 prima‘eum

565 952 747 1019 prodit
773 953 983 1018 ancilla,
1007 969 1128 1008 cum
1166 956 1267 1011 viri
1302 957 1486 1026 utique
1514 959 1688 1027 magis
1712 976 1833 1015 eum
1868 964 2139 1031 potuerint

569 1056 979 1111 recognoscere,
1013 1047 1114 1102 nisi
1147 1057 1203 1102 ut
1230 1056 1283 1102 et
1312 1050 1411 1103 iste
1447 1065 1606 1104 sexus
1654 1067 1909 1120 peccasse
1944 1056 1998 1109 in
2040 1070 2135 1110 ne-

572 1147 690 1186 cem
719 1134 929 1190 Domini
954 1136 1244 1201 videretur,
1269 1145 1322 1193 et
1350 1138 1451 1192 iste
1475 1154 1635 1193 sexus
1661 1142 2013 1197 redimeretur
2038 1160 2137 1214 per

565 1223 871 1291 passionem
922 1225 1149 1279 Domini.
1199 1226 1267 1279 Et
1314 1226 1432 1281 ideo
1479 1228 1673 1283 mulier
1725 1217 2137 1290 resurrectionis

563 1310 737 1380 prima
788 1313 982 1381 accipit
1017 1316 1329 1383 mysterium
1374 1326 1448 1369 et'
1479 1318 1731 1373 mandata
1763 1322 2036 1389 custodit,
2077 1332 2133 1379 ut

565 1408 800 1454 veterem
830 1403 1286 1470 praevaricationis
1317 1404 1558 1461 aboleret
1598 1422 1860 1464 errorem.

613 1480 698 1540 Ἀι
725 1488 812 1541 ille
840 1492 1038 1559 negavit
1067 1509 1242 1575 caram
1269 1496 1506 1550 omnibus
1534 1496 1714 1553 dicens
1742 1512 1761 1550 :
1791 1499 1982 1556 Nescio
2009 1505 2134 1575 quid

560 1576 713 1630 dicis.
743 1576 964 1652 (suum)
992 1568 1373 1644 Palamcbram
1398 1588 1647 1643 omnibus
1667 1591 1904 1659 negavit,
1930 1568 2055 1662 quia
2075 1609 2134 1650 se

560 1667 897 1724 manifestari
944 1673 1176 1742 expavit.
1221 1673 1430 1729 Dictum
1468 1677 1641 1747 ipsum
1685 1694 1744 1735 se
1785 1684 1998 1737 nescire
2044 1700 2130 1741 re-

558 1757 793 1823 spondit,
817 1759 944 1827 qaia
974 1776 1071 1829 pro
1100 1759 1377 1819 Salvatore
1405 1766 1581 1820 adhuc
1609 1768 1746 1822 mori
1778 1766 1991 1825 n61utt.’

631 1846 869 1901 Exeunte
890 1860 1061 1904 autem
1089 1850 1178 1904 illo
1201 1853 1447 1922 januam.
1478 1853 1577 1910 Hic
1601 1855 1813 1913 Marcus
1836 1860 2124 1932 adimplet,

558 1934 699 2002 quod
731 1934 1010 1992 Matthaeus
1031 1939 1310 1995 brevitatis
1332 1957 1496 1997 causa
1521 1944 1703 2001 dicere
1732 1948 1951 2003 omisit:
1981 1950 2128 2006 Ezriit

554 2025 722 2095 foras,
747 2027 938 2098 inquit,
970 2040 1091 2087 ante
1129 2035 1321 2088 atrium
1344 2076 1361 2102 ,
1409 2047 1457 2091 et
1498 2038 1669 2108 gallus
1712 2043 1957 2097 cantavit.
1994 2041 2127 2099 Cum

558 2129 686 2187 ergo
706 2118 873 2173 semel
900 2128 1152 2194 negasset,
1176 2122 1369 2179 Petrus
1386 2164 1402 2191 ,
1428 2126 1561 2207 exiit
1587 2125 1756 2195 foras,
1780 2136 1837 2183 et
1862 2146 1987 2186 mox
2011 2132 2126 2201 gal-

555 2203 639 2260 lus
687 2209 942 2263 cantavit.
982 2209 1099 2278 Quo
1157 2228 1376 2269 reverso
1430 2203 1626 2270 iterum
1682 2218 1737 2272 in
1781 2220 2019 2288 atrium,
2068 2221 2130 2277 fit

551 2296 697 2364 quod
722 2298 965 2366 sequitur
998 2309 1014 2353 ':

631 2383 772 2439 Vidit
793 2403 908 2440 eum
935 2386 1041 2442 alia
1064 2390 1279 2459 ancilla,
1321 2402 1370 2447 et
1410 2396 1483 2449 ait
1524 2396 1605 2471 his
1628 2398 1717 2467 qui
1739 2408 1887 2453 erant
1917 2401 1988 2455 ibi
2012 2418 2030 2455 :
2059 2401 2127 2457 Et

550 2474 636 2529 life
658 2485 768 2530 erat
798 2494 917 2531 cum
942 2478 1071 2534 Jesu
1101 2479 1404 2538 Nazareno.
1435 2486 1493 2540 In
1525 2491 1761 2545 secunda
1794 2506 1923 2562 ergo
1964 2508 2127 2564 nega-

553 2566 697 2621 tione
726 2582 756 2621 a
793 2569 998 2625 duobus
1030 2566 1379 2643 compellatus
1402 2586 1506 2646 est,
1536 2588 1591 2634 et
1614 2581 1681 2637 ab
1701 2582 1893 2637 ancilla
1920 2584 2127 2640 scilicet

548 2673 717 2730 quam
758 2671 1144 2717 commemorat
1178 2665 1459 2724 Mattheus
1499 2678 1554 2724 et
1580 2670 1815 2739 Marcus,
1843 2681 1897 2728 et
1926 2675 1994 2731 ab
2020 2669 2126 2732 alio

551 2754 783 2821 quodam
834 2770 993 2823 quem
1028 2770 1416 2817 commemorat
1453 2763 1649 2831 Lucas,
1677 2768 1769 2837 qui
1794 2769 1874 2823 ita
1909 2771 1984 2824 ait
2015 2789 2025 2823 :
2057 2770 2127 2824 Et

547 2853 662 2912 post
683 2844 933 2915 pusillum
972 2846 1109 2903 alius
1148 2866 1265 2903 eum
1308 2852 1486 2907 videns
1531 2855 1664 2909 dixit
1692 2872 1709 2910 :
1740 2856 1811 2945 Et
1842 2868 1898 2911 tu
1928 2859 1994 2913 de
2022 2859 2127 2915 illis

547 2950 623 2987 es.
650 2934 706 2989 In
736 2936 839 2992 hoc
869 2952 999 3009 ergo
1023 2940 1200 3009 spatio
1226 2982 1241 3007 ,
1272 2943 1337 2997 de
1366 2960 1471 3014 quo
1499 2944 1674 3002 Lucas
1697 2939 1827 3003 dicit
1855 2967 1868 3003 :
1901 2950 1971 3003 Et
2006 2962 2122 3020 post

546 3024 797 3094 pusillum
825 3066 840 3091 ,
872 3027 1063 3083 Petrus
1088 3042 1212 3098 post
1237 3034 1464 3102 primam
1489 3038 1826 3106 negationem
1850 3016 2036 3107 exivit,
2063 3051 2119 3097 et
2144 3016 2190 3080 Ο

546 3112 715 3182 gallus
739 3116 1007 3181 cantavit;
1042 3119 1261 3189 jamque
1292 3123 1526 3180 redierat
1552 3134 1628 3191 ut,
1662 3130 2115 3198 quemadmodum

484 3264 487 3266 η
544 3199 676 3255 dicit
707 3200 958 3271 Joannes,
986 3206 1052 3261 ad
1080 3207 1259 3264 locum
1281 3220 1429 3271 stans
1452 3215 1644 3271 iterum
1672 3228 1892 3289 negaret
1923 3240 1935 3275 :
1960 3221 2114 3289 Erat,

543 3286 757 3358 inquit,
795 3290 975 3348 Simon
1019 3294 1208 3352 Petrus
1238 3309 1381 3357 stans
1412 3312 1462 3358 et
1500 3286 1807 3376 calefaciens
1838 3327 1910 3364 se.
1957 3310 2115 3365 Dixe-

543 3464 770 3537 reliqua.
811 3469 923 3526 Hoc
955 3473 1117 3544 igitur
1157 3474 1275 3533 loco
1299 3480 1601 3541 invenimus
1626 3464 1695 3542 let
1729 3464 1834 3543 non
1873 3501 1997 3546 ante
2028 3491 2114 3560 ja-

546 3571 707 3612 nuam
738 3561 831 3615 sed
869 3560 1049 3619 focum
1084 3575 1313 3625 stantem
1349 3576 1582 3631 secundo
1619 3594 1842 3653 negasse
1870 3582 2109 3639 Petrum.

541 3648 693 3717 Quod
721 3652 836 3709 fieri
862 3671 970 3711 non
998 3673 1179 3728 posset
1210 3664 1310 3719 nisi
1327 3665 1439 3747 jam
1467 3648 1733 3739 redisset,
1760 3685 2112 3748 posteaquam

542 3739 688 3796 foras
718 3744 943 3801 exierat.
970 3750 1039 3803 Et
1064 3749 1197 3807 loris
1223 3739 1345 3808 eum
1377 3759 1531 3825 vidit,
1578 3762 1629 3816 id
1657 3771 1761 3829 est,
1784 3779 1905 3820 cum
1934 3783 2112 3824 resur-

540 3842 692 3900 geret
718 3843 775 3888 ut
796 3838 989 3904 exiret,
1031 3844 1224 3897 ancilla
1266 3847 1498 3904 advertit
1544 3867 1688 3908 eum.
1740 3856 1806 3911 Et
1840 3860 1976 3915 dixit
2026 3863 2111 3917 his

539 3922 631 3989 qui
671 3933 825 3978 erant
856 3927 948 3993 ibi,
982 3930 1035 3984 id
1063 3941 1165 3998 est,
1213 3936 1304 4003 qui
1349 3937 1509 3993 simul
1552 3943 1774 3999 aderant
1818 3948 1885 4001 ad
1930 3950 2107 4021 ignem

541 4009 686 4066 intus
730 4014 780 4067 in
812 4017 951 4071 atrio
978 4036 989 4071 :
1027 4018 1093 4073 Et
1123 4022 1207 4077 hic
1232 4035 1343 4078 erat
1380 4045 1496 4082 cum
1524 4030 1652 4085 Jesu
1685 4009 1988 4095 Nazarene:
2016 4042 2107 4099 Ille

539 4110 719 4156 autem
764 4108 853 4173 qui
896 4106 1039 4164 foras
1079 4115 1328 4183 exierat,
1376 4120 1479 4175 hoe
1535 4124 1715 4181 audito
1761 4130 1973 4186 rediens
2022 4134 2107 4201 ju-

540 4182 679 4244 ravit
706 4192 809 4246 illis
834 4182 1320 4260 contranitentibus
1366 4212 1506 4277 quod
1539 4228 1644 4267 non
1671 4218 1907 4275 nevisset
1935 4182 2105 4279 homi-

538 4296 680 4335 nem.
714 4283 864 4340 Unde
894 4297 945 4341 et
974 4290 1257 4350 Matthceus
1287 4298 1417 4355 dicit
1462 4319 1473 4354 :

609 4374 674 4427 Et
707 4377 890 4432 iterum
942 4388 1139 4453 negavit
1185 4407 1299 4444 cum
1335 4395 1658 4466 juramento,
1703 4408 1826 4474 quia
1854 4425 1955 4462 non
1986 4412 2102 4465 novi

535 4462 813 4517 licinium.
839 4467 1021 4542 (Aug.)
1047 4475 1101 4527 ln
1132 4477 1233 4532 hac
1257 4493 1431 4537 autem
1461 4462 1744 4556 negatione
1773 4495 1917 4550 Petri
1940 4499 2098 4554 disci-

538 4566 657 4603 mus
704 4568 808 4607 non
850 4557 1020 4612 solum
1058 4562 1322 4635 abnegare
1350 4570 1621 4630 Christum
1668 4582 1761 4648 qui
1792 4585 1919 4638 dicit
1976 4602 2095 4642 eum

534 4654 642 4692 non
671 4656 790 4695 esse
816 4644 1113 4715 Christum,
1143 4657 1232 4709 sed
1264 4660 1330 4713 ab
1358 4660 1447 4717 illo
1470 4666 1629 4721 etiam
1661 4673 1749 4740 qui
1782 4715 1795 4737 ,
1836 4691 1953 4731 cum
1981 4680 2049 4733 sit
2080 4722 2093 4746 ,

533 4738 690 4797 negat
718 4747 775 4786 se
803 4750 922 4789 esse
945 4739 1331 4801 Christianum.
1378 4753 1633 4813 Dominus
1662 4738 1839 4817 autem
1872 4783 1978 4822 non
2022 4773 2096 4825 ait

532 4817 691 4875 Petro
723 4841 734 4874 :
768 4825 1093 4895 Discipulum
1135 4850 1313 4891 meum
1349 4850 1399 4893 te
1428 4848 1665 4914 negabis,
1696 4853 1811 4917 sed,
1841 4874 1918 4909 me
1946 4876 2093 4929 nega-

537 4906 606 4929 ΔΞ-
661 4910 729 4929 ιτκ
844 4917 875 4929 ⁵-
1098 4925 1108 4929 ·

1498 4906 1525 4914 ν
1653 4906 1662 4913 ι
1799 4906 1811 4917 ι
1844 4906 1863 4907 η
1896 4906 1910 4909 ν
1946 4906 2073 4929 ·’“ῦ”

531 4906 627 4961 bis.
661 4910 881 4983 Negavit
923 4935 1049 4991 ergo
1095 4925 1287 4995 ipsum,
1343 4947 1465 4989 cum
1502 4952 1559 4992 se
1596 4946 1813 5013 negavit
1841 4949 1953 5017 ejus
1975 4967 2092 5007 esse

541 4996 608 5017 )8;
628 5000 660 5017 _'
684 5016 689 5017 γ
741 5002 753 5017 1
911 5008 918 5017 ¹
935 5008 995 5017 ’⁸-

534 4996 868 5068 discipulum.
903 5008 1164 5086 (Ηὶεγοη.)
1195 5016 1319 5074 Scio
1354 5026 1610 5090 quosdam
1640 4996 1728 5098 pio
1756 4996 1945 5090 affectu
1967 5053 2091 5109 erga

533 5092 831 5156 apostolum
863 5095 1075 5153 Petrum
1105 5103 1278 5161 locum
1317 5111 1457 5168 hunc
1486 5092 1862 5189 interpretatos
1886 5166 1899 5191 ,
1937 5128 2009 5181 ita
2029 5092 2091 5181 (ut

533 5179 799 5239 discerent
821 5185 1039 5245 Petrum
1065 5211 1169 5249 non
1199 5200 1361 5257 Deum
1394 5222 1638 5277 negasse,
1669 5217 1761 5270 sed
1792 5218 2084 5285 hominem,

531 5279 729 5329 etesse
757 5291 992 5346 sensum,
1025 5284 1214 5340 Nescio
1247 5290 1514 5349 hominem
1545 5339 1558 5363 ,
1606 5303 1727 5367 quia
1757 5306 1869 5359 scio
1895 5308 2083 5365 Deum.

531 5359 642 5464 l‘loﬁc
668 5380 823 5431 quam
848 5368 1094 5428 frivolum
1132 5378 1201 5430 sit
1230 5384 1461 5446 prudens
1488 5359 1657 5443 lector
1686 5359 2087 5464 intclligatZ—Sic

530 5448 819 5507 defendunt
868 5462 1162 5526 apostolum
1184 5507 1195 5527 ,
1246 5476 1304 5520 ut
1343 5471 1506 5525 Deum
1538 5480 1799 5535 mendacii
1830 5448 1977 5537 reum
2010 5486 2086 5538 fa-

530 5536 692 5591 ciant.
736 5540 790 5597 Si
836 5548 977 5601 enim
1022 5550 1121 5606 istc
1166 5571 1267 5608 non
1302 5562 1535 5629 negavit,
1565 5580 1689 5635 ergo
1721 5574 1975 5627 mentitus
2006 5584 2085 5629 est

1212 217 1271 273 Β.
1312 219 1562 275 RABANI
1601 220 1819 276 MAURI
1856 221 2168 277 AllClllEP.
2212 225 2516 284 MOGUNT.
2559 232 2839 292 OPERUM
2876 240 3054 296 PARS
3090 246 3127 299 1.

576 329 855 384 divinitate
876 368 891 395 ,
923 336 1015 382 aut
1050 328 1117 383 de
1144 329 1480 385 humanitate
1503 372 1517 394 ,
1560 340 1651 384 aut
1690 329 1757 383 de
1794 338 2023 400 utroque
2046 331 2141 386 fal—
2169 337 2216 394 A
2247 335 2506 395 Dominus
2530 364 2560 406 ,-
2599 346 2687 413 qui
2746 346 2954 402 dixerat

3684 254 3791 315 Hii

3009 392 3021 403 .
3061 353 3224 410 Amen
3278 365 3399 415 dico
3434 360 3529 417 tibi
3566 372 3689 431 quia
3720 372 3796 423 lter

2245 436 2389 481 nocte
2408 470 2421 490 ,
2445 442 2719 502 antequam
2754 436 2923 506 gallus
2953 452 3142 503 cantet,
3173 453 3250 497 ter
3274 464 3354 501 me
3382 451 3617 519 negabis.
3647 454 3796 515 Cenzc

2244 520 2386 585 quod
2417 520 2596 585 dicat,
2623 540 2703 576 me
2732 526 2959 595 negabis,
2993 545 3099 584 non
3137 533 3431 592 hominem.

2312 604 2383 659 Et
2429 619 2543 677 post
2578 612 2829 679 pusillum
2869 630 3199 673 accesserunt
3226 625 3316 691 qui
3344 626 3577 693 stabant,
3604 640 3653 683 et
3681 632 3802 686 dire.

2242 706 2361 750 runt
2387 695 2545 751 Petro
2566 716 2588 753 ξ
2628 699 2753 755 Vere
2775 713 2823 756 et
2854 714 2908 757 tu
2940 722 3005 760 ea:
3031 708 3138 763 illis
3160 727 3232 764 es.
3264 712 3446 786 (Aug)
3473 718 3627 784 Quod
3659 723 3801 793 igitur

2241 787 2523 846 Matlhaeus
2553 801 2608 846 et
2642 792 2855 859 Marcus
2884 798 3090 867 dicunt,
3117 814 3230 873 post
3248 808 3528 876 pusillum,
3555 787 3797 882 quantum

2236 888 2380 935 esset
2426 882 2530 936 hoc
2562 887 2827 955 temporis‘
2864 892 3173 949 manifestat
3215 896 3387 954 Lucas
3438 903 3706 962 dicendo:
3744 909 3799 962 Et

2238 970 2517 1025 intervallo
2566 973 2708 1043 facta
2740 978 2893 1047 quasi
2921 979 3063 1035 hane
3090 986 3266 1039 unius.
3293 988 3371 1042 De
3398 990 3502 1044 hoc
3530 1004 3709 1049 autem
3732 999 3800 1049 ia.

2238 1062 2462 1119 tervallo
2516 1073 2659 1120 tacet
2693 1067 2946 1126 Joannes.
2997 1073 3130 1129 Item
3177 1081 3320 1147 quod
3346 1079 3564 1137 Marcus
3594 1095 3646 1137 et
3682 1086 3801 1141 Mat-

2238 1152 2408 1208 thazus
2442 1170 2547 1210 non
2574 1157 2829 1228 singulari
2859 1201 2873 1225 ,
2910 1163 3004 1217 sed
3053 1165 3246 1235 plurali
3274 1186 3500 1228 numero
3520 1165 3797 1233 enuntiant

2235 1257 2329 1299 eos
2361 1247 2453 1314 qui
2490 1262 2613 1303 cum
2654 1249 2816 1306 Petro
2846 1258 3110 1325 agebant,
3163 1274 3282 1315 cum
3316 1262 3491 1319 Lucas
3536 1282 3703 1321 unum
3732 1272 3799 1324 di-

2234 1340 2324 1386 cat
2349 1371 2364 1397 ,
2409 1333 2644 1391 Joannes
2678 1354 2893 1409 quoque
2923 1360 3085 1397 unum
3113 1362 3343 1417 eumque
3370 1360 3659 1419 cognatum
3698 1357 3795 1425 ejus

2234 1418 2386 1488 cujus
2427 1423 2658 1479 abscidit
2699 1427 2892 1485 Petrus
2945 1434 3282 1502 auriculam,
3330 1418 3489 1495 facile
3528 1454 3615 1497 est
3658 1446 3795 1501 intel-

2233 1510 2397 1582 ligere
2423 1553 2437 1578 ,
2474 1524 2569 1569 aut
2597 1517 2857 1586 pluralem
2889 1539 3174 1581 numerum
3200 1543 3299 1596 pro
3328 1531 3588 1603 singulari
3618 1537 3792 1592 usitata

2232 1598 2500 1658 locutione
2525 1621 2812 1677 usurpasse
2839 1610 3144 1669 Mattha'um
3174 1625 3229 1671 et
3254 1598 3515 1688 Marcum,
3542 1630 3641 1679 aut
3667 1631 3789 1697 quod

2662 1676 2665 1677 ν
3500 1676 3514 1688 ι
3550 1676 3638 1679 η--
3669 1676 3789 1697 τη-

2157 1676 2205 1735 Β
2233 1707 2371 1748 unus
2419 1696 2654 1753 maxime
2693 1706 2945 1769 tanquam
2980 1705 3159 1761 sciens
3196 1715 3251 1762 et
3280 1711 3372 1778 qui
3426 1726 3553 1767 eum
3603 1716 3789 1772 viderat

2231 1782 2549 1840 afﬁrmabat.
2579 1787 2770 1845 Crateri
2809 1802 2985 1849 autem
3017 1800 3190 1853 secuti
3219 1800 3334 1870 ejus
3363 1802 3525 1858 ﬁdem
3545 1845 3561 1872 ,
3585 1806 3783 1864 Petrum

2230 1874 2390 1930 simul
2430 1880 2745 1948 arguebant.
2791 1883 2941 1942 Unde
2982 1889 3117 1945 duos
3150 1894 3510 1964 evangelistas
3562 1915 3789 1971 compen-

2230 1965 2320 2023 dio
2348 1968 2609 2037 pluralem
2640 1989 2924 2030 numerum
2968 1981 3215 2048 posuisse
3235 2024 3250 2049 ,
3284 1985 3421 2042 alios
3452 1978 3636 2044 autem
3674 1991 3786 2049 duos

2230 2072 2353 2113 eum
2414 2061 2587 2117 solum
2640 2064 2945 2137 signiﬁcare
2987 2071 3219 2154 voluisse
3266 2077 3357 2146 qui
3410 2080 3783 2153 praecipuus'in

2230 2148 2335 2207 hoc
2367 2160 2504 2207 erat.

2303 2239 2445 2295 Nam
2474 2253 2523 2297 et
2552 2243 2756 2314 loquela
2781 2257 2872 2303 tua
2902 2254 3234 2322 manifestum
3264 2265 3313 2311 te
3334 2259 3486 2328 facit.
3527 2262 3782 2335 (Vescum)

2228 2328 2513 2402 Nonquod
2544 2336 2647 2391 alia
2680 2337 2857 2405 lingua
2884 2341 3086 2399 Galilaei
3135 2354 3297 2416 atque
3329 2351 3435 2405 alia
3460 2328 3784 2423 lotiuerentur

2227 2419 2696 2494 Hierdsolymiue,
2726 2430 2816 2498 qui
2864 2432 3079 2502 utrique
3132 2435 3351 2492 fuerunt
3398 2419 3613 2497 Hebraei
3644 2485 3659 2509 ,
3707 2448 3780 2501 seJ

2226 2513 2370 2581 quod
2405 2530 2736 2586 unaquazque
2759 2522 3055 2589 provincia,
3086 2535 3140 2580 et
3178 2528 3325 2598 regio
3381 2546 3511 2585 suas
3556 2533 3779 2590 habendo

2226 2603 2961 2672 proprietates,vernaculum
2985 2613 3239 2684 loquendi
3276 2634 3470 2676 sonum
3498 2624 3673 2681 vitare
3696 2641 3779 2681 non

2225 2695 2414 2764 possit.
2444 2695 2594 2753 Unde
2630 2700 2681 2753 in
2715 2701 2937 2759 Actibus
2960 2706 3346 2776 apostolorum,
3380 2728 3506 2767 cum
3533 2715 3587 2769 hi
3614 2718 3780 2786 quibus

2230 2782 2462 2852 Spiritus
2487 2797 2705 2842 sanctus
2732 2789 3001 2846 insederat
3025 2834 3039 2860 ,
3069 2798 3311 2853 omnium
3338 2804 3581 2870 gentium
3610 2782 3779 2878 linguis

2226 2871 2593 2943 loquerentur,
2612 2876 2749 2932 inter
2769 2879 2902 2935 alios
2922 2883 3011 2949 qui
3041 2885 3108 2939 de
3137 2887 3351 2943 diverso
3380 2893 3568 2946 mundi
3592 2871 3778 2949 climate

2226 2974 2584 3019 convenerant
2612 2968 2769 3023 etiam
2799 2971 2891 3038 qui
2929 2973 3243 3031 habitabant
3267 2976 3511 3035 Judazam
3544 2985 3776 3042 mirantes

2224 3048 2421 3113 dixisse
2450 3058 2752 3117 referuntur
2781 3082 2795 3118 :
2822 3056 3016 3122 Nonne
3040 3086 3154 3126 ecce
3169 3088 3345 3128 omnes
3370 3076 3456 3130 isti
3475 3078 3567 3148 qui
3583 3079 3777 3149 loqu-ir

2221 3155 2309 3200 tur
2337 3145 2546 3204 Galilwi
2573 3154 2740 3207 sunt?
2786 3164 2835 3208 et
2859 3159 3121 3227 quomodo
3164 3178 3256 3217 nos
3288 3145 3589 3221 audivimus
3640 3145 3777 3223 unus-

2217 3238 2431 3308 quisque
2457 3240 2690 3312 linguam
2713 3256 2943 3301 nostram
2970 3250 3023 3303 in
3046 3267 3150 3321 qua
3176 3255 3287 3308 nati
3315 3259 3680 3329 sumus?(Act.
3704 3262 3774 3331 ιι).

2292 3325 2437 3381 Tunc
2465 3334 2610 3401 erepit
2638 3333 2883 3400 detestari
2925 3347 2972 3392 et
3003 3340 3191 3410 jurare
3217 3346 3342 3415 quia
3371 3364 3476 3401 non
3506 3325 3670 3405 nasse!

2215 3417 2425 3471 minem.
2472 3420 2491 3492 (
2516 3423 2702 3495 Aug.)
2747 3424 2919 3493 Quam
2970 3433 3131 3487 noxia
3176 3449 3469 3503 pravorum
3521 3440 3775 3496 hominum

2214 3506 2494 3577 colloquia,
2547 3528 2665 3581 qum
2706 3530 2996 3588 coegerunt
3033 3521 3251 3579 Petrum
3302 3528 3607 3600 apostolum
3653 3532 3778 3586 inter

2215 3595 2458 3655 inﬁdeles
2501 3617 2693 3673 negare
2728 3606 3011 3666 Dominum
3035 3652 3049 3678 ,
3076 3615 3159 3669 vel
3205 3616 3477 3673 hominem
3510 3635 3570 3675 se
3593 3637 3772 3685 nosse,

2214 3703 2374 3757 quem
2428 3690 2568 3747 inter
2619 3696 3006 3768 condiscipulos
3045 3702 3158 3771 jam
3207 3707 3301 3762 Dei
3357 3708 3559 3766 Filium
3615 3714 3773 3769 fuerat

2214 3778 2531 3835 confessus.
2564 3782 2788 3859 (MAUR.)
2820 3788 2952 3845 Nota
2982 3796 3124 3862 quod
3171 3799 3403 3868 primum
3447 3810 3729 3875 respondet
3758 3825 3771 3861 :

2214 3865 2404 3923 Nescio
2431 3873 2556 3942 quid
2589 3874 2738 3930 dicis.
2773 3877 3017 3938 Secundo
3043 3865 3511 3958 cum—iuramento
3536 3865 3701 3968 .negat
3724 3914 3772 3952 se

2210 3971 2369 4012 nosse
2399 3960 2690 4019 hominem.
2724 3968 2904 4025 Tertio
2934 3982 3059 4029 tunc
3088 3979 3251 4047 cmpit
3280 3981 3563 4050 detestari,
3604 3960 3659 4042 et
3691 3987 3768 4056 ju-

2209 4060 2329 4100 rare
2357 4050 2498 4118 quod
2533 4069 2638 4107 non
2667 4058 2904 4115 novisset
2933 4061 3220 4121 hominem.
3252 4068 3619 4131 Perseverare
3643 4080 3768 4132 enim

2208 4136 2261 4189 in
2292 4149 2512 4206 peccato
2539 4142 2928 4203 incrementum
2955 4153 3217 4211 scelerum
3254 4160 3485 4229 confert.
3519 4164 3655 4230 Quia
3690 4168 3767 4236 qui

2206 4230 2413 4285 modica
2441 4234 2647 4301 spernit
2678 4237 2861 4293 incidit
2901 4242 2951 4296 in
2987 4246 3191 4316 majora
3220 4248 3389 4319 (Eccl.
3420 4254 3563 4326 nx).

2277 4318 2344 4372 Et
2392 4314 2636 4378 continuo
2682 4328 2852 4396 gallus
2908 4314 3153 4391 cantauit.
3187 4314 3369 4412 (Aug)
3412 4314 3557 4401 Galli
3607 4360 3764 4405 autem

2206 4420 2419 4464 cantum
2459 4424 2582 4483 post
2634 4419 2845 4474 tertiam
2901 4428 3243 4495 negationem
3287 4432 3435 4489 Petri
3486 4442 3762 4495 secundum

2204 4515 2322 4555 esse
2378 4504 2767 4577 intelligimus,
2818 4514 2958 4569 sicut
3016 4517 3227 4576 Marcus
3280 4530 3572 4592 expressit.
3638 4531 3763 4586 Solet

2204 4589 2481 4663 Scriptura
2509 4612 2661 4653 sacra
2690 4609 2830 4671 saepe
2858 4608 3107 4662 meritum
3136 4626 3423 4669 causarum
3452 4634 3555 4686 per
3584 4628 3759 4673 statum

2200 4682 2480 4752 designare
2516 4695 3025 4759 temporumullnde
3052 4698 3267 4757 Petrum
3289 4708 3379 4773 qui
3412 4682 3595 4763 media
3626 4722 3759 4766 nocte

2200 4774 2414 4840 negavit
2442 4776 2508 4828 ad
2551 4779 2673 4847 galli
2712 4791 2924 4837 cantum
2967 4789 3235 4855 poniituit.
3288 4794 3387 4858 Qui
3440 4798 3613 4852 etiam
3659 4810 3759 4869 post

2202 4868 2651 4923 resurrectionem
2699 4872 2889 4927 diurna
2933 4879 3029 4930 sub
3085 4880 3200 4936 luce
3248 4884 3534 4941 Dominum
3564 4930 3578 4953 ,
3617 4908 3757 4960 quem

2172 4958 2281 5002 -ter
2310 4966 2616 5023 negaverat,
2653 4964 2811 5016 tertio
2861 4980 2920 5018 se
2958 4981 3138 5023 amare
3182 4971 3455 5040 professus
3485 4988 3575 5034 est
3605 4958 3755 5051 :vquia

2196 5038 2446 5095 nimirum
2477 5048 2617 5113 quod
2648 5049 2697 5101 in
2734 5053 2969 5107 tenebris
3002 5058 3285 5116 oblivionis
3322 5069 3530 5122 erravit
3560 5080 3613 5123 et
3649 5087 3753 5139 spe-

2198 5140 2325 5186 ratae
2372 5133 2485 5201 jam
2524 5138 2657 5193 lucis
2686 5148 3129 5205 rememoratione
3158 5158 3416 5221 correxit,
3446 5169 3500 5212 et
3532 5162 3754 5232 ejusdem

2194 5240 2331 5279 verte
2376 5228 2511 5284 lucis
2546 5233 2732 5302 adepta
2769 5242 3049 5304 prmsentia
3076 5284 3089 5307 ,
3122 5246 3274 5314 plene
3309 5257 3475 5304 totum
3509 5228 3753 5324 quidquid

2190 5322 2469 5371 nutaverat
2492 5322 2682 5375 erexit.
2707 5324 2857 5380 Hunc
2886 5329 3072 5397 opinor
3099 5335 3294 5403 gallum
3323 5338 3559 5407 aliquem
3587 5322 3752 5397 dotta-

2189 5418 2305 5455 rum
2356 5406 2755 5479 intelligendum
2787 5454 2801 5476 ,
2851 5419 2938 5484 qui
2992 5437 3085 5474 nos
3110 5421 3354 5488 jacentes
3390 5430 3638 5484 excitans
3665 5472 3678 5494 ,
3706 5440 3752 5482 rt

2190 5495 2547 5551 somnolentos
2564 5500 2863 5569 increpans,
2884 5508 3022 5561 dicat
3042 5529 3052 5562 :
3072 5511 3347 5580 Evigilate,
3364 5518 3522 5584 justi,
3543 5533 3589 5573 et
3610 5510 3751 5572 nolis:

2188 5597 2398 5648 peccare
2421 5586 2468 5654 (1
2499 5587 2619 5641 Cor.
2653 5592 2760 5660 xv).
2793 5593 2938 5659 Quod
2967 5600 3104 5652 etaim
3136 5602 3325 5658 Petrus
3356 5616 3480 5661 ante
3529 5609 3749 5676 primum
