3922 6358
236 373 370 429 1195

1175 364 1522 421 CUMMENT.
1560 365 1624 418 ΚΝ
1657 325 2093 422 ‘MATTIIASUM.
2133 398 2199 406 —
2230 369 2354 423 LIB.
2394 372 2523 426 Vill.

3318 387 3443 441 “$26

233 481 560 553 gallicinium
608 475 819 546 negavit
866 476 1006 541 illos,
1059 475 1326 546 Signiﬁcat
1373 476 1462 544 qui
1519 473 1793 529 Christum
1820 479 2038 539 APetri
2070 482 2428 550 negationem.
2455 483 2568 550 Qua
2617 491 2893 545 terminata
2941 496 3204 550 redierunt
3256 499 3445 553 itermu

233 567 821 636 autoresurrectioucm
849 567 1015 620 Deum
1054 579 1171 619 esse
1202 579 1303 617 non
1338 571 1658 631 putaverunt
1680 565 1795 634 ejus

233 673 408 720 morte
433 659 646 722 turbati.
688 658 834 733 Quod
878 674 1004 713 vero
1051 659 1132 712 bis
1175 667 1300 712 ante
1338 658 1629 711 secundum
1673 659 1794 728 galli

233 760 451 806 cantum
482 748 711 816 negavit,
763 747 883 800 illos
937 745 1266 817 significasse
1315 745 1636 799 credendum
1672 753 1792 811 est,

235 847 326 916 qui
356 844 569 899 nuncin
593 843 702 908 illo,
734 842 816 896 vel
846 841 1136 896 secundum
1168 839 1440 892 hominem
1478 839 1560 892 vel
1607 855 1799 894 secun-

235 941 362 993 dum
397 936 560 990 Deum
591 935 641 988 in
668 941 893 1002 utraque
923 930 1218 985 substantia
1245 937 1449 993 errant,
1480 940 1532 983 et
1566 930 1682 984 ideo
1701 944 1795 991 vc-

233 1028 450 1082 ritatem
480 1033 692 1094 negant.
714 1024 923 1077 Primus
952 1021 1091 1077 enim
1123 1019 1245 1090 galli
1274 1029 1463 1074 cantus
1489 1021 1799 1089 intelligitur

233 1114 427 1184 capitis
460 1113 797 1175 resurrectio,
824 1111 874 1164 id
897 1119 1001 1174 est,
1032 1109 1199 1178 ipsius
1237 1109 1486 1174 Domini;
1534 1112 1800 1166 secundus

235 1214 415 1260 autem
464 1206 589 1259 item
623 1204 786 1274 ipsius
813 1201 1050 1265 Domini,
1083 1199 1175 1253 sed
1202 1199 1256 1253 in
1286 1215 1508 1270 corpore
1547 1200 1799 1256 Ecclesia:

239 1281 526 1350 universae.

308 1385 371 1438 Et
395 1383 692 1438 recordatus
721 1390 795 1434 est
830 1375 1015 1433 Petrus
1061 1378 1200 1432 verbi
1225 1377 1354 1433 Iesu
1381 1381 1520 1451 quod
1543 1380 1750 1435 dixerat
1779 1398 1798 1437 :

236 1475 374 1541 Quia
407 1476 708 1543 priusquam
737 1468 906 1541 gallus
940 1477 1144 1533 cantet,
1171 1479 1250 1529 ter
1286 1484 1368 1523 me
1396 1464 1624 1538 negabis.
1650 1469 1802 1539 (Hie-

233 1565 374 1636 ron.)
400 1565 457 1622 ιη
488 1564 592 1618 alio
617 1560 904 1630 Evangelio
924 1559 1151 1630 legimus
1171 1559 1295 1628 quia
1317 1567 1438 1628 post
1465 1559 1800 1628 negationem

233 1652 379 1708 Petri
409 1661 462 1708 et
488 1660 707 1707 cantum
741 1649 887 1720 galli,
918 1648 1215 1718 respexerit
1253 1647 1501 1701 Salvator
1536 1647 1752 1701 Petrum
1783 1688 1798 1712 ,

232 1750 291 1796 et
321 1742 512 1796 intuitu
560 1755 656 1794 suo
709 1754 828 1793 eum
862 1739 926 1792 ad
962 1752 1174 1792 amaras
1200 1736 1466 1806 lacrymas
1499 1737 1804 1806 provocarit

1896 570 1962 622 ad
2010 583 2168 623 mane
2215 577 2275 623 ut
2322 571 2443 627 inde
2491 583 2683 632 eretera
2735 589 3116 648 contexerant,
3174 591 3449 656 quousque

1894 659 2246 727 perducerent
2272 675 2389 730 quae
2417 677 2535 717 cum
2559 665 2780 722 Domino
2801 676 2917 723 acta
2947 682 3114 727 erant.
3145 675 3294 732 Mane
3324 691 3451 749 ergo

1896 745 2039 801 faeto
2085 747 2367 802 concilium
2415 767 2632 820 nequam
2691 755 2923 810 inierunt
2973 757 3138 814 Judaei
3199 745 3451 821 adversus

1893 835 2076 892 Jesum
2103 877 2119 903 ,
2145 845 2206 891 ut
2230 853 2353 892 eum
2394 842 2551 895 morti
2587 844 2871 899 traderent.
2908 845 3053 900 Unde
3081 861 3139 900 se
3162 849 3346 904 beatus
3367 852 3451 906 vir

1896 927 2156 983 abstinuit
2209 928 2274 982 de
2329 945 2434 999 quo
2481 932 2736 1001 scriptum
2765 944 2848 989 est
2875 951 2889 988 :
2917 937 3106 992 Beatus
3137 939 3214 993 vir
3238 941 3324 1010 qui
3349 958 3450 996 non

1896 1019 2024 1071 abiit
2050 1019 2102 1072 in
2125 1018 2339 1073 consilio
2368 1021 2643 1089 impiorum
2688 1033 2734 1075 et
2777 1024 2830 1076 in
2869 1026 2949 1078 via
2987 1038 3309 1095 peccatorum
3350 1047 3451 1085 non

1896 1108 2056 1174 stetit,
2083 1116 2130 1160 et
2155 1107 2209 1162 in
2245 1109 2489 1163 cathedra
2508 1110 2806 1179 pestilentia:
2833 1129 2933 1166 non
2959 1115 3085 1168 sedit
3109 1114 3276 1186 (Psal.
3303 1117 3364 1190 ι).

1973 1196 2040 1250 Et
2068 1199 2294 1252 vinctum
2327 1200 2657 1254 adduxerunt
2680 1219 2815 1267 eum,
2841 1214 2888 1255 et
2916 1204 3236 1258 tradiderunt
3265 1205 3453 1263 Pontio

1900 1286 2078 1342 Pilato
2118 1291 2348 1359 pra’sidi.
2384 1290 2649 1360 (Hicron.)
2686 1291 2799 1346 Non
2848 1293 3018 1347 solum
3064 1294 3133 1347 ad
3187 1295 3410 1350 Pilatum
3438 1338 3452 1361 ,

1899 1377 1994 1441 sed
2017 1379 2176 1432 etiam
2203 1380 2270 1434 ad
2292 1377 2555 1434 Herodem
2578 1381 2769 1434 ductus
2790 1389 2902 1446 est,
2931 1391 2987 1436 ut
3023 1392 3246 1452 uterque
3283 1384 3460 1438 Domi-

1899 1483 1970 1524 no
2005 1468 2268 1523 illuderet.
2317 1469 2384 1522 Et
2427 1484 2585 1524 cerne
2624 1470 3029 1527 sollicitudinem
3076 1475 3409 1529 sacerdotum
3443 1492 3456 1528 :

1903 1558 1957 1612 in
1999 1557 2142 1612 malo
2169 1567 2279 1613 tota
2304 1568 2458 1615 nocte
2496 1561 2846 1630 vigilaverunt
2875 1603 2888 1627 ,
2925 1570 2984 1617 ut
3011 1565 3351 1619 homicidium
3383 1566 3462 1619 fa-

1902 1655 2107 1712 cerent,
2124 1655 2177 1702 et
2197 1648 2432 1703 vinctum
2453 1649 2785 1704 tradiderunt
2807 1650 2995 1706 Pilato.
3019 1651 3294 1708 Habebam
3316 1654 3457 1708 enim

1903 1737 2047 1791 hunc
2074 1752 2302 1802 morem,
2327 1745 2385 1791 ut
2413 1752 2571 1806 quem
2598 1738 2991 1808 adjudicassent
3034 1741 3214 1804 morti,
3244 1740 3460 1810 ligatum

233 1830 387 1902 (Luc.
418 1828 569 1899 xxn).
603 1828 712 1883 Nec
739 1828 854 1882 fieri
893 1834 1104 1897 poterat
1137 1835 1196 1880 ut
1226 1826 1279 1880 in
1328 1827 1627 1896 negationis
1654 1835 1804 1883 tene-
1831 1810 1878 1868 Β
1899 1825 2065 1895 judici
2089 1828 2376 1882 traderent.
2400 1827 2580 1899 (ΗΑΒ.)
2601 1827 2851 1884 Attamen
2881 1829 3170 1888 notandum
3195 1832 3333 1899 quod
3358 1847 3462 1886 non

233 1921 348 1975 bris
375 1932 733 1988 permaneret,
761 1931 920 1985 quem
956 1917 1047 1970 lux
1088 1924 1397 1986 respexerat
1427 1915 1631 1970 mundi.
1673 1915 1803 1970 Mihi

234 2005 448 2060 videtur
481 2004 567 2058 illa
597 2003 858 2072 respectio
887 2002 1141 2056 divinitus
1163 2002 1326 2068 facta,
1354 2009 1413 2056 ut
1441 2004 1489 2058 ei
1515 2005 1722 2058 veniret
1738 2004 1803 2058 in

233 2104 468 2151 mentem
499 2095 707 2164 quoties
747 2095 856 2164 jam
896 2103 1177 2164 negasset,
1210 2104 1266 2150 et
1303 2097 1430 2165 quid
1457 2097 1506 2151 ei
1547 2097 1803 2152 Dominus

231 2186 599 2255 prmdixisset,
653 2194 814 2253 atque
858 2185 930 2238 ita
967 2185 1388 2240 misericorditer
1426 2186 1649 2241 Domino
1682 2202 1801 2242 res-

235 2272 465 2342 piciente
491 2273 776 2341 pmniteret
815 2288 935 2326 eum
961 2313 974 2337 ,
1025 2281 1080 2326 et
1126 2273 1410 2328 salubriter
1435 2273 1590 2328 ﬂeret
1622 2292 1634 2327 :
1666 2276 1805 2330 sicut

235 2363 476 2430 quotidie
513 2363 740 2416 dicimus
773 2381 784 2415 :
821 2362 1064 2426 Domine,
1106 2363 1312 2431 respice
1345 2377 1449 2416 me.
1476 2363 1544 2416 Et
1566 2363 1804 2434 respexit

233 2465 356 2505 eum
388 2451 641 2506 Dominus
667 2491 680 2515 ,
725 2452 814 2520 qui
855 2453 921 2505 de
961 2450 1138 2519 aliquo
1166 2451 1422 2520 periculo,
1464 2452 1546 2506 vel
1577 2452 1758 2506 labore
1783 2492 1798 2518 ,

234 2539 411 2595 divina
447 2540 811 2596 misericordia
869 2540 1124 2594 liberatus
1173 2547 1272 2594 est.
1323 2540 1385 2592 Et
1416 2541 1554 2593 sicut
1600 2541 1798 2594 dictum

234 2639 317 2682 est
341 2646 354 2682 :
383 2606 616 2697 Respice,
639 2638 710 2695 ct,
745 2629 951 2681 Exaudi
981 2645 1077 2691 me,
1111 2637 1187 2693 et,
1210 2628 1536 2693 Convertere,
1560 2629 1795 2695 Domine,

234 2718 396 2773 libera
425 2707 650 2772 animum
675 2735 842 2772 meum
862 2717 1030 2789 (Psal.
1055 2719 1162 2787 v1),
1196 2719 1267 2771 ita
1297 2719 1494 2772 dictum
1524 2721 1754 2774 arbitror
1781 2735 1796 2774 :

234 2805 524 2862 Conversus
567 2807 817 2860 Dominus
851 2808 1067 2877 respexit
1118 2804 1374 2872 Petrum,
1409 2817 1454 2860 et
1502 2810 1799 2864 recordatus

233 2905 310 2950 est
351 2893 541 2950 Petrus
569 2895 703 2949 verbi
728 2895 956 2949 Domini.

306 2985 376 3039 Et
405 3002 638 3055 egressus
671 2985 813 3053 [oras
838 3025 852 3048 ,
890 2986 1026 3054 [ierit
1047 3003 1244 3040 amare.
1287 2987 1306 3057 (
1325 2986 1564 3060 Venant.)
1609 2989 1800 3059 Respi-

233 3075 412 3131 ciente
442 3075 666 3130 Domino
695 3075 883 3130 Petrus
906 3077 970 3129 ad
993 3091 1086 3128 cor
1115 3090 1378 3141 reversus,
1416 3078 1677 3132 maculam
1705 3094 1800 3132 ne-

1906 1926 2032 1972 tunc
2056 1918 2293 1987 primum
2320 1917 2620 1987 ligaverunt
2660 1935 2814 1985 eum,
2854 1921 2947 1976 sed
2977 1936 3096 1976 mox
3120 1924 3465 1991 comprehen-

1905 2023 2022 2063 sum
2050 2015 2206 2062 nocte
2234 2006 2288 2061 in
2314 2008 2490 2074 horto,
2518 2015 2577 2062 ut
2603 2007 2834 2065 Joannes
2868 2009 3122 2076 declarat,
3145 2011 3463 2080 ligaverunt,

1904 2105 1958 2152 et
1986 2100 2066 2152 sic
2092 2098 2425 2152 adduxerunt
2451 2111 2569 2150 eum
2602 2097 2668 2151 ad
2693 2097 2901 2151 Annam
2931 2097 3184 2167 primum.

1976 2186 2120 2240 Tunc
2153 2187 2331 2241 videns
2359 2187 2529 2242 ludas
2552 2188 2640 2256 qui
2664 2203 2780 2240 eum
2817 2189 3032 2241 tradidit
3074 2189 3212 2260 quod
3249 2188 3466 2242 damna-

1905 2284 1988 2330 tus
2010 2284 2162 2341 esset,
2206 2275 2501 2346 pwniteutia
2531 2275 2715 2328 ductus
2757 2277 2926 2328 retulit
2957 2277 3169 2345 triginta
3200 2286 3464 2345 argenteos

1901 2366 2220 2438 principibus
2250 2367 2576 2421 sacerdotum
2614 2373 2662 2419 et
2693 2368 2949 2420 seniorum
2969 2407 2983 2431 ,
3015 2367 3188 2421 dicens
3210 2383 3228 2420 :
3252 2365 3467 2421 Peccavi

1901 2454 2112 2508 tradens
2136 2456 2435 2524 sanguinem
2455 2455 2677 2523 justum.
2703 2453 2968 2524 (Hieron.)
2991 2454 3240 2508 Avaritia:
3266 2457 3468 2524 magni-

1902 2544 2138 2598 tudinem
2177 2543 2466 2611 impietatis
2509 2542 2716 2616 pondus
2757 2543 3000 2598 exclusit.
3050 2542 3246 2597 Videns
3302 2543 3466 2597 Judas

1901 2633 2184 2688 Dominum
2224 2631 2587 2702 adjudicatum
2615 2633 2773 2687 morti
2799 2633 3028 2702 pretium
3059 2634 3238 2688 retulit
3281 2649 3461 2688 sacer-

1900 2722 2131 2787 dotibus,
2163 2722 2313 2790 quasi
2363 2722 2414 2774 in
2463 2728 2727 2790 potestate
2772 2737 2866 2777 sua
2896 2729 3038 2776 esset
3064 2708 3465 2791 persecutorism

1900 2819 2106 2865 mutare
2136 2811 2476 2867 sententiam.
2519 2811 2705 2879 Itaque
2747 2811 2871 2865 licet
2913 2811 3200 2863 mutaverit
3222 2810 3468 2874 voluntar-

1903 2910 2010 2955 tcm
2037 2916 2216 2977 suam,
2249 2913 2427 2954 tamen
2456 2901 2746 2956 voluntatis
2782 2901 2968 2970 prima:
2996 2901 3195 2955 exitum
3225 2918 3330 2956 non
3355 2918 3465 2956 tnu-

1902 2990 2054 3046 tavit.
2101 2989 2159 3045 Si
2193 3000 2371 3045 autem
2406 2982 2650 3059 peccavit
2685 2989 2774 3045 ille
2801 2990 2892 3059 qui
2917 2989 3134 3044 tradidit
3157 2991 3465 3061 sanguinem

1897 3080 2098 3147 justum
2125 3120 2138 3144 ,
2168 3089 2371 3148 quanto
2406 3081 2574 3150 magis
2596 3087 2980 3149 peccaverunt,
3006 3080 3096 3149 qui
3129 3081 3463 3136 redemerant

235 3165 470 3235 gationis
499 3164 745 3234 lacrymis
771 3164 1100 3232 pmnitentize
1120 3164 1298 3233 tergit.
1325 3165 1456 3230 Quia
1485 3179 1589 3218 non
1627 3165 1799 3220 solum
1827 3144 1870 3205 (ἶ
1899 3144 2213 3237 sanguinem
2234 3166 2457 3233 justum,
2489 3144 2543 3219 et
2566 3144 2838 3220 olfcrendo
2864 3144 3095 3235 pretium
3124 3167 3189 3220 ad
3215 3168 3470 3236 proditio-

236 3269 359 3308 cum
411 3253 588 3323 agitur
619 3253 952 3321 prenitentia,
989 3266 1175 3306 verum
1204 3253 1366 3306 etiam
1394 3259 1451 3306 ut
1492 3261 1680 3322 agatur
1708 3252 1802 3306 Dei

233 3348 607 3404 misericordia
638 3346 942 3401 necessaria
973 3353 1076 3400 est.
1104 3344 1392 3414 Respicere
1424 3359 1654 3413 namque
1686 3342 1802 3410 ejus

235 3438 484 3493 misereri
534 3444 634 3491 est.
685 3435 835 3491 Unde
865 3435 1150 3490 Psalmista
1182 3453 1194 3488 :
1224 3433 1495 3505 Usquequo
1520 3474 1535 3499 ,
1589 3435 1800 3503 inquit,

234 3527 551 3582 exaltabitur
597 3526 836 3578 inimicus
877 3541 1054 3590 meus,
1100 3539 1258 3593 super
1306 3539 1392 3577 me
1424 3541 1436 3576 :
1471 3522 1704 3593 Respice,
1759 3533 1805 3577 et

235 3619 432 3674 exaudi
481 3635 560 3671 me
586 3658 600 3683 ,
636 3617 855 3670 Domine
885 3615 1023 3670 Deus
1052 3632 1194 3669 meus
1223 3613 1391 3685 (Psal.
1425 3614 1544 3686 xu),
1593 3616 1645 3670 id
1676 3624 1757 3670 est
1790 3656 1806 3682 ,

234 3708 501 3762 miserere
527 3717 582 3760 et
609 3705 819 3773 adiuva.
854 3706 1022 3772 Quam
1068 3705 1252 3761 nociva
1279 3721 1406 3760 sane
1432 3705 1661 3775 alloquia
1686 3722 1809 3776 per-

239 3799 466 3853 fidorum
504 3798 694 3853 Petrus
727 3798 866 3851 inter
891 3795 1101 3850 Judseos
1143 3795 1223 3850 vel
1255 3796 1526 3850 hominem
1557 3811 1616 3851 se
1652 3811 1809 3853 nosse

239 3889 472 3958 negavit,
505 3903 664 3956 quem
720 3887 859 3940 inter
905 3880 1302 3955 condiscipulos-
1334 3886 1427 3939 Dei
1459 3885 1652 3940 Filium
1686 3902 1810 3942 con-

240 3977 416 4032 fessus
441 3983 572 4029 erat.
605 3973 708 4028 Sed
755 3989 854 4028 nec
901 3974 953 4027 in
991 3974 1128 4026 atrio
1153 3972 1367 4042 Caiphze
1399 3982 1636 4028 retentus
1660 3984 1838 4045 pote-.

241 4073 326 4119 rat
350 4078 506 4134 agere
531 4063 918 4133 pmnitentiam.
944 4062 1226 4133 Egreditur
1251 4061 1416 4125 foras,
1439 4069 1496 4115 ut
1526 4061 1595 4115 ab
1621 4063 1832 4131 impio-‘

243 4169 362 4207 rum
411 4154 637 4207 concilio
692 4161 968 4215 secretus,
1022 4150 1225 4221 pavida:
1278 4151 1576 4221 negationis
1623 4153 1808 4206 sordes

242 4243 428 4298 liberis
452 4241 662 4295 ﬂetibus
686 4241 884 4296 abluat.
915 4242 995 4297 Ob
1022 4241 1122 4296 hoc
1149 4242 1286 4295 sicut
1311 4249 1531 4310 apparet
1561 4241 1809 4296 luesitare

243 4331 555 4400 permissus,
583 4331 719 4383 utin
754 4329 1004 4385 Ecclesiae
1027 4330 1266 4400 principe
1311 4330 1602 4384 remedium
1638 4332 1810 4399 poeni-

247 4420 426 4474 tentize
452 4420 768 4473 conderetur
792 4461 806 4484 ,
855 4429 908 4474 et
947 4434 1105 4474 nemo
1131 4420 1352 4474 auderet
1378 4422 1442 4474 de
1475 4435 1570 4475 sua
1610 4422 1807 4476 virtute

243 4509 532 4573 conlidere,
553 4511 764 4577 quando
787 4510 1159 4564 mutabilitatis
1179 4510 1474 4578 periculum
1498 4526 1596 4565 nec
1621 4511 1808 4566 beatus

241 4600 436 4654 Petrus
459 4601 718 4668 potuisset
747 4600 992 4653 evadere.
1048 4601 1303 4654 Dominus
1330 4610 1506 4655 autem
1532 4600 1686 4656 Jesus
1717 4603 1806 4671 qui

243 4689 386 4743 intra
423 4687 727 4757 pontiﬁcale
756 4689 1037 4741 concilium
1088 4689 1202 4743 solo
1241 4704 1468 4758 corpore
1504 4691 1803 4756 tenebatur,

244 4777 651 4844 trepidationem
698 4777 938 4845 discipuli
973 4776 1103 4832 foris
1138 4780 1320 4847 positi,
1356 4781 1537 4832 divino
1567 4781 1696 4834 vidit
1729 4782 1808 4833 in-

246 4867 383 4921 tuitu
409 4874 463 4920 et
488 4865 728 4934 paventis
750 4867 984 4920 animum
1021 4882 1144 4920 mox
1168 4874 1226 4921 ut
1249 4868 1504 4936 respexit,
1538 4869 1726 4930 erexit,
1755 4877 1807 4922 et

245 4959 301 5011 in
337 4955 492 5010 ﬂetus
518 4957 863 5025 paenitudinis
888 4957 1147 5010 incitavit.

781 5067 1005 5122 CAPUT
1043 5066 1251 5122 XXVII.

245 5162 400 5216 Jesus
428 5157 598 5211 Pilato
625 5160 867 5221 traditur,
899 5157 1068 5211 .Iudas
1089 5157 1277 5227 laqueo
1322 5159 1473 5227 perit,
1513 5167 1560 5210 ct
1604 5158 1666 5209 de
1693 5167 1802 5211 tota

672 5227 864 5280 Christi
883 5226 1095 5288 Domini
1117 5226 1373 5296 passione.

273 5385 277 5388 ν
433 5316 586 5370 Mane
617 5325 786 5368 autem
826 5315 963 5383 facto
995 5313 1267 5368 consilium
1292 5315 1516 5367 inierunt
1551 5316 1804 5384 principes

247 5408 575 5466 sacerdotum
597 5415 642 5457 et
667 5407 887 5457 seniores
912 5404 1087 5472 populi
1117 5405 1361 5457 adversus
1388 5405 1586 5469 Jcsum,
1616 5417 1668 5458 ut
1690 5423 1806 5458 eum

248 5499 406 5554 morti
431 5497 707 5550 traderent.
737 5492 912 5564 (.4ug.)
938 5495 1212 5549 Matthzeus
1239 5505 1292 5549 et
1325 5496 1533 5549 Marcus
1560 5506 1810 5552 contexe—

251 5597 380 5644 wnt
405 5585 760 5640 narrationem
801 5585 852 5636 in
887 5585 969 5637 his
998 5599 1115 5652 qum
1143 5600 1262 5637 cum
1294 5587 1514 5640 Domino
1545 5596 1659 5640 acta
1688 5597 1812 5640 sunt

251 5694 424 5747 usque
458 5676 521 5730 ad
553 5693 722 5728 man».
762 5675 850 5726 sed
889 5683 1069 5741 postea
1099 5674 1369 5729 redierunt
1399 5678 1463 5728 ad
1491 5677 1808 5729 narrandam

1901 3272 2024 3311 nem
2051 3255 2367 3324 discipulum
2391 3256 2852 3324 provocaverant?
2889 3256 2987 3321 Qui
3027 3257 3265 3321 diversas
3310 3269 3465 3310 natu-

1904 3361 1992 3400 ras
2020 3354 2281 3400 conantur
2312 3345 2668 3408 introducere,
2702 3353 2757 3399 et
2783 3344 2965 3398 dicunt
2989 3343 3180 3399 ludam
3218 3347 3464 3414 prodito-

1905 3452 2015 3491 rem
2044 3435 2197 3489 malre
2225 3433 2389 3489 fuisse
2418 3443 2642 3498 naturas,
2673 3449 2771 3488 nec
2802 3433 3112 3510 electionem
3141 3435 3467 3502 apostolatus

1901 3526 2138 3595 potuisse
2176 3537 2409 3587 servare,
2436 3523 2791 3593 respondeant
2817 3523 3083 3592 quomodo
3107 3522 3246 3576 mala
3273 3530 3459 3577 natura

1889 3614 2072 3684 egerit
2098 3612 2486 3682 pmnitentiam.
3412 3628 3414 3630 τ

1975 3705 2039 3756 At
2068 3703 2144 3756 illi
2169 3701 2598 3767 dixerunt:Quld
2621 3702 2688 3756 ad
2715 3718 2806 3756 nos
2831 3703 2856 3756 ?
2891 3701 2966 3755 Tu
3008 3702 3214 3756 videris.
3241 3700 3463 3772 (ΜΑυιι.)

1907 3792 2042 3859 Quid
2082 3793 2147 3847 ad
2177 3809 2292 3858 nos,
2320 3793 2583 3861 inquiunt,
2612 3792 2841 3860 pertinet
2886 3791 3112 3862 pretium
3144 3791 3464 3859 acceptum?

1909 3883 1988 3937 Tu
2024 3883 2173 3937 ‘illud
2216 3881 2541 3953 prohaveras
2567 3922 2580 3945 ,
2639 3889 2694 3934 tu
2741 3879 2824 3934 fac
2867 3881 2988 3934 inde
3033 3880 3172 3950 quod
3217 3880 3464 3934 volueris.

1911 3973 2178 4046 (Hierom)
2233 3973 2375 4027 Nihil
2429 3974 2640 4042 quidem
2693 3971 2922 4026 nefando
2967 3970 3226 4040 proditori
3274 3969 3471 4041 profuit

1909 4064 2081 4133 egisse
2104 4062 2468 4130 paenitentiam
2493 4101 2506 4125 ,
2541 4075 2637 4130 per
2665 4075 2824 4130 quam
2853 4060 3025 4115 scelus
3065 4059 3330 4129 corrigere
3364 4073 3466 4112 non

1907 4152 2094 4222 potuit.
2129 4151 2183 4204 Si
2206 4151 2416 4219 quando
2454 4153 2529 4204 sic
2559 4149 2722 4203 frater
2744 4158 2928 4218 peccat
2957 4149 3010 4202 in
3053 4148 3294 4210 fratrem,
3338 4158 3393 4203 ut
3419 4149 3466 4204 ei

1909 4257 2013 4296 non
2072 4243 2200 4296 dare
2245 4240 2420 4293 valeat
2451 4238 2591 4308 quod
2636 4239 2872 4306 peccavit
2911 4246 3084 4307 potest
3130 4237 3178 4290 ei
3226 4238 3464 4291 dimitti:

1911 4336 1954 4388 si
1986 4343 2160 4387 autem
2191 4339 2503 4402 permanent
2543 4345 2703 4399 opera
2726 4370 2740 4393 ,
2775 4329 2971 4382 frustra
3006 4344 3132 4382 voce
3182 4328 3469 4381 assumitur

1912 4422 2242 4492 poenitentia.
2277 4421 2385 4473 lloe
2413 4427 2492 4472 est
2534 4419 2672 4486 quod
2711 4418 2762 4470 in
2799 4417 3001 4486 psalmo
3029 4417 3091 4470 de
3121 4416 3303 4469 eodem
3334 4414 3468 4472 inle-

1912 4512 2162 4565 licissimo
2187 4508 2318 4562 Juda
2348 4509 2537 4561 dicitur
2575 4523 2586 4558 :
2619 4506 2685 4558 Et
2712 4505 2878 4557 oratio
2925 4504 3037 4572 ejus
3065 4502 3157 4568 ﬁat
3206 4502 3256 4552 iu
3286 4516 3466 4568 pecca-
3526 4521 3530 4527 α

1910 4611 2015 4654 tum
2048 4598 2230 4670 -(Psnl.
2272 4596 2456 4664 cvm),
2489 4603 2546 4648 ut
2586 4609 2688 4647 non
2719 4592 2885 4646 solum
2913 4592 3196 4644 emendare
3223 4603 3324 4642 non
3352 4590 3468 4656 qui-

1909 4689 2046 4743 verit
2076 4686 2394 4757 proditionis
2419 4683 2568 4736 nefas
2597 4723 2609 4747 ,
2659 4682 2749 4735 sed
2777 4681 2840 4734 ad
2870 4680 3016 4749 prius
3056 4675 3229 4730 scelus
3254 4715 3267 4740 ,
3308 4677 3465 4729 etiam

1910 4779 2106 4848 proprii
2147 4775 2413 4830 homicidii
2471 4773 2674 4827 crimen
2718 4770 2998 4824 addiderit.
3051 4767 3175 4820 Tale
3230 4766 3354 4833 quid
3413 4772 3465 4819 et

1911 4865 2196 4934 Apostolus
2235 4865 2284 4915 in
2323 4862 2553 4915 secunda
2597 4860 2662 4913 ad
2701 4859 3002 4913 Corinthios
3036 4854 3264 4923 Epistola
3298 4853 3466 4921 loqui-

1913 4965 2000 5009 tur
2044 4972 2056 5007 :
2104 4951 2184 5004 Ne
2249 4950 2614 5004 abundantiori
2668 4947 2875 5000 tristitia
2935 4943 3266 4996 absorbeatur
3306 4941 3466 5009 frater

1914 5045 1996 5116 (II
2027 5043 2145 5098 Cor.
2184 5043 2260 5112 ιι).

1981 5135 2048 5187 Et
2075 5133 2313 5203 proiectis
2345 5129 2595 5196 argenteis
2627 5128 2678 5179 in
2714 5125 2896 5182 tcrunlo
2921 5164 2936 5187 ,
2968 5123 3200 5182 recessit;
3224 5131 3270 5172 et
3290 5121 3461 5174 abiens

1913 5225 2094 5293 laqueo
2124 5238 2176 5274 se
2201 5218 2480 5286 suspendit.
2507 5213 2727 5284 (Μιιυιι.)
2769 5213 2918 5265 Sicut
2966 5209 3272 5278 pmititentia
3317 5205 3462 5260 ludo:

1913 5314 2238 5370 infructuosa
2293 5308 2420 5371 fuit,
2473 5307 2548 5360 sic
2594 5314 2644 5357 et
2684 5304 2881 5358 oblatio
2917 5300 3297 5370 reprobabilis;
3330 5298 3461 5351 nihil

1912 5406 2051 5459 enim
2085 5403 2153 5455 illi
2186 5397 2380 5469 profuit
2411 5405 2686 5466 argentum
2710 5392 2994 5464 projectum
3027 5392 3076 5443 in
3110 5390 3320 5457 templo,
3340 5403 3458 5443 cum

1916 5495 2056 5546 illum
2086 5506 2187 5544 non
2215 5487 2441 5541 absolvit
2465 5501 2493 5538 a
2519 5495 2697 5545 reatu,
2729 5483 2818 5536 sed
2858 5481 3021 5550 magis
3049 5478 3169 5533 fecit
3198 5479 3409 5532 noxium
3445 5494 3456 5527 :

1915 5584 2169 5650 scriptum
2196 5587 2275 5631 est
2311 5577 2452 5630 enim
2482 5617 2496 5639 ,
2546 5574 2752 5627 Oblatio
2802 5573 3073 5639 impiorum
3105 5567 3462 5622 abominabilis

1920 5671 2135 5723 Domino
2161 5683 2272 5736 qtta'
2303 5667 2515 5734 o/fertur
2561 5679 2623 5717 ea:
2668 5660 2852 5714 scelere
2891 5657 3068 5728 (Prov.
3106 5658 3239 5725 nt).
3264 5655 3461 5710 Abiens
