3922 6340
476 392 610 449 1127

1124 373 1185 425 ll.
1225 363 1479 421 RABANI
1515 357 1726 415 MAURI
1769 351 2083 409 ARCHIEP.
2128 348 2434 406 MOGUNT.
2478 347 2757 402 OPEliUM
2796 334 2973 401 PARS
3006 349 3047 401 1.

3588 351 3718 405 1193

469 513 684 574 quoque
711 506 896 563 laqueo
920 503 975 543 se
1002 482 1281 554 suspendit
1312 521 1327 543 ,
1362 488 1420 532 ut
1455 492 1512 531 se
1553 472 1861 528 ostenderet
1899 464 2036 519 emlo
2067 468 2114 523 Α
2148 464 2297 553 Unde
2326 472 2545 535 putatur
2566 477 2686 516 esse
2711 461 2925 574 codi'ce's
2956 460 3379 574 rnendospskqui
3410 461 3612 517 habent
3633 460 3719 518 .Ιά

1726 559 1736 571 -
1956 569 2005 574 Α,
2190 572 2195 574 .
2270 558 2322 574 .o
2360 573 2383 574 η
2626 553 2737 574 ___.-
2772 566 2830 574 ,ὠ
2921 565 2979 574 ,Α
3005 551 3151 574 ,ηιμ
3217 567 3240 574 _
3290 566 3377 574 η,
3411 553 3699 574 LL---”

474 559 739 657 {eumque
764 559 1053 653 perosum;
1096 575 1160 628 de
1187 586 1293 641 quo
1320 576 1476 638 poeta
1516 559 1897 647 convenienter
1948 569 2041 608 ca—

474 694 609 736 nens
636 676 741 731 ait:

597 765 848 816 Infelicem
868 759 1071 807 animam
1094 755 1271 811 laqueo
1298 744 1551 815 suspendit
1576 737 1761 816 absim
1788 751 1798 785 :

596 800 1250 881 feciervir'a—quidemtta'tuo
1274 821 1359 881 pro
1377 800 1798 881 criminegcullpfe:

900 862 1144 928 infinita
1165 862 1291 920 forei
1316 881 1396 939 par
1418 878 1561 939 pruna
1583 862 1817 939 utallerurn

595 923 1077 999 'uié’niaius,
1102 946 1260 984 tamen
1358 927 1566 999 sublime
1586 923 1791 999 cadaver

601 985 1263 1063 Bst-enditpcpuli_s,'quanto
1284 989 1348 1039 d'e
1370 988 1583 1063 ru'miue
1597 985 1768 1063 lapsi-ts

602 1044 1109 1119 discipulus;
1124 1056 1210 1119 qui
1235 1065 1363 1119 nunc
1385 1063 1502 1119 re_us
1527 1049 1621 1095 alta
1640 1044 1926 1119 relipqueus

816 1103 1363 1174 iiiiiiéuﬁi'déscenuu
1394 1112 1453 1158 ad
1478 1119 1630 1165 usque
1652 1103 1955 1166 profundum.

552 1211 825 1279 Principes
857 1214 1029 1258 autem
1056 1198 1395 1255 Sacerdotum
1443 1190 1664 1259 acceptis
1711 1186 1925 1279 triginta
1967 1199 2054 1235 ar-

480 1302 675 1373 genteis
719 1274 963 1352 dixerunt
993 1307 1010 1342 :
1034 1290 1156 1343 Non
1188 1285 1303 1338 licet
1344 1298 1429 1335 eos
1457 1281 1511 1333 in
1549 1278 1826 1332 carbonum
1854 1274 2054 1373 mittere

480 1365 605 1465 quia
651 1392 869 1463 pretium
900 1381 1167 1453 sanguinis
1194 1387 1286 1432 est.
1319 1370 1609 1447 (Hierom)
1661 1369 1803 1465 Vere
1828 1365 2056 1465 pulicem

481 1454 766 1551 l'iquantes,
808 1486 863 1529 et
891 1470 1151 1528 camelum
1181 1464 1485 1537 glutientes.
1514 1458 1573 1513 Si
1608 1458 1751 1512 enim
1791 1454 1911 1508 ideo
1949 1466 2057 1505 non

481 1545 705 1627 mittunt
739 1564 1020 1636 pecuniam
1048 1562 1100 1614 in
1127 1558 1441 1619 eorbonam,
1490 1552 1541 1607 id
1569 1558 1674 1613 est,
1712 1547 1763 1601 in
1794 1545 2060 1617 gazophy-

482 1660 767 1714 laciumet
794 1640 932 1709 dona
968 1651 1085 1715 Dei,
1126 1650 1251 1718 quia
1279 1644 1513 1716 pretium
1536 1638 1810 1711 sanguinis
1835 1646 1936 1703 est,
1962 1650 2060 1691 cur

482 1751 599 1821 ipse
628 1746 847 1814 sanguis
877 1740 1158 1797 funditur?

2151 550 2333 611 remis:
2359 570 2576 619 nomen,
2620 553 2744 623 quia
2772 551 2850 605 vel
2875 550 3153 604 Zaeltariat
3176 550 3380 606 habere
3405 553 3722 621 debuerunt,

2150 646 2233 699 vel
2263 645 2461 699 nullius
2484 646 2624 699 sicut
2649 642 2886 711 quidam,
2919 639 3009 694 sed
3044 646 3252 693 tantum
3292 658 3386 710 per
3426 640 3722 711 prophetam

2150 737 2424 797 dicentem,
2457 736 2549 804 qui
2575 735 2762 803 utique
2794 730 3109 801 intelligitur
3130 730 3443 787 Zacharias.
3481 730 3585 787 Sed
3611 742 3723 785 uta.

2152 835 2239 879 tur
2261 828 2363 880 ista
2387 824 2701 880 defensione
2742 824 2828 879 cui
2866 822 3043 892 placet
3064 812 3099 885 ;’
3118 822 3250 874 mihi
3299 832 3479 877 autem
3507 839 3605 878 cur
3624 839 3723 878 nou

2152 918 2361 988 placeat
2386 957 2403 983 ,
2448 918 2564 972 haec
2591 931 2774 997 causa
2805 924 2925 969 est:
2960 914 3085 983 quia
3112 920 3169 966 et
3192 911 3373 981 plures
3394 915 3609 970 codices
3636 916 3724 969 hac

2153 1011 2295 1086 bent,
2330 1008 2577 1063 Jeremia:
2617 1022 2811 1062 nomen
2839 1046 2853 1071 ,
2882 1015 2937 1059 et
2964 1005 3054 1073 qui
3084 1004 3393 1074 diligentius
3431 1007 3487 1059 in
3531 1006 3726 1062 Graecis

2154 1096 2552 1169 exemplaribus
2582 1096 2933 1168 Evangelium
2972 1095 3475 1155 consideraverunt,
3510 1096 3564 1148 in
3596 1100 3729 1151 anti-

2114 1188 2118 1197 ’
2154 1188 2435 1257 quioribus
2465 1185 2667 1241 Graecis
2696 1185 2769 1239 ita
2799 1198 2856 1239 se
2881 1182 3170 1252 perhibent
3196 1182 3491 1247 invenisse,
3514 1191 3572 1236 et
3591 1186 3729 1239 nulla

2156 1277 2260 1331 fuit
2289 1268 2574 1332 eausa'cur
2597 1276 2882 1331 adderetur
2907 1274 3011 1328 hoc
3038 1287 3259 1338 nomen,
3302 1281 3365 1326 ut
3407 1273 3732 1329 mendositas

2156 1366 2330 1421 ﬁeret.
2364 1364 2470 1419 Cur
2502 1374 2680 1419 autem
2713 1364 2780 1419 de
2813 1362 3086 1418 nonnullis
3120 1362 3397 1417 codicibus
3425 1360 3730 1427 tolleretur,

2160 1458 2261 1513 fuit
2303 1458 2489 1526 utique
2526 1469 2685 1510 causa
2713 1495 2727 1520 ,
2759 1462 2815 1507 ut
2842 1453 2945 1508 hoc
2974 1452 3149 1506 audax
3188 1450 3457 1520 imperitia
3496 1448 3694 1504 faceret
3717 1490 3729 1512 ,

2159 1564 2282 1603 cum
2325 1547 2633 1611 turbaretur
2678 1543 2972 1613 quaestione
3016 1539 3159 1611 quod
3216 1540 3320 1594 hoc
3372 1538 3734 1593 testimonium

2160 1638 2300 1708 apud
2326 1635 2614 1699 Jeremiam
2642 1648 2752 1688 non
2795 1632 3085 1686 inveniret.
3115 1629 3254 1697 Quid
3284 1643 3413 1698 ergo
3438 1626 3737 1697 intelliget}.

2162 1729 2289 1784 dum
2336 1735 2460 1792 est,
2512 1726 2617 1780 nisi
2667 1725 2773 1779 hoc
2820 1731 3001 1778 actum
3041 1736 3162 1778 esse
3190 1721 3489 1776 secretiore
3521 1720 3738 1775 consilio

553 1811 782 1891 Consilio
815 1842 987 1886 autem
1013 1831 1161 1894 inito,
1189 1835 1420 1882 emerunt
1438 1841 1501 1879 ea:
1523 1822 1628 1877 illis
1652 1837 1837 1892 agrum
1864 1817 2056 1889 ﬁguli,
2085 1817 2134 1875 B
2161 1816 2511 1889 providentiae
2546 1814 2671 1879 Dei,
2707 1828 2813 1883 qua
2866 1820 3075 1867 mentes
3121 1811 3581 1882 evangelistarum
3624 1821 3738 1865 sunt

484 1926 537 1979 in
580 1921 898 1993 sepulturam
935 1918 1347 1989 peregrinorum.
1392 1910 1619 1985 (Hilar.)
1672 1910 1921 1977 Magnum
1961 1907 2063 1960 hoc

493 2023 579 2071 est
608 2012 902 2084 prephetia:
929 2016 1323 2079 sacramentum
1354 2047 1367 2070 ,
1406 2014 1462 2059 et
1499 2004 1553 2058 in
1584 2001 1740 2058 factis
1766 2000 2064 2070 iniquitatis

496 2103 743 2161 miraculi
768 2101 925 2173 plena
968 2098 1263 2154 meditatio.
1319 2095 1493 2165 Figuli
1529 2108 1663 2163 opus
1702 2100 1785 2147 est
1830 2091 1895 2145 de
1950 2090 2065 2145 luto

493 2214 621 2252 vasa
661 2195 895 2250 formare
924 2194 1076 2262 cujus
1111 2192 1163 2244 in
1200 2205 1359 2243 manu
1390 2189 1461 2242 sit
1493 2202 1559 2241 ex
1596 2186 1708 2239 luto
1741 2185 1949 2248 eodem,
1972 2198 2067 2239 vas

491 2295 587 2342 aut
609 2286 673 2341 ad
706 2286 879 2355 ipsum
906 2298 1062 2352 opus,
1093 2288 1185 2334 aut
1215 2279 1490 2348 pulchrius
1512 2275 1827 2330 reformare.
1865 2272 2065 2343 Agrum

490 2384 669 2433 autem
717 2374 970 2431 saeculum
1023 2369 1359 2437 nuncupari,
1420 2368 1586 2435 ipsius
1638 2364 1848 2419 Domini
1896 2364 2067 2417 nostri

500 2466 669 2520 verbis
696 2464 1021 2518 continetur.
1055 2460 1254 2513 Christi
1281 2472 1406 2526 ergo
1444 2457 1614 2525 pretio
1650 2454 1901 2508 Sit-culum
1936 2453 2069 2506 emi-

490 2563 601 2621 tur,
639 2554 691 2607 id
718 2561 818 2616 est,
848 2538 1171 2605 universitas
1195 2545 1309 2613 ejus
1331 2546 1630 2613 acquiritur
1654 2544 1705 2597 in
1737 2542 2067 2611 sepulturam

492 2644 902 2717 peregrinorum
943 2650 1103 2708 atque
1144 2639 1361 2705 inopum
1406 2635 1711 2703 deputatur.
1758 2631 1901 2696 Nihil
1944 2631 2069 2707 hinc

490 2710 726 2807 pertinet
766 2732 834 2786 ad
876 2730 1038 2784 Israel
1067 2768 1081 2792 ,
1131 2736 1185 2782 et
1235 2735 1377 2780 totus
1412 2725 1499 2779 hic
1538 2722 1717 2777 saeculi
1748 2721 1913 2790 empti
1940 2710 2103 2773 us‘us'

497 2824 707 2878 alienus
729 2830 830 2887 est,
848 2821 932 2874 his
950 2818 1193 2873 videlicet
1215 2818 1305 2885 qui
1324 2816 1378 2869 in
1397 2814 1566 2883 pretio
1579 2811 1857 2881 sanguinis
1869 2809 2069 2864 Christi

495 2911 828 2981 sepeliuntur
856 2948 871 2973 ,
915 2922 1019 2975 quo
1045 2906 1293 2959 universa
1326 2912 1450 2958 sunt
1473 2910 1654 2971 empta
1680 2919 1691 2953 :
1718 2900 1896 2955 omnia
1928 2900 2070 2953 enim

496 3016 527 3055 a
547 3000 708 3055 Patre
734 2996 943 3065 accepit
964 3010 1081 3065 quae
1106 2994 1159 3047 in
1184 2992 1340 3047 caelis
1361 2998 1414 3045 et
1435 2993 1489 3043 in
1517 2998 1661 3043 terra
1685 2996 1829 3042 sunt.
1858 2988 1923 3040 Et
1953 2987 2072 3040 ideo

495 3090 585 3143 hic
608 3103 736 3159 ager
760 3085 905 3156 figuli
925 3092 1025 3149 est,
1046 3084 1169 3152 quia
1194 3082 1288 3135 Dei
1313 3081 1493 3135 omnia
1515 3086 1638 3133 sunt
1661 3078 1811 3144 cuius
1836 3078 1887 3130 in
1911 3091 2071 3129 manu

2166 1897 2516 1977 gubernans?
2565 1902 2773 1958 Potuit'
2803 1902 2948 1958 enim
2998 1900 3112 1956 ﬁeri
3162 1910 3223 1955 ut
3274 1902 3457 1957 animo
3509 1900 3736 1956 Matthxi

2166 1996 2512 2071 Evangelium
2560 1992 2993 2057 conscribentis,
3041 2008 3138 2064 pro
3178 1992 3439 2047 Zacharia
3486 1991 3739 2047 Jeremias

2166 2093 2477 2140 occurreret
2516 2092 2575 2138 ut
2605 2083 2721 2139 ﬁeri
2753 2082 2909 2139 solet.
2935 2082 3087 2149 Quod
3115 2090 3295 2137 tamen
3320 2083 3437 2136 sine
3466 2082 3574 2135 ulla
3604 2082 3741 2136 dubi-

2168 2175 2371 2230 talione
2400 2175 2746 2240 emendaret,
2780 2172 2970 2228 saltem
3004 2172 3071 2227 ab
3106 2172 3226 2226 aliis
3268 2173 3610 2237 admonitus,
3654 2175 3739 2242 qui

2170 2269 2286 2338 ipso
2316 2268 2489 2323 adhuc
2517 2268 2569 2320 in
2598 2280 2766 2321 carne
2803 2266 3018 2320 vivente
3061 2266 3164 2320 hoc
3192 2264 3371 2335 legere
3415 2273 3737 2333 potuerunt,

2171 2360 2278 2413 nisi
2313 2357 2577 2427 cog-itaret
2617 2355 2977 2409 recordatioui
3008 2369 3116 2407 sua:
3138 2394 3151 2417 ,
3177 2369 3297 2422 qua:
3325 2354 3533 2421 Spiritu
3564 2362 3740 2414 sancto

2172 2450 2458 2518 regebatur
2482 2488 2496 2512 ,
2536 2462 2640 2501 non
2668 2443 2870 2519 {rustra
2898 2444 3198 2498 occurrisse
3222 2442 3367 2496 aliud
3392 2457 3493 2511 pro
3521 2442 3626 2496 alio
3651 2459 3739 2497 uu-

2172 2556 2292 2598 inen
2319 2538 2613 2607 prophetae,
2663 2537 2768 2590 nisi
2808 2534 2933 2604 quia
2962 2533 3226 2607 Dominus
3255 2533 3359 2587 hoc
3395 2532 3560 2587 scribi
3615 2548 3733 2586 cou-

2173 2628 2365 2685 stituit.
2400 2627 2509 2683 Cur
2552 2633 2730 2680 autem
2762 2626 2835 2679 ita
2864 2623 3207 2679 constituerit
3240 2622 3502 2678 Dominus
3527 2662 3543 2687 ,
3574 2623 3737 2691 prima

2171 2720 2261 2775 illa
2294 2734 2458 2775 causa
2483 2718 2770 2773 utilissima
2802 2716 2961 2771 debet
3004 2713 3259 2769 facillime
3294 2712 3554 2783 cogitari,
3590 2712 3741 2765 etiam

2173 2813 2251 2867 sic
2303 2826 2423 2867 esse
2474 2811 2830 2872 insinuatum,
2890 2809 2963 2861 ita
3021 2820 3210 2861 omnes
3249 2813 3467 2859 sanctos
3515 2803 3738 2873 prophe-

2176 2914 2261 2959 tas
2328 2920 2435 2958 uno
2487 2903 2680 2972 spiritu
2738 2902 2945 2955 locutos
2980 2941 2995 2964 ,
3046 2897 3280 2967 mirabili
3324 2898 3467 2951 inter
3519 2912 3580 2952 se
3628 2911 3741 2951 con-

2177 2995 2423 3051 sensione
2448 2992 2719 3058 constare,
2754 2993 2949 3062 ut.hoc
2990 2990 3157 3044 multo
3193 2990 3427 3059 amplius
3452 2990 3553 3053 sic,
3593 3004 3740 3057 quam

2178 3083 2223 3137 si
2264 3082 2501 3137 omnium
2544 3080 2726 3135 omnia
2764 3078 3147 3147 prophetarum
3195 3092 3305 3131 uno
3341 3077 3502 3131 unius
3542 3092 3637 3131 ore
3674 3078 3742 3129 di-

498 3181 568 3234 sit
591 3194 689 3233 nos
710 3169 768 3231 ut
788 3176 916 3231 velit
938 3183 1189 3244 tanquam
1221 3172 1533 3225 reformare.
1560 3170 1617 3221 in
1642 3170 1743 3222 hoc
1766 3168 1926 3236 igitur
1946 3180 2074 3235 agro
2103 3172 2146 3233 ρ
2179 3183 2449 3229 (gerentur,
2500 3172 2586 3245 Et.
2613 3173 2733 3227 ideo
2772 3171 3146 3225 indubitanter
3182 3168 3353 3238 accipi
3386 3169 3587 3223 debere
3616 3183 3743 3236 qum-

501 3267 716 3323 Cbristo
755 3264 1073 3319 commortui
1104 3271 1157 3315 et
1189 3260 1410 3329 sepulti,
1440 3258 1598 3326 hujus
1626 3256 2075 3327 peregrinationis

502 3368 695 3413 nostra:
722 3364 978 3410 aeternam
1014 3352 1253 3421 requiem
1285 3350 1593 3404 sortiemur.

568 3432 792 3515 Propter
817 3444 913 3497 hoc
939 3452 1149 3497 vocatus
1185 3449 1259 3495 est
1291 3456 1415 3509 ager
1447 3438 1534 3491 ille
1572 3435 1941 3499 Haceldema/i,
1978 3436 2074 3487 hoc

496 3547 571 3592 est
598 3553 720 3606 ager
744 3535 1012 3605 sanguinis
1050 3549 1209 3603 usque
1238 3532 1290 3585 in
1317 3532 1622 3584 hodiernum
1661 3530 1817 3581 diem.
1848 3527 2077 3597 1111(ιυὶ-

498 3630 619 3685 dem
649 3628 893 3683 fecerunt
933 3627 1036 3680 alia
1068 3625 1343 3679 voluntate
1370 3664 1383 3688 ,
1411 3632 1471 3676 ut
1502 3631 1759 3676 aeternum
1788 3620 2076 3688 impietatis

500 3733 610 3773 sum
658 3716 1026 3785 relinquerent
1060 3732 1127 3769 ex
1177 3715 1290 3784 agri
1330 3714 1603 3781 emptione
1641 3719 2072 3765 monumentum.

498 3808 763 3877 Caeterum
810 3822 909 3862 nos
935 3806 1023 3875 qui
1055 3805 1325 3875 peregrini
1368 3818 1584 3857 eramus
1627 3816 1657 3854 a
1706 3800 1821 3869 lege
1862 3809 1915 3854 et
1955 3814 2079 3869 pro-

499 3899 702 3967 phetis,
754 3912 921 3967 prava
964 3911 1151 3950 eorum
1201 3894 1376 3947 studia
1408 3891 1741 3959 suscepimus
1769 3889 1821 3940 in
1851 3888 2077 3942 salutem

500 3988 629 4041 etin
649 3988 820 4056 pretio
843 3985 1119 4054 sanguinis
1141 3982 1255 4049 ejus
1281 3980 1684 4049 requiescimus.
1703 3976 1872 4045 Figuli
1901 3984 2077 4029 autem

504 4089 632 4144 ager
670 4073 993 4143 appellatur,
1028 4072 1151 4140 quia
1187 4068 1380 4139 ﬁgulus
1410 4075 1596 4121 noster
1625 4075 1708 4119 est
1729 4064 1991 4126 Christus,
2022 4074 2081 4119 ut

505 4178 665 4231 supra
692 4161 1041 4216 ostendimus.

502 4262 505 4265 ‘
581 4250 722 4305 Tunc
766 4249 1030 4320 impletum
1075 4258 1149 4302 est
1174 4248 1311 4318 quod
1341 4248 1536 4300 dictum
1576 4255 1649 4299 est
1682 4262 1773 4315 per
1796 4242 2078 4297 Jeremiam

506 4344 807 4412 prophetam
827 4383 841 4407 ,
874 4342 1126 4395 dicentem
1156 4355 1173 4390 :
1206 4340 1272 4391 Et
1312 4348 1616 4410 acceperunt
1646 4338 1861 4406 triginta
1897 4353 2080 4405 argen-

506 4442 614 4485 teos
634 4471 647 4494 ,
677 4432 897 4499 pretium
927 4430 1225 4500 appretiati,
1256 4445 1407 4498 quem
1445 4429 1857 4497 appretiaverunt
1891 4444 1921 4479 a
1954 4427 2079 4494 ﬁliis

508 4521 697 4583 Israel,
717 4521 1031 4575 et‘dederunt
1054 4537 1139 4573 eos
1163 4522 1215 4573 in
1239 4536 1422 4589 agrum
1448 4519 1619 4589 ﬁguli,
1650 4520 1783 4573 sicut
1808 4520 2073 4573 constituit
2103 4509 2155 4567 D

508 4612 635 4665 mihi
662 4611 935 4664 Dominus.
966 4611 1076 4664 Hoc
1112 4610 1476 4665 testimonium
1509 4610 1563 4663 in
1597 4608 1827 4664 Jeremia
1854 4625 1961 4664 non
1995 4610 2073 4662 iu-

508 4702 755 4764 venitur,
792 4701 843 4753 iu
882 4700 1141 4755 Zacharia
1178 4714 1327 4763 vero,
1361 4700 1453 4768 qui
1496 4713 1632 4769 pene
1678 4700 1898 4753 ultimus
1945 4700 2074 4753 duo-

512 4796 681 4852 decim
719 4795 1098 4864 prophetarum
1144 4802 1260 4857 est,
1291 4793 1537 4862 quaedam
1572 4791 1863 4846 similitudo
1902 4792 2074 4845 fertur

515 4885 696 4959 (Zach.
724 4884 821 4954 χι).
843 4885 908 4938 Ει
929 4884 1235 4954 quanquam
1261 4898 1454 4938 sensus
1484 4898 1589 4937 non
1626 4882 1848 4936 multum
1874 4882 2075 4937 disere-

513 4984 622 5045 pet,
662 4984 840 5030 tamen
868 4984 921 5029 et
950 4976 1083 5029 ordo
1109 4982 1163 5028 et
1188 4975 1348 5027 verba
1376 4974 1585 5028 diversa
1623 4981 1762 5027 sunt.
1796 4973 1973 5044 (Aug)
2018 4976 2075 5029 Si

516 5065 636 5134 quis
663 5074 838 5118 autem
866 5072 1129 5128 movetur,
1155 5064 1297 5133 quod
1336 5065 1438 5117 hoc
1474 5064 1835 5117 testimonium
1869 5080 1972 5119 non
1999 5064 2080 5117 in-

515 5156 729 5210 venitur
758 5154 811 5207 in
838 5148 1099 5221 scriptura
1126 5152 1368 5207 Jeremiae
1390 5154 1682 5223 prophetae,
1708 5163 1761 5207 et
1783 5156 1902 5209 ideo
1930 5165 2081 5225 putat

517 5246 642 5301 ﬁdei
668 5244 1009 5315 evangelista:
1052 5246 1251 5312 aliquid
1286 5246 1671 5315 derogandum,
1722 5247 1893 5315 primo
1922 5262 2083 5301 nove-

518 5338 591 5392 rit
618 5352 724 5392 non
751 5350 940 5391 omnes
982 5335 1195 5388 codices
1252 5334 1656 5404 Evangeliorum
1704 5336 1904 5388 habere
1938 5336 2079 5404 quod

518 5446 615 5500 per
640 5428 923 5483 Jeremiam
952 5429 1150 5482 dictum
1187 5427 1277 5490 sit,
1308 5429 1399 5480 sed
1436 5428 1803 5482 tantummodo
1841 5445 1932 5497 per
1962 5444 2081 5498 pro-

467 5537 474 5544 ·
520 5520 743 5588 pltetam.
772 5518 1058 5574 l’ossemus
1086 5532 1215 5587 ergo
1240 5518 1419 5571 dicere
1462 5517 1545 5571 his
1586 5518 1760 5586 potius
1806 5519 2081 5573 codicibus

522 5622 640 5661 esse
681 5608 1025 5673 credendum,
1060 5608 1150 5675 qui
1196 5604 1443 5659 Jeremiae
1473 5621 1663 5659 nomen
1715 5623 1818 5661 non
1861 5606 2075 5660 habent.

531 5694 731 5752 Dictum
751 5708 833 5754 est
856 5699 999 5754 enim
1029 5688 1130 5753 hec
1157 5712 1252 5766 per
1277 5697 1608 5767 prophetam,
1632 5696 1722 5751 sed
1743 5696 2073 5753 Zachariam.

2172 3278 2384 3333 cunque
2408 3276 2506 3331 per
2535 3276 2631 3317 eos
2660 3259 2896 3330 Spiritus
2943 3268 3164 3313 sanctus
3197 3258 3353 3323 dixit,
3391 3256 3611 3327 singula
3632 3270 3741 3312 esse

2174 3356 2444 3417 omnium,
2473 3361 2525 3409 et
2560 3353 2740 3409 omnia
2778 3343 3133 3421 singulor’um.
3168 3349 3300 3405 Cum
3335 3350 3504 3419 igitur
3533 3358 3588 3404 et
3634 3365 3741 3419 qua

2174 3444 2319 3498 dicta
2346 3450 2470 3497 sunt
2502 3458 2597 3511 per
2620 3440 2913 3496 Jeremiam
2937 3480 2952 3504 ,
2999 3447 3109 3493 tam
3143 3438 3254 3493 sint
3284 3437 3564 3491 Zachariae
3591 3452 3738 3506 quam

2174 3532 2448 3600 Jeremitc,
2473 3542 2528 3586 et
2549 3546 2669 3600 qua:
2694 3531 2835 3585 dicta
2870 3536 2993 3584 sunt
3015 3544 3111 3598 per
3134 3528 3474 3592 Zachariam,
3512 3536 3621 3582 tam
3646 3528 3741 3581 sint

2176 3623 2423 3679 Jeremia:
2448 3638 2611 3692 quam
2640 3621 2939 3685 Zachariae,
2979 3620 3109 3690 quid
3151 3634 3287 3688 opus
3312 3628 3431 3673 erat
3468 3629 3529 3672 ut
3573 3634 3741 3673 emen-

2177 3714 2333 3767 daret
2358 3712 2641 3766 Matthzrus
2666 3752 2680 3777 ,
2707 3726 2829 3766 cum
2858 3710 3000 3764 aliud
3024 3716 3122 3779 pr‘o
3146 3709 3251 3763 alio
3290 3710 3395 3764 sibi
3435 3724 3632 3764 nomen
3657 3724 3739 3763 oc-

2179 3818 2402 3859 currens
2454 3818 2483 3855 a
2532 3816 2588 3856 se
2639 3801 2898 3871 scriptum
2960 3800 3272 3869 relegisset,
3324 3809 3378 3855 et
3430 3817 3538 3866 non
3578 3802 3739 3869 potius

2180 3909 2409 3962 sequens
2439 3893 2814 3947 auctoritatem
2847 3890 3081 3961 Spiritus
3110 3892 3305 3954 sancti,
3328 3908 3359 3945 a
3385 3908 3495 3962 quo
3522 3901 3737 3947 mentem

2179 4000 2331 4039 suam
2374 3985 2484 4054 regi
2529 3983 2649 4054 plus
2694 3983 2848 4037 nobis
2893 3982 2982 4036 ille
3020 3982 3205 4051 utique
3238 3983 3528 4048 sentiebat,
3559 3984 3628 4036 ita
3651 3984 3736 4036 hoc

2178 4074 2437 4143 scriptum
2485 4072 2829 4139 relinqueret,
2874 4071 3014 4125 sicut
3041 4071 3203 4124 etiam
3234 4072 3575 4125 admonendo
3621 4085 3733 4125 con-

2180 4168 2429 4221 stituerat
2458 4166 2504 4219 ei
2532 4164 2813 4228 Dominus,
2828 4165 2892 4218 ad
2914 4162 3279 4218 informandos
3300 4179 3398 4219 nos
3419 4172 3622 4218 tantam
3642 4180 3738 4218 vero

2180 4260 2369 4312 borum
2400 4270 2619 4311 suorum
2648 4257 2787 4309 inter
2810 4254 3100 4323 prophetas
3128 4269 3247 4308 esse
3278 4256 3622 4310 concordiam
3646 4296 3658 4319 ,
3687 4264 3735 4307 ιιι

2182 4364 2287 4402 non
2323 4346 2555 4401 absurde
2581 4386 2593 4409 ,
2629 4346 2735 4399 imo
2776 4346 3257 4414 congruentissime
3300 4346 3464 4400 etiam
3512 4347 3734 4409 Ieremia

2183 4440 2562 4507 deputaremus
2590 4435 2731 4506 quod
2772 4452 2867 4505 per
2898 4437 3216 4491 Zachariam
3244 4438 3447 4491 dictum
3488 4438 3733 4507 reperire-

2184 4526 2344 4579 mus?
2368 4524 2423 4578 Si
2453 4526 2594 4579 enim
2641 4525 2793 4579 hodie
2819 4525 3104 4593 quisquam
3134 4525 3317 4580 volens
3343 4526 3575 4595 alicujus
3595 4526 3734 4580 verba

2182 4617 2405 4679 dictare,
2437 4616 2634 4669 indicat
2662 4630 2855 4669 nomen
2896 4610 3120 4669 alterius
3154 4631 3183 4667 a
3207 4631 3316 4684 quo
3337 4614 3483 4670 dicta
3514 4616 3638 4679 sz’nt,
3660 4615 3732 4683 qui

2184 4716 2360 4760 tamen
2383 4706 2743 4760 amicissimus
2780 4713 2835 4760 et
2860 4704 3223 4767 familiaritate
3277 4696 3734 4773 coniunctissimus

2184 4797 2254 4850 illi
2284 4797 2437 4865 cujus
2468 4796 2630 4849 verba
2664 4795 2843 4850 dicere
2868 4795 3065 4858 voluit;
3091 4803 3145 4847 et
3166 4795 3420 4849 continuo
3444 4796 3735 4849 recordatus

2184 4887 2346 4941 alium
2370 4901 2466 4955 pro
2493 4886 2597 4939 alio
2626 4901 2685 4940 se
2712 4886 2941 4949 dixisse,
2972 4886 3044 4937 ita
3078 4900 3135 4939 se
3171 4885 3390 4956 colligat
3417 4896 3471 4940 et
3494 4886 3734 4954 corrigat.

2185 4988 2243 5033 ut
2272 4987 2445 5033 tamen
2470 4980 2651 5033 dicat:
2686 4978 2825 5032 Bene
2855 4978 2963 5031 dixi
2990 4993 3003 5041 ;
3035 4977 3164 5045 quid
3198 4977 3345 5033 aliud
3381 4978 3617 5041 intuens,
3647 4977 3735 5031 nisi

2187 5080 2386 5125 tantam
2429 5071 2569 5124 inter
2618 5071 2805 5124 ambos
2835 5084 2953 5124 CSSU
2984 5069 3324 5123 concordiam
3352 5110 3367 5133 ,
3416 5070 3560 5123 inter
3604 5067 3737 5122 illum

2185 5160 2387 5214 scilicet
2416 5156 2570 5225 cujus
2597 5158 2757 5211 verba
2790 5159 2965 5212 dicere
3000 5156 3185 5221 voluit,
3234 5166 3290 5211 et
3330 5158 3494 5212 alium
3530 5158 3736 5227 cujusei

2184 5263 2375 5301 nomen
2408 5262 2507 5316 pro
2540 5246 2679 5299 illius
2726 5246 2941 5300 nomine
2974 5247 3243 5310 occurrit,
3286 5256 3345 5300 ut
3397 5247 3502 5301 tale
3548 5248 3617 5301 sit
3648 5247 3738 5301 hoc

2184 5340 2346 5393 istum
2391 5338 2591 5391 dixisse
2621 5377 2633 5401 ,
2682 5335 2837 5404 quale
2873 5337 2917 5390 si
2948 5336 3034 5390 ille
3060 5336 3325 5391 dixisset?
3360 5346 3563 5406 quanto
3587 5334 3741 5405 magis

2185 5428 2285 5481 hoc
2320 5429 2383 5482 de
2423 5427 2698 5497 prephetis
2745 5426 2947 5481 sanctis
2968 5426 3364 5497 intelligendum
3412 5436 3467 5482 et
3520 5428 3739 5482 maxitne

2185 5519 2666 5571 commendandum
2721 5515 2864 5581 fuit,
2911 5525 2970 5570 ut
3025 5519 3262 5571 omnium
3299 5517 3468 5572 libros
3498 5528 3738 5587 tanquam

2185 5606 2339 5659 unius
2367 5622 2527 5659 unum
2555 5606 2746 5659 librum
2777 5605 3159 5674 acciperemus,
3195 5606 3247 5659 in
3275 5622 3382 5676 quo
3404 5606 3548 5660 nulla
3574 5619 3738 5660 rerum

2186 5697 2540 5768 discrepantia
2586 5698 2929 5767 crederetur,
2964 5696 3101 5753 sicut
3129 5697 3273 5751 nulla
3310 5698 3667 5759 inveniretur,
3690 5706 3737 5752 et
