3922 6354
233 336 253 389 Ι
265 334 369 391 429

1173 334 1520 390 ΟΟΜΜΕΝΤ.
1562 334 1623 388 IN
1661 331 2086 388 MA'I'I'IIAEUM.
2125 364 2193 372 -—
2232 326 2356 387 Ui}.
2405 333 2533 387 VIII.

3299 337 3436 393 “30

226 446 280 500 in
303 461 409 515 quo
428 435 746 514 major-esset
771 446 1066 499 constantia
1086 445 1344 510 veritatis,
1363 462 1520 516 quam
1537 447 1580 501 si
1594 447 1775 500 omnia
1799 450 1850 507 Α
1876 446 2028 513 quasi
2052 455 2294 515 apertum
2318 448 2614 501 invidorum
2639 448 2973 503 mendacium
3002 446 3155 504 nihili
3175 449 3434 518 pendens,

224 532 315 588 illa
349 550 493 607 unus
530 533 690 607 homo
728 533 1016 602 quamlibet
1065 533 1404 588 doctissimus
1449 536 1774 605 loqueretur.

222 621 376 689 Quod
404 638 530 692 ergo
576 623 701 677 hinc
738 631 1106 692 argumentum
1158 638 1367 679 sumere
1402 634 1661 678 conantur
1695 624 1778 679 vel

223 714 466 768 inﬁdeles
490 713 570 767 vel
592 713 819 783 imperiti
851 714 1109 777 homines,
1136 716 1287 783 quasi
1314 715 1379 768 ad
1397 715 1778 769 ostendendam
1801 733 1821 752 π

220 805 605 860 dissonantiam
644 813 949 859 sanctorum
978 805 1445 873 evangelistarum,
1476 807 1576 859 hoc
1604 806 1779 874 potius

221 895 420 949 debent
445 909 715 950 assumere
759 893 960 959 ﬁdeles,
1013 902 1066 948 et
1100 896 1237 949 docti
1264 897 1351 963 ad
1397 896 1775 949 ostendendam

219 988 480 1040 unitatem
530 992 832 1063 sanctorum
888 984 1048 1038 etiam
1098 985 1493 1054 prophetarum.
1536 985 1630 1040 Est
1674 985 1813 1057 alia,

219 1088 381 1127 causa
416 1086 512 1125 cur
542 1074 642 1126 hoc
671 1086 862 1125 nomen
891 1070 1135 1126 Ieremia:
1164 1071 1547 1126 intestimouio
1571 1072 1775 1126 Zacha-

222 1166 315 1217 rias
345 1165 423 1219 sic
451 1176 759 1232 permanere
793 1160 1107 1230 permissum
1133 1199 1147 1226 ,
1196 1161 1279 1215 vel
1323 1162 1498 1230 potius
1546 1161 1777 1231 Spiritus

219 1251 393 1307 sancti
446 1251 764 1304 auctoritate
813 1259 1132 1318 pmceptum
1184 1251 1270 1304 sit.
1315 1250 1408 1304 Est
1446 1250 1585 1319 apud
1622 1247 1774 1304 Iere-

218 1343 382 1395 minm
403 1381 418 1405 ,
445 1341 584 1409 quod
610 1340 798 1393 emerit
825 1356 1011 1409 agrum
1058 1355 1087 1392 a
1117 1339 1238 1393 ﬁliis
1264 1339 1441 1393 fratris
1468 1339 1570 1402 sui,
1603 1348 1658 1393 et
1686 1339 1778 1391 de-

120 1494 125 1499 _
218 1429 363 1497 derit
408 1428 455 1481 ci
506 1436 827 1497 argentum,
882 1442 985 1480 non
1036 1427 1248 1496 quidem
1295 1428 1393 1482 sub
1434 1428 1536 1481 hoc
1565 1428 1777 1480 nomine

215 1515 380 1584 pretii
429 1515 569 1583 quod
622 1514 850 1583 positum
880 1523 961 1569 est
1000 1515 1136 1583 apud
1177 1515 1520 1580 Zachariam,
1561 1517 1775 1583 triginta

216 1605 529 1673 argenteis,
563 1612 925 1679 verumtamen
969 1605 1080 1674 agri
1122 1605 1320 1677 emptio
1366 1620 1469 1658 non
1516 1613 1597 1659 est
1637 1606 1776 1674 apud

211 1692 256 1745 Ζ
294 1693 554 1746 chariam.
592 1692 741 1758 Quod
777 1700 953 1746 autem
981 1693 1307 1762 prophetiam
1338 1695 1402 1747 de
1430 1694 1641 1764 triginta
1685 1710 1765 1750 ar-

1880 533 2048 588 solum
2080 535 2180 589 hoc
2226 536 2365 605 quod
2394 536 2664 590 nesciebat
2692 536 2971 604 quaesitum
3011 537 3226 607 dignum
3270 538 3437 592 dure-

1879 622 1966 677 rit.
2001 621 2273 694 (Venant.)
2302 624 2613 694 Arguumur
2651 624 2936 693 impietatis
2972 623 3156 689 Iudici,
3187 626 3327 694 quod
3353 641 3436 681 ac-

1876 723 2127 768 cusantes
2156 712 2484 767 Salvatorem
2506 730 2580 779 ne
2612 714 2743 769 falso
2769 714 2980 783 quidem
3017 716 3215 785 aliquid
3245 718 3436 772 verisi-

1879 803 2001 857 mile
2024 804 2162 871 quod
2190 804 2237 858 ei
2266 804 2496 873 obiicere
2532 805 2737 873 possint
2766 805 3071 869 inveniunt;
3101 814 3155 859 et
3182 806 3303 861 ideo
3330 806 3436 863 sio—

1876 900 1935 944 ut
1979 891 2188 947 Marcus
2235 893 2395 956 dicit,
2465 893 2849 947 convenientia
2886 909 3071 948 eorum
3125 884 3431 950 testimonia

1875 995 1980 1039 non
2008 988 2178 1033 erant.
2830 1048 2843 1058 .
3024 988 3027 989 ⁷
3050 990 3051 993 ‘

1950 1068 2083 1121 Dicit
2124 1069 2171 1121 ei
2219 1067 2372 1122 Iesus
2402 1083 2419 1120 :
2454 1069 2528 1122 Tu
2575 1069 2725 1123 dicis.
2757 1068 2954 1123 Eodem
2990 1072 3153 1125 verbo
3196 1072 3352 1140 pransi
3380 1072 3434 1135 Si,

1876 1173 1982 1227 quo
2008 1168 2064 1212 et
2089 1158 2418 1229 principibus
2438 1160 2771 1215 sacerdotum
2804 1161 3107 1230 respondet,
3135 1172 3195 1215 ut
3218 1167 3431 1233 propria

1878 1248 2141 1305 sententia
2202 1250 2645 1304 condemnentur.
2723 1251 2917 1318 Sicque
2965 1251 3077 1320 ipse
3131 1267 3430 1308 sermonem

1877 1352 2030 1391 suum
2061 1346 2340 1409 temperat,
2368 1350 2428 1393 ut
2450 1348 2503 1393 et
2523 1354 2712 1397 verum
2744 1341 2901 1407 dicat,
2928 1350 2981 1394 et
3007 1357 3183 1396 sermo
3204 1344 3320 1413 ejus
3342 1358 3433 1398 ca-

1877 1425 2094 1480 lumnia:
2120 1440 2222 1479 non
2254 1436 2450 1496 pateat.
2485 1427 2587 1481 Sed
2616 1427 2942 1497 aliquantum
2984 1431 3223 1485 diversus
3256 1447 3432 1487 sermo

1878 1522 1983 1579 est,
2010 1515 2101 1585 qui
2129 1507 2301 1570 fueral.
2330 1516 2395 1569 ad
2425 1517 2775 1571 sacerdotem.
2807 1517 2882 1571 Illi
2910 1518 3051 1572 cnim
3077 1523 3333 1587 quaerenti
3364 1538 3429 1575 an

1877 1604 1993 1671 ipse
2010 1603 2259 1657 Christus
2284 1611 2445 1667 esset,
2475 1606 2681 1658 dixerat
2705 1623 2717 1657 :
2755 1604 2827 1658 Tu
2851 1607 3047 1658 dixisti.
3074 1606 3295 1677 (Hilar.)
3322 1610 3432 1663 lloc

1880 1693 1998 1747 ideo
2023 1694 2147 1762 quia
2175 1693 2258 1746 lex
2283 1694 2455 1747 omnis
2490 1704 2771 1747 venturum
2799 1693 3069 1748 Christum
3106 1698 3429 1765 pnedcave-

214 1783 424 1852 genteis
452 1783 516 1836 ad
548 1783 649 1837 hoc
677 1783 1054 1851 interpretatus
1100 1785 1170 1839 sit
1214 1785 1537 1854 evangelista
1570 1826 1584 1844 .
1629 1774 1770 1855 quod
1804 1776 1847 1834 Β
1877 1790 1983 1846 rat,
2015 1782 2365 1851 respondetur
2398 1790 2650 1851 tanquam
2695 1785 2759 1837 de
2804 1784 3092 1851 pmteritis
3136 1788 3426 1853 sacerdoti,

214 1870 377 1926 modo
406 1871 470 1925 de
501 1868 723 1925 Domino
750 1872 1069 1940 completum
1118 1882 1201 1926 est
1224 1914 1237 1935 ,
1269 1881 1327 1926 ut
1354 1874 1455 1928 hoc
1493 1882 1633 1928 esset
1659 1872 1775 1940 ejus

211 1960 465 2028 pretium,
496 1958 832 2013 manifestum
852 1968 951 2014 est.
978 1960 1083 2017 Sed
1106 1962 1171 2036 ad
1197 1961 1295 2016 hoc
1321 1962 1589 2029 pertinere
1607 1962 1773 2016 etiam

209 2046 344 2099 illud
374 2047 437 2100 de
467 2061 597 2115 agro
622 2055 818 2115 empto,
850 2049 989 2116 quod
1010 2049 1270 2104 Ieremias
1291 2050 1434 2113 dicit,
1453 2050 1575 2105 hinc
1601 2052 1774 2120 potuit

212 2134 444 2204 mystice
475 2128 803 2203 signiﬁcari,
831 2144 889 2189 ut
923 2150 1027 2189 non
1073 2136 1124 2189 id
1153 2136 1421 2190 Zachariae
1454 2152 1646 2191 nomen
1680 2153 1774 2206 po-

213 2232 435 2276 neretur
453 2262 467 2287 ,
491 2224 580 2292 qui
608 2223 742 2277 dixit
769 2224 983 2293 triginta
1010 2225 1273 2303 argenteis
1298 2264 1312 2289 ,
1346 2226 1435 2278 sed
1480 2225 1724 2280 Ieremite
1754 2266 1769 2292 ,

212 2309 307 2378 qui
334 2309 468 2363 dixit
504 2310 569 2364 de
607 2325 735 2381 agro
772 2320 950 2381 empto
992 2330 1005 2365 :
1042 2320 1101 2366 ut
1140 2312 1275 2367 lecto
1300 2313 1586 2383 Evangelio
1617 2325 1773 2383 atque

216 2399 454 2477 iuventa.
489 2402 703 2454 nomine
765 2399 1009 2455 Ieremia:
1036 2442 1051 2467 ,
1100 2401 1238 2456 lecto
1277 2413 1452 2457 autem
1492 2403 1720 2458 Ieremia
1756 2444 1769 2467 ,

212 2495 269 2540 et
320 2504 424 2543 non
484 2489 696 2544 invento
748 2491 1046 2557 testimonio
1092 2492 1156 2546 de
1214 2492 1424 2567 triginta
1483 2494 1771 2565 argenteis,

214 2578 431 2632 invento
455 2589 628 2633 tamen
658 2595 786 2650 agro
806 2590 1003 2649 empto,
1028 2574 1551 2637 admoneaturlector
1575 2593 1775 2636 utrum-

215 2681 324 2736 que
349 2670 591 2721 conferre
620 2708 635 2733 ,
682 2678 735 2723 et
765 2669 887 2723 inde
916 2685 1128 2723 sensum
1154 2672 1433 2725 enucleare
1460 2673 1768 2740 proplielize,

213 2756 483 2824 quomodo
511 2757 771 2823 pertineat
817 2758 881 2809 ad
926 2756 1025 2810 hoc
1063 2757 1200 2826 quod
1244 2759 1294 2811 iu
1326 2759 1549 2813 Domino
1586 2759 1767 2827 imple-

211 2859 332 2904 tum
359 2860 460 2905 est.
489 2850 619 2905 Nam
670 2848 824 2903 illud
853 2850 992 2924 quod
1037 2852 1260 2924 subjecit
1304 2852 1428 2906 huic
1469 2851 1773 2908 testimonio

212 2941 498 2998 Matthteus
527 2955 647 2998 eum
676 2945 749 2997 ait
783 2962 803 3004 ε,
829 2945 990 3008 Quem
1017 2954 1425 3014 appr-enaverant
1458 2944 1557 3011 ﬁlii
1582 2944 1770 3011 Israel,

1845 1871 2000 1947 .quia
2028 1885 2239 1940 semper
2262 1880 2539 1925 venturum
2578 1871 2847 1927 Christum
2886 1888 2949 1926 es
2976 1874 3089 1943 lege
3119 1876 3233 1945 ipse
3268 1877 3432 1932 dixis-

1875 1969 1975 2015 set.
2007 1960 2142 2016 Huic
2166 1977 2293 2016 vero
2317 1962 2446 2033 legis
2474 1964 2659 2033 ignaro
2700 1965 3042 2034 interroganti
3076 1983 3140 2020 an
3192 1968 3303 2036 ipse
3348 1985 3432 2024 es-

1875 2058 1956 2105 set
1988 2066 2079 2105 rcx
2108 2050 2410 2105 Iudamrum
2458 2054 2652 2107 dicitur
2695 2071 2707 2105 :
2751 2053 2825 2107 Tu
2870 2056 3019 2120 dicis,
3062 2058 3182 2125 quia
3225 2074 3322 2129 per
3360 2060 3427 2114 ﬁ-

1874 2141 1993 2195 dem
2046 2143 2323 2210 praesentis
2352 2142 2702 2197 confessionis
2748 2144 2892 2198 salus
2936 2148 3172 2213 gentium
3220 2152 3321 2204 est;
3361 2150 3429 2207 Et

1873 2234 2014 2300 quod
2048 2233 2149 2287 hoc
2176 2233 2240 2287 de
2268 2248 2346 2296 se,
2378 2234 2462 2287 ille
2490 2235 2579 2303 qui
2621 2244 2775 2289 antea
2836 2238 3111 2306 ignorabat
3149 2240 3426 2309 loquatur,

1875 2322 2015 2391 quod
2042 2324 2095 2377 hi
2126 2333 2319 2399 negant
2346 2326 2435 2393 qui
2464 2337 2616 2379 antea
2647 2327 3019 2397 loquebantur.

1943 2410 2011 2464 Et
2050 2427 2165 2464 cum
2210 2424 2541 2466 accusaretur
2583 2430 2615 2466 a
2666 2416 2980 2485 principibus
3019 2421 3343 2475 sacerdotum
3381 2435 3427 2477 et

1872 2502 2157 2555 senioribus
2182 2502 2310 2556 nihil
2354 2504 2631 2572 respondit.
2662 2504 2926 2577 (Ηὶενοη.)
2956 2508 3150 2562 Verum
3180 2520 3237 2563 ut
3277 2512 3430 2568 nobis

1872 2591 2142 2658 patientia:
2169 2582 2402 2660 praebeat
2430 2594 2750 2661 exemplum,
2782 2596 2919 2648 sicut
2946 2607 3069 2652 ante
3098 2599 3427 2664 verberatus,

1874 2681 1954 2734 sic
1990 2689 2045 2735 et
2075 2682 2231 2735 modo
2259 2692 2543 2736 accusatus
2592 2685 2711 2739 silet
2756 2701 2817 2739 ac
2868 2688 3072 2741 reticet.
3114 2689 3177 2742 Et
3214 2692 3429 2746 attende

1872 2770 2013 2837 quod
2040 2771 2227 2837 Pilato,
2258 2775 2346 2841 qui
2384 2775 2583 2828 invitus
2628 2774 2829 2829 ferebat
2866 2777 3208 2843 sententiam,
3250 2780 3428 2849 aliqua

1874 2858 1927 2915 in
1954 2872 2107 2932 parte
2136 2865 2487 2934 responderit.
2519 2863 2903 2921 Sacerdotibus
2947 2876 3123 2920 autem
3153 2870 3425 2942 etprinci-

1873 2951 2028 3019 pibus
2065 2954 2661 3022 responderenoluerit,
2690 2956 3033 3025 indignosque
3063 2971 3158 3011 suo
3180 2973 3427 3014 sermone

208 3043 259 3085 et
290 3033 541 3086 dederunt
571 3047 656 3086 eos
686 3035 738 3086 in
762 3049 953 3111 agrum
984 3033 1162 3101 ﬁguli,
1197 3035 1328 3086 sicut
1354 3036 1617 3088 constituit
1648 3037 1772 3089 mihi
1809 3103 1841 3111 _
1866 3040 2140 3108 judicarit.

211 3126 496 3189 Porn'nus,
517 3142 613 3179 nec
648 3108 804 3195 apud
831 3126 1166 3199 Zachariam,
1197 3140 1293 3178 nec
1321 3127 1459 3195 apud
1486 3126 1770 3181 Jeremiam
1799 3103 1844 3163 Ο
1868 3103 1884 3108 ⁷
1950 3131 2243 3186 Tuncdicit
2284 3133 2363 3186 illi
2394 3134 2597 3188 Pilatus
2638 3150 2655 3185 :
2690 3135 2808 3189 Non
2838 3139 2989 3191 audis
3029 3150 3219 3207 quanta
3247 3140 3428 3194 adver-

208 3218 496 3283 reperitur.
530 3216 677 3270 Unde
702 3215 869 3286 magis
887 3230 951 3268 ex
972 3230 1197 3289 persona
1230 3215 1394 3287 ipsius
1438 3216 1774 3285 evangelista:

210 3309 581 3377 accipiendum
635 3318 718 3363 est
772 3307 1041 3378 eleganter
1078 3303 1147 3361 'et‘
1192 3308 1415 3377 mystice
1472 3307 1769 3373 insertum,

206 3402 336 3467 quia
381 3408 433 3454 et
473 3401 575 3455 hoc
615 3416 678 3454 ex
730 3399 937 3454 Domini
991 3398 1311 3452 revelatione
1355 3399 1665 3468 cognoverit
1706 3399 1771 3451 ad

206 3488 351 3541 hanc
382 3503 513 3550 rem,
546 3502 662 3555 qua:
694 3489 757 3541 de
788 3486 986 3541 Christi
1034 3487 1205 3555 pretio
1255 3486 1391 3540 facta
1434 3495 1536 3550 est,
1566 3484 1772 3554 ,hujus—

210 3578 354 3632 modi
384 3578 650 3645 pertinere
678 3578 1033 3648 prophetiam.
1065 3576 1225 3631 Liber
1248 3577 1441 3645 quippe
1465 3576 1627 3644 empti
1656 3574 1769 3645 agri

206 3668 351 3737 apud
379 3666 663 3723 Ieremiam
691 3652 908 3736 jubetur
939 3666 1076 3719 mitti
1100 3667 1151 3719 in
1181 3682 1272 3719 vas
1298 3652 1479 3731 ﬁctile,
1499 3675 1548 3718 et
1576 3664 1772 3717 emitur

207 3757 302 3809 hic
334 3756 399 3809 de
418 3756 593 3824 pretio
622 3750 831 3810 Domini
860 3769 983 3826 ager
1011 3754 1151 3825 ﬁguli
1179 3794 1192 3818 ,
1228 3763 1281 3807 et
1310 3756 1411 3808 hoc
1435 3754 1500 3807 ad
1528 3753 1767 3821 sepultu-

209 3862 327 3900 ram
363 3834 783 3915 peregrinorum,
811 3836 1060 3921 tanquam
1087 3844 1152 3897 ad
1169 3841 1771 3912 permansionem.quie-

208 3938 280 3989 tis
314 3951 495 4001 eorum
542 3949 661 3989 cum
705 3935 759 3990 in
806 3935 909 3988 hoc
955 3932 1145 3987 sarculo
1173 3930 1612 4000 peregrinantur,
1644 3945 1769 3984 con-

209 4020 536 4093 sepelientur
581 4023 794 4078 Christo
841 4038 938 4093 per
982 4023 1316 4091 baptismum.
1347 4020 1484 4076 Nam
1533 4029 1586 4075 et
1625 4021 1769 4074 illam

207 4114 532 4185 emptionem
562 4115 672 4184 agri
704 4115 804 4168 hoc
833 4113 1135 4183 signiﬁcare
1159 4153 1174 4177 ,
1206 4114 1279 4166 ait
1306 4112 1564 4167 Ieremias
1590 4130 1611 4165 ε.
1632 4112 1769 4165 Dicit

212 4191 517 4259 Dominus:
555 4202 689 4267 Quia
731 4204 825 4256 erit
872 4203 1158 4270 permansio
1204 4203 1485 4272 captivitati
1534 4203 1770 4274 liberato-

212 4312 328 4347 rum
356 4296 409 4347 in
445 4294 537 4347 illa
564 4305 722 4346 terra.
757 4293 1009 4363 Sequitur
1038 4293 1332 4354 Matthmus,
1366 4304 1419 4347 et
1446 4294 1574 4348 dicit
1601 4309 1615 4345 :

285 4386 436 4439 Iesus
492 4397 663 4438 autem
720 4386 854 4438 stetit
913 4394 1030 4437 ante
1095 4376 1393 4453 prwsidcm,
1440 4397 1487 4438 et
1544 4385 1767 4438 interro-

211 4474 349 4541 gavit
405 4488 519 4524 eum
578 4488 763 4539 pra'ses
822 4470 1042 4523 dicens:
1076 4470 1149 4522 'lu
1189 4487 1240 4523 es
1282 4488 1369 4528 rea;
1405 4470 1711 4524 Judtrorum
1741 4472 1767 4525 3

214 4561 366 4614 lluuc
414 4561 584 4614 locum
634 4558 966 4613 manifestius
1020 4560 1072 4612 in
1131 4560 1269 4613 Luca
1325 4561 1620 4628 reperimus
1671 4574 1765 4613 ex-

211 4650 502 4719 planatum.
550 4648 639 4700 Alt
669 4647 809 4700 enim
860 4647 974 4701 sic:
1030 4646 1095 4699 Et
1132 4664 1344 4717 surgens
1383 4651 1549 4702 omnis
1592 4649 1765 4703 multi-

210 4743 338 4795 tudo
375 4756 551 4793 eorum
598 4742 853 4791 duxerunt
896 4738 1042 4791 illum
1090 4739 1156 4791 ad
1200 4737 1447 4809 Pilatum.
1493 4738 1765 4809 Casperunt

213 4840 390 4883 autem
418 4844 667 4880 accusare
690 4826 835 4877 illum
859 4827 1117 4879 dicentes:
1154 4826 1306 4880 Hunc
1346 4829 1627 4883 invenimus
1651 4829 1766 4882 sub-

211 4930 485 4975 rertentem
531 4929 729 4988 gentem
780 4928 1030 4981 nostram,
1083 4928 1128 4970 et
1169 4920 1513 4986 prohibentem
1570 4920 1760 4973 tributa

209 5010 342 5067 deer
373 5007 588 5070 Cwsari,
641 5014 686 5060 el
726 5008 972 5059 dicentem
1018 5023 1071 5059 se
1113 5006 1373 5060 Christum
1427 5025 1592 5077 regem
1630 5025 1758 5061 esse.

144 5156 145 5161 η
208 5100 277 5153 Et
302 5098 589 5151 notandum
616 5098 752 5164 quod
778 5097 981 5149 duobus
1008 5096 1293 5150 secundum
1317 5096 1513 5151 Lucam
1538 5097 1759 5151 Domino

207 5185 451 5253 objectis,
481 5184 726 5238 videlicet
749 5184 885 5252 quod
918 5192 970 5237 et
995 5184 1188 5237 tributa
1215 5184 1406 5238 Οερεπί
1435 5186 1559 5239 dare
1579 5186 1758 5254 prohi-

208 5276 380 5339 beret,
403 5283 456 5329 et
482 5288 540 5329 se
560 5272 826 5329 Christum
854 5289 1030 5341 regem
1059 5274 1278 5336 diceret,
1320 5272 1519 5326 Pilatus
1543 5289 1667 5327 vero
1692 5276 1757 5329 de

206 5380 318 5421 uno
351 5365 497 5434 regni
522 5365 682 5418 verbo
716 5364 1143 5432 interrogandum
1166 5350 1387 5432 putavit.
1420 5365 1595 5419 Potuit
1616 5366 1755 5420 enim

207 5454 325 5509 ﬁeri
360 5463 415 5506 ut
461 5454 587 5507 illud
626 5454 834 5506 Domini
879 5451 1159 5519 judicium,
1188 5455 1326 5521 quod
1362 5456 1435 5507 ait
1479 5473 1490 5507 :
1543 5455 1757 5509 Reddite

206 5543 408 5597 (Σατανὶ
430 5560 544 5614 qua:
574 5543 793 5597 Ctesaris
816 5553 956 5606 sunt,
978 5554 1024 5596 et
1054 5560 1167 5613 qua:
1194 5544 1285 5597 Dei
1310 5556 1426 5597 sunt
1444 5545 1572 5608 Deo,
1595 5547 1752 5598 etiam

206 5632 433 5690 Pilatum
473 5632 684 5685 audisse
720 5633 1019 5701 contigerit.
1069 5632 1294 5700 Ideoque
1334 5648 1546 5687 causam
1594 5635 1750 5699 hanc,

562 5723 806 5780 l'nnor.
872 5721 1056 5780 CVII.

1872 3239 1987 3276 sum
2015 3232 2063 3275 te
2086 3224 2265 3277 dicunt
2290 3224 2602 3277 testimonia.
2632 3224 2697 3277 Et
2738 3242 2766 3276 η
2805 3243 2835 3278 n
2874 3229 3131 3295 respondit
3159 3229 3294 3282 eiad
3338 3228 3422 3283 ul-
3465 3224 3475 3234 ’

1871 3310 1978 3363 lum
2027 3311 2250 3375 verbum,
2302 3313 2374 3365 ita
2430 3324 2483 3365 ut
2536 3314 2808 3366 miraretur
2852 3331 3039 3382 pra’ses
3091 3317 3424 3374 vehementer.

1870 3397 2129 3453 Ethnicus
2180 3399 2391 3471 quidem
2443 3409 2552 3464 est,
2598 3401 2687 3469 qui
2728 3404 3047 3457 condemnat
3078 3402 3293 3472 Iesum,
3336 3406 3430 3461 sed

1871 3502 2088 3542 causam
2121 3488 2283 3542 refert
2312 3489 2363 3545 in
2394 3490 2646 3559 populum
2669 3489 2990 3545 Iudaeorum.
3032 3492 3157 3547 Vide
3182 3495 3235 3547 in
3259 3511 3427 3565 quan-

1871 3576 1937 3629 tis
1959 3586 2007 3630 te
2036 3587 2299 3630 accusant.
2326 3576 2481 3632 Iesus
2507 3587 2683 3631 autem
2727 3579 2857 3631 nihil
2882 3582 3201 3649 respondere
3229 3582 3425 3647 voluit,

1870 3679 1939 3719 ne
1968 3665 2172 3719 crimen
2200 3666 2429 3730 diluens,
2466 3666 2824 3721 dimitteretur
2843 3684 2871 3720 a
2902 3670 3147 3739 praeside,
3176 3684 3229 3725 et
3253 3675 3427 3728 erucis

1869 3748 2073 3811 utilitas
2100 3752 2419 3809 diﬁ‘erretur.

1941 3840 2047 3896 Per
2084 3843 2219 3896 diem
2247 3853 2416 3896 autem
2454 3844 2728 3897 solemnem
2757 3859 3087 3901 consueverat
3116 3866 3305 3919 prwses
3345 3852 3425 3905 di-

1868 3930 2069 3984 mittere
2131 3931 2320 4000 populo
2391 3948 2551 3984 unum
2617 3934 2836 3987 cinctum
2902 3951 3049 4004 quem
3121 3937 3418 3994 voluissent.

1870 4020 2094 4088 (ΜΑυιι.)
2129 4020 2276 4073 llanc
2318 4029 2492 4074 autem
2533 4022 2894 4076 dimissionem
2941 4025 3229 4082 solemnem
3257 4070 3270 4094 ,
3312 4047 3418 4087 non

1870 4110 2163 4180 imperialis
2196 4111 2329 4181 legis
2372 4113 2645 4167 sanctione
2683 4111 2882 4168 Pilatus
2927 4116 2978 4168 in
3030 4133 3126 4171 usu
3173 4121 3424 4189 habebat,

1871 4201 1964 4254 sed
1994 4216 2171 4254 annua
2218 4203 2406 4272 gentis,
2458 4204 2541 4257 cui
2584 4218 2681 4273 per
2710 4203 2833 4277 talia
2865 4205 3076 4274 placere
3123 4213 3411 4280 gaudebat,

1871 4291 2256 4345 consuetudine
2281 4292 2576 4347 devinctus.

1942 4378 2174 4434 Habebat
2213 4392 2384 4435 autem
2409 4393 2528 4437 tunc
2560 4386 2777 4439 vinctum
2805 4390 3071 4459 insignem,
3098 4396 3186 4463 qui
3214 4398 3421 4452 dicabo-

1837 4471 1956 4525 ‘tur
1991 4471 2276 4525 Barabbas.
2313 4472 2464 4528 Hunc
2497 4476 2689 4545 quippe
2719 4478 2952 4532 vinctum
2998 4482 3170 4537 Lucas
3218 4486 3418 4545 refert.

1868 4569 2074 4628 propter
2113 4561 2410 4614 seditionem
2459 4565 2733 4633 quamdam
2785 4568 2976 4635 factum
3028 4571 3081 4623 in
3128 4573 3329 4628 civitate
3376 4588 3421 4629 ct

1869 4646 2202 4700 homicidium
2247 4651 2459 4702 missum
2492 4652 2543 4703 in
2589 4669 2861 4706 carcerein.
2915 4657 3016 4711 Iste
3047 4658 3100 4712 in
3133 4660 3419 4733 Evangelio

1869 4736 2009 4803 quod
2047 4738 2297 4791 scribitur
2326 4738 2478 4805 juxta
2521 4739 2800 4807 I'lebratos,
2849 4745 3275 4819 ﬁlius-magistri
3328 4770 3417 4806 co-

1871 4839 1986 4876 rum
2015 4826 2414 4894 interpretatur.

1937 4910 2271 4983 Congregatis
2312 4926 2487 4969 autem
2512 4918 2612 4971 illis
2636 4920 2768 4972 dixit
2800 4921 3002 4977 Pilatus
3027 4938 3046 4975 .°
3075 4925 3235 4990 Quem
3267 4930 3417 4985 uultis

1865 5003 2121 5056 dimittant
2171 5005 2330 5069 vobis,
2380 5006 2695 5072 Barabbam,
2749 5027 2815 5062 an
2858 5009 3059 5079 Iesum,
3094 5016 3182 5084 qui
3226 5017 3419 5071 dicitur

1864 5093 2141 5148 Christus?
2168 5095 2317 5151 Unde
2351 5097 2461 5165 jam
2501 5100 2632 5152 satis
2668 5110 2886 5169 apparet
2912 5105 3053 5171 quod
3111 5105 3163 5161 id
3207 5106 3416 5163 Marcus

1863 5185 1989 5238 velit
2034 5188 2343 5251 ostendere,
2391 5188 2615 5243 dicendo
2670 5205 2846 5259 regem
2899 5190 3230 5261 Iudaeorum,
3274 5200 3414 5265 quod

1865 5274 2141 5329 Mattheus
2170 5276 2394 5329 dicendo
2422 5276 2688 5330 Christum
2721 5297 2731 5330 :
2785 5280 2887 5333 non
2918 5281 3061 5334 enim
3103 5283 3413 5339 dicebantur

1860 5367 2069 5428 ehristi,
2101 5366 2199 5419 nisi
2226 5381 2378 5435 reges
2400 5365 2719 5421 Iudaeorum.

1931 5454 2135 5508 Sciebat
2161 5456 2293 5505 enim
2323 5454 2461 5523 quod
2495 5471 2586 5523 per
2612 5456 2854 5509 invidiam
2893 5459 3221 5514 tradidissem
3274 5478 3408 5521 cum.

1859 5542 2121 5598 Oll'erebat
2144 5543 2220 5596 eis
2244 5545 2511 5611 optionem
2536 5544 2734 5599 Pilatus
2755 5546 3052 5600 dimittendi
3092 5557 3268 5605 utrum
3298 5549 3410 5605 vel-

1860 5637 1969 5691 lent
1992 5635 2247 5689 latronem
2277 5650 2342 5687 an
2374 5634 2575 5701 Iesum,
2619 5653 2725 5691 non
2753 5638 3001 5692 dubitans
3030 5637 3209 5694 Iesum
3235 5639 3413 5706 potius

2908 5728 2983 5786 36
