3922 6326
480 318 603 369 ιιδι

1142 313 1199 364 Β.
1242 309 1492 366 [ΗΒΛΝΙ
1532 307 1741 363 MAUlll
1781 302 2063 359 ARCIIIEP

2163 298 2438 355 lOGUNT.
2477 294 2754 350 OPERUM
2790 293 2967 348 PARS
3008 294 3045 346 Ι.

3542 289 3681 343 H33.

474 429 790 498 rligendum,
843 426 1019 478 svicus
1058 438 1177 477 enim
1204 430 1422 492 propter
1460 418 1709 472 invidiam
1750 416 2021 470 traditum.
2057 418 2102 471 Α
2130 410 2218 463 tibi
2243 411 2305 462 sit
2340 418 2386 498 ct
2406 408 2548 498 justo
2576 407 2650 498 illi
2680 407 2839 498 :Aipzc
2867 419 3076 498 quoque
3126 404 3454 498 respondens
3492 418 3507 455 :
3541 402 3683 498 Quid

475 516 636 583 Igitur
664 526 822 565 causa
846 511 1023 564 crucis
1065 508 1341 563 manifeste
1372 507 1566 561 invidia
1596 515 1698 559 est.
1737 503 1864 569 Qum
1890 510 2032 556 esset

478 608 587 672 ipsa
634 601 828 655 invidia
878 600 1200 669 evangelista
1235 597 1476 650 Joannes
1525 594 1761 650 declarat
1809 593 2025 646 dicens:

486 694 609 751 Ecce
659 700 799 744 totus
835 689 1056 741 mundus
1090 697 1199 755 post
1253 703 1368 739 eum
1401 687 1578 749 vadit;
1627 686 1671 737 si
1711 683 2032 736 dimittamus

476 801 612 844 vitm,
653 783 726 835 sic
760 796 931 834 omnes
966 778 1168 831 credent
1196 778 1250 829 in
1285 794 1400 829 eum
1432 776 1609 847 (Jonn.
1652 775 1766 839 xu).

552 872 770 924 Sedente
817 878 987 920 autem
1020 866 1108 919 illo
1159 882 1251 934 pro
1291 863 1554 922 tribunali,
1590 863 1729 914 misit
1779 860 1846 913 ad
1876 858 2033 911 illum

481 978 614 1014 uxor
642 961 753 1029 ejus
784 950 955 1011 dicens
983 972 999 1008 .·
1037 955 1183 1009 Nihil
1220 957 1312 1008 tibi
1340 966 1385 1007 et
1408 956 1549 1022 justo
1580 952 1675 1005 illi.
1710 950 1878 1003 Multa
1902 949 2037 1000 enim

480 1066 632 1115 passa
658 1064 771 1100 sum
802 1046 953 1099 hodie
992 1063 1081 1115 per
1103 1046 1262 1097 visum
1292 1053 1497 1111 propter
1523 1057 1659 1094 eum.
1691 1038 1906 1092 Sedente
1946 1053 2039 1088 au-

482 1150 582 1191 tem
611 1138 724 1203 illo,
756 1137 950 1205 inquit,
989 1153 1079 1202 pro
1126 1132 1394 1193 tribunali,
1447 1131 1498 1184 id
1539 1138 1639 1192 est,
1688 1128 1739 1182 in
1768 1126 2037 1180 tribunali.

487 1231 743 1283 Tribunal
781 1231 920 1283 enim
952 1229 1103 1280 sedes
1138 1235 1221 1279 est
1244 1225 1480 1295 iudicum
1503 1265 1516 1285 ,
1553 1224 1691 1277 sicut
1718 1222 1907 1275 solium
1955 1235 2040 1272 re-

484 1336 628 1388 gam,
656 1330 708 1372 et
736 1319 986 1372 cathedra
1015 1316 1313 1369 doctorum.
1340 1313 1481 1366 Misit
1511 1312 1577 1364 ad
1600 1312 1749 1363 illum
1775 1325 1907 1363 uxor
1931 1309 2041 1377 ejus

487 1410 659 1462 dicens
685 1424 703 1460 :
736 1407 881 1459 Nihil
909 1406 998 1457 tibi
1027 1416 1071 1457 et
1096 1406 1240 1472 justo
1266 1403 1365 1464 illi,
1407 1410 1460 1455 et
1492 1402 1712 1468 reliqua.
1742 1399 1797 1452 ln
1827 1397 2043 1451 visioni-

490 1499 587 1551 bus
631 1511 841 1565 quoque
869 1504 922 1546 et
950 1494 1170 1547 somniis
1219 1491 1430 1562 gentilis
1459 1489 1559 1541 viri
1592 1502 1725 1540 uxor
1753 1487 1853 1540 hoc
1892 1484 2045 1538 intel-

488 1586 636 1648 lexit,
668 1585 808 1653 quod
836 1580 1000 1636 Judaei
1038 1580 1333 1649 vigilantes,
1365 1593 1464 1632 nec
1490 1577 1729 1638 credere,
1756 1588 1925 1641 neque
1966 1573 2040 1625 in-

491 1674 728 1741 telligere
758 1673 1056 1726 voluerunt.
1088 1668 1354 1739 (Hieron)
1397 1668 1462 1720 Et
1486 1676 1608 1719 nota
1638 1666 1785 1734 quod
1803 1665 2060 1733 gentibus,

2129 499 2262 550 enim
2273 496 2395 549 mali
2412 497 2527 565 fecit
2544 498 2567 548 ?
2582 495 2688 549 lloc
2700 494 2920 548 dicendo
2935 493 3133 546 Pilatus
3147 493 3371 547 absolvit
3384 492 3590 546 Jesum.
3620 492 3675 546 ἃ

2131 585 2203 638 illi
2226 585 2393 655 magis
2419 584 2717 637 clamabant
2740 582 2995 643 dicentes,
3030 579 3395 648 Cruciﬁgatur,
3419 590 3477 633 ut
3500 579 3680 648 imple

2133 681 2280 727 retur
2313 673 2448 741 quod
2486 673 2537 724 in
2563 670 2817 739 vigesimo
2841 669 3013 737 primo
3049 667 3537 735 psalmo-dixerat:
3568 666 3689 720 Cir-

2131 763 2495 815 cumdederunt
2522 776 2600 827 me
2627 776 2775 812 canes
2804 758 2971 822 multi,
2996 757 3316 824 congregatio
3339 756 3688 825 malignorum

2135 853 2327 905 obsedit
2351 868 2448 904 me.
2480 851 2546 903 Et
2570 850 2693 903 illud
2714 848 2993 902 JCl‘CillliC.2
3015 846 3181 898 Facta
3210 856 3281 899 est
3308 847 3436 899 mihi
3465 847 3690 900 heredi-

2138 949 2216 993 tas
2264 956 2375 993 mea
2400 940 2529 993 sicut
2560 937 2635 990 leo
2670 938 2723 989 in
2760 936 2889 989 silva
2916 952 2933 989 :
2961 936 3208 987 dederunt
3247 949 3401 1002 super
3420 950 3500 986 me
3520 938 3701 987 vacem

2136 1045 2282 1081 suam
2312 1027 2443 1099 (Jer.
2476 1028 2591 1096 xu).
2622 1027 2755 1080 lsaia
2787 1040 2997 1094 quoque
3040 1027 3091 1077 in
3119 1025 3217 1077 lia'c
3256 1025 3518 1078 sententia
3565 1040 3693 1078 coa-

2138 1127 2358 1189 grnente
2392 1137 2404 1171 :
2454 1117 2757 1186 Exspectavi
2809 1125 2863 1168 ut
2894 1115 3115 1182 facerent
3155 1115 3431 1183 judicium,
3463 1115 3695 1181 fecerunt

2137 1208 2481 1277 iniquitatem,
2506 1217 2550 1258 et
2570 1205 2906 1273 justitiam,ct
2926 1220 3036 1256 ecce
3049 1203 3242 1255 clamor
3260 1202 3391 1271 (Isa.
3418 1202 3492 1273 v).
3514 1201 3694 1272 [.lug.)

2140 1295 2347 1360 Quanta
2382 1294 2701 1362 perﬁdorum
2732 1292 3039 1353 crudelitas,
3066 1307 3184 1359 quc:
3210 1307 3315 1345 non
3342 1291 3514 1344 solum
3558 1292 3698 1343 occi-

2141 1387 2266 1439 dere
2294 1386 2648 1445 innocentem,
2678 1384 2771 1437 sed
2794 1392 2849 1435 et
2874 1383 3102 1451 pessimo
3132 1374 3324 1451 genere
3351 1383 3540 1435 mortis
3561 1384 3699 1435 occi—

2142 1475 2287 1539 dere,
2317 1476 2416 1528 hoc
2443 1484 2545 1535 est,
2575 1472 2885 1541 cruciﬁgere
2916 1473 3201 1527 desiderat.
3234 1473 3536 1526 Pendentes
3558 1474 3697 1526 enim

2146 1568 2196 1618 in
2226 1564 2367 1633 ligno
2398 1563 2654 1627 cruciﬁxi,
2683 1562 2845 1616 clavis
2866 1564 2931 1616 ad
2955 1562 3150 1632 lignum
3174 1563 3396 1631 pedibus
3426 1563 3697 1616 manibus-

2147 1670 2247 1720 que
2275 1653 2468 1707 conﬁxi
2494 1654 2745 1722 producta
2777 1650 2951 1707 morte
2974 1654 3316 1715 necabantur,
3365 1661 3419 1707 et
3442 1654 3532 1706 diu
3560 1654 3701 1707 vide~

491 1777 630 1831 saepe
659 1777 687 1814 a
714 1762 823 1816 Deo
854 1760 1056 1815 somnia
1088 1758 1408 1823 revelentur,
1436 1766 1490 1811 et
1532 1757 1671 1824 quod
1711 1757 1775 1809 in"
1791 1753 1961 1809 Pilato
1996 1762 2050 1807 et

2163 1746 2306 1795 lltlllll'
2338 1744 2386 1795 in
2414 1757 2591 1806 cruce,
2622 1758 2726 1796 non
2756 1743 2879 1810 quia
2906 1742 3111 1812 longior
3138 1743 3246 1796 vita
3278 1743 3590 1812 eligebatur,
3614 1745 3701 1798 sed

492 1867 658 1905 uxore
688 1851 802 1918 ejus
842 1850 1043 1917 justum
1093 1849 1371 1902 Dominum
1421 1848 1795 1901 conﬁtentibus
1838 1844 2050 1915 gentilis

492 1941 671 2010 populi
723 1940 1080 2013 testimonium
1124 1940 1213 1991 sit.
1259 1939 1313 1992 ln
1363 1938 1584 1992 muliere.
1639 1946 1816 1991 autem
1846 1938 2053 2005 species

493 2029 661 2097 plebis
688 2027 963 2097 gentilium
990 2035 1088 2087 est,
1115 2042 1230 2094 quae
1249 2027 1360 2095 jam
1413 2026 1582 2079 ﬁdelis
1608 2040 1751 2089 eum,
1782 2040 1904 2079 cum
1936 2040 2054 2094 ,quo

493 2118 924 2179 conversabat‘ur,
955 2118 1282 2170 incredulnm
1310 2116 1558 2185 pepuhnn
1585 2117 1650 2169 ad
1680 2115 1873 2169 Christi
1900 2115 2055 2169 ﬁdem

497 2209 739 2262 advocat.
781 2207 907 2273 Quae
936 2208 1060 2275 quia
1089 2208 1199 2276 ipsa
1228 2207 1453 2259 multum
1486 2207 1554 2259 sit
1576 2221 1733 2274 passa
1765 2220 1862 2274 pro
1906 2204 2058 2259 Chri-

497 2303 579 2349 sto
611 2296 661 2348 in
689 2296 928 2348 eamdem
959 2295 1179 2365 gloriam
1218 2294 1447 2348 futuram
1479 2294 1620 2347 illum
1653 2309 1774 2347 cum
1801 2309 1907 2362 quo
1934 2309 2058 2347 con-

496 2384 826 2447 versabatur,
851 2384 1101 2437 insinuat.
1131 2384 1239 2437 llac
1259 2383 1398 2453 enim
1429 2384 1565 2445 vice,
1590 2398 1695 2437 non
1726 2391 1865 2445 ante,
1896 2397 1954 2435 se
1979 2383 2058 2435 in-

497 2470 699 2524 tellexit
744 2470 986 2523 diabolus
1015 2485 1111 2540 per
1143 2470 1338 2524 Christi
1387 2478 1611 2524 mortem
1661 2469 1968 2523 nudandam
2006 2476 2062 2523 et

499 2558 668 2625 spolia
700 2558 917 2611 humani
943 2557 1153 2627 generis
1177 2559 1290 2611 sive
1314 2558 1363 2610 in
1396 2557 1613 2622 mundo,
1643 2558 1757 2611 sive
1790 2558 1927 2626 apud
1955 2566 2063 2610 tar-

484 2656 617 2698 ‘tara
646 2646 987 2701 amissurum.
1014 2648 1079 2700 Et
1109 2648 1226 2700 ideo
1250 2647 1527 2715 satagebat
1547 2661 1642 2713 per
1665 2645 1938 2700 mulierem
1966 2660 2063 2714 per

501 2751 661 2805 quam
692 2737 858 2804 spolia
902 2738 1091 2791 mortis
1130 2738 1429 2799 invaserat,
1460 2735 1731 2790 Christum
1760 2736 1967 2804 eripere
1997 2735 2063 2789 de

501 2824 751 2878 manibus
778 2824 1099 2885 Judteorum,
1137 2839 1201 2876 ne
1224 2839 1318 2892 per
1342 2823 1481 2877 illius
1504 2832 1729 2877 mortem
1764 2822 1878 2891 ipse
1906 2812 2063 2875 amit-

505 2922 641 2966 teret
667 2914 854 2966 tnortis
872 2913 1181 2982 imperium.

576 2988 847 3070 Principes
879 3012 1050 3054 autem
1092 3002 1416 3054 sacerdotum
1444 3011 1491 3054 et
1531 3003 1755 3054 seniores
1793 3017 2061 3071 persuase-

509 3100 629 3143 runt
658 3066 860 3159 populis
891 3101 943 3142 ut
972 3099 1193 3158 peterent
1237 3090 1553 3152 Barabbam,
1583 3079 1762 3143 Jesum
1782 3066 1926 3143 "vero
1949 3106 2066 3158 per-
2094 3066 2137 3124 C

508 3178 704 3231 dereut.
751 3176 970 3247 (Μλιιιι.)
1017 3177 1127 3231 lloc
1174 3186 1254 3230 est
1309 3176 1451 3244 quod
1506 3176 1629 3230 alibi
1684 3171 1936 3231 Dominus
1973 3193 2071 3246 per

512 3269 824 3337 prophetam
860 3267 934 3320 ait
962 3286 974 3318 :
1021 3267 1157 3330 Quia
1183 3284 1387 3335 egressa
1427 3278 1500 3321 est
1539 3269 1785 3337 iniquitas
1810 3286 1840 3320 a
1866 3268 2069 3321 senibus

506 3357 770 3425 judicibus
797 3357 885 3425 qui
926 3356 1230 3408 videbantur
1275 3372 1444 3425 regere
1471 3357 1712 3425 populum
1744 3355 1902 3424 (Dan.
1929 3356 2067 3427 xm).

514 3445 580 3498 Et
614 3446 739 3497 item
780 3461 792 3495 :
831 3442 1044 3511 Populo,
1078 3444 1265 3511 inquit,
1292 3460 1455 3507 meus,
1490 3455 1750 3497 exactores
1785 3446 1859 3496 tui
1886 3453 1933 3497 te
1957 3462 2071 3513 spo-

512 3532 765 3585 liaverunt
802 3530 935 3595 (Isa.
986 3532 1089 3599 ιιι).
1120 3532 1255 3598 Ergo
1286 3533 1374 3599 qui
1405 3532 1698 3586 debuerunt
1742 3533 1935 3587 docere
1970 3535 2072 3600 ple-

515 3622 634 3675 bem
667 3619 834 3689 legem
861 3628 913 3674 et
950 3620 1184 3689 justiti-as
1210 3620 1439 3683 Domini,
1483 3622 1581 3689 ipsi
1612 3624 1938 3675 seduxerunt
1981 3637 2072 3675 eos

514 3708 770 3762 ducentes
796 3723 890 3776 per
923 3709 1083 3771 invia,
1121 3718 1174 3763 et
1205 3724 1307 3762 non
1345 3711 1395 3763 in
1426 3711 1531 3774 via,
1575 3718 1629 3764 et
1663 3726 1820 3764 causa
1865 3710 2075 3765 fuerunt

517 3799 595 3851 eis
619 3797 805 3851 ruina).
848 3796 1173 3866 Respondens
1204 3807 1375 3851 autem
1401 3815 1591 3868 pra'ses
1632 3800 1703 3851 ait
1733 3799 1837 3852 illis
1862 3815 1879 3851 :
1913 3799 2073 3863 Quem

517 3884 669 3939 vultis
696 3885 833 3938 vobis
865 3885 927 3965 de
957 3885 1153 3938 duobus
1184 3887 1375 3940 dimitti
1402 3903 1420 3940 :
1455 3898 1507 3940 at
1535 3887 1613 3940 illi
1639 3890 1879 3941 dixerunt
1911 3902 1927 3939 :
1965 3888 2073 3941 Ba-

518 3974 749 4027 rabbam.
789 3974 963 4029 Haeret
988 3973 1184 4030 Judaeis
1206 3990 1372 4045 usque
1400 3978 1557 4032 hodie
1584 3994 1679 4033 sua
1709 3980 1893 4047 petitio
1916 3996 2076 4048 quam

520 4072 666 4117 tanto
719 4062 901 4118 labore
954 4064 1323 4134 impetrarunt.
1381 4066 1514 4133 Quia
1557 4067 1723 4122 enim
1786 4068 1910 4122 data
1974 4069 2073 4123 sibi

517 4152 754 4220 optione,
786 4168 882 4221 pro
916 4150 1042 4208 Jesu
1073 4154 1356 4219 latronem,
1394 4170 1491 4224 pro
1537 4154 1813 4211 Salvatore
1859 4156 2077 4211 interfe-

491 4290 497 4298 ,
520 4250 744 4302 ctorem,
774 4254 873 4307 pro
896 4241 1077 4295 datore
1103 4242 1226 4295 vitaz
1259 4242 1535 4311 elegerunt
1555 4244 1939 4312 ademptorem,
1968 4260 2078 4297 me-

521 4326 625 4379 rito
650 4326 873 4379 salutem
897 4327 1239 4395 perdiderunt
1262 4339 1317 4383 et
1338 4332 1522 4384 vitam.
1548 4332 1613 4386 Et
1638 4332 1936 4387 latrociniis
1959 4348 2075 4387 sese

521 4430 585 4468 ac
609 4415 955 4471 seditionibus
985 4417 1037 4470 in
1070 4426 1274 4471 tantum
1300 4419 1666 4486 subdiderunt,
1692 4432 1751 4476 ut
1774 4431 1828 4475 et
1846 4423 2072 4490 patriam

524 4507 852 4575 regnumque
879 4523 1055 4573 suum,
1083 4510 1222 4577 quod
1249 4509 1366 4577 plus
1391 4510 1604 4566 Christo
1633 4526 1881 4565 amavere
1902 4551 1916 4577 ,
1954 4528 2077 4583 per-

525 4594 775 4659 diderint,
806 4603 861 4649 et
884 4596 1140 4652 hactenus
1165 4614 1281 4652 eam
1310 4615 1468 4668 quam
1505 4602 1791 4656 vendidere
1812 4604 1923 4658 sive
1958 4604 2073 4657 ani-

525 4699 624 4737 ma:
660 4698 752 4738 seu
793 4688 1032 4755 corporis
1076 4687 1397 4754 libertatem,
1445 4693 1681 4761 recipere
1726 4708 1831 4747 non
1872 4709 2080 4749 merue-

528 4777 650 4827 rint.
1578 4820 1583 4823 ι

601 4863 733 4917 Dicit
755 4863 859 4919 illis
887 4863 1133 4920 Pilatus:
1166 4866 1304 4931 Quid
1339 4871 1496 4938 igitur
1525 4872 1714 4939 faciam
1740 4875 1803 4927 de
1842 4872 1967 4925 Jesu
1992 4877 2080 4941 qui

528 4951 720 5004 dicitur
748 4952 1018 5007 Christus?
1043 4956 1106 5009 Et
1137 4959 1310 5011 dicunt
1340 4977 1511 5014 omnes
1540 4975 1557 5011 :
1602 4961 1966 5031 Cruci/igatur.
1998 4964 2081 5015 Ait

529 5041 633 5095 illis
660 5058 850 5111 prtcses
873 5062 890 5096 :
923 5046 1060 5110 Quid
1088 5051 1218 5099 enim
1249 5050 1373 5102 ntali
1401 5052 1558 5117 fecit?
1583 5050 1649 5103 At
1674 5051 1750 5105 illi
1783 5054 1944 5120 magis
1969 5053 2079 5105 cla-

528 5129 739 5182 mabant
768 5131 991 5187 dicentes
1014 5150 1032 5187 :
1065 5134 1430 5205 Cruci/igatur.
1462 5139 1650 5194 Multas
1689 5141 1947 5195 liberandi
1972 5142 2085 5195 Sal-

531 5226 768 5272 vatorem
783 5223 1090 5278 occasiones
1112 5225 1271 5278 dedit.
1288 5226 1521 5280 Primum
1538 5229 1949 5298 latronemjusto
1962 5245 2084 5284 con-

535 5303 735 5362 ferens.
776 5308 1210 5364 deindeinferens
1236 5327 1252 5364 :
1289 5313 1425 5377 Quid
1455 5318 1611 5384 igitur
1635 5317 1826 5384 faciam
1852 5318 1914 5370 de
1932 5313 2079 5383 Jesu’,

533 5397 823 5464 quidicitur
843 5395 1077 5451 Christus
1093 5399 1232 5453 ?hoc
1247 5409 1349 5465 est,
1366 5403 1457 5469 qui
1476 5417 1566 5457 rex
1598 5413 1764 5471 restet
1794 5415 1902 5468 est;
1935 5420 2082 5460 cum-

535 5501 636 5552 qnc
656 5490 1055 5553 responderent,
1079 5487 1433 5565 cruci/igatur,
1466 5506 1567 5545 non
1606 5495 1783 5547 statim
1815 5495 2079 5563 acquievit

537 5574 677 5639 iuxta
706 5576 1095 5643 suggestionem
1117 5578 1318 5641 uxoris,
1364 5574 1482 5647 qua:
1517 5582 1893 5636 mandaverat:
1937 5583 2081 5636 Nihil
2118 5582 2121 5583 ⁷

2153 1831 2273 1900 quia
2307 1846 2447 1885 mors
2474 1832 2586 1900 ipsa
2611 1832 3040 1901 protendebatur,
3070 1848 3137 1886 ne
3167 1833 3316 1887 dolor
3343 1834 3504 1886 citius
3527 1832 3699 1886 ﬁnire-

2155 1929 2258 1973 tur.
2291 1922 2487 1976 Verum
2535 1924 2645 1991 ipse
2674 1924 2738 1977 de
2786 1932 2955 1977 morte
3002 1924 3230 1991 pessima
3259 1924 3458 1978 occidit
3498 1940 3701 1992 omnem

2155 2021 2417 2078 mortem;
2450 2014 2681 2081 pessima
2711 2014 2852 2067 enim
2876 2022 2992 2067 erat
3017 2028 3121 2067 non
3164 2012 3581 2082 intelligentibus
3619 2014 3704 2070 Ju-

2156 2099 2306 2164 daeis,
2353 2116 2474 2154 nam
2520 2116 2549 2153 a
2579 2100 2803 2155 Domino
2830 2101 2997 2154 electa
3036 2111 3169 2155 erat.
3219 2100 3392 2170 Ipsam
3423 2104 3566 2171 enim
3586 2118 3701 2157 cru-

2158 2207 2271 2246 cem
2298 2206 2444 2245 suam
2477 2192 2682 2259 signum
2712 2188 3008 2253 habiturus,
3050 2199 3165 2244 erat
3200 2192 3369 2258 ipsam
3407 2205 3619 2245 crucem
3647 2192 3705 2245 de

2158 2280 2371 2335 diabolo
2396 2290 2645 2358 superato
2671 2290 2920 2347 tanquam
2949 2288 3200 2348 tropzeum
3223 2280 3276 2332 in
3304 2273 3569 2334 frontibus
3590 2281 3705 2335 ﬁde-

2159 2370 2286 2423 lium
2326 2371 2617 2439 positurus,
2650 2379 2706 2423 ut
2751 2371 2952 2424 diceret
2999 2370 3283 2439 Apostolus
3331 2388 3343 2422 :
3385 2369 3518 2423 Mihi
3548 2381 3704 2423 autem

2160 2461 2291 2513 absit
2326 2460 2537 2529 gloriari
2564 2461 2663 2514 nisi
2696 2461 2745 2512 in
2771 2477 2918 2513 cruce
2945 2460 3148 2513 Domini
3173 2461 3337 2513 nostri
3354 2460 3485 2513 Iesu
3527 2458 3705 2513 Christi

2160 2566 2249 2619 per
2270 2565 2418 2618 quem
2464 2550 2586 2601 mihi
2616 2550 2836 2603 mundus
2867 2549 3145 2615 cruciﬁxus
3183 2557 3278 2613 cst,
3306 2559 3353 2602 et
3390 2565 3482 2618 ego
3527 2549 3706 2602 munda

2164 2638 2303 2711 (cat.
2333 2640 2429 2709 vi).

2238 2726 2426 2780 Videas
2471 2738 2638 2780 autem
2682 2726 2903 2791 Pilatus,
2951 2729 3072 2796 quia
3122 2728 3250 2780 nihil
3292 2730 3599 2798 proﬁceret,
3631 2731 3707 2783 sed

2162 2816 2323 2884 magis
2355 2815 2601 2867 tumultus
2622 2815 2786 2882 ﬁeret,
2814 2824 3016 2883 accepta
3040 2832 3173 2885 aqua
3187 2816 3320 2869 lavit
3345 2834 3530 2870 manus
3549 2835 3708 2871 coram

2162 2903 2347 2973 populo
2390 2904 2562 2956 dicens
2608 2903 2906 2956 :Innocens
2944 2921 3034 2974 ego
3066 2921 3177 2957 sum
3228 2924 3257 2957 a
3304 2908 3557 2977 sanguine
3590 2909 3711 2975 justi

2163 2991 2337 3059 hujus,
2366 3007 2451 3043 vos
2482 2992 2724 3045 videritis.
2760 2992 2957 3047 Pilatus
2982 2997 3185 3063 accepit
3210 3011 3404 3064 aquam
3420 2995 3573 3063 juxta
3601 2998 3712 3051 illud

2169 3081 2532 3149 prepheticum
2578 3098 2592 3133 :
2626 3081 2828 3135 Lavabo
2874 3084 3006 3135 inter
3050 3084 3339 3139 innocentes
3366 3104 3552 3139 manus
3586 3104 3713 3141 meas

2172 3165 2351 3237 (Ρδαι.⁸
2387 3168 2534 3238 xxv),
2588 3176 2645 3221 ut
2691 3169 2743 3221 in
2774 3169 2986 3223 lavacro
3014 3186 3265 3224 manuum
3312 3173 3427 3239 eius
3448 3176 3712 3244 gentilium

2169 3266 2329 3323 opera
2375 3266 2751 3326 purgareutur,
2785 3262 2928 3313 etab
2972 3260 3245 3330 impietate
3289 3263 3592 3319 Judazorum
3635 3265 3713 3332 qui

2171 3346 2535 3411 clamaverunt
2580 3365 2592 3397 ξ
2640 3345 2894 3418 Cruciﬁge
2940 3366 3075 3414 eum,
3130 3368 3225 3405 nos
3277 3355 3481 3409 alienos
3529 3355 3718 3411 faceret

2170 3436 2558 3503 quodammodo
2583 3444 2890 3491 contestans
2917 3444 2971 3491 et
3008 3438 3189 3491 dicens
3222 3457 3233 3491 :
3268 3441 3377 3509 Ego
3405 3432 3620 3505 quidem
3647 3444 3719 3496 in-

2173 3532 2452 3581 nocentem
2480 3527 2617 3581 volui
2642 3526 2895 3593 liberare;
2926 3529 3015 3583 56d
3044 3531 3299 3599 quoniam
3322 3532 3513 3587 seditio
3537 3530 3718 3601 oritur,

2172 3625 2224 3669 et
2254 3615 2555 3671 rebellionis
2592 3616 2718 3669 mihi
2750 3618 2945 3671 contra
2965 3617 3230 3673 Ctesarem
3266 3609 3473 3677 crimen
3532 3625 3718 3694 impin-

2173 3707 2333 3772 gitur,
2364 3705 2617 3759 innocens
2645 3720 2743 3773 ego
2769 3721 2885 3759 sum
2922 3722 2952 3759 a
2976 3708 3233 3777 sanguine
3260 3710 3392 3779 justi
3424 3710 3602 3779 hujus.
3639 3712 3721 3767 Ju-

2173 3797 2271 3855 dex
2302 3796 2391 3864 qui
2420 3796 2626 3865 cogitur
2652 3805 2833 3851 contra
2869 3798 3149 3851 Dominum
3198 3799 3340 3855 ferre
3385 3806 3718 3869 sententiam,

2175 3902 2279 3959 non
2310 3888 2525 3941 damnat
2550 3875 2821 3951 oblatum,‘
2846 3889 2936 3942 sed
2979 3890 3150 3957 arguit
3179 3888 3484 3953 oderentes,
3528 3894 3720 3963 justum

2174 3991 2291 4030 esse
2317 3976 2686 4045 pronuntians,
2715 3977 2805 4045 qui
2830 3977 3218 4051 cruciﬁgendus
3237 3987 3340 4052 est.
3375 3977 3501 4044 Vos,
3540 3982 3721 4050 inquit,

2175 4068 2421 4131 videritis,
2449 4081 2547 4135 ego
2574 4067 2814 4121 minister
2839 4082 2953 4119 sum
2977 4067 3169 4136 legum,
3192 4077 3368 4122 vestra
3391 4086 3494 4124 vox
3522 4072 3724 4141 sangui-

2175 4170 2296 4209 nem
2326 4153 2515 4209 fundit.
2549 4152 2653 4209 Sed
2695 4155 2933 4222 nunquid
2968 4156 3130 4208 Deum
3167 4156 3403 4225 iudicem
3443 4157 3721 4221 fallebant.

2177 4241 2317 4310 quod
2358 4242 2482 4295 fecit
2508 4242 2728 4306 Pilatus,
2766 4243 2816 4295 in
2848 4257 2913 4296 eo
2943 4244 3057 4311 ipso
3079 4246 3218 4311 quod
3247 4244 3373 4300 fecit
3398 4246 3723 4315 aliquantum

2179 4332 2442 4399 particeps
2465 4330 2585 4395 fuit,
2618 4331 2708 4386 sed
2739 4331 2794 4386 in
2823 4334 3214 4400 comparatione
3248 4335 3413 4389 nmlto
3437 4338 3553 4405 ipse
3583 4339 3723 4397 iuno.

2182 4422 2407 4475 centior.
2433 4421 2627 4475 lnslitit
2654 4422 2795 4475 enim
2822 4432 3075 4490 quantum
3104 4425 3275 4492 potuit
3301 4434 3361 4479 ut
3388 4427 3540 4480 illum
3556 4443 3623 4487 ex
3643 4443 3720 4483 eo—

2183 4527 2301 4565 rum
2333 4512 2575 4565 manibus
2600 4510 2865 4566 liberaret.
2901 4504 3150 4581 Sequitur
3178 4532 3191 4567 :

2252 4604 2319 4656 Et
2366 4603 2669 4673 respondens
2721 4604 2982 4658 universus
3008 4604 3225 4680 populus
3275 4607 3409 4661 dicit
3440 4626 3460 4663 :
3505 4611 3721 4680 Sanguis

2184 4696 2296 4764 ejus
2346 4711 2498 4763 super
2547 4710 2637 4747 nos
2677 4704 2723 4747 et
2769 4709 2922 4763 super
2963 4679 3371 4762 ﬁlios'nostros.
3420 4700 3722 4756 Perseverat

2185 4800 2351 4853 usque
2390 4785 2442 4837 in
2466 4791 2776 4851 praesentem
2802 4784 2939 4837 diem
2968 4785 3080 4839 hare
3110 4787 3421 4856 imprecatio
3448 4805 3609 4859 super
3642 4790 3724 4845 ιυ-

2182 4874 2345 4937 daeos,
2376 4883 2429 4927 et
2459 4874 2672 4939 sanguis
2704 4873 2908 4926 Domini
2934 4889 3037 4927 non
3069 4874 3340 4929 auferetur
3361 4878 3428 4932 ab
3451 4880 3551 4932 eis.
3586 4881 3726 4935 Unde

2182 4981 2276 5036 per
2298 4966 2482 5019 lsaiam
2515 4965 2743 5033 loquitur
2770 4983 2780 5016 :
2814 4964 2873 5017 Si
2895 4964 3175 5018 levaveritis
3200 4966 3269 5019 ad
3294 4983 3373 5020 me
3398 4984 3600 5031 manus,
3631 4987 3726 5022 non

2182 5056 2457 5110 exaudiam
2504 5071 2609 5109 vos.
2667 5055 2857 5108 Manus
2892 5055 3031 5107 enim
3053 5066 3229 5109 vestra:
3274 5060 3525 5127 sanguine
3568 5060 3723 5129 plena

2183 5153 2298 5196 sunt
2328 5141 2460 5212 (Isa.
2498 5142 2555 5213 ι).
2586 5143 2848 5211 Optimam
2877 5143 3234 5197 [nereditatem
3272 5144 3439 5199 Judati
3461 5147 3586 5202 ﬁliis
3612 5148 3729 5201 reli-

2146 5251 2148 5255 ν
2184 5240 2433 5301 querunt,
2465 5232 2733 5285 dicentes:
2778 5229 3000 5299 Sanguis
3028 5232 3163 5299 ejus.
3201 5240 3256 5285 et
3278 5241 3491 5287 czetera.

2258 5318 2399 5371 Tunc
2435 5319 2627 5371 dimisit
2664 5318 2767 5371 illis
2797 5318 3107 5371 Barabbam.
3140 5317 3415 5394 (Venant.)
3448 5321 3610 5378 Latro
3647 5338 3730 5377 se—

2186 5408 2409 5463 ditiosus
2428 5418 2482 5462 et
2508 5409 2911 5462 homicidiorum
2933 5412 3123 5461 auctor
3143 5409 3393 5464 dimissus
3422 5419 3505 5465 est
3538 5411 3729 5481 populo

2184 5495 2505 5558 Judreorum,
2546 5497 2594 5549 id
2624 5505 2724 5561 est,
2770 5497 3007 5552 diabolus
3054 5515 3067 5550 :
3114 5499 3204 5567 qui
3227 5498 3336 5566 jam
3378 5501 3504 5562 olim
3560 5501 3727 5570 patria

2183 5584 2315 5639 lucis
2341 5584 2409 5637 ob
2429 5585 2633 5653 culpam
2663 5570 2921 5654 superbiae
2941 5584 3208 5653 depulsus,
3230 5595 3284 5640 et
3308 5587 3363 5641 in
3393 5589 3729 5645 tenebrarum
