3922 6360
306 379 438 434 “33

1253 368 1598 449 COMMENT.
1639 369 1703 421 l.\'
1744 364 2170 420 ΜᾹῚἽΊΙΑΣΗΜ.
2211 394 2280 406 -
2310 365 2437 418 Hii.
2484 363 2607 418 \‘lll.

3362 371 3492 425 1155

303 494 761 546 l'ueratearcereni
786 486 996 539 missus.
1026 486 1195 553 Atque
1224 483 1342 537 ideo
1362 481 1525 535 .lntlzni
1555 496 1733 551 pacem
1755 481 1849 533 ha-
1878 483 1922 540 Λ
1952 476 2175 538 calamo,
2213 487 2468 531 venenata
2510 476 2702 530 occidit
2750 477 3026 545 animalia;
3079 480 3188 533 εἰη·
3238 483 3495 537 calamum

302 582 430 636 bere
452 595 556 633 non
590 585 829 647 possunt,
857 574 980 643 quia
1006 574 1325 627 seditionum
1350 572 1667 641 principem,
1691 584 1850 637 quam

303 671 585 726 Dominum
607 668 803 737 eligere
835 665 1157 720 maluerunt.
1192 662 1325 729 Quia
1348 678 1475 717 vero
1495 662 1765 716 Barabhas
1789 662 1853 729 ﬁ-

302 761 404 815 iius
430 758 613 827 patris,
644 757 726 809 vel
757 756 991 824 magistri
1017 770 1195 807 eorum
1230 754 1630 825 interpretatur,
1679 760 1856 820 potest

302 848 617 905 Antichristi
645 852 824 919 typum
867 857 1075 911 gerere,
1103 858 1260 911 quem
1295 842 1367 895 illi
1396 843 1588 909 quibus
1616 841 1810 895 dicitur
1838 858 1851 893 :

317 939 414 991 νος
443 954 507 990 ea:
533 947 679 1005 patre
703 933 909 988 diabolo
936 935 1055 987 estis
1080 933 1256 1004 (Joan.
1290 931 1431 1001 vm),
1458 946 1586 985 vero
1608 929 1699 983 Dei
1720 928 1856 982 Filio

304 1035 429 1082 sunt
455 1024 740 1095 praelaturi.
770 1022 936 1076 Filius
960 1030 1136 1075 autem
1157 1020 1350 1076 diaboli
1371 1019 1728 1073 Antichristus
1749 1034 1853 1071 non

304 1117 373 1172 ab
399 1119 514 1186 ipso
540 1115 827 1177 nascendo,
856 1113 969 1176 sed,
997 1112 1137 1167 sicut
1159 1111 1335 1166 caueri
1354 1119 1682 1178 peccatores,
1709 1107 1855 1161 illum

305 1208 579 1271 imitando,
614 1198 866 1260 vocatur;
1392 1282 1397 1285 ἢ

374 1297 553 1351 Iesum
583 1306 753 1349 autem
788 1290 1106 1362 ﬂagellatum
1129 1290 1342 1343 tradidit
1369 1290 1464 1352 eis,
1501 1298 1557 1342 ut
1593 1288 1857 1357 crucifige-

306 1398 465 1441 retur.
494 1386 730 1453 'Quaarat
762 1384 1004 1437 eruditus
1036 1382 1203 1436 lector
1232 1381 1495 1449 quomodo
1539 1380 1638 1434 sibi
1664 1394 1858 1434 conve-

307 1478 438 1541 niat,
478 1476 705 1530 Pilatum
732 1472 927 1527 lavisse
965 1466 1163 1526 manus
1190 1485 1334 1534 suas,
1371 1478 1427 1524 et
1460 1470 1663 1523 dixisse
1700 1487 1714 1521 :
1760 1468 1857 1522 In-

307 1582 492 1621 nocens
521 1579 613 1634 ego
637 1554 750 1618 sum
776 1580 808 1616 a
838 1564 1088 1630 sanguine
1105 1554 1239 1630 justi
1262 1561 1435 1630 hujus,
1486 1569 1541 1615 et
1564 1569 1747 1629 postea
1770 1558 1859 1612 lla-

307 1653 555 1724 gellatum
590 1652 869 1705 tradidisse
902 1638 1170 1704 Jesnm‘ut
1213 1641 1628 1720 cruciﬁgeretur.
1677 1649 1858 1722 (ΗΑΒ.)

310 1740 417 1795 Sed
459 1740 731 1794 sciendum
789 1738 1203 1793 Romanis'eum
1240 1739 1443 1807 legibus
1501 1740 1853 1804 ministrasse,

1955 568 2169 620 tenebat
2217 566 2269 619 in
2301 582 2480 629 manu,
2524 574 2580 620 ut
2626 566 2960 637 sacrilegium
3001 572 3257 624 scriberet
3292 571 3497 628 ,1υάωο-

1953 669 2093 709 rum.
2131 654 2428 709 Notandum
2458 665 2634 710 autem
2667 656 2805 724 quod
2850 656 3057 710 Marcus
3093 658 3145 712 in
3175 661 3356 714 eodem
3378 661 3495 715 loco

1954 745 2277 798 narrationis
2304 746 2377 798 ita
2407 745 2571 799 dicit:
2602 745 2792 799 Milites
2818 754 2986 799 autem
3011 748 3265 802 duxerunt
3287 767 3401 803 eum
3425 752 3504 804 in-

1952 847 2033 889 tro
2058 837 2113 889 in
2136 837 2325 889 atrium
2341 837 2590 904 pra'torii,
2614 847 2658 889 et
2681 849 2953 891 concocunt
2980 849 3140 891 totant
3163 841 3435 903 cohortem,
3453 853 3500 896 et

1952 922 2172 975 induunt
2184 938 2490 991 purpuram,
2503 934 2549 975 et
2565 925 2827 991 imponunt
2843 926 3167 995 eiplectentes
3182 930 3408 996 spineam
3425 947 3506 981 co-

1955 1025 2156 1080 ronam,
2177 1017 2223 1062 et
2244 1022 2498 1078 cwperunt
2514 1011 2742 1065 salutare
2756 1030 2869 1065 cum
2886 1015 3104 1067 dicentes
3120 1030 3137 1065 .'
3166 1017 3287 1079 Are,
3309 1033 3397 1069 rea:
3409 1016 3505 1068 Ju-

1954 1098 2207 1163 dworum,
2232 1109 2279 1152 et
2302 1102 2650 1168 percutiebant
2682 1113 2831 1171 caput
2858 1104 2969 1172 ejus
3000 1107 3270 1170 nrtmdine,
3306 1117 3353 1160 et
3379 1124 3501 1161 can-

1953 1187 2201 1255 spuebant
2224 1205 2360 1253 eum,
2385 1199 2431 1242 et
2461 1186 2703 1259 ponentes
2732 1209 2897 1262 genua
2930 1194 3211 1247 adorabunt
3242 1214 3373 1251 eum.
3403 1199 3503 1254 Ubi

1955 1274 2433 1347 intelligitur'qnod
2476 1280 2752 1335 Mattlneus
2778 1283 2907 1336 dicit
2942 1302 2953 1336 :
2985 1282 3315 1354 Chlamydem
3342 1290 3505 1341 cocci-

1956 1367 2103 1420 neam
2133 1370 2575 1424 circumdederunt
2599 1372 2665 1436 ei,
2696 1373 2793 1425 hoc
2819 1373 3022 1428 Marcus
3047 1376 3242 1429 dixisse
3264 1378 3504 1431 indutum

1956 1473 2209 1527 purpura.
2242 1459 2344 1513 Pro
2373 1463 2517 1530 regia
2545 1463 2684 1516 enim
2714 1480 2946 1532 purpura
2988 1465 3226 1535 chlamys
3272 1468 3355 1520 illa
3386 1482 3509 1522 coc-

1957 1549 2106 1602 einea
2157 1550 2223 1609 ab
2269 1550 2607 1606 illudentibus
2658 1552 2890 1606 adhibita
2935 1564 3069 1617 crat,
3119 1564 3174 1609 et
3218 1566 3299 1610 est
3349 1558 3507 1612 rubra

1957 1639 2195 1707 quaedam
2224 1654 2457 1708 purpura
2485 1655 2645 1694 cocco
2674 1641 2957 1694 si:i~.illima.
2995 1641 3179 1696 Potest
3208 1646 3366 1697 etiam
3394 1644 3506 1700 ﬁeri

1958 1735 2017 1779 ut
2044 1742 2331 1795 purpuram
2361 1728 2522 1782 etiam
2570 1728 2777 1783 Marcus
2806 1735 3316 1796 commemoraverit,
3350 1744 3505 1804 quam

308 1818 718 1901 “mnu-auum
749 1840 833 1886 es,
856 1837 914 1883 ut
931 1831 1022 1899 qui
1049 1829 1450 1900 cruciﬁgeretur
1469 1831 1618 1900 prius
1646 1830 1863 1901 ﬂagellis
1895 1808 1936 1865 Β
1965 1815 2204 1885 chlamys
2236 1817 2488 1882 habebat,
2515 1820 2757 1886 quamvis
2778 1829 2918 1874 esset
2944 1823 3212 1876 coccinea.
3238 1822 3510 1893 (Venant.)

307 1921 701 1979 ve‘rberaretur.
742 1918 900 1974 Iesus
945 1914 1123 1974 autem
1165 1918 1457 1995 ﬂagellatus
1495 1936 1599 1974 non
1646 1921 1715 1975 ab
1744 1921 1862 1975 alio

311 2025 472 2079 quam
501 2010 568 2063 ah
594 2010 709 2078 ipso
734 2007 904 2063 Pilato
929 2008 1305 2079 intelligendus
1332 2019 1433 2064 est.
1469 2009 1669 2065 Scribit
1707 2026 1860 2090 nam-

310 2114 414 2169 que
453 2106 634 2167 aperte
659 2095 892 2151 Joannes
918 2113 930 2149 :
963 2094 1321 2150 Clamaverunt
1355 2113 1557 2150 rursum
1584 2113 1756 2151 omnes
1784 2098 1864 2150 di—

311 2199 475 2245 centes
501 2206 520 2243 :
552 2189 675 2243 Non
722 2190 880 2253 hunc,
910 2188 1000 2256 sed
1028 2186 1344 2241 Barabbam.
1380 2187 1511 2240 Erat
1539 2198 1709 2241 autem
1754 2188 1860 2241 Ba-

311 2281 497 2336 rabbas
519 2280 673 2333 latro.
713 2279 855 2333 Tunc
881 2295 1000 2349 ergo
1036 2278 1367 2347 apprehendit
1412 2276 1616 2332 Pilatus
1644 2277 1824 2332 Iesum
1848 2320 1861 2341 ,

312 2376 359 2420 et
383 2366 680 2437 ﬂagellauit.
712 2365 790 2419 Ae
812 2365 1001 2437 deinde
1029 2364 1409 2434 subjungitdtt
1435 2364 1621 2431 milites
1645 2364 1866 2435 plecten-

311 2463 387 2507 tes
412 2468 654 2506 coronam
678 2451 742 2505 de
766 2452 927 2521 spinis
940 2451 1289 2521 imposuerunt
1311 2453 1466 2520 capiti
1496 2452 1608 2520 ejus
1626 2491 1641 2517 ,
1670 2461 1725 2506 et
1764 2468 1867 2507 exn-

316 2554 449 2597 tera.
480 2543 631 2609 Quod
660 2542 873 2609 quidem
916 2543 1037 2617 ideo
1076 2542 1265 2596 iecisse
1294 2535 1454 2610 atque
1502 2544 1617 2597 ideo
1654 2545 1870 2599 creden-

314 2634 413 2690 dus
439 2640 521 2686 est
548 2631 803 2686 militibus
827 2646 949 2686 eum
992 2631 1316 2687 illudendum
1344 2633 1644 2697 tradidisse,
1682 2642 1742 2687 ut
1784 2649 1869 2688 sa-

315 2724 431 2780 tiati
455 2724 626 2793 pmnis
653 2732 707 2780 et
732 2723 1029 2793 opprobriis
1051 2722 1168 2791 ejus
1191 2722 1377 2787 Judaei,
1407 2719 1629 2777 mortem
1656 2725 1772 2794 ejus
1794 2725 1869 2778 ul-

316 2825 400 2869 tra
452 2816 599 2868 sitire
642 2814 980 2868 desisterent.
1032 2814 1142 2868 Hoc
1188 2800 1365 2867 autem
1412 2813 1609 2869 factum
1662 2824 1765 2879 est,
1813 2826 1870 2870 ut

315 2908 440 2977 quia
475 2907 730 2977 scriptum
757 2915 843 2962 est
871 2925 884 2961 ε
923 2892 1093 2977 Multa
1118 2906 1326 2978 ﬂagella
1350 2919 1672 2978 peccatorum
1696 2906 1866 2979 (Psal.

316 2997 489 3067 XXXI),
520 2996 612 3051 illo
627 2995 902 3065 ﬂagellato
936 3008 1031 3051 nos
1068 3012 1098 3051 a
1131 2997 1444 3053 verberibus
1490 2996 1868 3061 liberaremur,

317 3086 524 3141 dicente
572 3085 846 3156 Scriptura
895 3084 1250 3156 :‘Flagellum
1298 3098 1398 3140 non
1443 3086 1868 3157 appmpinquabit

1963 1903 2181 1973 Mystice
2203 1921 2329 1975 ergo
2358 1905 2411 1959 in
2454 1922 2683 1976 purpura
2709 1925 2812 1977 qua
2843 1909 3054 1964 indutus
3094 1922 3177 1965 est
3220 1914 3475 1967 Dominus
3494 1953 3508 1977 ,

1963 1989 2075 2064 ipsa
2105 1994 2221 2063 ejus
2248 2011 2375 2050 caro
2402 2012 2560 2065 quam
2601 1999 2934 2067 passionibus
2957 1999 3151 2067 objeeit
3193 2002 3491 2057 insinuatur

1963 2083 2038 2138 De
2067 2101 2168 2154 qua
2198 2086 2471 2154 praemissa
2493 2086 2698 2140 dixerat
2722 2089 2996 2156 prophetia
3026 2107 3037 2140 :
3072 2088 3244 2153 Quare
3266 2107 3385 2161 ergo
3426 2108 3514 2144 ru-

1964 2172 2111 2225 brum
2133 2172 2219 2226 est
2248 2174 2602 2228 indumentum
2649 2185 2814 2240 tuum,
2854 2187 2899 2229 et
2927 2180 3221 2232 vestimenta
3248 2190 3336 2233 tua
3363 2182 3513 2250 quasi

1965 2259 2277 2312 calcantium
2319 2261 2372 2315 in
2413 2261 2662 2315 torculzri
2688 2263 2820 2329 (Isa.
2850 2266 3022 2336 thtt).
3055 2266 3110 2320 ln
3148 2283 3345 2322 corona
3391 2284 3515 2324 vero

1965 2364 2125 2418 quam
2156 2352 2407 2418 portabat
2437 2352 2640 2420 spinea,
2685 2362 2986 2409 nostrorum
3033 2359 3296 2426 susceptio
3324 2375 3515 2428 pecca-

1967 2445 2174 2502 torum,
2204 2454 2301 2508 pro
2323 2456 2427 2510 qua
2458 2442 2698 2497 mortalis
2737 2442 2850 2498 ﬁeri
2879 2445 3124 2515 dignatus
3150 2457 3251 2513 est,
3282 2450 3517 2505 ostendi-

1969 2534 2087 2583 tur.
2129 2524 2288 2582 Juxta
2316 2530 2453 2597 quod
2501 2546 2800 2599 praecursor
2847 2534 3012 2602 ipsius
3058 2538 3418 2593 testimonium
3464 2541 3513 2597 ei

1966 2618 2274 2687 perhibens,
2306 2620 2416 2673 ait:
2444 2619 2578 2675 Ecce
2611 2640 2774 2691 agnus
2807 2624 2920 2690 Dei,
2954 2642 3065 2680 ecce
3092 2628 3180 2697 qui
3223 2629 3353 2682 tollit
3401 2647 3517 2700 pec-

1968 2719 2140 2771 catum
2163 2712 2361 2764 mundi.
2381 2711 2619 2782 Namque
2643 2716 2819 2784 spinas
2847 2718 2898 2771 in
2927 2720 3311 2789 signiﬁcatione
3333 2739 3517 2793 pecca-

1970 2809 2143 2854 torum
2168 2803 2294 2870 poni
2319 2802 2489 2858 solere
2516 2812 2742 2860 testatur
2770 2809 2882 2877 ipse
2909 2811 3184 2879 Dominus,
3219 2815 3307 2884 qui
3337 2825 3519 2884 proto-

1968 2892 2149 2977 plasto.
2170 2894 2220 2946 in
2248 2905 2523 2962 peceatum
2550 2898 2797 2968 prolapso
2819 2900 3026 2961 dicebat
3061 2921 3073 2955 :
3106 2903 3262 2959 Terra
3300 2917 3388 2962 tua
3414 2908 3521 2977 spi-

1970 2999 2065 3036 nas
2103 2970 2151 3037 et
2188 2980 2403 3040 tribulos
2434 2988 2739 3057 geminabit
2780 2992 2872 3044 tibi
2922 2991 3069 3066 (Gen.
3116 2996 3215 3064 ιιι).
3262 2996 3410 3063 Quod
3438 2970 3525 3053 est

1972 3082 2155 3141 aperte
2202 3075 2382 3131 dicere
2415 3095 2428 3129 :
2466 3077 2802 3147 Conscientia
2846 3091 2934 3139 tua
2962 3087 3273 3154 punctiones
3313 3087 3441 3152 tibi,
3469 3100 3525 3142 et

318 3138 657 3228 ίαρξηέξιειξῶ
678 3138 982 3246 (puli,
1026 3138 1134 3245 ιζ),
1173 3175 1389 3246 Μγειεοθ
1416 3138 1830 3242 βιζιξωῙΡίιξιωε
1850 3214 1865 3236 ,
1896 3138 1941 3199 C
1969 3163 2186 3247 aculeos
2209 3166 2460 3221 vitiorum
2491 3184 2775 3238 procreare
2802 3187 2907 3226 non
2938 3174 3175 3229 desistet.
3208 3175 3356 3242 Quod
3395 3192 3521 3232 vero

318 3265 407 3334 qui
440 3266 819 3333 interpretatur
839 3281 895 3318 os
923 3264 1258 3326 malleatoris,
1288 3252 1548 3334 signiﬁcat
1580 3264 1866 3329 diabolum,
1962 3253 2113 3323 luna
2152 3253 2497 3331 Evangelium
2544 3258 2698 3314 Luem
2753 3261 3007 3319 Dominus
3062 3263 3199 3332 apud
3258 3264 3520 3322 Herodem

317 3357 412 3424 qui
463 3357 753 3410 secundum
806 3356 1118 3425 prophetam
1180 3353 1407 3408 malleus
1471 3363 1552 3409 est
1609 3353 1872 3409 universa:

321 3455 498 3509 terrae,
530 3460 627 3513 per
659 3460 816 3516 quem
836 3445 1103 3500 Dominus
1135 3444 1349 3500 vascula
1380 3459 1475 3498 sua
1501 3444 1553 3498 in
1582 3442 1871 3497 ministerii

319 3548 476 3588 usum
530 3532 803 3587 formanda
851 3534 1102 3605 percutit,
1140 3547 1264 3606 cum
1315 3532 1513 3587 electos
1550 3546 1675 3587 suos
1709 3528 1873 3584 variis

323 3622 706 3677 tentationibus
730 3624 957 3694 probare
992 3608 1272 3692 permittit.
1305 3616 1472 3688 Quem
1508 3629 1561 3677 et
1588 3621 1875 3677 novissime

320 3710 580 3765 Dominus
622 3709 874 3772 conterit,
918 3711 1048 3779 quia
1073 3716 1315 3766 extremo
1353 3711 1557 3781 judicio
1582 3711 1638 3765 in
1674 3720 1871 3765 aeterna

320 3799 659 3855 damnatione
692 3797 998 3869 confringit.
1098 3822 1103 3829 ~

376 3886 524 3967 [ιιι]
570 3886 713 3941 Tunc
753 3865 937 3942 τιιὶιὶεεῖ
975 3889 1211 3958 pra-ridis
1248 3893 1578 3962 suscipientes
1615 3887 1797 3973 Iesum
1824 3865 1903 3943 in

317 3980 585 4051 primorie,
626 3989 1057 4050 congregaverant
1088 3977 1170 4034 ’ad
1204 3998 1321 4036 eum
1362 3986 1651 4047 universam
1690 3985 1879 4037 cohor-

321 4080 443 4135 tem,
476 4080 523 4123 et
564 4065 964 4134 eiuentesjeum,
992 4062 1323 4142 chlamydem
1350 4070 1636 4129 coccineum
1660 4078 1881 4131 circum-

1971 3352 2090 3407 alba
2129 3361 2278 3408 veste
2322 3354 2575 3416 induitur,
2612 3354 2664 3435 in
2695 3357 2903 3409 caeteris
2935 3372 3057 3410 vero
3102 3360 3443 3429 evangelistis
3486 3376 3517 3415 a

1970 3442 2228 3497 militibus
2251 3441 2406 3496 Pilati
2435 3443 2536 3497 sub
2585 3444 2834 3498 coccineo
2877 3446 2989 3500 sive
3038 3462 3304 3517 purpureo
3338 3450 3523 3507 habitu

1972 3530 2160 3586 illusus
2187 3546 2306 3586 esse
2352 3531 2681 3601 perhibetur,
2728 3531 2918 3587 collata
2946 3543 3172 3603 utraque
3200 3538 3523 3603 narratione,

1973 3619 2028 3677 in
2053 3635 2159 3675 uno
2182 3620 2485 3675 innocentia
2517 3629 2572 3674 et
2593 3621 2814 3677 castitas
2843 3633 3127 3695 assumpta:
3158 3626 3525 3693 humanitatis,

1962 3709 2027 3791 [in
2054 3707 2221 3763 altero
2250 3717 2428 3764 autem
2455 3710 2658 3767 veritas
2692 3699 2988 3782 passionis:
3006 3729 3101 3782 per
3128 3730 3285 3784 quam
3313 3716 3377 3770 ad
3418 3715 3528 3788 glo4

1976 3798 2110 3852 riam
2140 3798 2291 3873 regni
2338 3799 2657 3867 immortalis
2687 3808 2828 3856 esset
2854 3812 3224 3872 perventurus,
3270 3806 3529 3875 exprimi-

1979 3896 2082 3940 tur.
2117 3872 2269 3960 Sicut
2291 3888 2433 3942 enim
2478 3903 2715 3959 purpura
2741 3889 2971 3951 colorem
2990 3891 3273 3961 sanguinis
3300 3872 3389 3962 qui
3432 3908 3528 3963 pro

1979 3979 2131 4033 nobis
2157 3976 2358 4034 eﬂ‘usus
2381 3986 2465 4034 est
2488 3979 2748 4047 imitatur,
2780 3981 2855 4035 ita
2876 3982 3193 4049 ethabitnm
3217 3984 3363 4054 regni
3388 3985 3528 4053 quod

1978 4078 2099 4137 post
2127 4069 2429 4138 passionem
2458 4070 2693 4135 intravit,
2723 4054 2978 4143 nobisque
3000 4074 3303 4128 intrandum
3333 4076 3529 4144 patere.

322 4154 573 4223 dederunt
597 4157 662 4221 ei,
689 4167 737 4211 et
756 4142 1026 4228 plectentes
1058 4174 1301 4213 coronam
1325 4152 1572 4231 de‘spi'm's
1604 4157 1882 4235 ροειιένυηι
1982 4160 2076 4223 cit,
2104 4155 2357 4215 insinuat.
2380 4160 2578 4217 Verum
2607 4154 2731 4231 quia
2759 4142 3200 4234 dixitApostolus
3225 4185 3237 4220 :
3269 4142 3531 4239 Quotquot

322 4259 479 4311 super
520 4256 672 4316 caput
711 4247 847 4316 ejus,
892 4256 941 4300 et
983 4247 1289 4302 arundinem
1326 4251 1380 4304 in
1406 4250 1617 4310 dextera
1658 4255 1791 4325 ejus,
1836 4266 1885 4310 ει
1982 4251 2117 4303 enim
2164 4252 2219 4305 in
2257 4250 2467 4313 Christo
2507 4253 2755 4322 baptizati
2797 4256 2953 4322 estis,
2986 4254 3245 4312 Christum
3292 4259 3531 4316 indixistis

320 4352 456 4406 genu
481 4337 617 4404 ﬂexo
638 4341 895 4389 ante'eum
920 4335 1203 4390 illudebant
1224 4338 1447 4394 dicentes
1469 4357 1488 4394 :
1522 4328 1643 4406 Ade,
1657 4325 1664 4329 ’
1678 4361 1770 4399 rea:
1790 4345 1869 4399 Ju-

1987 4339 2126 4413 (Gal.
2158 4334 2263 4413 in),
2303 4354 2357 4398 et
2401 4341 2566 4398 Isaias
2590 4346 2814 4408 Domino
2843 4347 2909 4401 de
2937 4348 3119 4404 electis
3159 4349 3405 4406 omnibus
3451 4352 3529 4407 in-

322 4425 577 4479 dteorum.
619 4424 810 4479 Milites
834 4412 1078 4494 quidem,
1100 4427 1223 4495 quia
1251 4443 1346 4483 rex
1375 4428 1676 4485 Ju‘daeorum
1703 4432 1869 4490 fuerat

1986 4432 2133 4502 quit:
2159 4412 2258 4486 llis
2280 4433 2412 4487 velut
2434 4443 2736 4519 ornamento
2757 4438 2981 4491 vestieris
3005 4437 3134 4509 (Isa.
3164 4444 3325 4513 xm),
3346 4450 3535 4511 pateat

324 4515 640 4586 appellatus.
693 4522 747 4569 et
779 4512 883 4569 hoe
917 4515 966 4570 ei
1011 4517 1200 4571 scriba;
1239 4527 1293 4572 et
1333 4521 1636 4576 sacerdotes
1674 4520 1877 4603 crimen

324 4604 653 4689 objecerant,
691 4605 831 4673 quod
882 4604 979 4659 sibi
1034 4605 1087 4658 in
1133 4608 1327 4677 populo
1382 4608 1543 4663 lsracl
1597 4609 1880 4683 usurparet
1924 4617 1929 4623 '

328 4694 634 4762 imperium,
668 4694 947 4750 illudentes
990 4696 1093 4751 hoc
1134 4695 1356 4763 faciunt,
1387 4706 1446 4753 ut
1471 4703 1740 4757 ‘nudatum
1769 4706 1881 4774 pri-

326 4786 483 4840 stinis
508 4786 768 4850 vestibus,
806 4784 1030 4853 induant
1061 4788 1391 4860 chlamydem
1433 4794 1737 4850 eoecineam
1781 4813 1878 4868 pro

327 4889 579 4944 purpura,
614 4890 718 4944 qua
756 4890 907 4944 reges
941 4885 1150 4933 veteres
1186 4880 1487 4946 utebantur,
1533 4892 1589 4938 et
1628 4899 1729 4953 pro
1771 4887 1884 4955 dia-‘V

317 4965 536 5018 'demate
565 4974 763 5033 ponant
790 4965 839 5018 ei
877 4980 1126 5020 coronam
1154 4968 1414 5037 spineam,
1443 4986 1541 5039 pro
1566 4966 1777 5043 sceptro
1797 4990 1881 5032 re-

327 5054 432 5124 gali
483 5054 609 5107 dent
642 5053 926 5117 calamum,
959 5063 1013 5110 et
1059 5056 1282 5113 adorent
1330 5062 1481 5128 quasi
1530 5078 1728 5134 regem.
1773 5064 1881 5121 Nos

328 5149 509 5195 autem
549 5142 661 5196 hmo
693 5143 873 5196 omnia
911 5144 1268 5211 intelligamus
1311 5152 1554 5219 mystice.
1606 5152 1881 5219 Quomodo

326 5233 470 5291 enim
509 5231 737 5300 Caiphas
774 5232 950 5286 dixit:
994 5232 1206 5303 Oportet
1244 5252 1403 5291 unum
1439 5241 1695 5296 hominem
1745 5246 1878 5299 mori

280 5316 281 5319 “
326 5333 421 5388 pro
442 5319 698 5383 omnibus,
731 5320 971 5375 nesciens
998 5320 1126 5390 quid
1160 5322 1377 5388 diceret,
1410 5327 1487 5380 sic
1507 5336 1563 5381 et
1600 5329 1686 5383 isti
1710 5332 1880 5397 quod-

330 5422 541 5475 cunque
585 5407 843 5473 fceerunt,
889 5410 1015 5465 licet
1052 5410 1155 5465 alia
1202 5424 1376 5467 mente
1411 5414 1660 5481 fecerint,
1707 5428 1879 5475 tamen

330 5497 603 5566 nobisqui
631 5501 896 5556 credimus
924 5513 1255 5558 sacramenta
1286 5506 1604 5563 tribuebant.
1632 5510 1687 5563 ln
1730 5512 1879 5565 chla-

330 5586 487 5653 myde
542 5588 808 5653 coccinea,
847 5605 1006 5658 opera
1058 5594 1298 5660 gentium
1330 5608 1549 5651 cruenta
1592 5608 1875 5654 sustentat.

332 5673 387 5726 in
419 5689 615 5753 corona
665 5678 866 5744 spinea,
902 5680 1241 5737 maledictum
1269 5683 1427 5739 solvit
1473 5689 1770 5758 antiquum.
1820 5690 1875 5745 ln

1982 4523 2036 4578 in
2079 4522 2182 4578 hoc
2208 4517 2662 4593 utroque’Domini
2709 4526 2911 4591 habitu,
2954 4529 3291 4588 inimicorum
3317 4534 3529 4602 quidem

1980 4611 2244 4681 sententia
2267 4616 2547 4697 probroso,
2576 4616 2668 4671 sed
2708 4618 2874 4688 ipsius
2900 4603 3109 4682 Domini
3134 4624 3397 4682 electione
3422 4628 3533 4698 glo-

1979 4704 2291 4769 riosissimo,
2320 4706 2497 4768 omnis
2519 4704 2807 4762 electorum
2838 4707 2954 4777 ejus
3003 4710 3283 4768 multitudo
3310 4730 3428 4784 quae
3475 4716 3531 4770 in

1978 4802 2239 4863 martyres
2289 4795 2646 4859 venerandos,
2677 4807 2732 4852 et
2773 4806 3021 4855 ceteram
3061 4801 3290 4856 ﬁdelium
3324 4803 3531 4873 plebem

1976 4882 2352 4953 distinguitur,
2379 4885 2654 4963 aptissime
2677 4887 2962 4957 designari.
2988 4892 3122 4947 Alba
3146 4895 3342 4948 etenim
3382 4905 3531 4951 veste

1982 4974 2242 5040 induitur,
2271 4990 2390 5031 eum
2426 4978 2621 5032 munda
2655 4978 2921 5046 justorum
2946 4982 3277 5039 confessione
3300 4986 3529 5041 circnm-

1984 5065 2159 5118 datur.
2186 5063 2427 5135 Purpura
2455 5067 2567 5121 sive
2595 5082 2757 5123 cocco
2778 5069 3018 5135 vestitur,
3049 5088 3172 5126 cum
3191 5074 3244 5127 in
3269 5075 3532 5145 triumpho

1983 5152 2392 5208 victoriosorum
2417 5164 2711 5226 martyrum
2742 5156 3017 5224 gloriatur.
3118 5154 3137 5171 ’⁸

2056 5244 2123 5297 Et
2153 5255 2452 5315 exspuentes
2486 5247 2539 5299 in
2567 5263 2683 5299 eum
2704 5287 2718 5312 ,
2762 5262 3063 5319 acceperunt
3108 5255 3441 5321 arundinem,
3482 5268 3531 5311 et

1983 5337 2333 5404 percutiebant
2382 5347 2531 5407 caput
2586 5341 2718 5407 ejus.
2774 5340 2897 5395 llaec
2942 5348 3067 5395 tunc
3116 5341 3291 5397 fecere
3336 5346 3533 5402 milites

1984 5426 2135 5479 Pilati
2155 5427 2313 5490 ,‘hzec
2349 5443 2516 5495 usque
2552 5429 2709 5484 hodie
2738 5429 2939 5485 faciunt
2967 5433 3200 5488 hzeretici
3226 5443 3280 5490 et
3303 5440 3493 5507 pagani
3513 5480 3530 5499 .

1981 5516 2177 5571 milites
2221 5517 2405 5585 utique
2456 5518 2653 5573 diaboli
2709 5538 2721 5572 :
2766 5519 2888 5589 quia
2936 5522 3076 5575 enim
3126 5533 3287 5592 caput
3331 5525 3530 5584 Christi

1981 5603 2150 5667 Deus,
2183 5612 2343 5672 caput
2382 5604 2497 5672 ejus
2521 5610 2863 5676 percutiunt,
2911 5611 3002 5678 qui
3046 5625 3168 5665 eum
3197 5612 3361 5667 Deum
3409 5631 3531 5671 esse

1980 5708 2165 5748 verum
2193 5692 2475 5764 denegant.
2509 5697 2575 5751 Et
2610 5699 2731 5767 quia
2768 5714 2863 5767 per
2893 5700 3206 5757 arundinem
3251 5701 3527 5775 Scriptura
