3922 6336
424 404 555 459 1155

1082 396 1140 450 Β.
1183 393 1429 450 RABANI
1470 392 1686 450 MAURI
1720 388 1986 446 ARCHIEI

2084 384 2381 443 MOGUNT.
2423 386 2703 445 OPERUM
2744 384 2920 442 PARS
2956 384 2999 441 ι.

3503 383 3645 439 H36

414 513 551 569 solet
565 510 755 567 conﬁci
773 548 787 572 ,
808 505 961 576 quasi
983 504 1243 558 arundine
1260 501 1629 573 caputChristi
1653 494 1975 564 feriunt,qui
2008 499 2050 556 Λ
2082 510 2184 549 non
2211 494 2511 560 Hebrazum,
2543 505 2597 549 et
2618 496 3001 564 interpretatur
3027 493 3303 549 Calvarice.
3335 492 3431 548 Est
3460 503 3642 547 autem

416 599 683 657 divinitati
706 598 845 652 illius
862 593 1288 651 contradicentes
1304 632 1317 655 ,
1343 588 1591 645 errorem
1611 602 1763 643 suum
1784 586 1976 641 conﬁr-

333 702 336 705 ’
416 708 567 751 mare
606 688 924 746 auctoritate
953 701 1120 740 sacrm
1149 684 1441 752 Scriptura:
1465 687 1744 736 conantur.
1768 678 1978 746 Spnunt

419 785 475 839 in
519 782 711 838 faciem
742 780 892 850 ejus,
936 777 1024 846 qui
1071 776 1186 845 ejus
1227 772 1563 843 praesentiam
1594 769 1777 840 gratia:
1802 766 1978 823 verbis

416 867 764 926 exsecrandis
785 882 849 921 ex
866 867 1073 918 interna
1096 875 1251 915 caecae
1274 854 1467 913 mentis
1481 857 1689 911 insania
1706 854 1978 923 conceptis

419 966 716 1029 respuunt,
772 966 826 1009 et
866 952 1046 1007 Jesum
1092 949 1363 1006 Christum
1409 947 1460 1000 in
1504 960 1669 1005 carne
1717 946 1979 1012 denegant

418 1050 650 1105 venisse.
679 1047 743 1100 Et
766 1042 979 1115 quidem
1010 1040 1205 1095 milites
1238 1053 1381 1101 eum,
1409 1035 1562 1104 quasi
1589 1034 1678 1103 qui
1709 1033 1875 1087 Deum
1919 1045 1978 1084 se

419 1144 534 1213 ipse
570 1138 704 1193 falso
738 1136 996 1198 dixisset,
1044 1131 1324 1185 illudentes
1357 1126 1670 1209 adorabunt.
1707 1122 1810 1179 Sed
1856 1129 1980 1175 sunt

418 1231 606 1298 hodie,
655 1228 796 1298 quod
827 1234 910 1280 est
940 1222 1198 1294 gravioris
1232 1218 1496 1281 vesaniae,
1546 1216 1637 1284 qui
1666 1230 1787 1270 eum
1834 1222 1981 1268 certa

421 1322 523 1376 ﬁde
553 1327 612 1373 ut
647 1318 814 1371 Deum
841 1327 1023 1367 verum
1053 1310 1308 1371 adorant,
1353 1306 1445 1360 sed
1474 1304 1745 1374 perversis
1773 1302 1981 1356 actibus

420 1424 551 1463 mox,
564 1408 722 1461 verba
745 1402 856 1470 eius
872 1397 1278 1470 quasi’l‘abulosa
1296 1395 1617 1464 deSpiciunt,
1634 1409 1696 1447 ac
1717 1390 1981 1463 pt‘mnissa

421 1499 571 1568 regni
598 1496 737 1550 illius
764 1489 1141 1559 temporalibus
1168 1478 1432 1540 illecebris
1454 1485 1608 1553 lange
1635 1489 1977 1553 pomponunt.

494 1586 560 1643 Et
579 1592 845 1655 postquam
863 1578 1131 1632 illuserunt
1156 1576 1492 1639 ei,’ea:ueruut
1507 1588 1624 1625 eum
1638 1570 1978 1659 chlamydem,

422 1685 468 1729 et
496 1675 773 1728 induerunt
806 1684 921 1724 eum
948 1666 1257 1721 vestimentis
1278 1664 1411 1732 ejus,
1439 1672 1487 1716 et
1510 1663 1766 1716 duxerunt
1788 1677 1901 1714 eum
1926 1670 1982 1713 ut

422 1763 795 1832 cruciﬁgerent.
838 1754 1102 1832 (Hieroni)
1131 1754 1352 1819 Quando
1386 1751 1697 1821 flagellatur
1720 1748 1897 1814 Iesus,
1928 1757 1983 1803 et

2075 585 2186 653 ipse
2210 584 2357 641 locus
2378 586 2435 640 in
2462 586 2605 640 Helia
2628 587 2692 639 ad
2714 585 3179 654 septentrionalem
3202 585 3412 656 plagam
3438 586 3643 640 montis

2076 676 2201 731 Sion
2234 692 2248 730 :
2278 688 2332 731 et
2353 678 2609 732 Calvaria:
2638 692 2742 732 non
2771 677 2838 731 ob
2863 676 3133 730 calvitium
3182 677 3337 745 primi
3383 675 3641 731 hominis.

2075 784 2231 837 quem
2263 768 2335 823 ibi
2387 769 2605 839 quidam
2633 775 2877 822 errantes
2921 766 3183 835 sepultum
3228 766 3425 820 frustra
3457 765 3642 834 suspi-

2076 869 2285 921 cantur,
2314 859 2405 927 sed
2431 858 2501 912 ob
2528 857 2932 912 deeollationent
2969 870 3180 910 reorum
3209 864 3372 924 atque
3414 856 3643 909 damna-

2078 945 2481 1000 torum'dicitur;
2498 944 2666 999 Adam
2691 958 2815 998 vero
2836 958 2942 998 non
2964 943 3017 997 in
3037 942 3331 1001 Jerusalem
3348 943 3643 1013 sepultum,

2078 1035 2341 1104 sed'juxta
2362 1036 2553 1091 Arbete
2575 1046 2628 1097 et
2652 1034 2886 1098 Hebron,
2917 1035 2970 1088 in
3000 1034 3194 1105 Moysis
3219 1035 3487 1091 volumine
3506 1036 3642 1107 legi-

2042 1142 2197 1182 zmus
2236 1124 2384 1196 (Gen.
2435 1124 2608 1197 xxtn).
2641 1121 2908 1181 Exeuntes
2937 1140 3065 1196 ergo
3104 1141 3134 1179 a
3181 1128 3432 1196 praetorio
3481 1127 3640 1181 Pilati

2078 1222 2337 1269 venerunt
2361 1214 2415 1268 in
2454 1214 2629 1269 locum
2655 1214 2745 1285 qui
2781 1215 2977 1270 dicitur
3002 1214 3281 1285 Golgotha,
3312 1216 3437 1286 quia
3488 1227 3641 1270 extra

2080 1307 2269 1359 urbem
2298 1314 2353 1360 et
2398 1303 2530 1362 foris
2571 1314 2777 1374 portam
2807 1314 2936 1359 tunc
2964 1303 3179 1358 fuerunt
3208 1305 3323 1359 loca
3362 1306 3417 1359 in
3446 1305 3645 1373 quibus

2081 1381 2465 1449 truncabantur
2486 1395 2659 1463 capita
2689 1395 3057 1449 damnatorum
3074 1435 3088 1456 ,
3117 1405 3171 1447 et
3197 1394 3319 1448 inde
3343 1378 3605 1449 calvariae
3626 1435 3640 1457 ,

2081 1486 2132 1539 id
2162 1494 2285 1551 est,
2337 1485 2727 1557 decollatorum
2764 1499 3041 1560 sumpsere
3090 1501 3306 1540 nomen.
3351 1486 3641 1558 PrOpterea

2072 1585 2255 1631 autem
2287 1577 2359 1631 ibi
2389 1575 2676 1630 cruciﬁxus
2698 1585 2783 1630 est
2810 1575 3097 1653 Dominus,
3123 1585 3180 1630 ut
3203 1577 3292 1630 ubi
3337 1578 3488 1646 prius
3524 1588 3640 1631 erat

2084 1681 2207 1722 area
2235 1667 2606 1737 damnatorum
2630 1706 2645 1732 ,
2675 1666 3009 1736 erigerentur
3048 1666 3239 1720 vexilla
3273 1667 3537 1736 martyrii.
3580 1668 3639 1719 Et

2083 1751 2352 1825 quomOdo
2379 1770 2477 1827 pro
2506 1756 2665 1810 nobis
2689 1755 3025 1810 maledictum
3054 1757 3229 1810 crucis
3255 1755 3430 1811 factus
3458 1764 3563 1821 est,
3588 1767 3643 1809 et

421 1850 733 1921 conspuitur
747 1846 1032 1923 etirridetu
1042 1838 1083 1908 r,
1109 1835 1397 1897 non'habet
1417 1840 1629 1911 propria
1646 1841 1997 1904 vestimenta;
2011 1844 2056 1901 B
2084 1844 2396 1915 llagellatns,
2420 1853 2474 1899 et
2492 1842 2802 1907 cruciﬁxus,
2817 1842 2895 1897 sic
2915 1854 3012 1912 pro
3030 1845 3265 1898 omnium
3291 1843 3464 1898 salute
3491 1844 3639 1910 quasi

423 1944 517 1999 sed
545 1957 607 1997 ea
633 1955 751 2011 quae
775 1946 992 2009 propter
1033 1942 1248 2004 peccata
1279 1940 1461 1986 nostra
1503 1937 1823 1998 sumpserat.
1852 1926 1984 1982 Cum

423 2041 603 2088 mrtem
652 2024 1063 2098 cruciﬁgeretur
1112 2033 1167 2079 et
1222 2022 1483 2077 illusionis
1522 2030 1679 2088 atque
1725 2018 1987 2073 irrisionis

423 2137 614 2192 pompa
644 2118 1001 2190 praeterierat,
1033 2123 1161 2173 tunc
1199 2112 1452 2182 pristinas
1490 2118 1668 2164 vestes
1692 2109 1909 2178 recipit,
1933 2116 1988 2162 et

425 2210 697 2283 proprium
727 2204 951 2260 assumit
972 2212 1240 2264 ornatum,
1273 2200 1561 2267 statimque
1594 2197 1853 2253 elementa
1877 2204 1988 2250 tur-

429 2303 644 2361 bantur,
673 2307 723 2349 et
756 2286 989 2349 creatori
1008 2288 1371 2345 testimonium
1397 2287 1527 2361 dant
1548 2294 1828 2340 creaturae.
1870 2300 1874 2303 ‘

500 2358 639 2461 [Ν]
682 2384 943 2438 Exeuntes
991 2392 1160 2435 autem
1202 2358 1513 2432 invenerunt.
1530 2378 1785 2439 hominem
1831 2374 1986 2445 Cyre—

429 2495 597 2534 na'um
628 2478 903 2531 venientem
928 2464 1124 2528 obviam
1163 2473 1261 2525 sibi
1283 2462 1489 2523 nomine
1514 2464 1797 2524 Simonem.
1831 2467 1986 2543 Hunc

428 2571 825 2642 angariaoerunt
869 2575 926 2619 ut
955 2563 1151 2617 tolleret
1188 2548 1389 2615 crucem
1416 2560 1549 2629 ejus.
1572 2558 1879 2613 Cavendum
1919 2572 1987 2612 ue

426 2665 512 2719 cui
541 2660 787 2716 videatur
815 2655 1139 2731 contrarium
1165 2651 1307 2722 quod
1334 2649 1568 2705 Joannes
1596 2648 1784 2704 scribit
1814 2648 1983 2724 ipsum

424 2754 707 2811 Dominum
731 2749 833 2803 sibi
862 2760 1074 2812 crucem
1100 2750 1360 2813 portasse.
1391 2739 1583 2811 Caneri
1605 2754 1733 2793 vero
1757 2752 1987 2806 evange-

409 2845 562 2900 ’list:e
582 2843 724 2895 hunc
757 2837 1027 2893 Simonem
1054 2832 1365 2905 Cyrettteum
1390 2817 1507 2885 eam
1538 2827 1807 2895 bajulasse
1842 2824 1983 2882 refe—

420 2940 570 2987 runt.
620 2927 802 2984 Primo
836 2938 1065 2993 namque
1091 2938 1121 2976 a
1150 2921 1373 2976 Domino
1410 2928 1645 2992 portata,
1690 2932 1753 2972 ac
1796 2916 1987 2974 deinde

425 3020 666 3084 Simoni,
714 3030 872 3086 quem
918 3020 1175 3067 exeuntes
1222 3007 1359 3083 forte
1402 3008 1616 3063 obvium
1646 3004 1985 3071 habuerunt,

422 3109 681 3183 portanda
707 3104 954 3175 imposita
984 3099 1084 3156 est.
1114 3100 1181 3153 Et
1223 3099 1325 3153 ho'c
1352 3110 1588 3166 congruo
1632 3095 1764 3151 satis
1797 3093 1986 3149 ordine

428 3170 669 3267 mysterii
697 3234 712 3261 ,
757 3170 877 3264 quia
927 3192 1176 3245 nimirum
1222 3188 1335 3256 ipse
1367 3201 1556 3255 passus
1594 3194 1679 3240 est
1702 3200 1801 3254 pro
1827 3184 1983 3238 nobis
2008 3170 2062 3233 C

421 3286 735 3355 relinquens
770 3281 921 3336 nobis
969 3276 1303 3348 exemplum,
1344 3284 1403 3329 ut
1445 3276 1736 3345 sequamur
1760 3271 1983 3349 vestigia

426 3379 562 3449 ejus.
602 3376 666 3430 Et
708 3374 857 3443 quod’
880 3372 1063 3426 Simon
1110 3370 1210 3424 iste
1249 3381 1355 3422 non
1398 3365 1805 3435 Hierosolymita
1833 3404 1848 3430 ,
1894 3363 1987 3418 sed

427 3469 711 3540 Cyrenaeus
736 3479 854 3520 esse
872 3456 1179 3533 perhibetur
1193 3458 1420 3529 (Cyrene
1440 3457 1591 3510 enim‘
1605 3454 1785 3524 Libya:
1800 3453 1988 3507 civitas

426 3567 534 3619 est,
587 3562 649 3609 ut
693 3554 745 3607 in
797 3550 1019 3606 Actibus
1052 3546 1410 3617 apostolorum
1452 3543 1677 3614 legimus
1716 3540 1986 3622 (Actkll),

431 3655 576 3702 recte
616 3659 713 3714 per
762 3656 885 3697 eum
927 3638 1107 3710 populi
1145 3636 1384 3707 gentium
1437 3634 1783 3704 designantur
1831 3648 1845 3684 :
1897 3631 1988 3700 qui

432 3733 698 3803 quondam
729 3729 995 3800 peregrini
1016 3735 1071 3782 et
1096 3726 1336 3795 bOSpites
1362 3731 1823 3785 testamentorum,
1847 3734 1991 3774 nunc

426 3824 729 3889 'obediendo
754 3822 896 3877 cives
926 3824 1048 3873 sunt
1078 3825 1133 3870 et
1150 3814 1428 3871 domestici
1450 3812 1575 3878 Dei;
1615 3820 1670 3867 et
1696 3810 1837 3867 sicut
1864 3809 1988 3864 alibi

435 3917 669 3971 dicitur:
698 3912 940 3967 eredes
957 3920 1123 3963 autem
1148 3908 1241 3962 Dei
1257 3948 1271 3972 ,
1298 3898 1583 3960 cohwreiies
1606 3892 1777 3957 autem
1798 3900 1989 3956 Christi

428 4002 709 4077 '(Eplt.‘ll).
745 4000 893 4055 Unde
944 4006 1063 4067 apte
1094 3996 1275 4051 Simon
1308 3995 1566 4077 obediens,
1593 3993 1798 4063 Cyrene
1827 3992 1988 4066 lateres

436 4061 838 4159 interpretatur.
866 4061 1425 4155 Nec-praetereundum
1454 4061 1593 4154 quod
1636 4061 1774 4139 idem
1806 4064 1989 4139 Simon

438 4184 504 4237 de
539 4182 658 4235 villa
704 4180 912 4234 venisse
954 4176 1199 4232 refertur.
1231 4175 1366 4229 Villa
1408 4176 1551 4229 enim
1580 4165 1780 4232 Graece
1828 4178 1989 4248 πάγος

439 4270 653 4333 dicitur,
676 4268 815 4321 unde
837 4280 1070 4336 paganos
1090 4265 1413 4334 appellamus
1433 4279 1545 4328 eos,
1570 4280 1701 4333 quos
1724 4280 1754 4317 a
1777 4266 1993 4320 civitate

436 4359 537 4414 Dei
585 4357 821 4421 alienos,
864 4364 918 4409 et
960 4356 1111 4423 quasi
1153 4353 1367 4407 urbana:
1406 4354 1824 4408 conversationis
1873 4367 1993 4408 esse

441 4447 683 4502 videmus
710 4452 971 4514 expertes.
1021 4442 1124 4496 Sed
1170 4443 1397 4512 depago
1439 4441 1623 4497 Simon
1673 4443 1989 4513 egrediens,

438 4550 656 4592 erucem
701 4541 879 4603 portat
918 4539 1038 4601 post
1079 4529 1292 4595 Jesum,
1332 4545 1449 4584 cum
1475 4532 1699 4601 populus
1718 4532 1993 4607 nationum

443 4625 662 4697 paganis
676 4623 865 4677 ritibus
886 4620 1168 4683 derelictis,
1186 4620 1408 4689 vestigia
1431 4620 1994 4691 Dominlcmpassionis

441 4717 749 4771 obedienter
774 4712 1129 4781 amplectitur.
1155 4710 1420 4782 (Ηὶει-οη.)
1447 4710 1555 4766 Nec
1576 4709 1871 4775 foruti'tum,
1899 4712 1993 4779 sed

444 4806 726 4877 ﬁguratum
761 4809 821 4856 et
846 4801 1125 4870 mysticum
1157 4798 1274 4864 luit,
1316 4809 1375 4854 ut
1417 4799 1615 4855 Judaais
1639 4800 1694 4854 in
1721 4800 1990 4855 Christum

443 4895 795 4955 smvienﬁhus,
828 4892 894 4944 ad
924 4890 1347 4960 eompatiendum
1381 4891 1431 4944 ei
1458 4891 1771 4960 peregrinus
1799 4906 1990 4946 occur-

445 4992 606 5048 reret,
636 4980 1140 5049 dieeuteApostolo,
1166 4979 1211 5032 si
1243 4981 1605 5047 compatimur,
1630 4990 1677 5034 et
1706 4997 1988 5051 conregna-

444 5073 640 5136 bimus,
666 5082 725 5125 ut
772 5069 1130 5147 saeratissimo
1174 5066 1471 5123 Salvatoris
1516 5068 1801 5138 opprobrio
1826 5108 1841 5133 ,
1883 5083 1990 5123 non

445 5165 697 5219 Hebrmus
725 5162 998 5228 quisquam
1028 5174 1125 5213 nec
1145 5157 1400 5219 Israelita,
1427 5158 1519 5213 sed
1544 5158 1839 5229 alienigena
1869 5159 1992 5212 sub-

445 5255 676 5309 deretur.
717 5250 816 5303 Per
861 5250 995 5302 haue
1033 5248 1171 5303 enim
1202 5239 1643 5311 translationem,
1690 5262 1719 5299 a
1767 5247 1995 5301 circum-

445 5344 646 5398 cisione
686 5339 751 5393 ad
796 5337 1143 5406 przeputium,
1194 5352 1224 5389 a
1255 5336 1378 5390 ﬁliis
1417 5336 1720 5390 carnalibus
1765 5336 1831 5390 ad
1856 5320 1995 5389 ﬁlios

449 5431 715 5502 spiritales
735 5470 748 5491 ,
779 5426 1115 5481 immaculata
1138 5428 1279 5495 'agni
1318 5426 1645 5495 propitiatio,
1681 5433 1736 5480 et
1758 5427 1993 5481 omnium

449 5528 900 5577 sacramentorum
930 5516 1198 5585 plenitudo
1235 5515 1510 5567 transibat.

522 5609 586 5660 Et
609 5614 843 5660 venerunt
870 5606 922 5657 in
945 5604 1111 5657 locum
1134 5603 1221 5670 qui
1250 5602 1439 5655 dicitur
1457 5601 1734 5671 Golgotlta,
1760 5600 1897 5672 quod
1922 5611 1996 5655 est

455 5696 708 5751 Culum-ite
735 5694 895 5748 locus.
923 5693 1179 5764 Colgotha
1207 5706 1434 5760 namque
1457 5690 1649 5761 Syrum
1677 5707 1867 5746 nomen
1893 5700 1996 5755 est,

2082 1935 2277 2011 noxius
2319 1936 2461 1988 inter
2513 1933 2701 1987 noxios
2750 1933 3077 2005 cruciﬁgitur
3143 1933 3346 2003 (ΗΑΒ.)
3389 1933 3638 1987 Moralem

2085 2039 2294 2095 quoque
2318 2032 2671 2079 sacrosancta:
2688 2024 2867 2080 crucis
2884 2024 3106 2096 ﬁguram
3135 2027 3390 2081 describit
3415 2026 3641 2095 Aposto-

2084 2117 2188 2180 lus,
2200 2116 2291 2171 ubi
2305 2117 2380 2175 ait
2398 2133 2410 2168 :
2434 2114 2465 2168 il
2470 2131 2503 2168 tt
2515 2116 2767 2170 charitate
2780 2116 3002 2170 radieati
3018 2126 3065 2170 et
3080 2118 3284 2185 fundati
3296 2128 3343 2172 et
3358 2128 3413 2171 ut
3433 2118 3636 2187 possitis

2086 2205 2505 2276 comprehendere
2518 2199 2634 2259 cum
2651 2206 2885 2260 omnibus
2906 2203 3224 2276 sanctisque!
3237 2208 3306 2260 sit
3328 2206 3572 2270 latitudo,
3587 2215 3636 2259 et

2086 2297 2382 2369 longitudo,
2413 2297 2635 2365 altitudo
2656 2337 2672 2362 ,
2695 2306 2741 2350 et
2766 2296 3109 2367 profundum,
3140 2312 3445 2365 cognoscere
3488 2297 3636 2355 etiam

2084 2389 2537 2457 supereminentem
2558 2387 2784 2447 scientite
2796 2386 3098 2439 charitatem
3132 2383 3325 2438 Christi
3348 2384 3511 2454 (Eph.
3538 2384 3634 2449 ut).

2088 2474 2269 2548 [.4ug.]
2293 2475 2350 2529 In
2384 2473 2662 2530 latitudine
2682 2475 2876 2545 quippe
2906 2474 3042 2529 bona
3066 2489 3229 2542 opera
3253 2474 3536 2528 eharitatis
3564 2474 3636 2527 si-

2086 2567 2330 2638 gniﬁcat;
2354 2562 2408 2620 in
2434 2565 2781 2636 longitudine,
2804 2565 3253 2634 perseverantiam
3287 2575 3489 2619 sancta:
3510 2579 3635 2617 eon-

2086 2643 2403 2710 versatiOnis
2426 2664 2589 2722 usque
2611 2654 2663 2707 in
2688 2652 2875 2717 ﬁnem;
2898 2653 2950 2706 in
2978 2652 3277 2718 altitudine,
3309 2668 3457 2722 spem
3477 2654 3639 2707 caele-

2065 2741 2246 2800 stium
2275 2746 2647 2815 praemiorum;
2676 2746 2727 2798 in
2750 2745 3029 2813 profundo,
3050 2746 3420 2800 inscrutabilia
3440 2744 3634 2814 judicia

2088 2826 2199 2892 Dei.
2226 2831 2374 2893 Unde
2386 2837 2488 2893 ista
2497 2837 2668 2907 gratia
2682 2837 2733 2890 in
2748 2836 2989 2891 homines
3001 2836 3162 2899 venit,
3178 2847 3231 2891 et
3244 2837 3361 2891 haec
3376 2837 3475 2890 ista
3491 2852 3637 2905 coap-

2087 2937 2269 2983 tantur
2294 2930 2629 2983 sacramento
2654 2928 2849 2991 erucis,
2878 2929 3008 2981 utin
3044 2928 3323 2982 latitudine
3346 2927 3638 2995 accipiatur

2090 3012 2452 3074 transversum
2480 3017 2675 3087 lignum
2698 3031 2802 3086 quo
2822 3008 3177 3073 extenduntur
3198 3026 3639 3086 manus,propter

2086 3122 2307 3176 operum
2328 3105 2800 3180 signiﬁcationem;
2824 3107 2875 3160 in
2902 3096 3226 3177 longitudine
3246 3108 3314 3161 ab
3337 3107 3456 3176 ipso
3476 3121 3638 3175 usque

2087 3196 2138 3248 in
2169 3203 2385 3258 terram,
2416 3195 2502 3248 ubi
2550 3203 2718 3248 totum
2750 3210 2950 3264 corpus
2978 3195 3291 3249 cruciﬁxum
3318 3202 3465 3249 stare
3494 3194 3638 3248 vide-

2087 3294 2203 3349 tur;
2234 3284 2373 3353 quod
2401 3276 2663 3354 signiﬁcat
2689 3274 2992 3352 persistere,
3017 3286 3119 3339 hoc
3139 3293 3240 3350 est,
3266 3286 3639 3355 longanimiter

2088 3387 2429 3442 permanere;
2461 3373 2515 3425 in
2542 3372 2821 3441 altitudine
2842 3413 2857 3433 .
2910 3374 2976 3428 ab
3007 3374 3121 3441 ipso
3150 3384 3457 3433 transverso
3499 3374 3638 3443 ligno

2088 3476 2297 3516 sursum
2327 3469 2514 3517 versus
2541 3462 2678 3530 quod
2708 3462 2773 3515 ad
2804 3452 2960 3533 caput
2984 3464 3201 3526 eminet,
3246 3472 3467 3532 propter
3486 3470 3639 3532 spec-

2090 3550 2342 3606 tationem
2373 3566 2723 3621 supernorum
2744 3592 2757 3615 ,
2805 3566 2873 3605 ne
2894 3552 2981 3605 illa
3024 3568 3184 3621 opera
3228 3554 3367 3607 bona
3398 3560 3559 3621 atque
3588 3553 3636 3606 in

2088 3639 2167 3695 eis
2193 3641 2589 3708 perseverantia
2634 3649 2851 3710 propter
2871 3640 3127 3694 beneﬁcia
3160 3642 3288 3704 Dei,
3315 3649 3526 3695 terrena
3576 3657 3639 3694 ac

2088 3728 2397 3809 temporalia
2444 3728 2683 3783 facienda
2727 3732 3036 3793 credantur,
3067 3730 3163 3784 sed
3202 3732 3382 3798 potius
3422 3740 3639 3801 propter

2091 3815 2238 3883 illud,
2282 3817 2423 3887 quod
2467 3817 2692 3886 desuper
2721 3818 3103 3886 sempiternum
3149 3826 3325 3889 sperat
3360 3820 3495 3876 ﬁdes
3524 3835 3641 3889 qua:

2088 3924 2184 3978 per
2224 3909 2563 3967 dilectionem
2605 3918 2887 3980 Operatur;
2934 3910 2985 3963 in
3009 3910 3267 3980 profundo
3310 3919 3486 3965 autem
3512 3927 3641 3979 pars

2088 4000 2175 4055 illa
2200 4000 2327 4071 ligni
2357 4015 2475 4069 quae
2514 4001 2566 4053 in
2598 4009 2751 4054 terrae
2779 4000 2957 4054 abdita
2987 4000 3154 4055 deﬁxa
3202 4001 3356 4063 latet,
3390 4000 3482 4055 sed
3518 4001 3649 4055 inde

2091 4083 2365 4162 consurgit
2395 4091 2520 4146 illud
2545 4092 2703 4146 omne
2730 4091 2870 4161 quod
2897 4091 3133 4155 eminet,
3178 4092 3317 4145 sicut
3337 4106 3405 4145 ex
3434 4090 3642 4150 occulta

2092 4174 2469 4234 Deivoluntate
2488 4189 2708 4233 vocatur
2731 4180 2888 4233 homo
2910 4179 2973 4233 ad
2992 4164 3455 4249 participationem
3481 4186 3643 4232 tanta

2091 4272 2305 4339 gratim,
2330 4270 2465 4324 alius
2508 4271 2612 4337 sic,
2641 4270 2774 4324 alius
2805 4277 2981 4323 autem
3006 4270 3103 4323 sic.
3145 4268 3638 4338 Supereminentem

2093 4376 2221 4415 vero
2244 4360 2478 4413 scientiae
2500 4359 2817 4413 eharitatem
2852 4356 3225 4422 Christiueam
3266 4356 3509 4426 profecto
3550 4356 3641 4410 ubi

2095 4464 2197 4519 pax
2228 4448 2311 4503 illa
2349 4456 2428 4503 est
2455 4464 2572 4516 qnte
2600 4431 2855 4516 praecellit
2881 4461 3091 4501 omnem
3120 4446 3465 4501 intellectum.

2020 4508 2113 4573 θ’
2166 4537 2233 4591 Et
2260 4508 2508 4591 dederunt
2534 4538 2579 4590 ei
2600 4508 2789 4591 ὐῑηωη
2812 4536 2976 4590 bibere
3002 4551 3120 4589 cum
3146 4535 3264 4604 tetu
3288 4536 3527 4590 mixtum.
3574 4533 3643 4589 Et

2096 4612 2211 4682 cum
2236 4629 2509 4697 gustasset,
2559 4627 2723 4681 uoluit
2751 4627 2937 4682 bibere.
2972 4628 3113 4680 Deus
3144 4626 3380 4694 loquitur
3404 4626 3470 4679 ad
3516 4624 3643 4679 Hie—

2097 4718 2323 4773 rusalem
2356 4736 2367 4771 :
2417 4717 2527 4786 Ego
2552 4730 2598 4772 te
2617 4705 2845 4787 ρίαηιάυὶ
2864 4719 3062 4771 vineam
3092 4732 3257 4770 meam
3286 4734 3475 4781 veram,
3510 4734 3641 4783 quo-

2097 4807 2248 4861 modo
2276 4806 2415 4875 facta
2440 4823 2491 4859 es
2521 4807 2573 4859 in
2614 4806 3004 4859 amaritudinem
3035 4807 3151 4860 vitis
3179 4806 3362 4860 alienae
3386 4806 3518 4876 (lu.
3549 4806 3600 4877 ν)
3620 4807 3647 4859 ‘!

2097 4896 2290 4968 Amara
2344 4897 2463 4950 vitis
2508 4910 2749 4951 amarum
2800 4896 2978 4949 vinum
3039 4893 3203 4958 fecit,
3249 4910 3354 4963 quo
3399 4896 3646 4965 propinat

2096 4984 2320 5039 Domino
2370 4983 2535 5047 Jesu,
2590 4993 2650 5036 ut
2684 4984 2966 5052 impleatur
3012 4983 3151 5052 quod
3198 4984 3456 5052 scriptum
3494 4992 3575 5038 est
3626 5001 3640 5035 :

2094 5069 2357 5125 Dedertmt
2379 5070 2433 5122 in
2460 5070 2628 5121 cibum
2653 5085 2824 5122 meum
2845 5069 2935 5137 fel,
2960 5079 3006 5123 et
3030 5070 3082 5122 in
3104 5070 3188 5123 siti
3211 5086 3324 5123 mea
3343 5079 3645 5139 potaverat

2097 5177 2176 5214 me
2215 5169 2356 5213 aceto
2392 5158 2554 5230 (Psal.
2586 5158 2795 5229 Lthu).
2852 5158 3001 5225 Quod
3031 5167 3205 5215 autem
3235 5160 3437 5216 dicitur
3468 5178 3481 5212 :
3514 5157 3645 5213 Cum

2056 5282 2059 5284 »
2097 5257 2370 5319 gustasset,
2395 5246 2559 5301 noluit
2593 5247 2780 5311 bibere,
2818 5248 2919 5331 hoc
2951 5249 3149 5303 indicat
3180 5250 3320 5317 quod
3354 5248 3651 5318 gustaverit

2098 5339 2309 5408 quidem
2345 5352 2441 5407 pro
2476 5336 2629 5390 nobis
2674 5337 2861 5391 mortis
2885 5337 3317 5399 amaritudinem,
3351 5338 3445 5391 sed
3485 5338 3648 5391 leuia

2096 5426 2180 5480 die
2211 5424 2577 5484 resurrexerit.
2602 5422 2782 5493 (Aug.)
2808 5422 2954 5490 Quod
2980 5424 3121 5478 enim
3145 5424 3218 5477 ait
3238 5422 3449 5478 Marcus
3486 5442 3500 5477 :
3526 5425 3649 5478 Non

2097 5512 2309 5581 accepit,
2346 5510 2659 5579 intelligitur
2686 5525 2790 5565 non
2821 5511 3024 5580 accepit
3055 5520 3111 5565 ut
3143 5510 3367 5566 biberet.
3402 5508 3651 5565 Gustsvit

2078 5604 2274 5655 autem
2326 5600 2462 5654 sient
2516 5599 2794 5655 Matthmus
2842 5602 2995 5655 testis
3045 5609 3165 5666 est,
3219 5611 3271 5655 ut
3320 5603 3464 5671 quod
3508 5602 3649 5655 idem

2102 5687 2380 5743 Matthaeus
2408 5689 2483 5742 ait
2526 5705 2538 5741 :
2583 5688 2760 5743 Noluit
2794 5689 2989 5753 bibere,
3031 5690 3131 5747 hoc
3166 5690 3374 5746 Marcus
3418 5691 3648 5746 dixerit.

3570 6000 3871 6237 ei
