3922 6360
221 443 224 447 Α
282 367 416 422 ηδτ

1205 361 1550 420 (ΣΟΜΜΕΝΤ.
1589 361 1652 417 IN
1693 360 2111 417 MATTHIEUM.
2155 391 2221 402 —-
2260 363 2380 416 LIB.
2421 360 2547 417 Vill.

3346 364 3468 418 “53

284 473 401 527 Non
428 475 647 542 accepit,
680 473 905 526 tacuerit
926 480 1100 526 autem
1130 475 1268 541 quod
1299 476 1608 541 gustaverit.
1637 473 1740 528 Sed
1771 483 1825 528 et
1851 478 1895 533 A
1925 484 2116 528 nerunt
2140 516 2154 538 ,
2204 475 2305 528 nisi
2333 476 2470 543 quod
2518 490 2607 527 rex
2650 474 2948 529 Judteorum
2979 485 3136 531 esset.
3183 477 3329 531 Unde
3367 493 3470 532 non

277 564 380 618 hoc
415 563 554 631 quod
597 559 803 614 Marcus
841 561 916 614 ait
944 563 1266 630 myrrhatum
1295 565 1494 626 vinum,
1526 563 1823 632 intelligen-

278 653 404 705 dum
428 660 510 704 est
552 650 852 703 Matth-.eum
899 650 1099 704 dixisse
1143 667 1259 702 cum
1303 651 1419 718 felle
1466 654 1702 704 mixtum.
1737 652 1826 707 Fel

276 741 469 810 quippe
498 755 594 809 pro
622 741 974 794 amaritudine
995 741 1203 808 posuit,
1231 749 1285 794 et
1329 742 1656 810 myrrhatum
1686 743 1826 796 enim

277 835 458 884 vinum
480 831 872 884 amarissimum
894 839 975 884 est
1005 849 1017 884 :
1043 845 1347 899 quanquam
1373 830 1484 884 ﬁeri
1507 833 1675 899 possit
1696 839 1753 884 ut
1776 841 1832 886 et

278 918 399 973 felle
422 928 476 972 et
508 920 724 988 myrrha
750 919 933 972 vinum
965 920 1356 974 amarissimum
1389 921 1688 975 redderent.

350 1006 630 1079 Postquam
687 1017 857 1062 autem
914 1012 1280 1079 cruci/ixerunt
1337 1028 1454 1065 eum
1484 1052 1497 1076 ,
1547 1013 1829 1067 diviserunt

276 1101 570 1154 uestimenta
595 1101 708 1168 ejus
734 1110 919 1153 sortem
953 1102 1228 1155 mittentes.
1257 1101 1487 1157 Joannes
1516 1112 1690 1157 autem
1719 1104 1828 1158 dis-

277 1187 493 1242 tinctius
509 1188 609 1241 hoc
623 1187 852 1256 explicat
863 1189 1303 1257 quemadmodum
1318 1199 1522 1259 gestum
1537 1193 1623 1245 sit.
1645 1191 1829 1246 Milites

275 1297 417 1348 ergo,
444 1280 632 1346 inquit,
657 1295 771 1332 cum
795 1281 1177 1348 cruci/ixissent.
1194 1297 1332 1346 eum,
1364 1290 1665 1350 acceperunt
1681 1284 1833 1335 vesti-

277 1380 448 1424 menta
482 1371 593 1440 ejus
617 1381 664 1424 et
686 1373 914 1440 fecerunt
943 1382 1168 1442 quatuor
1191 1384 1360 1442 partes
1382 1375 1654 1444 unicuique
1680 1374 1832 1427 militi

274 1470 470 1527 partem
491 1471 537 1513 et
560 1463 806 1515 tunicam.
839 1462 964 1516 Erat
981 1473 1153 1516 autem
1174 1463 1348 1516 tunica
1373 1463 1714 1528 inconsutilis,
1739 1464 1830 1517 de-

274 1559 432 1609 super
459 1559 695 1603 contexta
724 1567 814 1619 per
837 1560 1016 1604 totum.
1045 1550 1299 1604 Dixerunt
1328 1568 1446 1620 ergo
1477 1552 1544 1605 ad
1570 1553 1782 1605 invicem
1812 1569 1830 1605 :

280 1635 403 1689 Non
422 1637 719 1690 scindamus
741 1655 855 1691 eam
880 1639 969 1692 sed
992 1641 1273 1692 sortiamur
1293 1639 1356 1692 de
1378 1639 1468 1692 illa
1492 1640 1642 1708 cujus
1664 1641 1751 1704 sit,
1777 1649 1831 1692 ut

276 1725 543 1796 Scriptura
573 1728 869 1798 impleretur
891 1729 1096 1792 dicens,
1149 1727 1338 1782 Partiti
1374 1739 1490 1782 sunt
1539 1731 1832 1783 vestimenta

1929 563 2025 630 ipsi
2055 563 2288 631 quidem,
2317 565 2406 616 sed
2429 563 2627 615 Pilatus
2651 564 2786 617 hanc
2807 564 3146 631 scriptionem
3174 564 3312 628 fecit;
3334 565 3476 619 sicut

1926 662 1979 704 et
2004 649 2232 705 Joannes
2260 651 2569 704 manifestus
2603 660 2783 704 narrat
2813 652 2994 706 dicens
3024 670 3036 704 :
3067 650 3278 721 Scripsit
3304 664 3474 707 autem

1928 753 1973 795 et
1999 742 2206 796 titulum
2232 740 2452 815 Pilatus,
2477 753 2524 795 et
2545 744 2710 813 posuit
2735 760 2886 811 super
2905 759 3124 796 crucem.
3152 744 3278 796 Erat
3304 755 3471 797 autem

1927 835 2172 900 scriptum
2213 845 2232 882 :
2263 813 2428 885 vilesus
2462 831 2792 894 Nazarenus,
2817 849 2929 884 .rex
2957 832 3278 885 Juda'orurn.
3324 833 3474 885 Hunc

1929 923 2136 978 titulum
2183 923 2332 976 multi
2364 922 2592 993 legerunt
2616 923 2946 988 Judceorum,
2972 924 3092 994 quia
3117 940 3271 993 prope
3295 923 3476 977 cirita-

1928 1023 2027 1068 tem
2057 1022 2168 1067 erat
2193 1012 2334 1065 locus
2360 1014 2448 1065 ubi
2488 1014 2765 1081 cruciﬁxus
2807 1023 2879 1067 est
2900 1012 3073 1066 Iesus.
3104 1011 3170 1064 Et
3211 1025 3319 1065 erat
3355 1013 3479 1064 scri-

1928 1114 2069 1171 ptum
2100 1101 2367 1164 Heb‘raice,
2388 1097 2563 1156 Crtrce
2586 1113 2632 1155 et
2657 1103 2856 1155 Latine.
2886 1102 3130 1156 Dicebant
3161 1118 3280 1170 ergo
3306 1099 3479 1152 Pilato

1928 1192 2194 1262 pontiﬁces
2220 1191 2524 1245 Juda’orum
2554 1208 2573 1245 :
2603 1192 2726 1246 Noli
2757 1191 2992 1251 scribere,
3024 1208 3113 1244 rex
3135 1191 3439 1244 Juda'orum
3461 1231 3474 1252 ,

1928 1281 2185 1349 sed,'quia
2230 1282 2336 1348 ipse
2359 1281 2491 1334 dixit
2524 1294 2540 1331 .'
2571 1298 2661 1334 rex
2685 1298 2798 1334 sum
2835 1279 3159 1333 Judtrorum.
3202 1278 3478 1347 Respondit

1931 1368 2134 1422 Pilatus
2166 1383 2184 1420 :
2234 1368 2642 1442 Quod‘scripsi,
2699 1370 2899 1438 scripsi.
2933 1367 3067 1421 Hinc
3095 1383 3221 1436 ergo
3263 1375 3481 1437 apparet

1929 1455 2138 1509 Iudaeos
2164 1457 2307 1510 hunc
2335 1456 2544 1510 titulum
2589 1444 2700 1512 non
2722 1456 3032 1520 confecisse,
3061 1457 3148 1525 qui
3178 1455 3356 1510 Jesum
3387 1472 3478 1510 ac—

1931 1545 2214 1609 cusabant,
2255 1553 2309 1598 et
2355 1545 2651 1599 invidentes
2680 1545 2838 1599 scribi
2891 1561 3067 1614 regem
3098 1546 3477 1614 prohibebant;

1931 1637 2021 1689 sed
2048 1634 2304 1700 Pilatum,
2350 1635 2440 1704 qui
2469 1635 2680 1705 gentilis
2709 1634 2881 1703 pepuli
2919 1635 2969 1688 in
3011 1636 3398 1704 conscriptione
3429 1641 3481 1688 et

1933 1724 2334 1784 conﬁrmatione
2347 1724 2484 1776 tituli
2502 1725 2672 1795 typiee
2683 1722 3066 1776 confessionem
3085 1722 3475 1792 praaﬁgurabat.

276 1834 390 1870 mea
413 1818 532 1882 sibi,
563 1829 609 1871 et
631 1820 683 1871 in
709 1820 1004 1872 vestimenta
1032 1831 1144 1872 mea
1169 1820 1413 1872 miserunt
1436 1829 1622 1872 sortem
1650 1818 1827 1882 (Joan.
1861 1817 1904 1876 B
1934 1812 2111 1884 (ῐὶλθ.)
2157 1811 2382 1866 Pulchre
2419 1819 2595 1864 autem
2642 1810 2826 1864 titulus
2870 1811 2958 1879 qui
3001 1809 3269 1863 Christum
3302 1824 3478 1878 regem

277 1908 820 1978 xix).Quadripartita
855 1920 1031 1963 autem
1057 1910 1213 1964 vestis
1243 1911 1448 1964 Domini
1470 1910 1828 1979 quadriparti-

279 2005 387 2049 tam
410 1997 523 2065 ejus
535 1998 778 2068 ﬁguravit
799 1999 1110 2062 Ecclesium,
1127 2007 1235 2052 toto
1258 2000 1582 2068 scilicet,qui
1605 2008 1843 2068 quatuor

275 2087 516 2155 partibus
535 2097 760 2151 constat,
789 2097 1054 2142 terrarum
1075 2087 1204 2142 orbe
1229 2089 1492 2153 diﬁ‘usam,
1515 2098 1567 2142 et
1589 2090 1832 2144 omnibus

275 2181 476 2235 eisdem
510 2182 746 2249 partibus
774 2183 1066 2250 aequaliter,
1099 2183 1151 2236 id
1180 2191 1261 2236 est
1289 2184 1622 2236 concorditer
1651 2184 1831 2237 distri-

276 2271 481 2325 butum.
499 2272 698 2326 Tunica
713 2289 838 2327 vero
860 2274 945 2328 illa
962 2275 1148 2328 sortita
1173 2275 1407 2328 omnium
1426 2276 1655 2344 partium
1677 2276 1834 2345 signi-

279 2360 406 2415 ﬁcat
427 2363 706 2428 unitatem,
738 2365 1159 2440 quiecharitatis
1188 2363 1396 2418 vinculo
1428 2365 1749 2419 continetur.
1773 2365 1830 2418 Si

195 2468 204 2475 '
277 2451 419 2504 enim
444 2452 833 2518 charitasjuxta
850 2453 1181 2520 Apostolum,
1198 2461 1251 2505 et
1270 2452 1831 2522 supereminentiorem

279 2545 442 2597 habet
468 2545 604 2597 viam
636 2552 687 2598 et
715 2545 1075 2613 supereminet
1114 2545 1351 2598 scientias
1380 2553 1435 2598 et
1469 2561 1628 2614 super
1654 2546 1831 2598 omnia

276 2641 540 2701 praecepta
570 2642 673 2697 est,
701 2634 888 2686 merito
914 2632 1077 2686 vestis
1102 2647 1205 2701 qua
1235 2632 1580 2701 signiﬁcatur,
1606 2632 1833 2701 desuper

274 2728 529 2774 contexta
559 2721 885 2788 perhibetur.
922 2720 976 2772 lu
1007 2729 1149 2774 sorte
1173 2729 1348 2774 autem
1379 2721 1503 2788 quid
1535 2721 1632 2774 nisi
1663 2721 1831 2790 gratia

279 2809 372 2863 Dei
401 2813 768 2864 commendata
795 2820 895 2865 est.
929 2810 1017 2864 Sic
1045 2811 1237 2880 quippe
1279 2828 1379 2865 una
1407 2814 1471 2866 ad
1497 2827 1681 2867 omnes
1711 2827 1832 2882 per-

278 2900 442 2963 venit,
475 2916 593 2954 cum
621 2917 737 2957 sors
765 2904 1011 2959 omnibus
1037 2905 1256 2974 placuit,
1292 2907 1413 2974 quia
1443 2914 1496 2959 et
1522 2906 1614 2960 Dei
1659 2907 1829 2975 gratia

277 2986 334 3069 in
365 2987 568 3042 unitate
595 2991 659 3043 ad
690 3006 873 3046 omnes
898 2994 1154 3061 pervenit.
1188 2994 1394 3069 Etcum
1427 3009 1542 3048 sors
1581 2995 1827 3059 mittitur,

279 3065 386 3132 non
431 3093 671 3148 persona:
709 3083 962 3152 euju5que
1011 3085 1099 3138 vel
1130 3066 1353 3148 meritis,
1392 3087 1482 3139 sed
1507 3085 1714 3139 occulto
1739 3086 1828 3139 Dei

1934 1907 2184 1962 tet-tur,
2219 1915 2322 1953 non
2353 1897 2508 1962 infra,
2533 1898 2625 1952 sed
2655 1913 2812 1968 supra
2854 1913 3064 1952 crucem
3096 1898 3326 1966 ponitur,
3357 1899 3481 1967 quia

1933 1993 2053 2045 licet
2095 1994 2146 2044 in
2176 2005 2333 2044 cruce
2354 2004 2450 2057 pro
2475 1988 2626 2043 nobis
2662 1987 2890 2042 hominis
2919 1987 3226 2040 inlirmitate
3250 1986 3480 2051 dolebat,

1933 2097 2091 2152 super
2118 2096 2328 2135 crucem
2363 2089 2538 2132 tamen
2586 2077 2726 2147 regis
2754 2075 3033 2144 majestate
3081 2075 3326 2144 fulgebat.
3380 2075 3478 2141 Qui

1934 2183 2054 2240 apte
2074 2171 2233 2224 etiam
2256 2170 2379 2237 quia
2407 2184 2498 2221 rex
2534 2167 2689 2221 simul
2721 2174 2774 2220 ct
2802 2167 3047 2220 sacerdos
3081 2174 3177 2224 est,
3207 2180 3325 2220 cum
3369 2165 3483 2219 cxi—

1935 2262 2094 2314 mism
2120 2259 2263 2313 Patri
2291 2274 2400 2313 sua:
2427 2258 2602 2312 carnis
2622 2258 2850 2314 hostiam
2877 2255 2928 2308 in
2958 2256 3108 2309 altari
3131 2256 3302 2309 crucis
3327 2255 3482 2308 οιτον-

1935 2358 2034 2412 ret,
2079 2349 2218 2420 regis
2265 2363 2476 2418 quoque
2505 2363 2609 2416 qua
2655 2347 2907 2417 praeditus
2957 2354 3073 2398 erat
3114 2345 3262 2399 titulo
3307 2346 3481 2415 digni-

1935 2449 2096 2493 tatem
2124 2438 2423 2506 praetendit,
2471 2445 2528 2492 ut
2555 2437 2762 2492 cunctis
2790 2436 2978 2506 legere,
3027 2438 3126 2490 hoc
3150 2447 3260 2500 est,
3299 2438 3485 2491 audire

1935 2535 1986 2580 et
2015 2529 2231 2582 credere
2256 2527 2552 2582 volentibus
2589 2524 2886 2580 inn'otescat
2910 2528 3030 2594 quia
3061 2541 3212 2580 suum
3238 2542 3331 2596 per
3358 2543 3449 2580 cru
3473 2557 3483 2566 ο

1935 2634 2048 2672 cem
2101 2633 2203 2672 non
2255 2619 2579 2687 perdiderit,
2632 2618 2724 2673 sed
2777 2618 3172 2672 confirmaverit
3204 2621 3378 2688 potius
3427 2631 3486 2696 ‘et

1936 2707 2362 2780 corroboraverit
2405 2708 2706 2776 imperium.
2758 2707 2904 2761 Unde
2935 2716 2990 2761 et
3036 2708 3318 2776 Apostolus
3364 2725 3484 2763 cum

1935 2796 2275 2865 ignominiam
2321 2797 2496 2851 crucis
2531 2797 2900 2865 descripsisset
2941 2798 3180 2867 atljunxit
3219 2817 3231 2851 :
3268 2797 3486 2867 Ρτοριεν

1934 2883 2070 2952 quod
2098 2882 2236 2936 Deus
2264 2883 2505 2937 exultavit
2531 2884 2701 2948 illum,
2723 2895 2769 2937 et
2805 2886 3011 2938 donavit
3038 2886 3112 2938 illi
3144 2903 3323 2940 nomen
3348 2889 3484 2953 quod

1935 2983 2006 3026 est
2025 2990 2173 3042 super
2196 2990 2344 3026 omne
2365 2974 2548 3027 bonum
2571 2975 2730 3045 (Phil.
2761 2982 2842 3045 tt),
2875 2963 3153 3030 etcretera.
3185 2977 3316 3030 Nam
3345 2979 3484 3046 quod

1936 3065 2036 3119 hoc
2061 3057 2250 3118 nomen
2272 3065 2547 3131 Hebraice,
2573 3064 2757 3121 Grzcce
2773 3077 2826 3120 et
2854 3068 3039 3121 Latine
3067 3069 3329 3136 scriptum
3347 3079 3484 3133 erat,

271 3170 476 3240 judicio
523 3175 849 3239 conceditur,
877 3151 932 3230 et
963 3177 1108 3245 quia,
1156 3176 1292 3230 sicut
1325 3176 1610 3245 Apostolus
1657 3178 1784 3232 dicit
1813 3196 1827 3232 :
1858 3151 1900 3212 Ο
1933 3155 2032 3245 hoc
2064 3163 2167 3219 es"
2197 3158 2337 3245 quod
2369 3157 2508 3210 idem
2537 3157 2820 3227 Αβοδιθίυδ
2845 3159 3158 3212 ⁵¹¹Ῐ’δθ⁰υι¹¹⁵
3203 3162 3436 3214 “mecm
3469 3180 3480 3212 ⁵

291 3262 445 3318 Vetus
487 3266 638 3319 homo
687 3277 857 3320 noster
894 3269 1046 3321 simul
1087 3269 1367 3337 crucifixus
1413 3279 1484 3323 est
1531 3271 1671 3322 cruci
1719 3287 1834 3323 cum

277 3356 370 3408 illo
402 3367 459 3409 ut
483 3367 758 3427 evacuelur
784 3377 966 3429 corpus
998 3361 1212 3429 peccati,
1261 3369 1317 3412 ut
1351 3360 1488 3414 ultra
1517 3378 1618 3414 non
1645 3361 1835 3414 servia-

276 3461 392 3498 mus
439 3445 614 3516 (Rom.
647 3446 722 3517 vr)
764 3449 1036 3516 :quandiu
1081 3449 1131 3502 id
1182 3459 1344 3519 agunt
1369 3464 1530 3518 opera
1574 3460 1753 3503 nostra
1777 3459 1836 3503 ut

182 3537 188 3542 ”
276 3541 568 3587 evacuetur
609 3550 804 3605 corpus
855 3537 1088 3604 peccati,
1134 3536 1368 3604 quandiu
1416 3537 1650 3591 exterior
1676 3537 1834 3590 homo

275 3623 660 3691 corrumpitur,
692 3632 749 3676 ut
776 3625 998 3677 interior
1024 3632 1303 3678 renovetur
1331 3625 1394 3678 de
1434 3624 1517 3677 die
1564 3626 1617 3678 in
1660 3625 1828 3688 diem,

277 3708 600 3792 tempusest
633 3706 826 3764 crucis.
855 3712 976 3766 llaec
1004 3723 1127 3766 sunt
1157 3714 1316 3766 etiam
1348 3715 1484 3767 bona
1524 3728 1684 3782 opera
1712 3714 1831 3781 qui-

274 3797 397 3851 dem
421 3800 802 3870 tamennadhuc
823 3801 1108 3867 laboriosa,
1137 3817 1363 3870 quorum
1391 3816 1596 3856 merces
1624 3805 1833 3871 requies

273 3897 380 3942 est.
414 3889 520 3944 Sed
543 3891 660 3945 ideo
689 3891 884 3945 dicitur
909 3910 997 3960 spe
1022 3893 1316 3962 gaudentes,
1345 3903 1401 3946 ut
1428 3893 1665 3963 requiem
1690 3895 1831 3948 lutu-

277 3992 394 4030 ram
421 3994 544 4033 cum
592 3979 856 4035 hilaritate
906 3982 958 4034 in
994 3981 1269 4036 laboribus
1294 3984 1651 4052 opperiamur.
1685 3985 1833 4038 Hanc

275 4052 600 4147 hilaritatem
654 4070 934 4139 signiﬁcat,
983 4071 1123 4125 sicut
1162 4087 1320 4140 supra
1349 4073 1612 4139 diximus,
1656 4074 1833 4128 crucis

273 4155 501 4213 latitudo
527 4160 578 4213 in
608 4168 911 4216 transi/crsu
933 4162 1095 4233 ligno,
1121 4165 1217 4218 ubi
1238 4164 1470 4234 ﬁguntur
1496 4181 1703 4220 manus.
1729 4166 1832 4221 Per

276 4253 468 4302 manus
493 4251 635 4303 enim
665 4266 826 4318 opera
870 4251 1230 4322 intelligimus,
1261 4269 1356 4321 per
1383 4253 1716 4308 latitudinem
1745 4254 1828 4308 hi-

275 4333 542 4390 laritatem
567 4339 858 4408 Operantis,
881 4340 1004 4407 quia
1021 4340 1234 4394 tristitia
1264 4338 1392 4394 facit
1417 4342 1702 4410 angustias.
1725 4341 1831 4396 Per

275 4423 609 4479 altitudinem
640 4437 817 4481 autem
842 4429 926 4482 cui
961 4437 1122 4498 caput
1152 4429 1470 4500 adjungitur,
1502 4432 1828 4500 exspectatio

1936 3244 2002 3297 Et
2052 3247 2215 3297 omnis
2257 3244 2432 3314 lingua
2468 3248 2775 3314 conﬁteatur
2799 3250 2919 3316 quia
2952 3247 3106 3301 Iesus
3153 3247 3384 3303 Christus
3432 3254 3486 3305 in

1933 3334 2096 3403 gloria
2123 3346 2193 3388 est
2225 3335 2324 3388 Dei
2367 3333 2565 3389 Patris.
2594 3338 2770 3408 (Aug.)
2802 3339 3065 3403 Quantum
3093 3355 3220 3393 vero
3246 3341 3310 3394 ad
3343 3341 3485 3394 litte-

1937 3438 2047 3475 ram
2085 3424 2163 3476 lite
2190 3432 2299 3477 tres
2322 3425 2513 3493 lingute
2538 3426 2607 3478 ibi
2634 3441 2742 3494 pne
2769 3427 2975 3480 czetcris
3004 3429 3337 3494 eminebant,
3375 3430 3478 3484 lie-

1933 3512 2340 3583 brmapropter
2396 3514 2603 3570 Judmos
2653 3519 2704 3569 in
2754 3517 2866 3587 lege
2915 3519 3205 3588 gloriantes
3239 3561 3254 3585 ,
3301 3521 3484 3577 Grzcca

1932 3613 2148 3673 propter
2173 3605 2408 3674 gentium
2434 3607 2722 3673 sapientes,
2749 3607 2931 3660 Latina
2961 3618 3174 3677 propter
3197 3610 3482 3675 Romanos,

1934 3695 2112 3748 multis
2140 3711 2203 3748 ac
2232 3710 2367 3762 pene
2422 3698 2667 3751 omnibus
2707 3696 2817 3764 jam
2867 3706 2990 3752 tunc
3025 3701 3267 3767 gentibus
3318 3702 3484 3770 impe-

1933 3790 2130 3836 rantes.
2175 3781 2446 3853 (Venant)
2493 3785 2668 3838 Velint
2698 3785 2867 3838 nolint
2911 3801 3037 3857 ergo
3076 3785 3271 3851 Jutla-i,
3322 3769 3515 3842 amne

1932 3873 2110 3926 mundi
2162 3889 2412 3943 regnum,
2459 3877 2632 3928 omnis
2685 3877 2946 3928 mundana
3001 3879 3275 3945 sapientia,
3306 3881 3482 3935 omnia

1931 3962 2123 4016 divinae
2165 3963 2296 4032 legis
2343 3976 2678 4030 sacramenta
2733 3973 2990 4018 testantur
3036 3967 3157 4035 quia
3199 3967 3353 4022 Jcsus
3391 3986 3482 4024 rex

1928 4049 2228 4105 Judaaorum
2259 4060 2377 4117 est,
2423 4053 2524 4106 hoc
2567 4062 2681 4118 est,
2719 4053 3004 4121 imperator
3049 4057 3375 4111 credentium
3430 4069 3485 4114 ct

1929 4141 2294 4196 conﬁtentium
2325 4141 2485 4196 Deus.

2001 4234 2144 4287 Tunc
2167 4235 2558 4303 cruciﬁxisunt
2585 4251 2700 4288 cum
2740 4252 2798 4289 eo
2837 4237 2940 4288 duo
2985 4237 3229 4300 latrones,
3268 4255 3402 4293 unus
3453 4257 3484 4292 a

1928 4326 2146 4392 dextris,
2171 4336 2219 4380 et
2244 4343 2377 4380 unus
2397 4344 2429 4379 a
2449 4328 2691 4381 sinistris.
2718 4328 2974 4383 Latrones
2996 4330 3082 4397 qui
3113 4346 3231 4383 cum
3263 4332 3486 4386 Domino

1930 4427 2056 4472 sunt
2083 4419 2206 4472 hinc
2232 4418 2352 4472 inde
2380 4418 2618 4472 cruciﬁxi
2665 4419 2964 4488 signiﬁcant
3008 4426 3099 4473 eos
3137 4421 3226 4488 qui
3256 4422 3354 4474 sub
3384 4420 3484 4474 ﬁde

273 4514 644 4570 retributionis
671 4517 734 4571 de
757 4517 967 4571 sublimi
986 4481 1192 4584 iustitia
1216 4481 1348 4582 ἶ)θῆ
1379 4519 1468 4585 qui
1499 4481 1685 4573 reddet
1710 4520 1828 4572 uni-
1854 4481 1906 4538 ί)
1929 4517 1983 4562 et
2009 4508 2341 4563 confessione
2363 4508 2580 4571 Christi.
2607 4509 2687 4562 vel
2711 4523 2929 4578 agonem
2957 4511 3211 4580 martyrii.
3238 4510 3315 4562 vel
3337 4526 3481 4578 mme-

270 4602 468 4672 cuique
495 4605 783 4659 secundum
806 4622 965 4675 opera
997 4623 1113 4661 sua.
1146 4607 1239 4661 His
1264 4610 1475 4676 quidem
1520 4611 1608 4679 qui
1639 4626 1829 4664 secun-

272 4695 401 4748 dum
432 4696 766 4751 tolerantiam
790 4697 913 4752 boni
943 4699 1119 4768 operis
1151 4698 1402 4766 gloriam,
1451 4709 1503 4752 et
1553 4702 1828 4766 honorem,

270 4791 329 4836 et
352 4784 802 4853 incorruptionem
842 4788 1200 4857 quaerentibus
1239 4784 1398 4841 vitam
1428 4797 1699 4842 aeternam.
1725 4791 1830 4842 Ita-

270 4887 378 4940 que
409 4875 571 4927 etiam
615 4875 891 4946 longitudo
923 4893 1026 4946 qua
1075 4885 1242 4932 totum
1286 4894 1480 4949 corpus
1505 4880 1829 4945 extenditur,

273 4960 442 5028 ipsam
467 4963 798 5017 tolerantiam
828 4966 1106 5035 signiﬁcat.
1133 4965 1281 5020 Unde
1300 4967 1627 5035 longanimes
1646 4968 1830 5021 dicun-

273 5056 362 5100 tur
387 5050 476 5116 qui
511 5051 756 5121 tolerant.
795 5054 1121 5108 Profundum
1149 5065 1326 5108 autent
1356 5057 1496 5124 quod
1543 5065 1699 5110 terra:
1751 5057 1830 5110 in-

272 5137 437 5192 lisum
467 5151 549 5195 est
572 5152 836 5197 secretum
866 5146 1184 5199 sacramenti
1210 5145 1536 5215 praeﬁgurat.

344 5229 413 5282 Et
451 5232 680 5286 sedentes
708 5235 979 5287 servabant
1018 5251 1155 5287 eum.
1185 5234 1462 5302 Diligentia
1505 5235 1730 5288 militum
1774 5245 1829 5290 et

271 5321 606 5374 sacerdotum
635 5323 788 5376 nobis
818 5325 1054 5391 proﬁcit,
1103 5334 1162 5377 ut
1188 5324 1360 5392 major
1384 5333 1439 5377 et
1481 5325 1714 5392 apertior
1744 5340 1821 5378 re-

269 5410 540 5478 surgentis
565 5412 734 5465 virtus
758 5423 1028 5482 appareat.

342 5499 410 5553 Et
465 5488 814 5571 imposuerunt
858 5522 1010 5575 super
1048 5515 1200 5574 caput
1248 5506 1362 5573 ejus
1403 5520 1614 5557 causam
1664 5503 1826 5571 ipsius

268 5591 558 5658 scriptam:
583 5591 684 5645 llic
706 5604 778 5646 est
802 5595 954 5648 Iesus
982 5612 1070 5648 rex
1093 5596 1418 5649 Judworunt.
1452 5593 1674 5664 (Μλυκ.)
1702 5593 1828 5646 Nul-

272 5682 379 5735 lam
407 5683 565 5736 aliatn
594 5698 807 5739 causam
832 5684 996 5740 Judtei
1028 5685 1410 5742 intcrfectionis
1439 5683 1635 5740 Christi
1675 5684 1821 5739 invc-

1931 4599 2060 4653 libet
2101 4599 2439 4653 continentiae
2489 4599 2734 4652 arctioris
2791 4599 3026 4652 instituta
3081 4602 3326 4654 subeunt.
3380 4600 3483 4655 Sed

1930 4693 2231 4760 quicunque
2259 4691 2372 4744 lucc
2395 4706 2491 4758 pro
2529 4700 2724 4744 atterna
2754 4691 2922 4744 solum
2964 4691 3270 4759 cmlesti'que
3315 4693 3482 4760 gloria

1931 4791 2151 4848 gerunt,
2201 4780 2255 4832 hi
2286 4779 2523 4847 profecto
2567 4781 2740 4833 dextri
2785 4779 3007 4832 latronis
3052 4781 3239 4835 merito
3278 4797 3340 4835 ac
3382 4783 3484 4836 ﬁde

1933 4872 2295 4940 designantur.
2321 4871 2389 4922 At
2417 4871 2505 4938 qui
2533 4871 2644 4924 sive
2678 4872 2920 4923 humana:
2962 4871 3160 4935 laudis,
3190 4887 3281 4925 seu
3308 4874 3482 4940 quali-

1929 4961 2018 5013 bet
2041 4961 2216 5013 minus
2243 4960 2396 5028 digna
2420 4961 2713 5013 intentione
2736 4961 2932 5014 mundo
2953 4962 3350 5025 abrenuntiant,
3376 4977 3479 5016 non

1928 5052 2194 5105 immerito
2232 5052 2675 5120 blaspliematoris
2724 5067 2787 5104 ac
2826 5052 3026 5105 sinistri
3060 5052 3282 5106 latronis
3329 5069 3480 5106 nien-

1927 5151 2033 5196 tem
2064 5142 2340 5194 imitantur
2367 5150 2420 5195 et
2443 5151 2612 5196 actus.
2640 5143 2713 5196 De
2738 5143 2980 5210 qualibus
3006 5143 3134 5196 dicit
3160 5143 3442 5210 Apostolus
3468 5164 3479 5197 :

1927 5234 1985 5288 Si
2008 5234 2274 5296 tradidero
2289 5250 2472 5301 corpus
2496 5250 2660 5286 meum
2685 5245 2741 5312 ut
2763 5235 2994 5296 ardeam,
3019 5235 3063 5286 si
3086 5234 3274 5286 dedero
3302 5251 3479 5288 omnes

1928 5323 2202 5394 facultates
2229 5327 2440 5377 measin
2468 5326 2606 5377 cibos
2630 5342 2934 5393 pauperum,
2979 5326 3024 5378 si
3071 5326 3171 5378 alia
3209 5327 3357 5394 plura
3391 5338 3484 5381 aut

1926 5413 2141 5483 pietatis
2160 5427 2320 5481 Opera
2344 5411 2546 5476 facere,
2574 5423 2666 5466 aut
2680 5415 2814 5467 dona
2837 5415 3020 5482 gratia:
3047 5415 3300 5483 spiritalis
3328 5432 3475 5470 acce-

1925 5505 2068 5572 pisse
2090 5504 2290 5566 videar,
2309 5505 2612 5556 charitatem
2634 5515 2919 5556 autemnon
2941 5505 3175 5565 habeam,
3199 5507 3326 5558 nihil
3351 5510 3478 5562 mihi

1925 5595 2129 5664 prodest
2161 5593 2212 5664 (I
2241 5593 2362 5648 Cor.
2412 5596 2551 5664 sui).
2589 5596 2734 5648 Beati
2793 5603 2968 5647 autem
2999 5595 3090 5662 qui
3121 5611 3214 5648 sua
3259 5607 3476 5667 propter

1927 5683 2208 5738 Dominum
2239 5690 2331 5738 aut
2353 5693 2569 5754 propter
2591 5683 2931 5753 Evangelinm
2963 5682 3283 5752 relinquunt.
3328 5686 3477 5740 Beati
