3922 6348
240 347 393 403 ΙΙΗ¹

1037 406 1045 415 ,
1145 348 1488 407 ΩΟΜΜΕΝΤ.
1528 348 1593 402 IN
1634 349 2058 406 MATTHzEUM.
2099 380 2166 390 —
2202 351 2324 404 LIB.
2370 350 2487 413 ιἰιι.

3290 354 3412 408 11ίέ

235 462 439 551 Quieti
470 468 543 525 ob
580 454 897 539 imperitiam
922 482 1082 543 super
1106 466 1545 522 resurrectionem
1570 464 1777 519 Domini
1804 470 1855 527 Α
1881 466 2109 521 cundum
2135 481 2287 520 suum
2314 464 2541 521 oﬁicium
2566 466 2922 551 praebuerunt.
2947 466 3263 536 Intelligitur
3294 482 3419 539 ergo

242 549 635 624 interpretatos,
679 570 799 611 cum
830 558 1066 628 defectus
1092 556 1221 611 solis
1241 569 1511 623 nunquam
1537 554 1639 607 nisi
1660 562 1781 608 ortu

240 641 380 700 luna
416 644 533 699 ﬁeri
570 645 754 700 soleat.
798 645 943 712 Nulli,
981 655 1157 700 autem
1192 645 1405 700 dubium
1446 652 1526 699 est
1564 643 1777 698 Pascha:

234 740 473 802 tempore
510 733 688 788 lunam
732 734 897 789 fuisse
938 734 1317 804 plenissimam.
1369 734 1434 787 Et
1468 747 1534 788 ne
1556 731 1779 786 forsitan

231 823 503 879 videretur
528 826 712 878 umbra
737 836 911 890 terrae,
936 824 1019 878 vel
1045 824 1192 879 orbis
1212 823 1297 882 vel
1331 823 1486 887 inme,
1517 822 1614 878 soli
1636 822 1778 877 obsi-

235 919 322 967 tus
346 916 534 971 breves
559 923 614 970 et
636 914 967 986 ferrugineas
988 913 1178 971 fecisse
1203 916 1472 979 tenebras,
1503 913 1661 967 trium
1690 914 1778 968 ho-

235 1018 414 1059 rarum
453 1004 681 1075 spatium
709 1004 941 1073 ponitur,
974 1012 1034 1057 ut
1056 1003 1229 1057 omnis
1256 1002 1589 1057 causantium
1627 1014 1783 1056 occa-

231 1090 314 1143 sio
336 1089 626 1146 tolleretur.
666 1091 734 1144 Et
770 1091 872 1145 hoc
916 1089 1111 1145 factum
1160 1105 1299 1154 reor,
1346 1099 1406 1145 ut
1447 1089 1792 1160 compleatur

230 1180 510 1249 pmpbetia
550 1180 771 1248 dicens:
797 1180 1046 1237 Occubuit
1092 1178 1170 1235 sol
1204 1180 1435 1246 meridie,
1464 1190 1512 1234 et
1541 1190 1779 1235 contene-

229 1266 465 1326 brabitur
495 1283 650 1337 super
685 1276 874 1321 terram
917 1268 971 1321 in
1002 1267 1084 1321 die
1114 1266 1205 1320 tua:
1239 1266 1435 1337 (Amos.
1462 1267 1595 1335 vm).
1626 1266 1695 1323 Et
1718 1267 1772 1321 in

204 1356 337 1413 talio
362 1355 479 1410 loco
503 1358 755 1412 occubuit
782 1358 859 1412 sol
895 1372 1016 1413 cum
1055 1358 1231 1412 adhuc
1256 1356 1430 1424 media
1452 1364 1593 1412 esset
1618 1355 1774 1421 dies;

229 1446 547 1514 videturque
574 1446 706 1518 mihi
735 1446 1087 1515 clarissimum
1118 1447 1293 1502 lumen
1331 1448 1533 1512 mundi,
1568 1448 1670 1501 boc
1696 1455 1780 1501 est

229 1531 492 1592 luminare
533 1536 704 1607 majus
744 1537 1034 1593 retraxisse
1063 1536 1239 1591 radios
1275 1552 1420 1602 suos,
1447 1554 1511 1605 ne
1541 1548 1780 1607 autpen-

229 1624 445 1681 dentem
469 1628 673 1687 videret
708 1628 1009 1693 Dominum,
1044 1637 1136 1683 aut
1175 1628 1320 1698 impii
1350 1612 1780 1698 blasp'bcmantes

228 1727 325 1768 sua
374 1714 521 1771 luce
558 1715 880 1773 fruerentur.
944 1717 1122 1789 (ιω.)
1171 1718 1238 1772 Ει
1294 1717 1581 1791 notandum
1637 1716 1778 1788 quod

229 1804 487 1861 Dominus
537 1817 685 1861 sexta
752 1809 921 1874 bora,
954 1786 1205 1864 ibocVest
1247 1789 1522 1864 recessuro
1575 1823 1606 1861 a
1651 1786 1777 1864 cen-
1806 1786 1852 1844 Β

227 1902 314 1951 tre
345 1897 527 1951 mundi
558 1897 686 1963 sole,
712 1898 1000 1953 cruciﬁxus
1025 1898 1113 1954 sit.
1157 1898 1399 1953 Dilucqu
1437 1905 1636 1964 autem,
1675 1898 1779 1953 hoc

225 1994 313 2040 est
355 1986 564 2040 oriente
597 1985 707 2054 jam
750 1988 879 2052 sole,
926 1988 1333 2043 resurrectionis
1375 2002 1484 2042 suae
1526 1988 1779 2059 mysteria

226 2077 541 2135 celebravit.
583 2076 738 2133 Statu
767 2080 909 2133 enim
939 2081 1190 2149 temporis
1224 2080 1452 2149 signavit
1485 2080 1627 2148 quod
1656 2077 1780 2135 eﬁ'e-

225 2176 320 2223 ctu
339 2169 521 2237 operis
542 2168 806 2223 exhibuit.
848 2169 983 2237 Quia
1030 2178 1269 2224 mortuus
1298 2179 1381 2224 est
1416 2177 1631 2239 propter
1652 2184 1779 2240 pec-

226 2266 349 2312 cata
377 2269 580 2321 nostra,
615 2268 668 2314 et
696 2261 930 2315 surrexit
970 2270 1189 2330 propter
1217 2260 1654 2328 justiﬁcationem
1688 2276 1781 2315 ιιο⁴

228 2356 420 2402 stram.
446 2347 586 2427 ’Nam
628 2348 696 2404 de
731 2350 898 2405 Adam
940 2360 1193 2420 peccante
1224 2352 1479 2420 scriptum
1505 2358 1607 2415 est,
1636 2353 1779 2419 quod

228 2436 463 2520 audierit
504 2452 688 2493 vocem
734 2439 941 2492 Domini
992 2440 1087 2494 Dei
1123 2439 1508 2493 deainbulautis
1538 2441 1590 2493 in
1626 2454 1784 2509 para-

228 2526 349 2582 diso
370 2527 650 2583 adauram
674 2537 795 2598 post
822 2528 1095 2583 meridiem
1128 2528 1279 2599 (Gen.
1304 2528 1408 2599 ιιι).
1452 2527 1581 2583 Post
1619 2529 1782 2584 meri-

229 2617 396 2683 diem,
433 2634 663 2686 namque
688 2619 940 2673 inclinata
978 2618 1097 2677 luce
1131 2618 1271 2674 ﬁdei.
1304 2620 1384 2673 Ad
1418 2634 1602 2673 auram
1632 2632 1779 2684 vero,

229 2707 617 2779 refrigescente
657 2708 866 2765 fervore
895 2710 1190 2765 charitatis.
1221 2709 1574 2765 Deambulans
1603 2716 1781 2764 autem

231 2799 553 2854 audiebatur
571 2801 696 2869 quia
720 2801 788 2855 ab
813 2801 1027 2855 homine
1053 2809 1307 2873 peccante
1338 2810 1651 2857 recesserat.
1675 2800 1780 2855 Ra-

231 2890 397 2945 tionis
435 2890 598 2972 igitnr
625 2891 733 2945 imo
760 2892 950 2945 divina:
994 2892 1207 2961 pietatis
1244 2894 1378 2947 ordo
1412 2895 1686 2963 poscebat,
1726 2902 1787 2948 ut

226 2978 419 3055 eodem
457 2979 965 3049 temporis'articulo
982 2994 1092 3049 quo
1117 2988 1241 3034 tunc
1265 2980 1393 3036 Ada:
1412 2982 1786 3051 prmvaricanti

227 3068 553 3135 occluserat,
588 3084 732 3123 nunc
755 3069 957 3129 latroni
986 3068 1238 3123 Dominus
1263 3071 1544 3138 pmnitenti
1563 3071 1781 3140 januam

227 3157 465 3226 paradisi
504 3166 788 3225 reseraret,
819 3166 875 3213 et
912 3173 1017 3227 qua
1058 3158 1191 3213 hora
1229 3159 1433 3228 primus
1467 3158 1634 3214 Adam
1663 3173 1783 3229 pec-

228 3246 404 3301 cando
431 3253 657 3302 mortem
686 3248 809 3303 huic
843 3244 1040 3301 mundo
1071 3247 1291 3312 invexit,
1322 3247 1508 3302 eadem
1541 3249 1673 3313 bota
1699 3256 1784 3302 se:

228 3337 440 3395 cundus
473 3337 645 3392 Adam
675 3347 905 3406 mortem
938 3338 1214 3394 moriendo
1242 3340 1563 3394 destrueret.
1602 3338 1782 3412 (Aug.)

230 3427 342 3482 Nec
388 3428 815 3498 prtetereundum
852 3430 994 3498 quod
1030 3436 1155 3483 sunt
1185 3429 1275 3498 qui
1305 3428 1631 3483 arbitrentur
1652 3431 1783 3484 hora

209 3508 447 3586 ‘quidem
489 3517 643 3571 tertia
687 3517 968 3572 Dominum
1004 3518 1338 3584 cruciﬁxum,
1368 3534 1397 3571 a
1424 3526 1573 3574 sexta
1604 3526 1783 3573 autem

230 3604 365 3660 bora
393 3606 643 3661 tenebras
663 3604 834 3661 factas
854 3621 1020 3675 usque
1039 3607 1105 3661 ad
1135 3622 1347 3672 nonam,
1378 3614 1436 3661 ut
1458 3617 1786 3677 consumpta:

232 3691 598 3762 intelligantur
626 3700 735 3748 tres
762 3694 940 3759 hora,
957 3709 1024 3749 ex
1052 3710 1157 3764 quo
1184 3694 1473 3750 cruciﬁxus
1500 3704 1583 3749 est
1616 3710 1785 3766 usque

232 3782 302 3836 ad
335 3782 587 3839 tenebras
612 3782 798 3839 factas.
828 3784 904 3838 Et:
918 3789 1101 3854 posset
1124 3784 1335 3853 quidem
1360 3784 1463 3839 hoc
1487 3784 1793 3840 rectissime

233 3872 480 3943 intelligi,
507 3874 610 3930 nisi
638 3873 871 3930 Joannes
893 3875 1094 3929 diceret
1122 3876 1252 3929 bora
1286 3876 1435 3943 quasi
1465 3883 1615 3931 sexta
1646 3874 1785 3929 Pila-

230 3973 357 4027 tum
397 3963 619 4018 rediisse
664 3979 760 4035 pro
791 3962 1043 4018 tribunali
1086 3963 1142 4017 in
1184 3963 1302 4018 loco
1336 3964 1428 4032 qui
1464 3962 1658 4017 dicitur
1698 3961 1786 4017 Li-

230 4053 547 4119 tbostrotos,
570 4051 827 4107 Hebraice
851 4060 1027 4115 autem
1049 4050 1343 4108 Gabbatha.
1370 4051 1621 4120 Sequitur
1645 4052 1785 4104 enim

228 4158 505 4213 parauere
533 4140 751 4195 Pascha!
769 4141 1066 4210 horaquasi
1086 4148 1254 4205 sexta,
1298 4149 1347 4194 et
1386 4139 1508 4193 dicit
1539 4137 1781 4191 Juda'is:

230 4233 369 4287 Ecce
396 4249 491 4287 rea:
510 4241 693 4301 vester,
732 4239 837 4288 etc.
869 4232 929 4311 Si
956 4232 1117 4303 igitur
1153 4232 1283 4287 hora
1322 4231 1475 4300 quasi
1514 4238 1667 4285 sexta
1698 4229 1786 4283 Pi-

228 4322 341 4376 lato
379 4322 597 4377 sedenle
632 4338 730 4392 pro
766 4320 1013 4375 tribunali
1036 4321 1263 4375 traditus
1280 4328 1370 4393 est
1395 4319 1782 4389 cruciﬁgendus

229 4408 447 4474 Judaeis,
498 4411 763 4487 quomodo
806 4410 937 4464 hora
985 4410 1140 4464 tertia
1189 4409 1476 4464 cruciﬁxus
1513 4416 1614 4471 est,
1650 4408 1787 4461 sicut

230 4502 396 4556 verba
454 4516 563 4555 non
618 4501 975 4572 intelligentes
1017 4500 1231 4569 quidam
1278 4506 1615 4568 putaverunt.
1669 4497 1786 4553 Jam

220 4599 380 4646 certe
426 4591 636 4645 dixerat
676 4589 907 4656 Marcus,
952 4589 1021 4642 Et
1056 4590 1411 4658 cruciﬁgentes
1436 4604 1566 4641 eum
1601 4587 1787 4641 divise-

230 4691 355 4735 rsmt
394 4681 696 4733 vestimenta
737 4680 871 4748 ejus.
906 4677 961 4732 Si
992 4691 1119 4748 ergo
1146 4678 1273 4747 ejus
1292 4678 1365 4731 rei
1396 4686 1557 4745 gesta:
1583 4686 1789 4744 tempus

194 4812 201 4817 .
231 4767 398 4821 voluit
423 4781 867 4832 commemorare,
905 4767 1168 4820 sufﬁceret
1198 4766 1413 4819 dicere;
1447 4766 1574 4819 Erat
1616 4772 1788 4818 autem

228 4858 361 4910 hora
386 4856 576 4920 tertia;
601 4865 665 4908 ut
684 4855 812 4925 quid
840 4854 1101 4924 adiunxit,
1132 4852 1197 4907 Et
1238 4850 1604 4922 cruciﬁxerunt
1632 4868 1745 4905 cum
1764 4852 1789 4904 7

228 4944 333 4998 nisi
374 4944 501 5012 quia
549 4942 715 4996 voluit
764 4942 962 5010 aliquid
1010 4941 1406 5009 recapitulando
1454 4940 1782 5010 signiﬁcare,

184 5054 185 5057 η
225 5033 373 5103 quod
405 5033 687 5102 quaesitum
716 5033 1068 5095 inveniretur,
1098 5046 1217 5086 cum
1244 5030 1518 5100 Scriptura
1548 5032 1657 5100 ipsa
1683 5029 1785 5084 illis
1816 5032 1819 5033 ⁷

227 5120 561 5191 temporibus
588 5121 873 5192 legeretur,
914 5121 1107 5191 quibus
1128 5120 1389 5174 universa:
1414 5119 1667 5174 Ecclesia:
1692 5135 1786 5172 no-

228 5220 343 5267 tum
385 5219 505 5266 erat
541 5227 644 5281 qua
670 5214 822 5267 .bora
866 5213 1119 5266 Dominus
1154 5212 1296 5282 ligno
1336 5227 1629 5281 suspensus
1664 5219 1781 5269 est:

224 5302 372 5360 unde
404 5310 585 5372 posset
612 5300 766 5370 hujus
790 5302 873 5357 vel
898 5316 1050 5356 error
1072 5302 1292 5371 corrigi,
1331 5301 1414 5355 vel
1450 5301 1780 5355 mendacium

226 5391 473 5447 refutari.
528 5390 633 5445 Sed
688 5392 813 5461 quia
867 5392 1069 5462 sciebat
1112 5390 1445 5444 a'militibus
1501 5388 1779 5443 Dominum

224 5480 547 5536 cruciﬁxum
587 5494 691 5534 non
734 5496 763 5534 a
806 5479 1030 5543 Judaeis,
1056 5479 1274 5537 .occulte
1308 5478 1592 5534 ostendere
1616 5475 1782 5530 voluit

222 5585 322 5629 eos
346 5571 521 5641 magis
549 5571 879 5627 cruciﬁsisse
903 5572 992 5640 qui
1023 5572 1385 5626 clamaverunt
1413 5578 1472 5623 ut
1497 5566 1781 5635 cruciﬁge-

227 5669 404 5731 retur,
432 5672 595 5733 quam
636 5662 753 5719 illos
795 5664 883 5732 qui
924 5661 1277 5717 ministerium
1318 5659 1545 5731 principi
1573 5673 1671 5714 suo
1697 5671 1782 5711 se-

1879 554 2043 609 fuisse
2081 554 2213 608 hora
2244 555 2399 609 tertia
2423 570 2543 609 cum
2572 550 2931 608 clamaverunt
2968 550 3133 606 Jndtei
3162 564 3217 606 ut
3248 553 3396 608 Domi

1866 650 1984 700 ‘nus
2039 645 2457 714 cruciﬁgeretur.
2513 645 2579 699 Et
2633 645 2973 699 veracissime
3027 645 3417 698 demonstratur

1882 743 2006 789 tunc
2034 750 2125 789 eos
2152 734 2477 789 cruciﬁxisse
2525 735 2736 803 quando
2781 734 3145 788 clamaverunt
3191 736 3419 795 maxime

1878 825 2003 892 quia
2046 823 2295 881 nolebant
2335 823 2504 877 videri
2549 838 2607 877 se
2655 824 2755 877 hoc
2802 823 3007 885 fecisse,
3053 831 3106 877 ct
3145 832 3423 894 propterea

1877 927 1997 967 eum
2027 911 2195 966 Pilato
2225 912 2591 965 tradiderant:
2616 902 2754 980 qtiOd
2781 922 2965 965 eorum
2997 913 3155 966 verba
3185 912 3314 965 satis
3339 911 3424 967 in—

1878 1002 2057 1058 dicant
2094 1000 2385 1057 secundum
2428 1000 2707 1055 Joannem.
2756 998 2902 1065 Quod
2937 1015 3065 1069 ergo
3097 1000 3323 1054 maxime
3349 998 3425 1053 vi-

1878 1089 1991 1144 deri
2034 1104 2093 1144 se
2129 1088 2317 1149 fecisse
2347 1087 2615 1151 nolebant,
2646 1087 2748 1161 hoc
2772 1102 2863 1141 eos
2889 1087 3019 1141 hora
3050 1088 3205 1141 tertia
3234 1086 3428 1141 fecisse

1880 1178 2087 1234 Marcus
2127 1179 2394 1242 ostendit,
2450 1176 2727 1233 verissime
2769 1176 3013 1247 judicans
3058 1179 3225 1247 magis
3268 1177 3428 1231 fuisse

1880 1269 2087 1324 Domini
2129 1268 2448 1324 necatricem
2492 1267 2721 1338 linguam
2766 1263 3071 1321 Judazorum
3096 1282 3253 1336 quant
3292 1267 3426 1320 mili-

1879 1368 1991 1416 tum
2017 1372 2226 1414 manus.
2326 1364 2327 1367 “
2450 1416 2455 1420 ,
2906 1398 2909 1399 ν

1949 1448 2016 1502 Et
2041 1448 2178 1506 circa
2200 1448 2379 1507 horam
2403 1430 2595 1510 nonam,
2612 1444 2849 1500 clamauit
2875 1438 3028 1499 Iesus
3053 1461 3172 1499 voce
3194 1460 3379 1515 magna
3407 1458 3422 1493 :

1880 1536 2023 1609 Heli,
2051 1534 2190 1600 Heli,
2220 1533 2677 1599 Lamasabathani,
2700 1534 2798 1588 hoc
2816 1542 2912 1598 est,
2934 1533 3070 1588 Deus
3097 1550 3260 1599 meus,
3293 1532 3428 1586 Deus

1877 1644 2041 1692 meus,
2086 1636 2141 1681 ut
2186 1628 2309 1698 quid
2339 1610 2436 1680 ’τηε
2480 1623 2847 1696 dereliquisti?
2886 1623 3153 1693 Principio
3192 1622 3428 1677 vicesimi

1879 1715 2036 1787 primi
2083 1709 2295 1787 psalmi?
2314 1715 2511 1768 abusus
2533 1719 2636 1777 est,
2666 1712 2791 1767 illud
2816 1711 2955 1782 quod
2983 1712 3035 1766 in
3062 1711 3234 1765 medio
3264 1711 3431 1765 versi-

1879 1806 1984 1863 culi
2026 1806 2241 1877 legitur,
2290 1802 2496 1874 Respice
2521 1803 2576 1856 in
2602 1818 2703 1866 me,
2738 1800 3058 1875 superfluum
3084 1809 3183 1857 est.
3212 1800 3430 1869 Legitur

1878 1898 2021 1953 enim
2053 1897 2106 1951 in
2131 1896 2375 1960 Hebrzeo,
2414 1893 2552 1963 Deus
2585 1907 2754 1963 meus,
2779 1891 2917 1945 Deus
2957 1906 3120 1955 meus,
3153 1906 3312 1960 quare
3352 1905 3431 1941 me

1878 1988 2213 2061 dereliquisti.
2255 1984 2434 2057 (ΚΑΒ.)
2477 1982 2587 2038 Nec
2639 1974 2851 2037 mireris
2898 1979 3180 2035 verborum
3221 1978 3431 2033 Immiti-

1882 2088 2064 2143 tatem,
2106 2074 2468 2146 querimonias
2510 2070 2785 2135 derelicti,
2837 2083 2960 2123 cum
2988 2066 3231 2125 formam
3287 2066 3427 2121 servi

1880 2170 2078 2233 sciens,
2107 2165 2416 2221 scandalum
2440 2162 2616 2217 crucis
2632 2159 2834 2226 videas.
2864 2157 3015 2213 Sicut
3033 2156 3177 2211 enim
3201 2148 3440 2223 Esurire,

1880 2270 1934 2314 et
1981 2259 2151 2322 sitire,
2177 2254 2506 2327 etfatigari,
2559 2267 2665 2307 non
2694 2256 2846 2305 erant
2876 2247 3089 2318 propria
3114 2244 3426 2307 divinitatis,

1882 2348 1973 2402 sed
1998 2344 2302 2417 corporales
2323 2343 2617 2415 passiones,
2643 2340 2715 2394 ita
2739 2346 2795 2405 et
2824 2337 2948 2407 quia
2979 2335 3193 2399 dicitur,
3219 2332 3283 2387 Ut
3307 2333 3431 2403 quid

1882 2455 1962 2493 me
1990 2435 2343 2507 dereliquisti?
2365 2431 2660 2502 corporalis
2679 2428 2825 2483 vocis
2849 2435 2968 2482 erat
2988 2424 3278 2495 proprium,
3307 2421 3431 2490 quia

1883 2526 2018 2583 solet
2033 2526 2324 2581 secundum
2344 2530 2587 2578 naturam
2607 2534 2804 2590 corpus
2816 2516 3118 2573 nullatenus
3142 2513 3274 2568 velle
3288 2527 3315 2567 a
3333 2513 3430 2568 sibi

1884 2616 2165 2685 conjuncta
2201 2615 2309 2669 vita
2339 2611 2596 2668 fraudari.
2625 2610 2777 2667 Licet
2806 2609 2949 2664 enim
2977 2614 3032 2661 et
3051 2605 3164 2675 ipse
3190 2602 3436 2658 Salvator

1885 2707 2095 2761 dicebat
2117 2705 2237 2769 hoc,
2266 2704 2358 2759 sed
2383 2702 2599 2773 proprie
2619 2699 2937 2756 ostendebat
2960 2695 3200 2765 corporis
3228 2691 3434 2762 fragili-

1887 2804 2083 2861 tatem,
2125 2807 2347 2850 manens
2392 2793 2564 2861 virtus
2588 2800 2643 2849 et
2685 2790 2949 2861 sapientia
2998 2787 3111 2842 Dei.
3154 2784 3334 2858 (Aug.)
3368 2783 3437 2853 Ut

1886 2887 2046 2940 homo
2094 2898 2221 2955 ergo
2275 2883 2529 2953 loquitur,
2582 2883 2634 2937 in
2688 2896 2782 2937 eos
2831 2870 3213 2936 circumferens
3262 2883 3436 2953 motus

1887 2976 2026 3043 quod
2060 2975 2112 3028 in
2148 2974 2401 3045 periculis
2427 2972 2588 3043 positi
2616 2986 2648 3025 a
2674 2970 2783 3025 Deo
2815 2985 2915 3025 nos
2944 2967 3115 3023 deseri
3145 2961 3432 3036 putamus:

1889 3074 1948 3120 nt
1985 3067 2142 3132 bomo
2185 3063 2449 3127 turbatur,
2486 3070 2544 3116 ut
2567 3062 2727 3116 homo
2752 3058 2865 3133 ﬁet,
2898 3064 2958 3113 ut
2985 3057 3145 3111 homo
3172 3051 3442 3122 cruciﬁgi-

1894 3165 2000 3209 tur.
2041 3150 2318 3221 Quomodo
2343 3152 2487 3207 enim
2515 3151 2675 3206 Pater
2700 3150 2949 3211 deserere
2971 3145 3145 3217 potuit
3166 3142 3360 3197 Filium
3388 3142 3441 3196 iu

1891 3244 2171 3316 passione,
2219 3256 2339 3295 cum
2389 3237 2769 3308 inseparabiles
2816 3235 2923 3290 sint
2970 3234 3023 3288 in
3064 3238 3251 3287 natura
3304 3230 3443 3285 sicut

1891 3337 2004 3407 ipse
2031 3334 2197 3389 Filius
2224 3340 2468 3387 testatur.
2501 3329 2601 3395 Qui
2624 3346 2702 3383 me
2729 3328 2864 3381 misit
2901 3341 3100 3380 mecum
3124 3334 3219 3390 est,
3250 3339 3340 3376 nec
3364 3339 3442 3375 me

1889 3424 2159 3495 dereliquit
2185 3421 2400 3494 .(Joan.
2456 3418 2613 3490 VIII).
2672 3419 2785 3474 Non
2820 3432 2947 3487 ergo
2986 3414 3161 3470 deseri
3210 3429 3241 3468 a
3282 3413 3443 3467 Patre

1889 3514 2064 3584 potuit
2098 3512 2283 3575 Filius,
2316 3512 2440 3581 quia
2470 3509 2631 3565 Pater
2656 3516 2710 3562 et
2746 3507 2913 3561 Filius
2940 3522 3043 3560 non
3072 3503 3446 3572 derelinquunt

1890 3610 2169 3675 sperantes
2211 3602 2264 3655 in
2296 3600 2381 3657 'se.
2428 3600 2669 3653 llumana
2696 3599 2837 3653 enim
2867 3604 3058 3649 natura
3081 3602 3298 3664 propter
3329 3606 3446 3661 pee-

1889 3700 2067 3748 catum
2097 3689 2349 3745 derelicta
2390 3687 2583 3751 fuerat,
2621 3696 2676 3741 et
2715 3686 2923 3741 deserta
2953 3700 2984 3738 a
3012 3683 3139 3737 Deo.
3181 3681 3287 3736 Sed
3322 3681 3443 3750 quia

1890 3779 2057 3833 Filius
2096 3777 2268 3831 factus
2310 3785 2394 3831 est
2440 3784 2619 3829 noster
2668 3774 2957 3828 advocatus
3005 3778 3060 3825 et
3108 3768 3446 3832 causidicus.

1891 3868 2010 3923 ideo
2035 3874 2258 3937 quorum
2286 3865 2520 3933 suscepit
2544 3871 2790 3916 naturam
2815 3876 2999 3917 eorum
3020 3859 3262 3929 deplorat
3288 3858 3447 3923 mise-

1892 3958 2046 4012 riam.
2079 3957 2196 4026 lpsa
2229 3956 2372 4010 enim
2400 3964 2592 4007 natura
2618 3967 2777 4021 quam
2810 3950 2897 4005 ille
2922 3940 3259 4017 susceperat,
3296 3947 3447 4001 dere-

1892 4049 2017 4103 licta
2045 4048 2216 4101 fuerat
2242 4062 2273 4099 a
2298 4045 2481 4110 Patre,
2511 4058 2617 4099 non
2653 4041 2840 4114 Filius,
2868 4040 2959 4111 qui
2997 4053 3101 4093 una
3136 4053 3257 4093 cum
3287 4036 3447 4090 Patre

1890 4145 1991 4192 est.
2022 4134 2373 4202 Ostenditque
2397 4138 2655 4201 quantum
2681 4127 2808 4183 ﬂere
2834 4128 3060 4183 debeant
3083 4128 3172 4197 qui
3202 4135 3444 4197 peccant,

1891 4224 2103 4294 quando
2128 4208 2371 4277 sic'ﬁevit
2394 4220 2485 4290 qui
2516 4232 2787 4287 nunquam
2826 4216 3083 4286 peccavit.
3122 4216 3189 4269 Et
3217 4215 3451 4269 ostendit

1892 4328 2053 4384 quam
2094 4312 2361 4381 patientes
2388 4317 2442 4364 et
2462 4316 2740 4378 sperantes
2768 4304 2996 4361 debeant
3034 4320 3153 4360 esse
3188 4306 3327 4359 inter
3355 4303 3446 4357 fla-

1892 4405 2047 4477 gella,
2078 4404 2166 4473 qui
2192 4410 2503 4472 peccatores
2528 4407 2673 4464 sunt,
2700 4398 2913 4466 quando
2943 4386 3054 4467 ipse
3078 4395 3144 4449 ad
3174 4395 3447 4449 immorta-

1889 4497 2093 4551 litatem
2120 4509 2231 4556 non
2264 4493 2364 4547 nisi
2396 4505 2491 4560 per
2516 4496 2740 4543 mortem
2769 4486 3032 4540 transivit.
3068 4484 3070 4488 ’

1962 4583 2189 4647 Quidam
2226 4590 2397 4634 autem
2437 4576 2544 4631 illic
2575 4584 2768 4629 stantes
2794 4583 2841 4627 et
2873 4572 3138 4626 audientes
3163 4571 3443 4626 dicebant:

1892 4673 2065 4726 Etiam
2102 4679 2248 4724 vocat
2288 4670 2401 4721 iste.
2441 4667 2555 4720 Non
2582 4663 2791 4729 Omnes,
2821 4663 2914 4718 sed
2953 4654 3176 4736 quidam
3200 4676 3335 4731 quos
3359 4677 3445 4716 ar-

1889 4758 2061 4813 bitror
2086 4756 2279 4811 milites
2312 4754 2475 4807 fuisse
2501 4753 2792 4815 Romanos,
2821 4765 2926 4804 non
2953 4748 3308 4825 intelligentes
3331 4763 3444 4803 ser-

1892 4847 2065 4901 monis
2086 4844 2328 4899 llebraici
2354 4842 2731 4913 proprietatem
2764 4880 2779 4905 ,
2811 4838 2904 4893 sed
2925 4852 2989 4892 eo
3012 4837 3155 4906 qubd
3176 4836 3309 4891 dixit
3332 4835 3437 4902 Eli,

1892 4940 1998 5002 Eli,
2034 4946 2283 5008 putantes
2330 4937 2499 4990 Eliam
2542 4936 2609 4989 ab
2650 4950 2714 4989 eo
2754 4934 3076 4987 invocatum.
3125 4929 3219 4986 Sin
3262 4939 3439 4986 autem

1888 5027 2099 5080 Judteos
2123 5025 2215 5093 .qui
2256 5025 2357 5089 hoc
2386 5016 2619 5077 dixerint
2647 5022 2941 5091 intelligere
2966 5018 3223 5092 volueris,
3251 5026 3309 5074 et
3339 5020 3442 5074 boc

1891 5127 2040 5167 more
2086 5112 2187 5166 sibi
2231 5111 2386 5166 solito
2426 5109 2628 5162 faciunt
2670 5117 2728 5161 ut
2772 5106 3050 5161 Dominum
3078 5104 3442 5161 imbecillitate

1892 5201 2170 5264 infament,
2201 5198 2290 5267 qui
2316 5198 2441 5251 Eliso
2465 5196 2717 5251 auxilium
2742 5194 3073 5262 deprecetur.

1955 5290 2025 5343 Et
2047 5289 2289 5342 continuo
2313 5303 2524 5340 currens
2550 5300 2683 5337 uitus
2703 5299 2767 5337 ex
2788 5284 2864 5336 eis
2888 5289 3147 5350 acceptam
3171 5280 3439 5349 spongiam

1884 5370 2106 5450 implevit
2142 5388 2303 5436 aceto,
2336 5388 2383 5429 et
2423 5376 2665 5445 imposuit
2707 5372 2972 5437 arundini,
3018 5379 3065 5424 et
3104 5368 3261 5423 dabat
3289 5370 3338 5423 ei
3363 5366 3439 5420 bi-

1884 5471 2015 5524 bere.
2050 5466 2231 5540 (ΚΑΒ.)
2266 5466 2434 5532 Quam
2472 5465 2542 5519 ob
2577 5478 2791 5518 causam
2834 5459 3060 5515 Domino
3105 5466 3316 5513 acetum
3364 5456 3437 5513 sit

1884 5559 2029 5631 potui
2050 5558 2231 5612 datum
2251 5553 2484 5610 Joannes
2508 5551 2741 5607 ostendit
2766 5548 2973 5619 plenius
2995 5548 3175 5601 dicens
3198 5563 3212 5599 :
3243 5545 3436 5600 Postea

1884 5650 2051 5706 sciens
2090 5647 2257 5703 Iesus.
2293 5646 2417 5717 quia
2446 5644 2565 5714 jam
2606 5642 2780 5696 omnia
2812 5647 3165 5695 consummata
3198 5646 3337 5699 sunt,
3374 5644 3433 5689 at
