3922 6330
497 336 632 395 114⁸5

1136 329 1195 383 Β.
1238 323 1487 382 RABANI
1530 320 1745 377 MAURI
1780 316 2095 374 ARCHIEP.
2138 314 2443 374 MOGUNT.
2486 312 2767 371 OPEBUM
2801 315 2981 393 PARS
3016 316 3058 372 l.

3595 90 3880 415 “£51

490 455 940 504 consummantur
978 443 1252 510 Scriptura
1275 437 1421 500 dicit,
1449 433 1602 489 Sttio.
1647 431 1748 485 Vas
1771 445 1891 499 ergo
1919 420 2059 497 posi-
2080 428 2130 487 Α,
2156 441 2260 493 que
2303 424 2369 479 ad
2410 423 2663 493 populum
2694 432 2970 481 transeant
2998 420 3294 482 nationum.
3335 430 3484 481 Ante
3527 425 3723 479 etenim

493 549 603 591 tum
632 543 741 588 erat
771 540 915 585 aceto
935 528 1160 599 plenum.
1202 526 1290 579 Illi
1333 537 1506 579 autem
1544 520 1812 589 spongiam
1852 514 2059 586 plenam

494 634 639 679 aceto
690 623 907 690 hyssopo
955 617 1433 686 circumponentes,
1474 602 1765 663 obtulerunt
1798 606 1879 659 ori
1923 604 2055 672 ejus.

495 712 677 784 (Αηῃ.)
718 708 861 763 Vidit
890 724 1018 777 ergo
1054 704 1306 774 quoniam
1334 706 1701 755 consummata
1733 704 1858 751 sunt
1879 694 2058 748 omnia

494 816 611 870 qua:
638 799 917 867 oportebat
956 804 1012 849 nt
1035 796 1223 847 ﬁerent
1242 800 1527 859 antequam
1556 788 1824 857 acciperet
1851 792 2058 840 acetum

495 904 550 949 et
578 893 818 948 traderet
852 890 1131 960 Spiritum;
1165 893 1325 955 atque
1368 892 1427 936 ut
1465 882 1567 936 hoc
1603 881 1763 934 etiam
1805 893 2057 933 consum-

496 990 734 1037 marctur
777 979 917 1049 quod
959 978 1074 1030 ait:
1103 976 1170 1029 Et
1213 977 1268 1028 in
1311 974 1397 1027 siti
1447 978 1747 1041 potaverunt
1790 985 1871 1021 me
1915 977 2059 1020 aceto

496 1068 667 1144 (Psal.
701 1068 909 1139 vant).
944 1067 1098 1132 Sitio,
1137 1066 1328 1135 inquit,
1373 1072 1626 1133 tanquam
1667 1062 1769 1116 hoc
1814 1060 2055 1114 diceret:

497 1164 609 1219 lloc
649 1164 826 1217 minus
876 1159 1097 1221 fecistis,
1145 1159 1267 1212 date
1308 1156 1447 1225 quod
1476 1154 1609 1208 estis
1635 1170 1648 1207 :
1676 1151 1841 1206 Judzei
1864 1150 2061 1220 quippe

497 1254 594 1323 ipsi
624 1260 777 1307 erant
807 1261 1041 1314 acetum,
1080 1251 1464 1317 degenerantes
1490 1260 1521 1299 a
1565 1245 1690 1299 vino
1727 1242 2061 1313 patriarcha-

496 1356 615 1393 rum
642 1347 696 1394 et
723 1340 1125 1408 prophetarum,
1156 1344 1408 1404 tanquam
1436 1335 1502 1389 de
1528 1332 1686 1404 pleno
1711 1347 1839 1387 vase
1864 1332 1931 1386 de
1958 1330 2061 1385 ini-

496 1429 701 1497 quitate
744 1426 926 1480 mundi
977 1426 1136 1495 hujus
1180 1424 1421 1494 impleti,
1475 1438 1569 1477 cor
1614 1423 1874 1477 habentes
1916 1420 2060 1475 velut

495 1519 769 1589 spongiam
813 1516 1120 1571 cavernosis
1169 1516 1562 1584 quodammodo
1602 1521 1761 1583 atque
1806 1513 2062 1568 tortuosis

496 1605 733 1660 latibulis
767 1603 1182 1659 fraudulentum.
1216 1603 1512 1674 Hyssopum
1548 1603 1633 1656 cui
1660 1603 2059 1672 circumposue-

495 1704 619 1751 mut
638 1697 914 1765 spongiam
946 1704 1097 1749 aceto
1126 1693 1335 1764 plenam
1365 1693 1616 1771 quonipm
1654 1691 1820 1746 herba
1844 1700 1932 1751 est
1956 1691 2086 1745 hu-.

498 1785 639 1840 milis
682 1793 734 1840 et
778 1795 962 1854 pectus
1011 1791 1221 1854 purgat,
1263 1784 1431 1853 ipsius
1467 1767 1665 1837 Christi
1705 1782 2060 1837 humilitatem
2090 1767 2135 1825 Β

496 1886 855 1947 congruenter
899 1876 1171 1945 accipiens
1211 1890 1372 1945 quam
1411 1874 1898 1937 circumdederunt,
1930 1881 1984 1927 et
2004 1887 2062 1926 se

497 1968 915 2021 circumvenisse
942 1973 1281 2036 putaverunt.
1319 1964 1469 2021 Unde
1496 1972 1552 2020 et
1579 1964 1707 2019 illud
1737 1965 1790 2018 in
1817 1964 2021 2033 psalmo
2046 1981 2058 2016 :

501 2055 749 2126 Aspenges
781 2058 1121 2126 meJtyssopo,
1165 2066 1213 2111 et
1242 2056 1532 2110 mundabor
1560 2054 1731 2129 (Psal.
1762 2054 1834 2124 ι),
1863 2055 2061 2110 Christi

501 2160 730 2215 namque
770 2147 1068 2200 humilitate
1108 2147 1447 2201 mundamur.
1481 2132 1617 2212 Quia
1645 2145 1747 2200 nisi
1784 2145 2063 2200 humilias-

502 2243 584 2290 set
611 2236 956 2304 semetipsum
985 2236 1160 2291 factus
1188 2236 1442 2291 obediens
1467 2236 1615 2291 Patri
1635 2250 1804 2306 usque
1829 2237 1896 2291 ad
1923 2252 2067 2291 mor-

503 2337 611 2381 tem
638 2327 835 2391 crucis,
877 2342 981 2381 non
1022 2328 1205 2397 utique
1244 2327 1460 2395 sanguis
1497 2325 1613 2394 ejus
1642 2326 1694 2380 in
1724 2334 2063 2395 peccatorum

505 2416 894 2478 remissionem,
930 2416 1031 2468 hoc
1054 2424 1136 2469 est
1166 2416 1217 2468 in
1248 2423 1485 2469 nostram
1513 2415 1910 2468 mundationem
1939 2415 2056 2468 fuis-

502 2515 584 2562 set
624 2505 842 2561 ell‘usus.
888 2506 991 2561 Per
1032 2506 1348 2560 arundinem
1390 2521 1519 2559 vero
1563 2506 1648 2559 cui
1693 2505 1939 2573 imposita
1986 2514 2072 2560 est

504 2599 724 2670 spongia
775 2597 1051 2668 Scriptura
1096 2598 1447 2668 signiﬁcatur,
1479 2613 1597 2667 qua:
1620 2596 1939 2667 implebatur
1966 2598 2070 2651 hoc

506 2691 665 2746 facto.
701 2690 850 2745 Sicut
880 2691 1025 2746 enim
1058 2691 1239 2761 lingua
1276 2690 1479 2744 dicitur
1510 2690 1593 2744 vel
1624 2688 1829 2753 Grceca,
1860 2688 1942 2743 vel
1970 2688 2072 2742 La—

509 2782 641 2848 tina,
672 2783 756 2837 vel
793 2782 896 2836 alia
928 2782 1178 2851 quaelibet
1212 2797 1400 2860 so_num
1430 2779 1741 2851 signiﬁcans
1770 2781 1860 2849 qui
1891 2780 2068 2851 lingua

504 2872 791 2944 promitur,
827 2873 904 2928 sic
940 2873 1144 2927 arundo
1178 2872 1281 2926 dici
1310 2880 1487 2941 potest
1524 2870 1701 2925 littera
1753 2886 1872 2939 qua:
1909 2884 2069 2923 arun-

508 2964 632 3020 dine
686 2966 980 3029 scribitur;
1027 2965 1120 3019 sed
1170 2962 1556 3033 signiﬁcantius
1593 2975 1755 3015 sonos
1795 2960 1944 3014 vocis
1979 2960 2077 3013 hu-

509 3069 682 3108 mante
705 3054 1055 3109 usitatissime
1085 3053 1313 3107 dicimus
1336 3052 1561 3122 linguas.
1592 3049 1925 3120 Scripturam
1945 3063 2075 3104 vero

509 3143 824 3198 arundinem
875 3144 977 3198 dici
1007 3159 1113 3213 quo
1166 3143 1340 3197 minus
1392 3142 1665 3205 usitatum,
1714 3154 1779 3195 eo
1806 3140 1975 3211 magis
1994 3148 2076 3195 est

511 3234 738 3304 mystice
768 3233 1074 3304 ﬁguratum.

542 3369 555 3383 ,
582 3317 771 3373 Crateri
814 3335 929 3373 vero
978 3319 1213 3373 dicebant
1245 3335 1263 3373 :
1297 3318 1458 3384 Sine,
1505 3319 1767 3373 videamus
1805 3336 1873 3373 an
1910 3319 2074 3373 ueniat

508 3410 661 3466 Elius
691 3410 917 3464 liberans
944 3426 1080 3464 eum.
1121 3411 1257 3477 Quia
1297 3426 1461 3479 prave
1500 3426 1688 3465 sonum
1720 3410 1864 3465 vocis
1892 3409 2074 3464 Domi-

512 3502 652 3557 nicte
683 3501 1075 3572 intelligebant,
1109 3502 1227 3556 ideo
1263 3502 1494 3556 inaniter
1517 3501 1801 3556 adventum
1830 3501 1958 3555 Elite
1984 3513 2076 3554 ex-

510 3593 848 3662 spectabant.
884 3592 1047 3647 Deum
1071 3608 1199 3665 ergo
1223 3609 1379 3662 quem
1405 3608 1655 3648 sermone
1684 3592 1943 3647 Hebraioo
1966 3591 2080 3645 Sal-

511 3690 666 3736 vator
708 3682 1010 3747 invocabat,
1056 3680 1488 3751 inseparabiliter
1525 3696 1705 3736 secum
1737 3695 1947 3752 semper
1981 3681 2077 3735 hac

512 3768 691 3824 bebat.

584 3858 738 3913 Iesus
760 3870 932 3914 autem
962 3843 1148 3914 iterum
1172 3860 1406 3914 clamans
1422 3877 1537 3915 voce
1557 3876 1746 3930 magna
1773 3860 1941 3913 emisit
1965 3860 2074 3928 spi-

512 3948 689 4004 ritum.
717 3948 991 4021 (Venant.)
1014 3949 1153 4016 Quid
1183 3951 1281 4004 hac
1309 3964 1439 4004 voce
1458 3965 1647 4017 magna
1675 3949 1869 4003 dixerit
1898 3950 2077 4003 Domi—

513 4050 616 4090 nus
662 4035 835 4117 Lucas
887 4048 1069 4106 aperte
1115 4038 1399 4107 designat:
1437 4036 1614 4102 Pater,
1641 4038 1694 4091 in
1737 4054 1922 4091 manus
1958 4047 2076 4091 tuas

514 4128 814 4181 commendo
864 4129 1101 4198 spiritum
1157 4130 1345 4183 meum.
1391 4129 1457 4182 Et
1505 4130 1634 4193 lucc,
1672 4129 1861 4199 inquit,
1898 4130 2075 4183 dicens

513 4218 790 4287 exspiravit
834 4219 1003 4291 (Psal.
1046 4219 1197 4291 xxx).
1231 4220 1382 4286 Quod
1436 4235 1563 4273 vero
1610 4221 1796 4274 scribit
1845 4218 2078 4275 Joannes

514 4307 657 4375 quod
684 4325 807 4364 cum
841 4311 1138 4380 accepisset
1168 4308 1324 4365 Jesus
1355 4318 1585 4373 acetum,
1614 4310 1789 4364 dixit:
1824 4309 2081 4363 Consum-

514 4406 711 4450 matum
749 4408 845 4463 est,
877 4408 925 4452 et
965 4399 1212 4453 inclinato
1249 4401 1415 4470 capite
1449 4400 1662 4453 tradidit
1687 4400 1925 4470 spiritum
1951 4414 1971 4450 :
1999 4399 2079 4452 in-

516 4496 597 4541 ter
629 4486 763 4541 illud
799 4488 941 4558 quod
985 4489 1098 4566 ait:
1128 4486 1557 4543 Consummatum
1583 4498 1678 4548 est.
1709 4498 1764 4543 et
1787 4489 1915 4543 illud
1942 4506 1956 4543 :
1986 4488 2079 4541 In-

513 4577 709 4633 clinato
748 4582 913 4649 capite
948 4581 1165 4634 tradidit
1217 4581 1478 4651 spiritum,
1528 4582 1725 4635 emissa
1746 4589 1828 4636 est
1854 4581 1943 4635 illa
1978 4596 2079 4634 vox

514 4681 709 4736 magna
754 4683 915 4738 quam
969 4673 1134 4725 tacuit
1186 4670 1458 4735 Joannes,
1509 4670 1691 4725 cmteri
1740 4680 1918 4725 autem
1972 4678 2082 4725 tres

514 4770 1095 4815 commemoraverunt.
1124 4762 1275 4828 Quod
1317 4770 1494 4817 autem
1529 4763 1680 4826 dicit,
1712 4762 1901 4816 Emisit
1926 4764 2082 4832 spiri-

514 4855 644 4911 tum,
675 4850 910 4903 ostendit
946 4851 1139 4905 divinze
1164 4854 1445 4921 potestatis
1474 4868 1594 4907 esse
1631 4854 1881 4907 emittere
1920 4854 2080 4921 spiri-

515 4946 656 4999 tum,
712 4949 771 4994 ut
820 4942 932 5010 ipse
977 4957 1188 5012 quoque
1228 4943 1469 4998 dixerat:
1499 4942 1666 4997 Nemo
1703 4952 1864 5011 potest
1902 4942 2081 4997 tollere

510 5026 745 5081 animum
772 5047 937 5083 meam
966 5049 997 5083 a
1027 5049 1125 5094 me,
1158 5034 1246 5086 sed
1273 5050 1365 5102 ego
1396 5050 1529 5101 pono
1567 5050 1681 5087 eam
1707 5051 1737 5086 a
1760 5050 1859 5099 me,
1893 5044 1940 5087 et
1966 5051 2080 5087 rur-

513 5135 627 5171 sum
650 5120 906 5187 accipiam
930 5136 1041 5172 eam
1067 5120 1246 5190 (Joan.
1276 5122 1354 5193 x).

586 5207 744 5280 [νει]
776 5208 839 5261 Et
861 5226 977 5262 ecce
995 5210 1155 5263 velum
1187 5214 1360 5282 templi
1386 5215 1604 5268 scissum
1630 5224 1703 5268 est
1720 5215 1775 5267 in
1800 5215 1933 5268 duas
1958 5233 2081 5283 par-

513 5305 609 5360 tes,
630 5312 663 5349 α
687 5313 887 5349 summo
915 5314 1073 5365 usque
1096 5300 1353 5352 deorsum.
1380 5300 1643 5370 Josephus
1671 5298 1882 5371 quoque
1910 5302 2077 5356 refert

514 5386 740 5439 virtutes
795 5386 1061 5455 angelicas
1108 5389 1362 5457 praesides
1412 5392 1679 5457 quondam
1721 5392 1902 5460 templi
1946 5402 2075 5448 tunc

514 5474 719 5541 pariter
766 5476 1131 5529 conelamassc
1171 5495 1183 5528 :
1230 5476 1575 5531 Transeamus
1614 5480 1677 5531 ab
1716 5481 1795 5532 Itis
1842 5482 2068 5533 sedibus.

522 5564 791 5619 Scinditur
816 5566 989 5618 velum
1021 5566 1219 5634 templi,
1269 5576 1325 5619 ut
1361 5582 1484 5620 arca
1526 5572 1846 5631 testamenti,
1880 5580 1935 5625 et
1959 5588 2068 5624 om-

523 5651 605 5704 nia
646 5654 775 5719 lugis
802 5665 1135 5711 sacramenta
1163 5672 1281 5725 qua:
1307 5657 1624 5726 tegebantur
1653 5673 1961 5728 appareant,
1992 5673 2070 5716 at-

2163 516 2365 570 dicmm
2410 514 2584 569 fuerat
2610 528 2624 567 :
2656 512 2826 567 Notus
2853 515 2906 567 in
2928 513 3119 567 Juda'a
3145 514 3309 579 Deus,
3341 516 3397 569 in
3422 514 3603 569 Israel
3626 533 3727 569 ras-

2159 623 2317 677 guum
2340 623 2523 660 nomen
2545 606 2677 675 ejus.
2704 604 2857 660 Nunc
2869 614 3044 659 autem
3066 622 3078 657 :
3098 603 3349 659 Esaltare
3373 622 3531 676 super
3552 605 3723 669 celos,

2164 700 2323 765 Deus,
2370 710 2418 754 et
2452 717 2607 770 super
2658 715 2894 763 omnem,
2937 698 3131 768 inquit,
3184 706 3375 751 terram
3420 699 3595 769 ρίου-ἔα
3640 708 3723 751 tu

2162 784 2333 859 (Psal.
2350 786 2532 857 Lxxv).
2553 788 2618 841 Et
2636 788 2687 841 in
2702 786 2988 857 Evangelio
3010 786 3158 856 prius
3180 785 3342 840 dixit:
3364 785 3430 839 In
3457 788 3597 841 ciam
3618 803 3729 856 ρει-

2160 880 2290 931 tium
2315 895 2376 931 ne
2397 878 2625 931 abieritis
2650 895 2666 940 ;
2706 887 2824 947 post
2859 877 3165 946 passionem
3196 890 3325 931 vero
3360 890 3553 930 suam:
3583 875 3726 928 Eun-

2164 977 2259 1032 tes,
2300 968 2496 1037 inquit,
2525 969 2701 1022 docete
2730 984 2903 1022 omnes
2932 978 3124 1039 gentes.

2233 1057 2300 1112 Et
2329 1070 2467 1113 terra
2509 1068 2649 1112 mota
2691 1068 2785 1123 est,
2824 1068 2871 1112 et
2907 1068 3067 1129 petras
3091 1060 3267 1112 scissae
3295 1066 3437 1123 sunt,
3478 1068 3528 1110 et
3549 1074 3728 1113 mou-

2161 1162 2335 1205 menta
2363 1160 2543 1221 aperta
2564 1161 2704 1204 sunt.
2738 1149 2876 1204 Nulli
2924 1150 3141 1205 dubium
3176 1129 3259 1204 est
3300 1149 3428 1218 quid
3470 1146 3729 1218 signiﬁcet

2155 1240 2311 1309 juxta
2358 1242 2589 1297 litteram
2640 1242 2949 1311 magnitudo
2989 1241 3283 1311 signorum,
3314 1247 3374 1293 ut
3411 1238 3726 1294 cruciﬁxum

2160 1332 2366 1387 scilicet
2402 1332 2891 1397 Dominttntsuum,
2916 1339 2970 1385 et
2994 1331 3187 1386 caelum
3210 1338 3265 1385 et
3290 1338 3508 1385 terrena
3548 1328 3723 1383 onmia

2161 1424 2613 1479 demonstrarent.
2664 1423 2769 1479 Sed
2815 1423 2944 1477 mihi
2993 1423 3204 1478 videtur
3251 1429 3409 1477 teme
3454 1430 3637 1479 motus
3678 1429 3729 1474 et

2161 1516 2365 1585 reliqua
2394 1524 2579 1587 typum
2606 1515 2747 1571 ferre
2774 1515 3036 1585 gentium,
3061 1513 3202 1583 quod
3222 1513 3465 1582 pristinis
3485 1527 3725 1566 errorum

2161 1606 2327 1668 vitiis,
2359 1613 2414 1660 et
2453 1606 2629 1659 cordis
2667 1604 2902 1659 emollita
2941 1602 3162 1667 duritia,
3199 1602 3291 1672 qui
3337 1601 3490 1671 prius
3532 1600 3727 1655 similes

2161 1704 2318 1751 erant
2358 1695 2577 1750 tumulis
2613 1703 2966 1758 mortuorum,
2994 1700 3180 1763 postea
3209 1698 3545 1760 agnoverunt
3573 1688 3727 1743 Crea-

2163 1797 2355 1843 torem.
2408 1788 2576 1843 Aliter
2613 1798 2751 1842 terra
2802 1795 2940 1839 mota
2983 1794 3057 1839 est
3101 1783 3421 1855 pendentem
3447 1781 3725 1836 Dominum

2164 1894 2319 1934 suum
2350 1877 2491 1932 ferre
2518 1892 2624 1931 non
2650 1876 2937 1931 sustinens.
2977 1874 3150 1928 Petra:
3169 1874 3344 1927 scissae
3363 1881 3487 1926 sunt
3513 1879 3573 1925 ut
3592 1869 3723 1924 iudi-

2164 1978 2353 2025 carent
2386 1967 2639 2020 duritiam
2679 1965 3003 2030 Judteorum,
3049 1964 3139 2032 qui
3170 1970 3491 2033 prcesentem
3525 1961 3616 2015 Dei
3646 1959 3729 2013 Fi-

2166 2061 2295 2116 lium
2330 2059 2636 2129 intelligere
2680 2058 2985 2113 noluerunt.
3039 2056 3104 2110 Et
3161 2064 3499 2109 monumenta
3556 2064 3724 2123 aperta

2164 2160 2282 2205 sunt
2321 2150 2374 2204 in
2402 2150 2612 2221 signum
2644 2147 2836 2201 futurse
2862 2137 3291 2201 resurrectionis.

2235 2241 2303 2295 Et
2328 2239 2493 2294 multa
2517 2255 2736 2304 corpora
2768 2247 3068 2292 sanctorum
3094 2236 3182 2306 qui
3208 2235 3535 2289 dormierunt
3565 2252 3729 2288 resur—

2168 2339 2428 2392 rezerunt,
2457 2338 2503 2382 et
2530 2337 2771 2381 exeuntes
2801 2328 2864 2379 de
2888 2327 3231 2379 monumentis
3251 2333 3365 2394 post
3398 2326 3725 2379 resurrectio-

2167 2436 2284 2473 nem
2332 2420 2445 2488 ejus
2487 2426 2733 2471 venerunt
2774 2417 2826 2470 in
2876 2425 3110 2469 sanctam
3142 2416 3435 2477 civitatem,
3478 2425 3527 2468 et
3564 2414 3723 2468 multis

2168 2518 2540 2580 apparuerunt.
2572 2508 2652 2562 Ad
2679 2508 3041 2562 testimonium
3068 2521 3197 2577 ergo
3228 2506 3526 2561 Dominicte
3560 2522 3725 2560 resur-

2170 2601 2423 2664 rectionis
2450 2599 2615 2653 multa
2636 2614 2860 2668 corpora
2886 2605 3193 2652 sanctorum
3220 2606 3649 2657 resurrexerunt,
3674 2604 3727 2650 ut

2169 2692 2451 2751 Dominum
2480 2690 2727 2745 videlicet
2756 2688 2936 2743 Jcsum
2961 2678 3307 2742 ostenderent
3345 2695 3724 2755 resurgentem,

2169 2792 2223 2837 ει
2249 2796 2426 2837 tamen
2456 2796 2576 2835 cum
2602 2787 2944 2836 monumenta
2982 2786 3161 2849 aperta
3193 2785 3340 2842 81H“,
3366 2792 3474 2831 non
3505 2786 3625 2831 ante
3648 2792 3725 2830 re-

2169 2879 2522 2928 surrexerunt
2546 2886 2706 2941 quam
2731 2870 2987 2924 Dominus
3015 2876 3343 2938 resurgeret,
3375 2876 3437 2922 ut
3467 2878 3611 2922 esset
3632 2868 3727 2936 pri-

2174 2963 2477 3033 mogenitus
2521 2960 2928 3017 resurrectionis
2958 2976 3020 3014 ex
3061 2960 3309 3014 mortuis.
3348 2958 3450 3025 Qui
3480 2960 3622 3013 enim
3651 2976 3725 3013 re-

2177 3064 2427 3125 surgente
2451 3055 2676 3108 Domino
2698 3058 3105 3106 resurrexerunt
3131 3065 3160 3103 a
3189 3052 3438 3113 mortuis,
3475 3052 3637 3105 etiam
3665 3051 3726 3103 ad

2178 3144 2342 3201 caelos
2379 3142 2698 3197 ascendente
2740 3140 2894 3195 simul
2940 3140 3247 3194 ascendisse
3292 3139 3549 3194 credendi
3595 3148 3726 3194 sunt.

2174 3232 2358 3303 Neque
2382 3231 2486 3285 ulla
2518 3232 2725 3285 ratione
2764 3230 2975 3282 illorum
3021 3229 3310 3283 temeritati
3357 3228 3492 3283 ﬁdes
3530 3244 3728 3283 acomn-

2174 3322 2458 3383 modanda,
2496 3321 2586 3391 qui
2609 3336 2702 3375 eos
2723 3330 2909 3389 postea
2934 3333 3179 3372 reversos
3213 3318 3265 3372 in
3292 3319 3532 3373 cinerem
3558 3334 3621 3374 ac
3641 3320 3727 3372 de-

2175 3426 2283 3465 nuo
2325 3411 2378 3464 in
2417 3409 2776 3465 monumentis
2817 3424 2935 3477 qute
2965 3407 3133 3477 pridie
3162 3406 3431 3477 patefacta
3478 3418 3625 3472 sunt,
3669 3408 3730 3461 ab

2176 3502 2255 3556 eis
2285 3500 2479 3569 quibus
2504 3498 2663 3569 paulo
2688 3506 2811 3552 ante
2846 3497 2950 3551 vivi
2993 3505 3373 3566 apparuerunt,
3419 3512 3570 3552 more
3596 3514 3729 3552 mor-

2177 3599 2389 3645 tuorum
2444 3598 2634 3661 putant
2680 3590 2896 3663 quidam
2947 3604 3067 3659 esse
3121 3588 3423 3643 conclusos.
3480 3587 3727 3643 Sanctam

2176 3680 2316 3735 hanc
2355 3680 2625 3734 civitatem
2666 3679 2719 3732 in
2758 3692 2859 3745 qua
2912 3677 3011 3731 visi
3056 3686 3182 3733 sunt
3225 3686 3603 3747 resurgentes,
3648 3686 3731 3729 aut

2182 3772 2599 3842 Hierosolymam
2629 3768 2905 3823 etelestem
2940 3767 3317 3839 intelligamus,
3348 3776 3442 3821 aut
3469 3768 3611 3822 hanc
3637 3776 3735 3821 tero

2178 3876 2386 3924 renam,
2428 3855 2552 3929 quae
2586 3865 2710 3913 ante
2755 3866 2941 3912 sancta
2972 3856 3162 3912 fuerat.
3196 3855 3349 3912 Sicut
3377 3868 3433 3912 et
3463 3856 3734 3911 lauimus

2180 3954 2478 4025 appellatur
2506 3952 2823 4024 publicanus
2853 3966 2957 4005 non
2985 3950 3127 4020 quod
3169 3958 3224 4004 et
3256 3949 3530 4019 apostolus
3570 3950 3734 4003 adhuc

2177 4051 2491 4115 permaneat
2516 4042 2848 4113 publicanus,
2881 4041 2971 4095 sed
3000 4039 3140 4108 quod
3173 4040 3464 4110 pristinum
3508 4040 3732 4093 vocabu-

2178 4137 2289 4190 lum
2337 4143 2532 4190 tencat.
2590 4134 2783 4188 Sancta
2835 4132 3128 4201 appellatur
3165 4131 3358 4186 civitas
3403 4129 3731 4185 Hierusalem

2178 4237 2400 4297 propter
2434 4213 2706 4295 templum,
2733 4236 2789 4279 et
2819 4234 3002 4279 sancta
3025 4232 3355 4286 sanctorum,
3377 4230 3437 4277 et
3460 4224 3533 4277 ob
3560 4223 3735 4276 distin-

2181 4321 2411 4375 ctionem
2460 4317 2685 4371 aliarum
2726 4317 2961 4378 urbium,
2992 4314 3044 4368 in
3080 4315 3275 4384 quibus
3310 4312 3451 4368 idola
3490 4313 3736 4369 coleban-

2183 4419 2291 4463 tur.
2314 4408 2537 4474 Quando
2560 4422 2688 4461 vero
2712 4406 2926 4468 dicitur,
2954 4404 3318 4481 Apparuerutg
3340 4403 3546 4469 multis,
3566 4413 3737 4461 esteo:

2184 4502 2327 4556 ditur
2356 4515 2462 4554 non
2491 4497 2753 4568 generalis
2779 4490 2944 4551 fuisse
2970 4494 3299 4549 resurrectio
3338 4509 3460 4564 qua:
3497 4496 3737 4549 omnibus

2186 4598 2425 4659 apparet,
2450 4588 2544 4643 sed
2563 4587 2811 4657 specialis
2833 4586 2897 4640 ad
2920 4585 3195 4655 plurimos,
3225 4594 3284 4638 ut
3311 4584 3364 4639 hi
3392 4585 3636 4639 viderent
3652 4585 3734 4656 qui

2186 4694 2408 4736 cernere
2440 4678 2805 4732 merebantur.

2254 4765 2498 4823 Centurio
2534 4775 2707 4818 autem
2746 4775 2793 4819 et
2834 4765 2922 4834 qui
2960 4778 3077 4817 cum
3116 4778 3177 4816 eo
3210 4772 3357 4817 erant
3397 4763 3734 4817 custodientes

2183 4858 2364 4914 Iesum
2398 4859 2507 4912 viso
2528 4867 2679 4911 teme
2708 4867 2872 4921 motu,
2899 4866 2945 4909 et
2962 4855 3050 4919 phis
3072 4870 3188 4924 quis
3213 4853 3427 4923 fiebant,
3460 4853 3733 4906 timuerunt

2184 4948 2359 5011 valde,
2400 4948 2665 5000 dicentes:
2702 4944 2827 4999 Vere
2873 4944 3047 5003 Filius
3087 4943 3184 4998 Dei
3226 4947 3336 4998 erat
3374 4946 3493 4998 iste.
3539 4944 3597 4998 In
3638 4944 3738 4999 alio

2184 5037 2468 5106 Evangelia
2495 5037 2617 5107 post
2646 5043 2806 5091 teme
2839 5044 3043 5090 motum
3074 5035 3413 5089 manifestior
3448 5050 3611 5091 causa
3638 5036 3734 5091 mi-

2183 5125 2347 5179 raculi
2376 5126 2706 5179 centurionis
2732 5126 3033 5193 exponitur,
3057 5126 3198 5195 quod
3226 5112 3348 5180 etim
3374 5127 3599 5182 vidisset
3618 5142 3734 5183 eum

2165 5216 2426 5284 .spiritum
2450 5216 2715 5269 dimisisse
2739 5216 2935 5269 dixerit
2959 5233 2972 5268 :
3012 5213 3139 5269 Vere
3164 5212 3337 5270 Filius
3363 5214 3460 5270 Dei
3485 5230 3601 5270 erat
3623 5217 3730 5271 ius.

2183 5304 2367 5357 Nullus
2400 5305 2543 5358 enim
2583 5304 2745 5359 habet
2789 5313 3105 5373 potestatem
3142 5304 3444 5359 dimittendi
3470 5306 3732 5372 spiritum,

2178 5397 2278 5449 nisi
2311 5397 2398 5451 ille
2424 5399 2513 5466 qui
2540 5399 2835 5453 animatum
2860 5400 3107 5454 conditor
3136 5407 3239 5453 est.
3271 5396 3534 5468 Spiritum
3560 5405 3733 5452 autem

2178 5486 2231 5539 in
2261 5486 2361 5539 hoc
2385 5486 2500 5539 loco
2525 5501 2623 5554 pro
2651 5487 2827 5540 anima
2868 5487 3248 5556 intelligamus,
3284 5500 3377 5539 seu
3408 5484 3554 5557 quod
3577 5484 3733 5556 spiri-

2176 5574 2281 5628 tale
2305 5583 2359 5628 et
2382 5575 2541 5629 vitale
2571 5591 2767 5645 corpus
2793 5575 2974 5636 faciat,
3025 5589 3119 5628 seu
3155 5574 3297 5643 quod
3339 5574 3534 5628 anime
3572 5572 3733 5643 ipsius

2173 5658 2471 5719 substantia
2493 5665 2710 5733 spiritus
2736 5666 2826 5731 sit,
2848 5665 2996 5733 iuxta
3019 5664 3147 5719 illud
3171 5662 3312 5732 quod
3334 5661 3595 5731 scriptum
3613 5671 3728 5719 est.
