3922 6322
285 310 415 368 "l5

1125 354 1132 366 .
1188 307 1528 366 COMMENT.
1570 307 1636 361 IN
1676 305 2106 362 MATTHEUM.
2147 337 2215 348 ——
2253 308 2380 362 LIB.
2424 307 2553 364 Vlll.

3355 305 3493 362 {HG

281 422 496 491 Auferes
539 421 775 491 spiritum
811 435 987 474 eorum
1025 429 1071 473 et
1116 421 1352 489 deficient
1400 417 1572 488 (Psal.
1593 417 1730 487 CIII).
1763 417 1829 470 Et
1857 418 1906 475 Α
1931 417 2080 470 homo
2105 419 2242 472 dives
2273 419 2335 471 ab
2361 419 2652 471 Arimnthia
2693 418 2898 472 nomine
2932 415 3148 488 Ioseph,
3191 418 3280 487 qui
3303 429 3350 472 et
3383 420 3492 490 ipse

281 510 383 566 hoc
421 510 860 566 considerandum
901 510 1041 580 quod
1082 510 1325 564 centurio
1372 519 1495 564 ante
1540 523 1753 563 crucem
1780 508 1830 560 in

281 605 398 674 ipso
437 602 686 657 seandalo
719 603 980 672 passionis
1004 616 1130 656 vere
1156 601 1249 656 Dei
1276 601 1470 655 Filium
1496 601 1831 662 conﬁteatur,

277 707 333 750 et
361 696 520 750 Arius
552 695 603 748 in
629 695 864 749 Ecclesia
893 693 1148 762 przedicat
1186 702 1511 747 creaturam.
1557 689 1834 758 Simulque

278 788 710 857 perpendendum
737 787 876 855 quod
907 801 1012 838 non
1050 784 1195 838 solus
1239 784 1480 838 centurio
1520 781 1836 852 gloriﬁcavit

283 878 471 939 Deum,
497 875 591 929 sed
620 883 672 928 et
707 875 897 928 milites
923 875 1013 943 qui
1043 889 1165 927 cum
1194 888 1260 927 eo
1287 881 1441 927 erant
1472 870 1837 925 custodientes

280 966 478 1024 Iesum.
520 968 634 1020 viso
677 976 832 1020 teme
871 975 1016 1018 mctu
1056 974 1108 1016 et
1148 965 1230 1017 bis
1260 978 1377 1030 quae
1401 962 1616 1025 ﬁebant,
1647 961 1837 1014 timue-

281 1063 409 1108 runt
429 1055 606 1118 valde,
630 1053 864 1107 dicentes
891 1071 903 1104 :
938 1050 1065 1104 Vere
1088 1050 1178 1104 Dei
1206 1049 1376 1102 Filius
1396 1061 1467 1103 est
1489 1050 1602 1102 iste.
1630 1048 1836 1114 Quanta

283 1157 410 1214 ergo
439 1143 650 1198 accitas
668 1139 993 1204 Judzeorum,
1017 1139 1107 1207 qui
1129 1147 1208 1192 tot
1234 1153 1332 1207 per
1357 1137 1638 1192 Dominum
1669 1136 1838 1188 virtu-

284 1234 426 1287 tibus
453 1231 628 1296 factis,
660 1231 820 1284 tantis
842 1231 894 1283 in
920 1238 1088 1284 morte
1113 1228 1229 1296 ejus
1249 1226 1627 1296 apparentibus
1649 1224 1834 1295 signis,

283 1321 503 1374 credere
543 1329 859 1388 respuerunt
890 1328 942 1372 et
978 1317 1393 1372 insensibiliores
1419 1316 1706 1387 gentilibus
1737 1316 1839 1368 Do-

286 1410 488 1463 minum
517 1408 814 1478 gloriﬁcare
859 1407 941 1461 vel
970 1408 1160 1461 timere
1190 1413 1644 1476 contempserunt.
1685 1405 1838 1459 Unde

285 1499 478 1553 merito
509 1513 607 1570 per
630 1499 994 1553 centurionem
1041 1497 1172 1552 ﬁdes
1209 1498 1461 1552 Ecclesiae
1505 1497 1835 1566 designatur,

281 1606 400 1661 qua
427 1584 544 1644 velo
567 1590 939 1662 mysteriorum
980 1588 1276 1643 cmlestium
1320 1604 1416 1657 per
1461 1596 1684 1640 mortem
1729 1586 1839 1639 Do-

284 1683 415 1740 mini
437 1692 694 1747 reserato,
720 1682 969 1736 continuo
993 1679 1174 1735 Jesum
1204 1689 1259 1734 ct
1277 1695 1403 1733 vere
1424 1679 1626 1746 justum
1657 1679 1834 1732 homi-

1933 509 2214 578 discipulus
2253 519 2363 562 erat
2400 508 2550 562 Iesu.
2589 508 2853 584 (Hierom)
2906 509 3062 564 Dives
3094 508 3337 570 refertur,
3382 527 3487 563 non

1933 599 1998 653 de
2033 600 2290 668 jartantia
2329 600 2631 675 scriptoris,
2686 601 2776 669 qui
2816 601 2988 652 virum
3049 601 3277 654 nobilem
3331 613 3494 670 atque

1933 689 2260 744 ditissimum
2307 689 2506 744 referat
2549 689 2670 744 Jesu
2722 690 2885 744 fuisse
2925 690 3264 758 discipulum,
3308 692 3399 745 sed
3436 701 3496 745 ut

1933 781 2178 836 ostendat
2205 797 2418 836 causam
2441 797 2604 851 quare
2633 797 2663 833 a
2712 780 3090 850 Pilato-corpus
3115 781 3238 835 Jesu
3263 784 3497 850 potuerit

1937 873 2241 941 impetrare.
2282 872 2549 940 Pauperes
2574 871 2715 923 enim
2742 880 2794 924 et
2837 871 3001 940 ignoti
3027 887 3131 924 non
3163 880 3409 939 poterant
3430 871 3506 926 ad.

1935 960 2162 1014 Pilatum
2213 959 2486 1030 praesidem
2520 957 2772 1012 Romana:
2800 960 3081 1025 potestatis
3122 960 3396 1023 accedere,
3445 968 3500 1014 et

1936 1048 2178 1105 cruciﬁxi
2215 1063 2406 1117 corpus
2445 1048 2750 1115 impetrare.
2783 1046 2960 1115 (ΗΑΒ.)
2997 1048 3050 1100 In
3082 1049 3186 1102 alio
3213 1049 3498 1118 Evangelio

1937 1138 2130 1208 Joseph
2164 1137 2263 1192 iste
2289 1137 2584 1206 appellatus
2607 1145 2686 1190 est
2713 1137 2944 1200 decurio,
2970 1137 3108 1204 quod
3135 1139 3201 1190 sit
3222 1139 3284 1191 de
3310 1141 3500 1195 ordine

1937 1231 2136 1293 curiae,
2183 1239 2236 1283 et
2282 1228 2515 1283 ofﬁcium
2581 1229 2741 1282 curia:
2790 1228 3141 1281 administret.
3187 1227 3285 1292 Qui
3336 1231 3500 1285 etiam

1938 1324 2154 1378 curialis
2180 1339 2209 1376 a
2242 1322 2575 1392 procurando
2605 1335 2826 1374 munera
2855 1321 3028 1374 civilia
3063 1319 3195 1373 solet
3223 1321 3498 1389 appellari.

1936 1415 2231 1468 Arimatbia
2277 1421 2491 1475 autem,
2521 1414 2631 1480 ipsa
2665 1423 2746 1466 est
2778 1412 3113 1464 Ramathaim
3154 1412 3342 1466 civitas
3379 1411 3505 1466 Hel-

1937 1519 2119 1566 canat,
2165 1511 2220 1556 et
2263 1501 2527 1556 Samuelis
2553 1529 2582 1566 ,~
2615 1501 2668 1554 in
2714 1501 2932 1571 regione
2976 1499 3310 1554 Thamnitica
3349 1502 3502 1570 juxta

1939 1591 2246 1661 Diospollm.

2007 1681 2105 1734 Hic
2152 1679 2363 1734 accessit
2413 1679 2483 1731 ad
2539 1677 2791 1741 Pilatum,
2837 1686 2883 1730 et
2924 1677 3066 1744 petiit
3121 1694 3304 1747 corpus
3349 1677 3498 1732 Iesu.

283 1787 426 1835 lieni,
454 1780 509 1827 et
533 1787 659 1827 vere
684 1772 776 1825 Dei
809 1770 997 1823 Filium
1018 1783 1283 1839 synagoga
1308 1777 1512 1822 tacente
1534 1765 1833 1820 conﬁrmat.
1865 1749 1911 1809 Β
1943 1770 2087 1824 Tunc
2109 1770 2267 1838 jussit
2289 1767 2493 1821 Pilatus
2523 1767 2670 1820 reddi
2697 1783 2902 1836 corpus.
2935 1765 3136 1835 Magnae
3164 1768 3377 1835 quidem
3413 1766 3502 1821 Jo-

282 1860 416 1918 Nam
455 1869 507 1916 et
541 1861 653 1930 ipsa
681 1873 888 1913 summa
919 1858 1248 1920 centenaria,
1279 1871 1397 1925 qua:
1426 1855 1616 1915 inﬂexu
1648 1854 1842 1921 digito-

285 1969 403 2006 rum
426 1953 565 2006 sicut
593 1967 749 2019 supra
779 1958 1130 2003 memoratum
1164 1956 1268 2011 est,
1306 1947 1371 2000 de
1406 1947 1620 2000 sinistra
1651 1945 1843 1998 transit

283 2043 338 2097 in
385 2043 656 2096 dexteram
727 2039 1006 2100 Ecclesiae,
1052 2035 1403 2090 sacramentis
1451 2042 1506 2089 et
1550 2033 1672 2086 ﬁdei
1742 2048 1839 2103 ap-

284 2133 490 2190 tissime
530 2133 795 2202 congruit,
845 2131 930 2184 cui
973 2144 1087 2198 pro.
1111 2128 1226 2198 lege
1271 2125 1615 2196 Evangelinm
1663 2123 1839 2178 credi-

281 2231 418 2287 tum,
462 2237 558 2291 pro
599 2230 756 2275 terra:
802 2218 1001 2272 divitiis
1036 2231 1255 2286 regnum
1297 2215 1552 2269 caelorum
1599 2221 1681 2267 cst
1713 2229 1839 2281 pro-

283 2314 523 2369 missum.

354 2405 518 2458 Erant
538 2413 710 2456 autem
730 2403 799 2455 ibi
819 2401 1056 2454 mulieres
1081 2398 1260 2452 multa:
1283 2415 1314 2450 a
1336 2397 1483 2465 longe
1509 2413 1625 2464 qua:
1652 2405 1842 2448 secuto:

283 2503 429 2550 erant
473 2494 650 2546 Jesum
678 2509 712 2544 α
735 2490 953 2544 Galiltea
1003 2488 1354 2542 ministrantes
1379 2487 1445 2538 ei.
1483 2484 1842 2538 Consuetudi-

284 2586 575 2639 nisautem
617 2580 848 2635 Judaicaa
891 2579 1011 2642 fuit,
1061 2593 1159 2632 nec
1202 2576 1495 2630 ducebatur
1534 2575 1586 2628 in
1632 2574 1840 2642 culpam

281 2690 434 2729 more
469 2673 640 2742 gentis
669 2671 907 2740 antiquo,
948 2677 1008 2722 ut
1045 2667 1296 2722 mulieres
1323 2666 1388 2719 de
1416 2665 1712 2719 substantia
1744 2680 1838 2718 sua

283 2767 481 2821 victum
526 2773 684 2833 atque
717 2763 965 2816 vestitum
1000 2759 1419 2829 praeceptoribus
1449 2757 1837 2812 ministrarent.

283 2858 396 2914 Hoc
433 2858 555 2927 quia
600 2855 903 2908 scandalum
950 2852 1127 2906 facere
1169 2857 1379 2920 poterat
1421 2851 1472 2902 in
1509 2847 1837 2910 nationibus,

280 2948 477 3004 Paulus
527 2943 781 3012 abiecisse
812 2958 868 2997 se
899 2949 1160 2995 memorat
1187 2942 1367 2995 dicens
1394 2953 1409 2992 :
1444 2937 1696 3012 Nunquid
1736 2955 1877 2992 non

281 3035 527 3089 habemus
567 3041 864 3103 potestatem
897 3047 1099 3083 sorores
1145 3029 1382 3099 mulieres
1420 3027 1839 3082 circumducendi

279 3129 412 3180 sicut
441 3136 487 3177 et
519 3125 690 3177 crrteri
719 3120 936 3190 apostoli
961 3121 1154 3187 faciunt
1199 3119 1250 3190 (I
1279 3120 1397 3174 Cor.
1433 3127 1527 3189 Ix).
1569 3120 1840 3174 Ministra-

281 3216 411 3270 bant
440 3195 614 3266 autem
648 3211 872 3265 Domino
915 3211 979 3264 de
1022 3208 1320 3263 substantia
1363 3224 1477 3272 sua,
1523 3217 1580 3262 ut
1616 3216 1844 3263 meteret

278 3318 464 3357 eorum
487 3301 720 3356 carnalia
752 3341 766 3365 ,
798 3299 948 3367 cujus
971 3298 1071 3354 illa;
1095 3299 1363 3352 metebant
1385 3297 1700 3367 spiritualia.
1728 3297 1842 3352 Non

279 3406 388 3461 quo
433 3391 692 3460 indigeret
737 3390 870 3443 cibis
913 3388 1169 3442 Dominus
1217 3397 1609 3450 creaturarum,
1656 3401 1750 3441 sea
1785 3398 1843 3440 ut

288 3475 470 3553 typum
519 3481 824 3535 ostenderet
872 3481 1270 3548 magistrorum,
1315 3479 1454 3546 quod
1492 3477 1635 3531 victu
1683 3487 1841 3546 atque

279 3571 474 3625 vestitu
515 3583 577 3623 ex
629 3567 903 3636 discipulis
949 3567 1206 3621 deberent
1255 3581 1374 3620 esse
1427 3567 1687 3620 contenti.
1729 3565 1840 3621 Sed

277 3659 556 3712 videamus
578 3657 761 3725 quales
784 3657 1004 3710 comites
1027 3656 1288 3709 habuerit.

346 3749 491 3802 Inter
512 3765 640 3818 quas
669 3757 778 3801 erat
804 3747 973 3800 Maria
998 3746 1322 3816 Magdalene,
1365 3757 1412 3801 et
1436 3746 1610 3801 Maria
1631 3748 1836 3812 Jacobi,

277 3847 325 3891 et
369 3835 560 3904 Ioseph
591 3846 773 3900 mater,
820 3846 868 3889 et
916 3846 1081 3889 mater
1107 3837 1334 3904 ﬁliorum
1377 3837 1631 3891 Zebeda'i.
1673 3839 1839 3893 Maria

279 3927 582 3997 Magdalena
631 3941 659 3978 a
693 3941 794 3993 qua
843 3935 1042 3994 septem
1071 3926 1332 3980 daemonia
1368 3925 1616 3993 cjecerat,
1650 3938 1704 3982 et
1731 3929 1839 3983 Ma-

278 4018 356 4069 ria
406 4014 630 4080 Jacobi,
692 4024 751 4068 et
815 4014 1011 4084 Joseph
1086 4023 1277 4080 mater,
1353 4024 1644 4071 matertera
1701 4034 1835 4085 sua,

277 4123 430 4162 soror
481 4107 658 4160 Maria:
720 4107 906 4160 matris
955 4105 1207 4170 Domini,
1271 4116 1324 4160 et
1377 4116 1549 4160 mater
1609 4108 1836 4162 ﬁliorum

276 4197 539 4256 Zebedmi,
562 4212 680 4275 qua:
701 4179 910 4265 quoque
937 4197 1094 4265 paulo
1118 4205 1241 4250 ante
1268 4213 1487 4267 regnum
1522 4199 1702 4253 liberis
1744 4214 1837 4267 po.

275 4287 522 4349 stularat,
555 4295 610 4340 et
629 4286 745 4340 alia:
774 4301 906 4354 quas
936 4287 989 4338 in
1027 4287 1236 4340 caeteris
1261 4287 1564 4357 Evangeliis
1590 4289 1830 4358 legimus.

1941 1860 2070 1927 sepb
2120 1860 2220 1913 istc
2259 1857 2532 1927 dignitatis
2562 1857 2625 1910 ad
2661 1856 2937 1922 sarculum,
2988 1858 3079 1912 sed
3123 1856 3338 1926 majoris
3367 1860 3502 1929 apud

1943 1951 2106 2003 Deum
2135 1949 2308 2002 meriti
2333 1948 2494 2002 fuisse
2523 1948 2786 2002 laudatur.
2815 1949 2996 2003 Talem
3027 1963 3256 2019 namque
3273 1952 3504 2007 existere

1942 2040 2166 2095 decebat
2195 2055 2348 2104 eum,
2383 2041 2471 2109 qui
2513 2056 2708 2110 corpus
2753 2040 2963 2095 Domini
2997 2043 3271 2112 sepeliret.
3319 2045 3411 2113 qui
3451 2054 3506 2100 et

1941 2145 2034 2198 per
2050 2131 2310 2199 justitiam
2341 2132 2652 2186 meritorum
2681 2133 2771 2186 tali
2802 2133 3100 2186 ministerio
3127 2135 3315 2203 dignus
3341 2144 3503 2202 esset,

1941 2234 1993 2277 et
2046 2238 2141 2290 per
2195 2223 2526 2277 nobilitatem
2586 2225 2833 2293 potentiae
2881 2215 3156 2279 sarculatis
3200 2226 3502 2280 facultatem

1941 2321 2122 2380 posset
2177 2313 2419 2366 obtinere
2487 2313 2846 2368 ministrandi.
2909 2313 3022 2368 Non
3077 2315 3218 2368 enim
3284 2316 3508 2384 quilibet

1943 2400 2155 2470 ignotus
2174 2409 2266 2455 aut
2286 2402 2572 2456 mediocris
2599 2403 2662 2456 ad
2686 2403 2966 2472 przesidem
2997 2404 3274 2470 accedere,
3305 2413 3357 2459 et
3384 2422 3506 2460 cru-

1942 2492 2085 2546 ciﬁxi
2113 2509 2307 2562 corpus
2329 2502 2538 2563 poterat
2557 2495 2864 2562 impetrare.

2014 2580 2080 2633 Et
2105 2592 2309 2650 accepto
2340 2598 2550 2650 corpore
2575 2582 2764 2652 Ioseph
2793 2581 2999 2636 involvit
3039 2581 3170 2635 illud
3197 2583 3249 2634 in
3291 2583 3507 2636 sindone

1941 2671 2157 2725 munda.
2204 2668 2468 2741 (Hierom)
2499 2671 2565 2725 Et
2604 2687 2669 2726 ex
2720 2671 2945 2740 simplici
2987 2671 3255 2739 sepultura
3293 2671 3503 2725 Domini

1942 2761 2160 2814 ambitio
2187 2761 2408 2814 divitum
2433 2763 2833 2824 condemnatur,
2867 2763 2956 2831 qui
2981 2778 3045 2824 ne
3075 2763 3125 2815 in
3153 2761 3366 2816 tumulis
3387 2761 3506 2831 qui-

1942 2850 2060 2903 dem
2087 2860 2307 2916 possunt
2338 2865 2525 2905 carere
2557 2851 2772 2905 divitiis.
2803 2850 3092 2906 Possumus
3135 2861 3309 2906 autem
3351 2853 3510 2920 juxta

1943 2938 2340 3006 intelligentiam
2379 2939 2672 3006 spiritalem
2715 2940 2816 2994 hoc
2851 2939 3073 3002 sentire,
3119 2943 3258 3009 quod
3307 2955 3504 3010 corpus

1941 3029 2150 3083 Domini
2191 3039 2297 3084 non
2323 3045 2472 3095 auro,
2500 3045 2604 3085 non
2629 3031 2870 3101 gemmis,
2898 3040 2953 3085 et
2980 3033 3172 3095 serico,
3205 3033 3294 3086 sed
3316 3033 3508 3088 lintea-

1942 3121 2086 3174 mine
2115 3135 2248 3189 puro
2287 3120 2673 3176 obvolvendum
2716 3123 2806 3177 sit.
2838 3122 3152 3191 Quanquam
3191 3133 3245 3177 et
3288 3127 3390 3178 hoc
3435 3125 3510 3180 si-

1943 3210 2178 3280 gniﬁcet,
2205 3211 2342 3279 quod
2372 3211 2457 3265 ille
2483 3212 2534 3265 in
2565 3213 2789 3267 sindone
2814 3215 3010 3266 munda
3043 3213 3277 3267 involvat
3296 3213 3500 3280 Jesum,

1942 3300 2031 3368 qui
2053 3316 2182 3369 pura
2203 3315 2324 3354 eum
2346 3309 2524 3355 mente
2549 3303 2861 3370 susceperit.
2891 3302 3068 3374 (Rm)
3093 3303 3224 3358 Hinc
3255 3304 3506 3373 Ecclesia!

1945 3402 2062 3445 mos
2086 3389 2336 3454 obtinuit,
2369 3401 2427 3443 ut
2463 3390 2784 3444 sacriﬁcium
2833 3391 3019 3446 altaris
3061 3407 3164 3446 non
3213 3393 3263 3447 in
3310 3395 3504 3456 serico,

1941 3492 2112 3546 neque
2153 3479 2204 3532 in
2245 3495 2420 3549 panno
2449 3480 2634 3544 tincto,
2672 3481 2764 3534 sed
2799 3481 2850 3534 in
2893 3481 3001 3536 lino
3034 3490 3246 3536 terreno
3274 3483 3507 3537 celebre-

1942 3577 2048 3634 tur,
2077 3570 2215 3625 sient
2253 3586 2447 3639 corpus
2489 3583 2572 3626 est
2604 3571 2810 3625 Domini
2841 3572 2892 3625 in
2936 3566 3160 3627 sindone
3197 3573 3393 3627 munda
3424 3589 3508 3627 se-

1939 3659 2166 3729 pultum,
2203 3661 2355 3730 juxta
2398 3663 2538 3728 quod
2567 3661 2618 3714 in
2647 3661 2823 3715 Gestis
2856 3661 3252 3717 Pontiﬁcalibus
3289 3679 3319 3717 a
3349 3665 3508 3718 beato

1938 3765 2074 3818 papa
2104 3749 2376 3819 Sylvestro
2403 3751 2624 3820 legimus
2649 3765 2767 3804 esse
2795 3758 3072 3804 statutum.

2011 3839 2076 3891 Et
2117 3840 2287 3908 posuit
2335 3839 2466 3892 illud
2514 3841 2568 3892 in
2595 3850 2924 3893 monumento
2958 3857 3052 3893 suo
3080 3857 3229 3904 novo,
3255 3841 3391 3912 quod
3417 3859 3507 3896 ea:-

1937 3929 2133 3981 ciderat
2162 3930 2215 3980 in
2239 3939 2406 3997 petra,
2428 3939 2476 3981 et
2503 3929 2722 3982 advolvil
2745 3946 2929 3982 saxum
2956 3947 3197 4000 magnum
3223 3931 3294 3982 ad
3316 3932 3502 3986 ostium

1937 4018 2277 4082 monumenti,
2303 4029 2349 4070 et
2379 4018 2524 4071 abiit.
2553 4018 2606 4072 In
2637 4034 2776 4073 novo
2799 4021 3013 4088 ponitur
3043 4029 3403 4085 monumento,
3439 4036 3505 4075 ne

1934 4116 2055 4175 post
2076 4107 2519 4161 resurrectionem
2542 4109 2748 4162 caeteris
2770 4109 3081 4177 corporibus
3107 4111 3504 4164 remanentibus

1934 4199 2236 4252 surrexisse
2279 4196 2412 4250 alius
2454 4197 2761 4264 ﬁngeretur.
2804 4197 2983 4250 Potest
3025 4207 3200 4252 autem
3228 4205 3282 4250 et
3309 4213 3502 4257 novum

1936 4285 2235 4353 sepulcrum
2267 4283 2444 4338 Marias
2483 4285 2704 4354 virginis
2729 4294 2938 4338 uterum
2982 4285 3382 4350 demonstrare,
3420 4302 3504 4340 sa-

275 4375 426 4430 Nunc
447 4390 572 4444 ergo
591 4375 856 4446 quomodo
883 4374 1192 4457 intelligitur
1220 4377 1402 4429 eadem
1438 4377 1601 4430 Maria
1621 4377 1833 4447 Magda-
1857 4415 1909 4473 Ι)
1935 4394 2167 4448 xumque
2204 4379 2342 4432 ostio
2385 4378 2710 4447 appositum,
2756 4385 2809 4430 et
2847 4393 3036 4432 saxum
3084 4393 3332 4447 magnum
3375 4378 3502 4432 illud

276 4465 414 4528 lene,
457 4473 511 4516 et
539 4479 569 4516 a
610 4463 760 4531 longe
790 4463 1002 4516 stetisse
1045 4478 1164 4516 cum
1202 4464 1320 4517 aliis
1359 4465 1667 4520 mulieribus
1693 4467 1831 4520 sicut

275 4554 553 4608 Matthasus
592 4561 645 4606 et
681 4552 852 4606 Lucas
888 4554 1088 4617 dicunt,
1132 4563 1184 4606 et
1223 4556 1373 4624 juxta
1417 4570 1628 4610 crucem
1669 4556 1832 4612 fuisse

273 4645 413 4700 sicut
453 4642 685 4697 Joannes
725 4643 872 4706 dicit,
932 4645 1030 4696 nisi
1077 4646 1199 4712 quia
1257 4646 1309 4698 in
1356 4654 1502 4701 tanto
1553 4648 1831 4703 intervallo

270 4744 441 4800 erant,
469 4744 527 4787 ut
546 4732 765 4801 ctjuxta
795 4733 897 4788 dici
924 4743 1156 4802 possent,
1183 4737 1305 4804 quia
1334 4736 1389 4788 in
1409 4745 1692 4805 conspectu
1715 4737 1831 4804 ejus

270 4835 464 4896 praasto
491 4825 731 4885 aderant,
756 4831 811 4876 et
851 4838 880 4876 a
931 4823 1083 4891 longe
1113 4823 1165 4876 in
1203 4826 1596 4892 comparatione
1640 4827 1825 4889 turbae,
1875 4822 1880 4825 ’

270 4915 619 4986 propinquius
660 4915 1059 4968 circumstantis
1104 4917 1397 4968 centurioni
1428 4926 1482 4969 et
1529 4917 1826 4969 militibus?

269 5005 558 5060 Possumus
597 5004 756 5057 etiam
808 5004 1101 5073 intelligere
1153 5006 1292 5072 quod
1345 5005 1465 5070 ill-.e,
1511 5021 1629 5074 qua!
1671 5005 1827 5058 simul

268 5097 492 5150 aderant
517 5111 637 5149 cum
667 5094 834 5148 Matre
860 5095 1088 5158 Domini,
1121 5092 1399 5163 postquam
1425 5110 1540 5148 eam
1569 5093 1828 5164 discipulo

267 5183 678 5247 commendavit,
720 5184 866 5236 abire
900 5181 1012 5249 jam
1060 5191 1350 5251 eruperant,
1385 5190 1444 5234 ut
1491 5197 1520 5234 a
1565 5182 1827 5236 densitate

268 5275 439 5329 turba:
466 5280 812 5335 seexuerent,
843 5283 897 5325 et
933 5281 1120 5326 caetera
1151 5289 1268 5340 qua:
1300 5272 1434 5326 facta
1470 5281 1594 5326 sunt
1621 5273 1828 5344 longius

266 5367 625 5428 intuerentur,
656 5372 715 5417 ut
741 5364 918 5418 caeteri
948 5365 1304 5430 evangelistm,
1335 5364 1423 5431 qni
1456 5373 1576 5432 post
1601 5374 1826 5418 mortem

264 5455 476 5513 Domini
523 5471 616 5510 eas
660 5464 1229 5516 commemoraverunt,
1275 5455 1385 5523 jam
1429 5455 1581 5523 longe
1625 5461 1827 5509 stantes

266 5551 766 5620 commemorarent.
793 5541 1044 5620 Sequitur
1065 5541 1373 5595 Mattluuns:

343 5619 526 5700 ΠΜ]
555 5629 685 5683 Cum
705 5648 816 5685 sero
858 5642 1027 5684 autem
1056 5631 1252 5699 factum
1283 5642 1429 5695 esset,
1455 5630 1583 5685 venit
1609 5631 1820 5700 quidam

1937 4470 2236 4533 ostendere,
2285 4469 2424 4538 quod
2445 4479 2549 4522 non
2583 4468 2783 4537 absque
2807 4467 3004 4522 auxilio
3030 4468 3375 4537 plurimorum
3402 4484 3500 4538 po-

1939 4561 2128 4614 tuisset
2170 4558 2471 4628 sepulcrum
2509 4559 2757 4612 reserari.
2796 4557 2870 4611 De
2908 4565 3250 4610 monumento
3293 4557 3497 4611 Domini

1938 4650 2115 4702 ferunt
2134 4651 2221 4717 qui
2247 4657 2427 4702 nostra
2451 4658 2607 4703 aetate
2631 4647 3014 4716 Hierosolymis
3044 4645 3211 4710 fuere,
3240 4647 3380 4716 quod
3405 4647 3501 4700 do-

1939 4757 2056 4794 mus
2111 4741 2269 4795 fuerit
2321 4741 2585 4803 rotunda,
2632 4741 2697 4794 de
2742 4739 3046 4807 subjacente
3094 4753 3221 4806 rupe
3280 4738 3494 4801 excisa,

1939 4840 2098 4885 tanta:
2125 4831 2436 4893 altitudinis,
2461 4839 2518 4882 ut
2544 4830 2687 4882 intus
2715 4830 3010 4883 consistens
3032 4829 3189 4880 homo
3222 4827 3301 4879 vix
3338 4843 3494 4880 manu

1933 4928 2146 4973 extenta
2176 4919 2384 4972 culmen
2432 4920 2599 4987 possit
2627 4920 2913 4987 attingere;
2960 4933 3078 4986 qua:
3120 4916 3278 4969 habet
3331 4915 3498 4969 intro-

1935 5007 2065 5060 itum
2090 5008 2158 5061 ab
2186 5008 2416 5070 oriente,
2447 5008 2530 5061 cui
2563 5007 2694 5075 lapis
2725 5007 2809 5060 ille
2840 5021 3058 5075 magnus
3093 5003 3374 5058 advolutus
3411 5012 3495 5057 at-

1932 5114 2038 5166 que
2067 5099 2346 5166 impositus
2379 5106 2491 5161 est;
2527 5098 2577 5150 in
2605 5096 2755 5164 cujus
2779 5095 3102 5149 monumenti
3125 5103 3274 5163 parte
3297 5093 3497 5162 aquilo-

1935 5185 2038 5237 nali
2065 5186 2365 5253 sepulcrum
2396 5186 2586 5254 ipsum,
2614 5185 2714 5237 hoc
2741 5194 2820 5235 est
2851 5184 2996 5237 locus
3024 5183 3279 5236 Dominici
3306 5196 3496 5250 corpo-

1934 5276 2008 5328 ris
2029 5275 2094 5327 de
2119 5276 2303 5328 eadem
2331 5283 2477 5343 petra
2508 5272 2681 5326 factus
2713 5283 2818 5329 est.
2846 5280 3044 5341 septem
3089 5272 3289 5325 habens
3332 5273 3493 5340 pedes

1928 5364 2293 5434 longitudinis,
2326 5363 2484 5416 trium
2521 5377 2649 5416 vero
2682 5363 2974 5430 p‘altuarum
3014 5378 3260 5414 mensura
3294 5372 3491 5416 etetero

1929 5455 2234 5523 pavimento
2255 5452 2412 5505 altius
2433 5453 2692 5505 eminens.
2722 5452 2818 5516 Qui
2844 5451 3083 5505 videlicet
3112 5452 3258 5506 locus
3278 5465 3380 5504 non
3399 5452 3492 5504 de-

1929 5558 2108 5612 super,
2133 5542 2223 5596 sed
2240 5558 2268 5594 a
2292 5541 2460 5594 latere
2483 5541 2778 5594 meridiano
2794 5555 2888 5609 per
2909 5549 3074 5593 totum
3097 5539 3328 5608 patulus,
3351 5536 3488 5592 unde

1930 5649 2121 5704 cmpus
2149 5632 2494 5688 inferebatur.
2524 5631 2680 5687 Color
2701 5640 2876 5686 autem
2898 5629 3135 5700 ejusdem
3162 5627 3486 5685 monumenti
