3922 6356
436 329 571 388 ΗΠ

1059 321 1119 374 Β.
1161 316 1410 373 RABANI
1449 314 1665 371 MAURI
1703 313 2016 374 ARCHIEP.
2061 312 2368 370 MOGUNT.
2409 313 2693 394 OPERUM
2732 314 2908 370 PARS
2945 317 2986 370 ι.

3489 322 3681 395 uiis

419 459 481 502 ac
517 440 674 497 loculi
705 437 999 493 rubicundo
1045 443 1101 490 et
1140 433 1262 488 albo
1291 433 1486 488 dicitur
1518 447 1637 487 esse
1665 430 1973 500 permistus.
2005 431 2055 492 Α
2081 427 2245 481 tribus
2290 427 2466 482 diebus
2503 438 2550 483 et
2589 429 2755 483 tribus
2796 431 3030 485 noctibus
3078 430 3289 502 (Matth.
3325 434 3446 504 xu).
3481 434 3684 494 Restat

487 531 612 585 Erat
642 537 813 581 autem
839 526 908 579 ibi
940 525 1111 577 Maria
1144 522 1452 592 Magdalene
1472 560 1485 581 ,
1528 529 1575 573 et
1603 519 1769 572 altera
1801 518 1982 572 Maria

411 620 640 676 sedentes
660 618 818 688 juxta
842 615 1154 685 sepulcrum.
1184 613 1240 666 In
1274 613 1415 664 Luca
1445 610 1670 677 legimus
1711 600 1837 678 quia
1867 617 1978 663 sta-

411 714 542 768 bant
563 724 753 765 omnes
777 708 887 763 noti
909 705 1024 773 ejus
1045 721 1072 757 a
1099 705 1272 775 longe,
1296 710 1352 755 et
1373 701 1622 755 mulieres
1644 716 1762 771 quae
1782 709 1979 755 secuta:

410 809 564 859 erant
593 815 715 856 eum
744 797 892 871 (Luc.
916 786 1093 864 mu).
1124 792 1219 847 His
1245 808 1374 862 ergo
1409 791 1551 847 netis
1577 791 1704 847 Iesu
1733 799 1854 860 post
1881 791 1978 845 de-

409 891 642 963 positum
665 887 780 956 ejus
803 899 993 954 corpus
1017 884 1086 938 ad
1109 899 1204 937 sua
1228 882 1609 947 remeantibus,
1640 881 1767 936 sola:
1795 881 1980 934 mulie-

413 998 501 1036 res
526 995 643 1049 qua:
671 978 867 1032 arctius
893 974 1146 1028 amabant
1170 973 1329 1029 funus
1352 975 1677 1036 subsecutae,
1713 972 1980 1042 quomodo

411 1078 704 1141 poneretur
730 1067 993 1135 inspicere
1014 1065 1294 1127 curabant,
1321 1075 1379 1118 ut
1408 1064 1456 1118 ei
1479 1073 1718 1132 tempore
1741 1079 1980 1133 congruo

414 1173 605 1214 munus
628 1165 847 1227 possent
872 1155 1168 1210 devotionis
1189 1152 1404 1209 offerre.
1431 1153 1792 1208 Persevera’nt
1820 1155 1874 1206 in
1900 1151 1982 1207 of-

412 1246 532 1300 ﬁcio
556 1250 929 1313 exspectantes
955 1239 1097 1308 quod
1123 1239 1442 1307 promiserat
1470 1237 1600 1302 suis,
1629 1245 1685 1292 et
1716 1237 1836 1292 ideo
1871 1251 1984 1291 tne-

413 1345 636 1390 ruerunt
658 1334 843 1404 prima:
869 1331 1048 1385 videre
1081 1330 1546 1386 resurrectionem.
1581 1329 1687 1384 Sed
1721 1338 1777 1383 et
1798 1329 1984 1383 hacte-

413 1442 515 1481 nus
543 1431 740 1480 sanctze
768 1422 1019 1476 mulieres
1051 1422 1137 1476 die
1161 1421 1507 1485 Parasceves,
1537 1421 1589 1475 id
1613 1429 1696 1474 est
1715 1436 1985 1490 praepara-

418 1516 597 1581 tionis,
625 1515 763 1569 idem
795 1513 1017 1576 faciunt,
1043 1528 1165 1569 cum
1190 1514 1382 1568 animae
1409 1513 1640 1568 humiles
1658 1522 1840 1581 etquo
1871 1528 1983 1567 ma-

409 1606 548 1676 joris
578 1603 677 1658 sibi
707 1603 935 1658 consciae
983 1601 1314 1673 fragilitatis,
1344 1618 1410 1656 eo
1453 1601 1640 1670 majori
1688 1602 1983 1657 Salvatoris

417 1709 600 1750 amore
627 1693 910 1757 ferventes,
943 1694 1205 1762 passionis
1245 1691 1360 1761 ejus
1398 1693 1635 1763 vestigiis
1662 1695 1714 1747 in
1753 1695 1854 1748 hoc
1888 1708 1985 1749 ste-

2036 546 2041 551 -
2079 533 2206 587 ergo
2227 515 2386 570 utillo
2410 517 2808 586 Scripturarum
2833 520 3180 574 usitatissimo
3202 521 3453 589 loquendi
3482 525 3680 593 modo,

2078 621 2185 674 quo
2234 623 2264 661 a
2309 618 2463 678 parte
2513 615 2679 662 totum
2721 608 3067 679 intelligitur,
3118 611 3453 665 inveniamus
3483 621 3681 668 extro-

2081 714 2226 752 mum
2279 699 2419 754 diem
2463 707 2672 768 tempus
2711 713 3058 766 parasceves,
3101 715 3204 768 quo
3243 701 3539 757 cruciﬁxus
3583 712 3678 758 est

2079 797 2133 843 et
2169 788 2426 860 sepultus,
2455 798 2511 844 et
2551 805 2618 843 ex
2674 789 2786 858 ipsa
2825 799 3067 846 extrema
3110 803 3261 861 parte
3313 801 3483 847 totum
3523 795 3676 850 diem

2080 889 2199 929 cum
2229 891 2327 930 sua
2355 886 2532 941 nocte,
2555 878 2645 946 qui
2668 875 2783 945 jam,
2809 887 3060 945 peractus
3086 879 3281 944 fuerat,
3311 881 3671 950 accipiamus.

2081 966 2308 1020 Medium
2336 983 2482 1032 vero,
2529 968 2579 1023 id
2607 977 2692 1022 est
2727 969 2940 1023 sabbati
2969 969 3128 1033 diem,
3168 987 3273 1028 non
3302 987 3335 1024 a
3371 982 3546 1041 parte,
3576 975 3675 1027 sed

2081 1056 2286 1124 integre
2315 1065 2505 1124 totum.
2544 1050 2783 1113 Tertium
2813 1073 3000 1113 rursus
3022 1074 3052 1114 a
3081 1070 3234 1129 parte
3263 1075 3360 1116 sua
3386 1062 3587 1131 prima,
3618 1062 3673 1115 id

2080 1155 2182 1210 est,
2210 1161 2242 1199 a
2268 1155 2424 1201 nocte
2455 1155 2622 1202 totum
2659 1163 2780 1205 cum
2817 1164 2915 1204 suo
2957 1149 3146 1204 diurno
3169 1157 3410 1220 tempore
3445 1170 3456 1204 :
3486 1161 3548 1205 et
3590 1152 3674 1206 sic

2082 1236 2320 1291 triduum
2350 1239 2472 1292 erit.

2150 1325 2286 1381 lube
2313 1345 2432 1398 ergo
2461 1330 2710 1384 custodiri
2745 1331 3040 1404 sepulcrum
3087 1348 3248 1402 usque
3286 1335 3343 1388 in
3383 1336 3521 1389 diem
3563 1342 3672 1390 ter-

2082 1419 2232 1480 tium,
2261 1434 2324 1472 ne
2359 1419 2493 1488 forte
2519 1422 2728 1475 ueniant
2753 1421 2993 1492 discipuli
3020 1424 3158 1493 ejus,
3183 1431 3232 1478 et
3255 1424 3500 1493 [urentur
3521 1441 3668 1490 eum,

2083 1516 2133 1561 et
2160 1507 2335 1562 dicant
2369 1506 2500 1578 plebi
2537 1523 2554 1560 :
2586 1507 2825 1564 Surrexit
2864 1529 2895 1564 a
2927 1512 3178 1577 mortuis;
3222 1522 3271 1566 et
3311 1514 3410 1567 erit
3448 1513 3674 1568 novissi-

2054 1594 2199 1650 ~mus
2237 1613 2384 1651 error
2413 1599 2567 1669 pejor
2602 1601 2796 1669 priore.
2842 1600 3122 1671 Principes
3163 1616 3297 1672 ergo
3323 1604 3672 1658 sacerdotum

2085 1695 2140 1741 et
2160 1687 2418 1742 Pharisaei
2451 1705 2570 1743 cum
2602 1690 2906 1745 senioribus
2927 1689 3254 1757 Iudaeorum,
3287 1692 3413 1746 licet
3441 1693 3675 1746 immen-

417 1786 558 1849 culo,
602 1799 709 1855 quo
750 1785 978 1853 requies
1005 1793 1086 1838 est
1130 1783 1720 1854 przeparanda,~futura
1757 1785 1984 1855 diligen-
2014 1766 2060 1825 Β
2087 1791 2204 1834 sum
2247 1778 2454 1835 facinus
2498 1781 2551 1834 in
2593 1795 2723 1835 nece
2759 1779 2970 1834 Domini
3010 1781 3458 1850 perpetraveriut,
3491 1790 3672 1834 tamen

416 1886 499 1930 ter
519 1877 907 1945 obsequuntur,
930 1883 983 1929 et
1009 1875 1054 1930 si
1079 1874 1215 1928 forte
1236 1870 1447 1937 valeant
1471 1874 1668 1928 imitari
1691 1877 1779 1944 pia
1802 1876 1986 1930 curio-

417 1967 575 2021 sitate
601 1981 705 2035 quo
732 1965 918 2021 ordire
949 1965 1018 2019 sit
1051 1965 1236 2020 eadem
1269 1966 1446 2035 passio
1476 1964 1736 2034 completa
1761 1981 1989 2037 perpen-

418 2055 569 2109 dunt.
1943 2057 1946 2059 λ

480 2141 658 2196 Altera
686 2152 856 2197 autem
884 2142 968 2195 die
1005 2158 1121 2212 quae
1158 2150 1233 2196 est
1285 2152 1398 2212 post
1435 2137 1776 2196 Parasceven.
1819 2142 1987 2196 Para-

415 2246 573 2287 sceve
612 2247 759 2298 vero,
788 2243 846 2286 ut
886 2232 1137 2294 diximus,
1166 2231 1351 2286 Graece
1378 2239 1433 2286 et
1459 2231 1648 2286 Latine
1669 2241 1986 2302 prceparatto

415 2321 632 2376 dicitur.
661 2321 777 2387 Quo
806 2321 1019 2374 nomine
1042 2320 1209 2375 Judaei
1249 2321 1339 2389 qui
1390 2322 1532 2376 inter
1563 2319 1780 2377 Gnecos
1809 2337 1988 2376 mora-

418 2411 633 2476 bantur,
662 2420 867 2465 sextam
897 2410 1102 2464 sabbati
1133 2410 1494 2480 appellabant,
1522 2427 1586 2466 eo
1625 2413 1767 2481 quod
1806 2412 1858 2466 in
1894 2412 1986 2468 illo

417 2514 485 2554 ea
526 2515 644 2569 quae
687 2500 884 2569 requiei
925 2500 1133 2554 sabbati
1177 2503 1480 2556 necessaria
1525 2511 1738 2569 essent,
1779 2519 1986 2573 prcha-

427 2605 549 2645 rare
574 2590 831 2657 solerent,
866 2589 1020 2659 juxta
1059 2593 1160 2646 hoc
1195 2593 1334 2660 quod
1375 2593 1440 2646 de
1482 2607 1678 2647 manna
1715 2594 1985 2662 quondam

417 2689 746 2750 praeceptum
772 2688 884 2747 est,
932 2682 1092 2736 Sexta
1129 2692 1303 2736 autem
1342 2684 1426 2737 die
1452 2682 1704 2754 colligetis
1744 2684 1983 2754 duplum,

415 2780 521 2825 etc.
574 2771 768 2841 (Exod.
822 2771 966 2842 xvi).
1017 2772 1151 2839 Quia
1200 2789 1330 2843 ergo
1369 2783 1520 2828 sexta
1568 2775 1654 2828 die
1691 2772 1854 2829 homo
1899 2773 1985 2829 fa-

421 2871 564 2928 ctus,
612 2871 665 2917 et
711 2871 822 2917 tota
862 2872 945 2920 est
972 2864 1156 2918 mundi
1178 2873 1424 2919 creatura
1451 2864 1712 2935 perfecta,
1758 2867 1984 2935 septima

419 2959 596 3006 autem
626 2953 871 3008 conditor
894 2954 962 3008 ab
991 2968 1153 3023 opere
1177 2953 1583 3022 suorequicvit,
1607 2956 1748 3010 unde
1763 2959 1826 3010 ‘et
1849 2956 1987 3010 hanc

418 3039 713 3106 sabbatum,
738 3041 790 3096 id
818 3047 899 3096 est
925 3043 1185 3110 requiem,
1210 3042 1376 3097 voluit
1397 3043 1676 3113 appellari,
1703 3054 1847 3099 recte
1870 3033 1987 3098 Sal;

2087 1889 2195 1927 non
2215 1871 2414 1928 sufficit
2435 1871 2533 1934 eis,
2557 1857 2661 1924 nisi
2689 1869 2849 1923 etiam
2871 1878 2991 1937 post
3012 1878 3240 1922 mortem
3259 1869 3375 1938 ejus
3397 1869 3675 1936 cencepta:

2086 1963 2338 2032 nequitiae
2358 1962 2507 2014 virus
2526 1960 2579 2013 in
2602 1959 2783 2029 pravis
2802 1957 3042 2012 consiliis
3069 1968 3122 2012 et
3143 1957 3331 2012 fraude
3359 1963 3672 2026 exerceant,

2089 2060 2146 2107 et
2167 2051 2447 2105 venenatis
2473 2049 2669 2121 linguis
2699 2047 2894 2102 famam
2933 2046 3050 2114 ejus
3079 2047 3340 2112 iacerem,
3383 2062 3547 2115 quem
3590 2046 3672 2100 in-

2101 2149 2381 2197 nocentem
2405 2139 2662 2194 sciebant.
2689 2137 3034 2192 Seduetorem
3058 2152 3180 2191 cum
3201 2144 3416 2198 vocant,
3442 2134 3676 2203 discipu-

2087 2233 2173 2287 los
2201 2214 2471 2301 ejusfurti
2491 2236 2744 2298 arguunt,
2763 2234 2820 2280 et
2845 2227 2987 2296 quod
3021 2227 3122 2295 ipsi
3160 2234 3337 2289 erant,
3358 2227 3425 2280 de
3444 2225 3568 2279 aliis
3590 2239 3676 2278 su-

2088 2325 2386 2395 spicantur.
2415 2320 2638 2391 Mystice
2663 2327 2840 2374 autem
2866 2319 3003 2372 sicut
3019 2319 3249 2386 Caiphas
3270 2319 3527 2388 ignorans
3550 2325 3674 2370 ante

2083 2413 2509 2486 prophetizabat,
2540 2412 2725 2466 dicens
2755 2427 2768 2462 :
2801 2408 3026 2479 Expedit
3049 2425 3209 2462 unum
3237 2409 3501 2460 hominem
3541 2405 3676 2458 mori

2083 2521 2178 2575 pro
2208 2502 2422 2575 populo,
2448 2511 2503 2556 ut
2529 2519 2629 2556 non
2650 2510 2758 2554 tota
2779 2513 2907 2571 gens
2919 2511 3116 2569 pereat,
3146 2500 3284 2552 sicut
3309 2498 3471 2552 modo
3495 2497 3547 2550 in
3574 2512 3669 2552 uo-

2085 2595 2232 2650 mine
2253 2594 2617 2662 seductorem,
2640 2589 2863 2644 et‘furto
2887 2588 3290 2657 discipulorum,
3323 2587 3464 2641 idem
3493 2600 3670 2641 sacer-

2087 2689 2264 2744 dotes’
2301 2692 2375 2748 et
2414 2683 2672 2740 Pharisaei
2723 2694 2910 2736 verum
2961 2679 3341 2734 vaticinantur.
3403 2678 3673 2733 Seductor

2084 2780 2228 2834 enim
2265 2785 2384 2843 erat
2419 2776 2689 2839 Christus,
2722 2788 2830 2828 non
2870 2779 2932 2828 ut
2979 2771 3056 2827 illi
3094 2770 3426 2826 arbitrantur
3461 2786 3494 2823 α
3533 2769 3675 2826 veri-

2087 2880 2198 2926 tate
2233 2871 2287 2924 in
2329 2878 2569 2924 errorem
2606 2867 2847 2932 mittens,
2887 2866 2982 2920 sed
3024 2880 3054 2919 a
3094 2865 3326 2918 falsitate
3365 2865 3434 2918 ad
3472 2864 3674 2920 verita-

2085 2968 2217 3023 tem,
2268 2957 2336 3012 ab
2380 2955 2697 3012 inﬁdelitate
2742 2955 2814 3009 ad
2858 2953 3046 3018 ﬁdem,
3077 2969 3108 3007 a
3153 2954 3300 3007 vitiis
3327 2955 3394 3007 ad
3444 2953 3670 3008 virtutes

2088 3043 2306 3106 monitis
2332 3050 2640 3112 trabens,et
2662 3063 2692 3100 a
2713 3055 2884 3100 morte
2898 3044 2999 3100 sibi
3023 3045 3384 3114 obsequentes
3412 3045 3481 3098 ad
3508 3045 3671 3098 vitam

422 3137 575 3182 valor
601 3131 787 3205 eadem
817 3139 965 3185 sexta
995 3132 1080 3185 die
1104 3131 1410 3195 crucifixus,
1446 3133 1690 3195 humanae
1717 3143 1987 3188 restaura-
2012 3114 2057 3182 (Ἰ
2089 3141 2313 3195 ducens;
2345 3137 2482 3205 Quia
2510 3136 2649 3191 sicut
2677 3134 2919 3190 diabolus
2947 3134 3214 3188 mediator
3236 3132 3413 3187 estad
3442 3141 3669 3187 mortem

422 3218 583 3272 tionis
605 3202 839 3287 implevit
861 3220 1138 3274 arcanum.
1164 3219 1391 3290 Ideoque
1412 3236 1532 3276 cum
1555 3223 1849 3292 accepisset
1871 3238 1991 3278 ace-

424 3314 554 3371 tum,
585 3307 718 3361 dixit
748 3307 1208 3373 _:Consummatum
1244 3319 1338 3376 est,
1382 3311 1484 3366 hoc
1510 3311 1615 3379 est,
1656 3321 1822 3369 sexta:
1864 3315 1988 3378 diei,

423 3395 564 3465 quod
593 3411 691 3465 pro
723 3399 908 3452 mundi
953 3397 1248 3456 refectione
1269 3404 1500 3472 suscepi,
1541 3403 1654 3472 jam
1701 3413 1874 3462 totum
1909 3415 1994 3461 est

422 3501 557 3556 opus
583 3487 1142 3557 expletum..Sabbato
1177 3498 1353 3546 autem
1394 3491 1449 3545 in
1488 3493 1733 3563 sepulcro
1783 3486 1992 3565 requie-

424 3590 578 3629 scens
606 3577 1033 3641 resurrectionis,
1055 3593 1174 3646 quae
1188 3586 1377 3633 octava
1400 3581 1485 3634 die
1507 3580 1729 3635 ventura
1745 3591 1882 3648 erat,
1907 3598 1994 3636 ex-

422 3664 698 3734 spectabat
739 3674 1009 3720 eventum.
1038 3665 1137 3721 Ubi
1167 3675 1368 3723 nostra:
1404 3669 1563 3724 simul
1591 3670 1892 3728 devdtionis
1928 3688 1993 3727 ac

424 3752 593 3808 beatae
634 3754 1002 3810 retributionis
1049 3756 1304 3824 praelucet
1344 3759 1680 3829 exemplum,
1741 3776 1878 3831 quos
1937 3763 1992 3816 in

421 3844 527 3901 bac
561 3846 774 3916 quidem
802 3849 950 3902 sexta
986 3848 1164 3902 saeculi
1200 3857 1357 3904 aetate
1390 3865 1490 3918 pro
1521 3835 1748 3907 Domino
1774 3855 1908 3922 pati,
1937 3862 1993 3907 et

427 3934 569 3989 velut
607 3937 802 3990 mundo
833 3951 1050 3991 necesse
1078 3942 1160 3992 est
1210 3936 1470 4009 cruciﬁgi.
1501 3940 1557 3994 In
1598 3943 1822 4012 septima
1866 3933 1994 3997 vero

425 4031 600 4087 relate,
633 4025 685 4077 id
710 4032 810 4089 est,
848 4041 966 4079 cum
995 4026 1120 4080 letbi
1150 4027 1270 4096 quis
1296 4028 1529 4084 debitum
1559 4031 1739 4097 solvit,
1767 4047 1992 4103 corpora

423 4115 639 4183 quidem
685 4116 740 4169 in
779 4117 1015 4180 tumulis,
1060 4118 1267 4171 animas
1300 4127 1478 4173 autem
1520 4130 1727 4176 secreta
1767 4122 1822 4175 in
1863 4109 1992 4192 pace

425 4221 548 4260 cum
588 4204 815 4260 Domino
863 4222 1100 4262 manere.
1135 4209 1202 4262 Et
1237 4217 1358 4278 post
1397 4211 1533 4265 bona
1575 4213 1786 4282 oportet
1829 4227 1992 4282 opera

419 4295 725 4364 quiescere,
748 4295 915 4349 donec
935 4305 1120 4350 octava
1141 4298 1354 4352 tandem
1375 4300 1616 4354 veniente
1636 4292 1812 4367 aetate,
1831 4303 2001 4356 etiam

421 4399 650 4454 corpora
683 4383 795 4453 ipsa
823 4386 1215 4440 resurrectione
1241 4385 1533 4457 glorificata
1564 4404 1685 4444 cum
1711 4390 1992 4445 animabus

422 4476 584 4531 simul
617 4476 1069 4544 incorruptionem
1096 4486 1312 4532 aeternae
1349 4477 1678 4555 hmreditatis
1703 4482 1987 4550 accipiant.

430 4564 582 4620 Unde
618 4564 841 4633 pulchre
878 4563 1102 4634 septima
1126 4564 1240 4619 dies
1280 4565 1333 4618 in
1358 4562 1549 4620 Genesi
1578 4577 1857 4636 vesperam
1889 4569 1988 4622 ba-

428 4653 609 4709 buisse
646 4667 752 4705 non
776 4651 987 4721 legitur.
1018 4653 1152 4718 Quia
1180 4655 1390 4722 requies
1426 4641 1724 4710 animarum
1754 4671 1874 4727 quae
1902 4645 1992 4713 illo

433 4743 485 4796 in
502 4741 695 4796 saeculo
715 4756 856 4795 nunc
877 4749 959 4796 est
977 4735 1082 4796 non
1105 4742 1213 4796 ullo
1234 4727 1596 4800 consumenda
1615 4761 1868 4811 maerore,
1897 4749 1990 4803 sed

430 4831 670 4900 pleniore
701 4832 894 4902 gaudio
910 4830 1102 4887 futurae
1123 4841 1206 4888 est
1230 4836 1636 4891 resurrectionis
1656 4820 1989 4909 adaugenda.

503 4919 857 4977 convenerunt
901 4924 1157 4994 principes
1185 4925 1511 4979 sacerdotum
1548 4935 1597 4982 et
1636 4924 1897 4982 Νεανίεωί
1923 4929 1992 4982 ad

436 5006 670 5064 Pilatum
684 5010 908 5065 dicentes
931 5025 949 5061 :
976 5011 1216 5078 Domine,
1244 5015 1503 5068 recordati
1531 5021 1734 5081 sumus,
1758 5020 1883 5087 quia
1903 5023 1993 5074 .‘se-

430 5099 621 5155 ductor
645 5099 732 5153 ille
745 5099 878 5153 dixit
899 5101 1068 5155 adhuc
1085 5103 1253 5156 vivens
1267 5116 1285 5153 :
1303 5101 1429 5157 Post
1451 5112 1553 5159 tres
1574 5106 1685 5160 dies
1707 5122 1992 5178 resurgam,

434 5188 610 5258 ipsum
640 5198 818 5244 autem
846 5189 1104 5256 triduum,
1146 5207 1252 5260 quo
1290 5188 1546 5250 Dominus
1573 5205 1815 5252 mortuus
1838 5203 2001 5254 estet

438 5279 752 5345 resurrexit,
782 5279 885 5334 nisi
925 5281 1032 5340 ista
1049 5276 1300 5357 loquendi
1344 5285 1521 5350 modo,
1552 5300 1659 5357 quo
1684 5301 1714 5340 a
1738 5293 1890 5359 parte
1920 5298 2001 5360 to-

439 5377 551 5422 tum
570 5365 675 5424 dici
697 5368 852 5434 solet,
884 5377 1030 5439 recte
1061 5369 1280 5440 intelligi
1312 5388 1414 5428 non
1439 5383 1636 5450 potest.
1665 5376 1783 5447 Ipse
1806 5378 2002 5449 quippe

439 5456 513 5511 ait
541 5474 554 5510 :
588 5455 736 5513 Sicut
758 5459 893 5513 enim
914 5456 1082 5514 Jonas
1104 5456 1206 5530 fuit
1231 5460 1285 5515 in
1313 5475 1484 5519 ventre
1505 5468 1618 5534 ceti.
1635 5466 1798 5524 tribus
1818 5462 1999 5524 diebus

443 5555 493 5600 ct
507 5547 667 5604 tribus
680 5548 932 5614 noctibus,
948 5549 1021 5604 sic
1032 5550 1128 5604 erit
1139 5560 1187 5604 et
1202 5547 1372 5607 Filius
1382 5540 1669 5610 [taminiam
1681 5558 1835 5622 corde
1851 5567 2004 5616 terra:

2059 3267 2065 3271 —
2091 3233 2334 3288 homines
2362 3228 2686 3292 seducendo,
2717 3227 2789 3280 ita
2816 3234 2872 3281 et
2899 3225 3144 3280 Christus
3175 3224 3441 3279 mediator
3481 3230 3568 3276 est
3606 3222 3669 3276 ad

2089 3325 2281 3389 vitam,
2305 3322 2560 3376 mundum
2589 3319 2697 3373 Deo
2726 3316 3138 3372 reconciliando.
3169 3313 3423 3382 Discipuli
3458 3327 3668 3381 quoque

2092 3394 2392 3468 Salvatoris‘
2427 3409 2572 3463 iures
2609 3405 2960 3478 spiritualiter
3007 3412 3184 3469 erant,
3232 3419 3340 3457 non
3389 3401 3537 3471 quad
3577 3414 3670 3470 per

2091 3505 2338 3559 fraudem.
2360 3495 2538 3568 aliqua
2572 3513 2600 3552 a
2627 3494 2787 3568 justis
2818 3493 3217 3564 possessoribus
3250 3491 3546 3554 auferrent,
3575 3489 3666 3543 sed

2091 3595 2216 3664 quia
2257 3607 2287 3645 a
2329 3588 2791 3658 contemptoribus
2817 3593 2871 3640 et
2909 3584 3130 3653 ingratis
3150 3598 3214 3637 ea
3243 3597 3362 3650 quas
3388 3576 3491 3636 sibi
3523 3597 3554 3633 a
3582 3580 3666 3648 pio

2091 3683 2556 3744 conditoreoblata
2583 3679 2794 3744 fuerant
2812 3677 3143 3748 accipienda,
3160 3683 3213 3730 et
3231 3675 3447 3737 utenda,
3468 3674 3662 3741 scripta

2090 3778 2341 3833 videlicet
2383 3773 2516 3828 Novi
2543 3779 2597 3826 et
2638 3769 2846 3824 Veteris
2893 3764 3245 3829 Testamenti,
3287 3772 3410 3818 cum
3460 3763 3561 3831 ipsi
3602 3777 3660 3817 ea

2092 3871 2428 3935 spernerent,
2458 3875 2556 3931 per
2572 3860 2775 3928 justum
2806 3855 3065 3924 judicium
3095 3853 3293 3919 ablata,
3323 3853 3374 3905 in
3404 3862 3536 3906 usus
3555 3851 3661 3904 Ec-

2093 3959 2270 4013 clesitc
2289 3953 2658 4014 conferebant,
2683 3957 2739 4003 ct
2777 3947 3107 4002 Salvatorem
3131 3945 3219 4013 qui
3245 3943 3324 3998 eis
3349 3943 3656 4012 promissus,

2093 4064 2148 4106 et
2174 4051 2370 4104 missus
2402 4047 2596 4107 fuerat,
2627 4042 2731 4096 illis
2757 4050 2911 4096 nocte
2939 4037 3382 4103 darmitantibus,
3429 4039 3531 4092 hoc
3563 4045 3654 4099 est,

2093 4117 2404 4198 inﬁdelitate
2427 4135 2760 4206 torpentibus
2779 4174 2792 4197 ,
2821 4132 3172 4195 abstulerant,
3198 4139 3253 4185 et
3278 4129 3529 4201 gentibus
3552 4140 3657 4182 cre-

2093 4230 2326 4291 dendum
2353 4225 2655 4283 tradebant.
2693 4222 2841 4278 Unde
2859 4230 2912 4276 et
2937 4221 3050 4290 ipse
3077 4219 3322 4274 Salvator
3349 4219 3401 4271 in
3422 4217 3656 4287 Evange-

2094 4320 2166 4375 lio
2193 4308 2389 4373 Iudaeis
2424 4315 2499 4368 ait
2527 4333 2539 4366 :
2572 4311 2849 4380 Auferetur
2876 4327 2908 4362 a
2939 4309 3077 4373 vobis
3116 4324 3325 4379 regnum
3357 4307 3545 4370 Βάκι
3568 4307 3656 4359 da-

2095 4409 2233 4462 bitur
2254 4407 2391 4476 genti
2417 4403 2628 4473 facienti
2651 4402 2850 4471 [ructus
2867 4400 2978 4468 ejus
3001 4396 3214 4468 (Matth.
3238 4394 3374 4459 xxI).
3401 4395 3469 4447 Et
3489 4395 3652 4479 inAc-

2095 4501 2238 4554 tibus
2265 4496 2625 4567 apostolorum
2651 4491 2845 4546 Paulus
2869 4499 2924 4544 et
2951 4488 3225 4542 Barnabas
3254 4486 3453 4542 Iudaeis
3489 4486 3649 4543 rebel-

2095 4586 2330 4641 lantibus
2361 4592 2418 4638 et
2459 4578 2949 4637 contradicentibus
2987 4574 3274 4644 Evangelia
3319 4574 3546 4638 Christi,
3581 4570 3653 4629 di-

2096 4681 2292 4728 xerunt
2319 4692 2332 4726 :
2371 4652 2521 4724 Vobis
2547 4668 2806 4740 oportebat
2833 4667 3053 4736 recipere
3067 4665 3270 4719 verbum
3293 4664 3410 4730 Dei,
3432 4665 3522 4718 sed
3541 4663 3650 4734 quis

2097 4759 2353 4822 uoluistis,
2389 4769 2437 4812 et
2469 4758 2710 4828 indignos
2742 4771 2827 4809 vos
2853 4754 3132 4825 judicastis
3153 4751 3360 4808 (sternte
3385 4754 3517 4820 vim,
3546 4769 3650 4808 eccs

2098 4848 2443 4901 convertimur
2488 4844 2578 4903 ad,
2591 4854 2764 4914 gentes
2794 4843 2928 4910 (Act.
2964 4841 3105 4914 xm).
3138 4839 3296 4921 Pejor
3339 4843 3533 4911 quippe
3557 4841 3650 4896 erit

2098 4951 2254 4991 error
2288 4935 2628 4999 novissimus,
2660 4935 2950 4989 secundum
2978 4934 3294 4988 sententiam
3331 4931 3644 4998 Iudaeorum,

2096 5038 2279 5078 errore
2304 5024 2504 5093 priore,
2533 5020 2656 5090 Quia
2680 5037 2805 5077 vere
2837 5021 2941 5076 illis
2975 5020 3126 5090 pejor
3157 5021 3446 5076 inﬁdelitas
3484 5037 3647 5078 resur-

2097 5114 2352 5170 rectionis
2381 5126 2540 5184 quam
2569 5112 2858 5168 crudelitas
2897 5113 3099 5176 crucis,
3147 5111 3297 5186 pejor
3320 5120 3644 5183 contemptus

2097 5203 2425 5278 penitentiat
2459 5214 2619 5274 quam
2662 5217 2816 5258 error
2853 5202 3162 5271 ignorantia:
3188 5214 3236 5254 α.
3329 5243 3344 5257 .
3432 5243 3447 5256 .
3539 5240 3552 5255 .
3623 5241 3638 5258 .

2106 5421 2264 5544 iunge
2285 5421 2370 5528 est
2390 5473 2629 5537 Galilaaa,
2658 5481 2717 5526 ut
2745 5486 2849 5526 uno
2873 5473 2956 5525 die
2981 5470 3048 5524 ab
3070 5470 3148 5525 eis
3172 5471 3416 5552 ﬁ‘utroque
3440 5474 3556 5529 loco
3571 5471 3639 5526 vi-

2108 5561 2221 5626 deri
2245 5577 2351 5618 non
2392 5568 2606 5633 posset,
2638 5568 2693 5617 et
2730 5558 2898 5616 Lucas
2919 5567 2973 5614 et
2996 5557 3224 5616 Joannes
3255 5560 3390 5617 satis
3429 5558 3641 5618 dilucide

567 5656 664 5714 llic
684 5655 875 5715 desunt
899 5655 1100 5731 aliquot
1130 5660 1275 5728 folia,
1303 5677 1420 5740 quze
1454 5657 1613 5720 ctiam
1643 5667 1712 5722 ob
1755 5668 1981 5726 militum
2019 5673 2366 5744 petulantiam
2396 5674 2690 5745 perierunt.
2714 5672 2919 5730 Epiron
2949 5671 3298 5745 Coeo-mmsis
