3922 6324
263 305 395 390 m9

1165 310 1508 369 comem.
1545 312 1611 372 IN
1648 312 2071 373 ΜΑΤἸῊᾸΞΗΜ.
2114 283 2190 359 -’
2215 318 2342 374 LIB.
2381 317 2505 372 vnt.

3318 326 3452 384 H50

255 424 617 489 manifestam,
643 423 756 493 ipso
780 423 864 479 die
899 425 1301 480 resurrectionis
1325 416 1439 494 ejus
1475 428 1645 480 visum
1677 443 1795 482 esse
1822 436 1869 492 Α
1897 431 2056 484 etiam
2087 432 2404 500 tangendum
2435 433 2770 500 postmodum
2812 413 3066 498 ostendit,
3128 438 3219 491 sed
3259 452 3453 493 secun-

254 510 536 568 Doniinum
567 513 621 566 in
642 509 952 567 Jerusalem.
983 512 1218 566 Primum
1247 530 1276 566 a
1305 514 1465 568 Maria
1494 514 1800 584 Magdalene

251 603 319 655 ad
351 609 772 665 monumentum,
808 603 1017 670 quando
1049 605 1097 656 ei
1123 587 1447 657 desideranti
1483 605 1644 672 pedes
1685 605 1800 673 ejus

251 689 498 758 amplecti
516 688 718 758 dictum
749 699 860 754 est,
892 690 1020 744 Noli
1049 707 1125 746 me
1149 702 1371 761 tangere.
1402 693 1599 747 Deinde
1626 693 1795 746 eidem

249 787 307 832 et
343 779 430 832 alii
461 778 638 834 Maria:
675 795 706 833 a
742 788 1084 835 monumento
1124 783 1462 838 currentibus
1498 783 1797 837 nuntiatum

247 869 522 937 discipulis
550 886 668 939 quae
711 871 778 924 ab
803 872 1004 940 angelis
1039 870 1104 925 de
1131 879 1349 940 peracta
1387 872 1502 942 ejus
1556 887 1795 927 resurre-

247 957 426 1035 ctione
453 959 743 1014 didicerant
767 974 782 1014 :
812 959 886 1014 De
920 961 1112 1029 quibus
1138 962 1391 1030 scriptum
1412 970 1512 1025 est,
1542 961 1681 1026 Quia
1709 977 1797 1016 ac-

245 1057 525 1112 cesserunt,
545 1057 593 1100 et
614 1056 882 1102 tenuerunt
900 1049 1051 1118 pedes
1070 1050 1272 1118 ejus,‘et
1292 1051 1630 1104 adoraverunt
1654 1066 1790 1111 eum.

244 1133 506 1203 Apparuit
524 1143 701 1191 autem
727 1143 782 1190 et
805 1136 920 1206 ipso
952 1138 1038 1193 die
1062 1138 1551 1206 advesperascente,
1591 1140 1796 1196 duobus

244 1225 494 1278 euntibus
517 1225 569 1278 in
589 1225 860 1279 castellum
877 1226 1144 1292 Emmaus,
1166 1228 1258 1296 qui
1283 1242 1402 1286 eum
1423 1229 1487 1281 ad
1504 1228 1789 1297 hospitium

243 1321 501 1384 vocantes
539 1314 783 1383 inpanis
826 1314 1082 1370 fractione
1114 1325 1491 1386 cognoverunt.
1534 1317 1793 1386 Apparuit

242 1413 302 1457 et
337 1403 513 1460 Petro.
541 1405 692 1472 Quod
714 1406 759 1460 si
787 1407 1108 1477 evangelista
1135 1407 1344 1476 quando
1375 1407 1454 1462 vel
1480 1407 1566 1462 ubi
1593 1406 1789 1465 factum

240 1493 318 1548 sit
374 1495 590 1548 minime
639 1494 1018 1565 designaverit,
1065 1505 1242 1552 tamen
1300 1498 1423 1565 quia
1475 1496 1673 1555 factum
1721 1497 1794 1551 sit

239 1594 352 1634 non
408 1589 546 1635 tacet
593 1583 850 1648 scribens,
893 1583 1018 1652 quia
1071 1599 1189 1638 cum
1241 1584 1446 1653 praefati
1489 1585 1592 1638 duo
1629 1584 1789 1639 disci-

240 1672 379 1740 puli,
411 1674 621 1742 cognito
647 1675 868 1729 Domino
908 1674 963 1727 in
991 1676 1262 1739 Emmaus,
1290 1676 1468 1729 statim
1506 1675 1787 1734 rediissem

1899 519 2022 571 dum
2058 518 2197 572 illam
2230 519 2546 572 ineffabilem
2577 519 2774 582 lucem,
2805 536 2907 588 qua
2941 523 3202 576 illuminat
3233 541 3450 581 omnem

1899 605 2164 658 hominem
2218 607 2512 660 venientem
2556 608 2608 659 in
2651 609 2791 662 hunc
2838 610 3112 674 mundum,
3157 615 3448 670 secundum

1897 707 2056 760 quam
2093 692 2230 746 lucet
2269 694 2320 745 in
2369 695 2622 757 tenebris,
2661 703 2715 748 et
2753 697 2984 750 tenebrae
3013 713 3130 750 eum
3173 715 3274 753 non
3307 716 3449 755 com-

1895 782 2305 849 prehenderunt.
2345 782 2471 836 Illuc
2500 799 2596 837 nos
2634 785 2906 852 princessit
2947 782 3085 840 unde
3124 789 3189 840 ad
3231 805 3328 843 nos
3358 806 3448 844 ve.

1896 872 2047 925 niens
2073 887 2175 925 non
2208 872 2448 935 recessit,
2477 882 2529 926 et
2552 888 2656 940 quo
2683 889 2779 929 nos
2817 875 3123 942 praecedens
3163 893 3266 931 non
3294 879 3445 932 dese-

1893 963 2017 1020 ruit.
2052 962 2143 1015 llla
2183 963 2288 1016 erit
2316 962 2565 1019 revelatio
2597 973 2845 1032 tanquam
2880 981 3004 1019 vera
3048 965 3286 1032 Galilma,
3321 984 3442 1023 cum

1892 1051 2093 1106 similes
2115 1052 2165 1106 ei
2187 1052 2409 1116 erimus,
2436 1040 2507 1105 ibi
2535 1065 2653 1116 eum
2685 1053 2978 1108 videbimus
3005 1056 3158 1109 sicuti
3192 1067 3290 1111 est.
3325 1058 3442 1126 ipsa

1890 1146 1991 1197 erit
2018 1143 2177 1197 etiam
2206 1142 2412 1196 beatior
2437 1143 2834 1212 transmigratio
2855 1158 2916 1197 ex
2946 1145 3047 1198 isto
3076 1148 3270 1200 smculo
3291 1149 3342 1202 in
3376 1148 3442 1201 il-

1890 1230 1992 1286 lam
2019 1230 2392 1300 zeternitatem,
2417 1229 2462 1284 si
2486 1229 2600 1297 ejus
2628 1240 2892 1301 praecepta
2923 1233 2999 1287 sic
3031 1234 3440 1302 amplectamur,

1888 1330 1948 1374 ut
1969 1321 2034 1374 ad
2058 1320 2174 1392 ejus
2201 1320 2470 1374 dexteram
2500 1322 2764 1391 segregari
2786 1337 3106 1379 mereamur.
3131 1325 3279 1380 Tunc
3299 1328 3438 1380 enim

1889 1412 2041 1466 ibunt
2075 1409 2275 1464 sinistri
2307 1410 2360 1462 in
2390 1408 2810 1465 combustiouem
2850 1422 3102 1467 aeternam
3125 1454 3138 1477 ,
3172 1413 3303 1482 justi
3349 1431 3444 1468 au-

1889 1508 1995 1556 tem
2018 1500 2070 1553 in
2099 1501 2263 1554 vitam
2287 1506 2559 1556 aeternam.
2589 1499 2720 1553 llinc
2741 1499 2865 1554 illuc
2888 1503 3361 1572 transmigrabunt,
3385 1514 3439 1557 et

1888 1590 1958 1643 ibi
1980 1591 2101 1644 eum
2129 1589 2404 1654 videbunt,
2433 1590 2696 1656 quomodo
2723 1606 2828 1644 non
2860 1591 3038 1645 vident
3067 1592 3233 1661 impii.
3261 1592 3439 1646 Tol'c-

1888 1686 1975 1733 tur
2002 1678 2142 1734 enim
2177 1679 2398 1748 impius,
2429 1685 2488 1731 ut
2521 1691 2625 1731 non
2667 1678 2842 1732 videat
2869 1679 3166 1734 claritatem
3200 1680 3432 1740 Domini.

239 1741 594 1828 Hierusalem,
633 1775 687 1818 et
723 1765 1019 1836 invenerint
1055 1773 1399 1835 congregatos
1432 1765 1696 1828 undecim,
1731 1773 1784 1819 et
1813 1741 1859 1798 Β
1885 1778 1939 1822 et
1969 1768 2115 1838 impii
2136 1768 2314 1822 lumen
2342 1783 2447 1822 non
2478 1767 2748 1821 videbunt.
2779 1767 2906 1821 Hrec
2926 1777 3000 1821 est
3020 1779 3214 1833 autem,
3246 1771 3436 1839 inquit,

237 1865 334 1906 eos
359 1854 447 1921 qui
476 1866 596 1908 cum
623 1852 752 1923 ipsis
779 1860 930 1908 erant
966 1854 1238 1908 dicentes:
1266 1853 1647 1918 Quia,surrea:it
1678 1854 1786 1909 Do-

235 1944 411 1996 minus
433 1961 564 2009 vere,
586 1954 632 1999 et
661 1946 895 2008 avparuit
918 1942 1133 2007 Simoni,
1161 1961 1225 2000 ac
1245 1945 1369 2008 inde
1391 1944 1659 2015 subjungit
1681 1967 1694 2000 :
1715 1945 1782 1999 Et

235 2031 339 2100 ipsi
367 2033 645 2087 narrabant
667 2049 780 2103 qua
800 2042 941 2102 gesta
962 2044 1107 2088 erant
1132 2036 1186 2087 in'
1214 2036 1312 2097 via,
1343 2044 1390 2088 et
1411 2036 1666 2105 quomodo
1704 2052 1785 2088 co-

235 2130 519 2189 gnoverunt
546 2137 660 2175 eum
678 2121 732 2173 in
753 2120 998 2189 fractione
1017 2125 1165 2190 panis
1187 2123 1333 2194 (Luc.
1365 2126 1549 2194 xxiv);
1581 2126 1783 2180 statim-

236 2223 342 2276 que
383 2217 634 2263 anuectat
669 2211 904 2291 quintam
945 2212 1059 2280 ejus
1086 2214 1488 2280 apparitionem,
1529 2215 1781 2270 itainci-

233 2299 420 2368 piens:
445 2298 585 2353 Dum‘
603 2299 711 2376 ἠως
732 2310 900 2353 autem
919 2301 1262 2371 loquerentur,
1283 2304 1388 2373 ipse
1405 2303 1556 2359 Jesus
1569 2306 1705 2363 stetit
1727 2302 1780 2360 in

235 2389 408 2443 medio
440 2406 614 2443 eorum
646 2401 692 2444 et
718 2391 841 2445 dicit
869 2392 980 2446 eis:
1018 2393 1134 2448 Pax
1152 2394 1313 2459 vobis,
1342 2412 1432 2466 ego
1457 2413 1594 2462 sum,
1624 2396 1781 2451 nolite

233 2481 432 2535 timere.
461 2481 610 2536 Nunc
625 2481 737 2552 jam
774 2498 1073 2553 quaeramus
1113 2499 1278 2553 quare
1312 2487 1614 2555 Specialiter
1641 2503 1699 2543 se
1723 2488 1778 2543 in

231 2571 502 2625 Calilzeam
530 2587 930 2642 prtecessurum,
958 2584 1012 2629 et
1041 2575 1111 2629 ibi
1139 2590 1169 2629 a
1198 2576 1468 2645 discipulis
1495 2579 1778 2634 videndum

231 2663 499 2732 prmdixit,
519 2679 639 2718 cum
666 2677 836 2737 neque
855 2666 924 2720 ibi
947 2665 1115 2721 solum
1134 2682 1304 2737 neque
1325 2669 1396 2724 ibi
1418 2671 1644 2739 primum
1671 2672 1782 2727 fue-

232 2753 308 2806 rit
352 2755 512 2809 visus.
550 2753 749 2826 (Aug.)
809 2757 1092 2814 Videamus
1148 2772 1274 2828 ergo
1329 2759 1482 2828 cujus
1501 2809 1516 2826 .,
1537 2764 1776 2832 mysterii

177 2902 179 2904 η
231 2843 401 2911 gratia
444 2846 730 2898 secundum
771 2844 1072 2899 Matthreum
1113 2856 1167 2901 et
1220 2847 1451 2903 Marcum
1486 2866 1771 2920 resurgens

231 2929 492 3009 Dominus
511 2932 582 2985 ita
606 2932 933 2987 mandaverit
952 2952 964 2987 :
986 2932 1285 2989 'Prwcedam
1309 2954 1392 2990 vos
1411 2938 1465 2990 in
1481 2937 1774 3004 Galilaeam,

227 3018 302 3071 ibi
333 3036 412 3072 me
435 3021 684 3074 videbitis.
714 3020 862 3086 Quod
905 3029 958 3076 et
999 3022 1044 3076 si
1071 3023 1402 3095 completum
1445 3033 1547 3091 est,
1597 3036 1772 3081 tamen

227 3117 352 3177 post
391 3111 553 3164 multa
593 3110 907 3180 completum
933 3120 1037 3176 est,
1065 3127 1184 3166 cum
1230 3114 1306 3167 sic
1339 3116 1645 3169 mandatum
1685 3117 1771 3180 sit,

227 3213 530 3268 quanquam
559 3199 982 3276 sineprmjudicio
1005 3203 1351 3265 necessitatis,
1379 3212 1438 3258 ut
1466 3205 1665 3260 authoc
1690 3221 1776 3262 so-

228 3288 361 3354 lum,
404 3299 493 3343 aut
530 3291 634 3345 hoc
655 3292 882 3359 primum
911 3301 1306 3362 exspectaretur
1345 3295 1457 3348 fieri
1504 3295 1769 3352 debuisse.

228 3378 418 3433 Procul
447 3380 604 3435 dubio
630 3381 875 3449 quoniam
904 3396 1004 3435 vox
1032 3375 1114 3435 est
1151 3382 1252 3436 ista
1295 3397 1397 3436 non
1427 3383 1773 3453 Evangelista:

228 3471 495 3524 narrantis
523 3473 661 3540 quod
687 3472 759 3525 ita
787 3471 978 3526 factum
1002 3473 1093 3537 sit,
1123 3474 1214 3527 sed
1238 3474 1404 3542 angeli
1433 3489 1498 3528 ex
1525 3477 1773 3531 mandato

229 3556 436 3611 Domini
476 3560 530 3613 et
570 3559 736 3629 ipsius
758 3569 938 3628 postea
971 3561 1211 3627 Domini,
1236 3564 1569 3631 evangelista:
1594 3577 1768 3620 autem

228 3648 516 3711 narrantis,
546 3649 652 3726 sed
663 3649 801 3716 quod
833 3650 903 3704 ita
937 3650 1004 3703 ab
1038 3651 1243 3716 angelo,
1273 3659 1324 3705 et
1359 3667 1389 3705 a
1420 3653 1642 3707 Domino
1689 3655 1770 3709 di-

227 3728 371 3789 ctum
391 3736 480 3798 sit,
495 3736 799 3806 prephetice
825 3737 1020 3792 dictum
1049 3739 1409 3807 accipiendum
1433 3750 1531 3795 est.
1555 3740 1768 3797 Galiltea

227 3838 456 3892 namque
480 3825 855 3894 interpretatur
877 3826 960 3881 vel
984 3828 1364 3897 transmigratio
1395 3829 1478 3882 vel
1506 3830 1761 3884 revelatio.

229 3914 382 3969 Prius
413 3916 588 3984 itaque
612 3916 894 3996 secundum
921 3918 1398 3987 transmigrationis
1426 3919 1766 3988 signiﬁcatio-

224 4019 379 4069 nem,
410 4005 536 4076 quid
584 4003 726 4080 aliud
770 4006 1004 4062 occurrit
1047 4006 1459 4076 intelligendum,
1501 4004 1765 4061 Prtecedet

225 4109 311 4147 vos
335 4094 388 4146 in
429 4091 721 4156 Galilazam,
764 4093 832 4145 ibi
856 4109 969 4146 eum
997 4093 1247 4157 videbitis,
1275 4094 1404 4146 sicut
1447 4094 1577 4146 dixit
1603 4094 1763 4158 vobis,

227 4181 330 4236 nisi
355 4181 477 4250 quia
505 4180 701 4236 Christi
729 4182 893 4249 gratia
918 4182 982 4236 de
1011 4182 1200 4251 pepqu
1234 4181 1394 4236 Israel
1424 4183 1765 4252 transmigra-

226 4279 348 4326 tura
377 4279 493 4325 erat
536 4273 602 4325 ad
639 4279 819 4340 gentes
852 4270 875 4323 ?
916 4270 1116 4336 Quibus
1155 4271 1375 4341 apostoli
1413 4273 1763 4339 praidicantes

225 4359 568 4429 Evangelium
618 4359 760 4413 nullo
793 4360 949 4413 modo
994 4361 1353 4427 crederentur,
1394 4361 1494 4414 nisi
1528 4363 1607 4416 eis
1649 4362 1761 4431 ipse

224 4449 478 4506 Dominus
499 4450 639 4504 viam
669 4449 719 4501 iu
747 4448 994 4502 cordibus
1023 4449 1291 4503 hominum
1321 4459 1663 4519 praepararet.
1695 4451 1761 4505 Et

223 4539 327 4594 hoc
351 4538 734 4608 intelligimus:
774 4535 1036 4592 Prtecedet
1070 4556 1153 4592 vos
1189 4542 1241 4592 in
1281 4539 1572 4595 Galilwam.
1608 4543 1756 4609 Quod

223 4636 402 4682 autern
431 4628 720 4697 gaudentes
743 4627 1085 4692 mirarentur,
1107 4629 1356 4697 disruptis
1374 4637 1427 4683 et
1450 4632 1635 4686 evictis
1659 4631 1758 4686 dif—

223 4717 568 4782 ﬁcultatibus,
598 4717 792 4786 aperiri
821 4717 919 4771 sibi
951 4719 1142 4772 ostium
1177 4719 1228 4771 in
1259 4718 1481 4774 Domino
1504 4737 1604 4792 per
1635 4722 1753 4775 illu—

222 4806 565 4860 minationem
587 4805 839 4869 fidelium,
867 4805 966 4861 hoc
985 4806 1308 4877 intelligitur,
1331 4808 1359 4860 1
1363 4808 1411 4860 bi
1433 4826 1548 4862 eum
1569 4811 1756 4863 videbi-

221 4897 309 4960 tis,
338 4896 392 4950 id
418 4905 522 4960 est,
551 4895 622 4949 ibi
641 4896 877 4948 membra
896 4896 1010 4964 ejus
1034 4897 1325 4960 invenietis,
1352 4899 1423 4952 ibi
1444 4901 1619 4953 vivum
1639 4916 1758 4955 cor-

220 4998 322 5055 pus
342 4983 457 5053 ejus
477 4985 529 5037 in
553 4985 630 5037 eis
652 4983 739 5050 qui
760 4998 852 5036 vos
874 4985 1203 5052 susceperint
1223 4988 1536 5055 agnoscetis.
1562 4987 1760 5043 Secun-

218 5074 348 5129 dum
376 5072 501 5127 illud
530 5080 708 5126 autem
743 5073 881 5140 quod
920 5072 1128 5126 Galihna
1158 5074 1536 5144 interpretatur
1568 5077 1758 5130 revela-

217 5166 314 5225 tio,
341 5178 445 5216 non
458 5162 568 5230 jam
592 5146 836 5215 informa
870 5163 1006 5217 servi
1038 5163 1427 5233 intelligendum
1456 5175 1554 5226 est,
1585 5168 1674 5220 sed
1703 5169 1755 5221 in

217 5252 309 5309 iila
349 5252 402 5306 in
432 5267 534 5321 qua
571 5250 788 5319 aequalis
817 5260 899 5303 est
937 5251 1102 5306 Patri.
1131 5250 1296 5316 Quam
1331 5255 1575 5321 promisit
1619 5258 1754 5324 apud

216 5340 475 5396 Joannem
501 5339 840 5408 dilectoribus
879 5340 1010 5403 suis,
1042 5355 1160 5394 cum
1201 5341 1433 5395 diceret:
1466 5341 1532 5395 Et
1566 5360 1655 5411 ego
1682 5344 1758 5396 di-

217 5430 375 5498 ligam
401 5445 517 5482 eum
545 5437 591 5481 et
618 5411 878 5482 ostendam
903 5431 1147 5497 meipsum
1180 5429 1256 5482 illi
1275 5428 1448 5500 (Joan.
1479 5431 1609 5501 xiv).
1640 5432 1752 5485 Non

219 5522 401 5589 utique
419 5522 702 5575 secundum
727 5521 775 5575 id
795 5522 930 5590 quod
947 5521 1057 5591 jam
1079 5521 1340 5590 videbant,
1363 5530 1416 5574 et
1435 5523 1572 5590 quod
1595 5524 1752 5576 etiam

219 5599 501 5681 resurgens
529 5626 647 5666 cum
675 5611 1006 5667 cicatricibus
1031 5626 1134 5666 non
1155 5611 1323 5666 solum
1346 5610 1642 5678 videndum,
1661 5613 1750 5666 sed

1885 1861 1986 1914 vita
2011 1869 2202 1912 (eterna
2224 1868 2279 1912 ut
2301 1868 2607 1926 cognoscant
2629 1868 2676 1911 te
2701 1875 2870 1911 reium
2896 1857 3076 1920 Deum,
3102 1867 3149 1912 et
3170 1875 3317 1928 quem
3339 1862 3436 1911 mi-

1882 1951 1994 2003 sisti
2018 1949 2195 2003 Jesum
2223 1945 2482 2002 Christum
2510 1946 2689 2016 (Joan.
2720 1945 2870 2016 xvu).
2906 1944 3054 2000 Sicut
3080 1948 3134 2003 in
3163 1946 3248 2000 illa
3277 1957 3435 2007 mter-

1883 2039 2046 2092 nitate
2073 2037 2427 2105 cognoscitur,
2451 2049 2555 2103 quo
2585 2049 2765 2088 servos
2797 2031 3052 2102 perducet
3083 2049 3178 2106 per
3209 2033 3434 2089 formam

1881 2126 2039 2192 servi,
2066 2134 2124 2178 ut
2147 2124 2297 2187 liberi
2320 2123 2742 2192 contemplemur
2777 2122 3000 2176 formam
3032 2123 3257 2178 Domini.
3291 2195 3297 2197 _

1951 2215 2080 2280 Qute
2102 2231 2217 2267 cum
2248 2213 2510 2277 abiissent,
2546 2230 2659 2266 ecce
2691 2214 2900 2284 quidam
2931 2214 2994 2266 de
3028 2215 3333 2269 custodibus
3352 2231 3436 2267 ee-

1879 2312 2061 2357 nerunt
2097 2303 2150 2356 in
2192 2302 2469 2366 civitatem,
2513 2310 2561 2354 et
2602 2303 2962 2354 nuntiaverunt
3001 2302 3312 2370 principibus
3351 2319 3437 2354 sa-

1879 2394 2140 2449 cerdotum
2165 2391 2338 2445 omnia
2373 2407 2490 2460 quae
2531 2390 2670 2458 facta
2697 2391 2921 2460 fuerunt.
2951 2390 3178 2462 (ΜΑυιι.)
3199 2390 3433 2461 Simplex

1879 2484 2042 2538 animi
2070 2483 2322 2552 qualitas,
2352 2489 2405 2534 et
2435 2480 2645 2535 indocta
2672 2482 2945 2535 hominum
2977 2482 3264 2544 rusticitas,
3294 2497 3436 2550 sape

1877 2575 2154 2630 veritatem
2180 2574 2277 2636 rei,
2307 2581 2366 2625 ut
2387 2579 2487 2637 est,
2516 2572 2632 2626 sine
2662 2571 2846 2628 fraude
2873 2571 3193 2627 manifestat.
3223 2575 3290 2628 At
3312 2589 3436 2627 eon-

1878 2671 1958 2720 tra
1983 2671 2197 2718 versuta
2238 2662 2561 2733 malignitas,
2589 2669 2644 2718 et
2682 2663 2974 2717 exercitata
3014 2679 3191 2734 pravre
3237 2664 3431 2737 mentis

1875 2753 2129 2822 nequitia,
2160 2752 2310 2807 dolos
2329 2751 2590 2806 versando
2614 2749 2897 2808 falsitatem
2921 2752 3297 2807 verisimilibus
3319 2767 3434 2806 ver-
3475 2750 3484 2755 ’

1875 2843 1976 2907 bis,
2004 2858 2102 2912 pro
2131 2843 2245 2912 ipso
2278 2855 2408 2896 vero
2435 2839 2813 2894 commendare
2845 2840 3107 2904 decertat;
3143 2841 3352 2908 sibique
3381 2840 3431 2893 in

1875 2947 2148 2987 assensum
2199 2930 2380 3000 plures
2413 2939 2725 2992 convertere
2760 2937 2812 2983 et
2843 2930 3147 2983 coadunare
3194 2927 3428 2984 festinat.

1876 3024 2024 3089 Quod
2051 3038 2280 3093 sequens
2307 3011 2568 3077 sententia
2596 3024 2670 3076 ita
2691 3021 2941 3089 ostendit.

1944 3111 2074 3182 [lll.j
2098 3112 2162 3165 Et
2183 3111 2478 3183 congregati
2499 3128 2614 3164 cum
2639 3110 2946 3176 senioribus,
2964 3110 3177 3174 consilio
3200 3121 3428 3188 accepto,

1873 3202 2142 3270 pecuniam
2169 3200 2427 3268 copiosam
2473 3199 2725 3252 dederunt
2763 3199 3010 3254 militibus
3038 3200 3260 3276 dicentes
3284 3218 3302 3253 :
3331 3200 3427 3254 Di-

1873 3294 1970 3345 cite
1997 3292 2122 3357 quia
2149 3288 2389 3358 discipuli
2413 3290 2526 3357 ejus
2557 3299 2701 3343 nocte
2737 3299 2977 3344 venerunt
2998 3330 3010 3353 ,
3035 3299 3082 3342 et
3117 3290 3279 3358 furati
3303 3302 3424 3345 sunt

1871 3396 1989 3433 eum
2027 3379 2166 3432 vobis
2208 3378 2598 3431 dormientibus.
2623 3377 2811 3448 '(Aug,)
2845 3376 3094 3447 Miracula
3130 3377 3276 3433 facta
3300 3388 3423 3434 sunt

1871 3470 1993 3523 talia
2039 3470 2181 3523 circa
2242 3467 2540 3538 sepulcrum
2595 3475 2651 3520 ut
2697 3481 2760 3523 ea
2804 3466 2902 3534 ipsi
2950 3467 3166 3531 milites,
3207 3468 3296 3537 qui
3333 3484 3427 3522 cu—

1869 3554 2045 3615 stodes
2066 3557 2408 3620 advenerant,
2441 3563 2602 3610 testes
2626 3555 2814 3609 ﬁerent
2839 3555 2883 3609 si
2905 3554 3098 3609 vellent
3121 3570 3248 3632 vera
3285 3571 3427 3609 imu-

1870 3651 2024 3716 tiare,
2062 3647 2155 3704 sed
2198 3648 2422 3701 avaritia
2463 3645 2570 3707 illa,
2615 3661 2736 3714 quae
2775 3645 3060 3713 captivavit
3107 3645 3420 3714 discipulum

1867 3741 2115 3794 comitem
2151 3737 2371 3801 Christi,
2411 3737 2698 3805 captivavit
2725 3744 2779 3789 et
2817 3735 3012 3790 milites
3059 3737 3306 3791 custodes
3339 3751 3424 3791 se-

1867 3829 2052 3897 pulcri.
2096 3826 2296 3879 Damus
2329 3824 2489 3888 vobis,
2535 3823 2798 3897 inquiunt,
2837 3823 3127 3892 pecuniam,
3172 3833 3220 3884 et
3269 3825 3424 3878 dicite

1865 3919 1986 3984 quia
2006 3915 2143 3970 vobis
2164 3911 2530 3968 dormientibus
2545 3920 2784 3964 iuuerunt
2810 3909 3043 3980 discipuli
3063 3909 3196 3980 ejus,
3230 3921 3276 3964 et
3297 3907 3423 3966 abs-

1863 4005 2087 4061 tulerunt
2116 4018 2252 4058 eum.
2280 4001 2416 4068 Quid
2440 4009 2522 4056 est
2547 4001 2686 4070 quod
2711 4000 2914 4065 dixisti,
2937 4016 2969 4055 ο
2993 4000 3173 4055 infelix
3195 4004 3417 4066 astmia,

1867 4101 2139 4146 tantumne
2197 4091 2400 4147 deseris
2433 4089 2600 4144 lucem
2624 4089 2831 4144 consilii
2852 4089 3084 4158 pietatis,
3119 4097 3171 4142 et
3201 4089 3251 4142 in
3289 4105 3420 4159 pro-

1863 4179 2022 4237 funda
2047 4183 2279 4236 versutia
2306 4181 2646 4250 demergeris,
2681 4190 2738 4233 ut
2765 4181 2865 4233 hoc
2890 4180 3035 4234 dicas
3061 4198 3072 4232 :
3105 4180 3268 4233 Dicite
3293 4181 3418 4250 quia

1862 4275 1997 4330 vobis
2023 4273 2391 4327 dormientibus
2417 4281 2662 4325 venerunt
2687 4270 2927 4340 discipuli
2955 4272 3086 4340 ejus,
3111 4281 3156 4323 et
3188 4270 3415 4324 abstule-

1865 4375 1982 4419 rnnt
2010 4365 2158 4417 eum!
2190 4364 2523 4417 Dormientes
2565 4369 2724 4415 testes
2764 4360 3002 4423 adhibes,
3035 4375 3158 4419 vere
3203 4369 3257 4413 tu
3302 4359 3415 4428 ipse

1865 4456 2170 4510 obdormisti
2194 4470 2299 4508 non
2320 4454 2584 4515 sacerdos,
2610 4450 2700 4505 sed
2723 4451 2989 4519 parricida
3013 4450 3102 4520 qui
3126 4452 3415 4504 scrutando

1863 4545 1988 4598 talia
2022 4537 2279 4599 deiecisti.
2317 4541 2372 4597 Si
2419 4541 2769 4616 dormiebant,
2799 4541 3064 4608 quomolo
3107 4540 3288 4592 videre
3319 4555 3412 4608 po-

1861 4634 2107 4688 tuerunt?
2154 4634 2196 4687 si
2240 4632 2370 4686 nihil
2407 4632 2685 4696 viderunt,
2725 4632 2989 4698 quomodo
3024 4639 3185 4684 testes
3220 4632 3414 4685 erunt?

1861 4722 2179 4778 Defecerunt
2193 4723 2244 4776 in
2262 4723 2375 4790 ipso
2387 4719 2575 4775 eil'ectu
2593 4720 2932 4775 consiliorum
2947 4734 3184 4781 suorum,
3201 4720 3414 4788 quando

1859 4814 1996 4881 quod
2019 4812 2298 4866 voluerunt
2320 4809 2537 4878 implere
2566 4825 2669 4863 non
2691 4814 2994 4877 potuerunt.
3020 4809 3307 4876 Sequitur:

1928 4901 2056 4955 Etsi
2084 4902 2179 4954 hoc
2200 4900 2434 4952 auditum
2457 4898 2611 4966 fuerit
2632 4915 2664 4950 a
2690 4896 2923 4965 prteside,
2965 4911 3057 4948 nos
3078 4895 3412 4950 suadebimus

1855 4991 1922 5052 ei,
1950 4998 1997 5042 et
2019 5004 2226 5042 securos
2253 5004 2339 5041 vos
2365 4987 2633 5054 faciemus.
2658 4985 2918 5039 Custodes
2947 4985 3260 5041 miraculum
3281 5000 3411 5039 conv

1859 5079 2093 5142 fitentur,
2126 5079 2190 5132 ad
2224 5077 2410 5131 urbem
2438 5076 2631 5131 conciti
2661 5075 2908 5137 redeunt,
2941 5083 3191 5130 nuntiant
3213 5075 3409 5143 princi-

1857 5171 2009 5237 pibus
2035 5169 2368 5223 sacerdotum
2400 5181 2516 5234 qua:
2556 5166 2818 5226 viderant,
2850 5179 2972 5233 qum
3011 5166 3148 5220 facta
3182 5179 3406 5234 conspe-

1856 5265 2058 5310 xerant.
2087 5256 2161 5309 illi
2187 5256 2277 5323 qui
2300 5255 2589 5310 debuerant
2612 5251 2848 5310 converti
2875 5253 2938 5307 sd
2965 5253 3328 5324 pmnitentiam
3352 5259 3406 5308 et

1854 5345 2030 5399 Jesurn
2054 5359 2291 5413 qmerere
2311 5352 2633 5412 surgentem,
2660 5354 3011 5410 perseverant
3029 5345 3081 5397 in
3109 5341 3330 5406 malitia,
3351 5345 3405 5396 et

1855 5435 2104 5502 pecunias
2129 5447 2245 5501 quae
2266 5432 2332 5484 ad
2357 5445 2485 5484 usus
2507 5429 2684 5498 templi
2703 5429 2836 5483 datae
2861 5433 3091 5496 fuerant,
3118 5438 3332 5486 vertunt
3343 5429 3405 5486 in

1856 5521 2268 5589 redemptionem
2310 5518 2588 5582 mendacii,
2628 5518 2760 5572 sicut
2814 5531 2936 5577 ante
2967 5521 3183 5589 triginta
3215 5532 3405 5590 argest-

1857 5622 1968 5665 tCO‘S
1993 5609 2140 5665 Judze
2171 5603 2424 5663 dederant
2443 5607 2717 5677 proditori.
2761 5611 2951 5669 Οωιιεε
2971 5611 3130 5679 igitur
3152 5613 3242 5678 qui
3268 5605 3403 5675 stipe
