  <div class='ocr_page' id='page_1' title='image "/cluster/home/n/w/nwhite01/storage/ocr_20150623/107/uva.x000827064/581.png"; bbox 0 0 3922 6360; ppageno 0'>
   <div class='ocr_carea' id='block_1_1' title="bbox 505 300 634 357">
    <p class='ocr_par' dir='ltr' id='par_1_1' title="bbox 505 300 634 357">
     <span class='ocr_line' id='line_1_1' title="bbox 505 300 634 357; baseline -0.023 0"><span class='ocrx_word' id='word_1_1' title='bbox 505 300 634 357; x_wconf 77' lang='grc'><strong>1151</strong></span> 
     </span>
    </p>
   </div>
   <div class='ocr_carea' id='block_1_2' title="bbox 1147 285 3060 350">
    <p class='ocr_par' dir='ltr' id='par_1_2' title="bbox 1147 285 3060 350">
     <span class='ocr_line' id='line_1_2' title="bbox 1147 285 3060 350; baseline -0.004 -1"><span class='ocrx_word' id='word_1_2' title='bbox 1147 295 1210 349; x_wconf 87' lang='grc' dir='ltr'><strong>Β.</strong></span> <span class='ocrx_word' id='word_1_3' title='bbox 1250 293 1501 350; x_wconf 71' lang='lat' dir='ltr'><strong>MBAN</strong></span> <span class='ocrx_word' id='word_1_4' title='bbox 1540 292 1752 349; x_wconf 74' lang='lat' dir='ltr'><strong>MAURI</strong></span> <span class='ocrx_word' id='word_1_5' title='bbox 1787 286 2121 345; x_wconf 73' lang='lat' dir='ltr'><strong>AllClilEP.’</strong></span> <span class='ocrx_word' id='word_1_6' title='bbox 2144 285 2450 342; x_wconf 75' lang='lat' dir='ltr'><strong>MOGUNT.</strong></span> <span class='ocrx_word' id='word_1_7' title='bbox 2489 285 2771 342; x_wconf 70' lang='lat' dir='ltr'><strong>OPERUM</strong></span> <span class='ocrx_word' id='word_1_8' title='bbox 2810 286 2984 341; x_wconf 76' lang='lat' dir='ltr'><strong>PARS</strong></span> <span class='ocrx_word' id='word_1_9' title='bbox 3020 287 3060 341; x_wconf 79' lang='grc' dir='ltr'><strong>ἰ.</strong></span> 
     </span>
    </p>
   </div>
   <div class='ocr_carea' id='block_1_3' title="bbox 501 390 2046 482">
    <p class='ocr_par' dir='ltr' id='par_1_3' title="bbox 501 390 2046 482">
     <span class='ocr_line' id='line_1_3' title="bbox 501 390 2046 482; baseline -0.006 -15"><span class='ocrx_word' id='word_1_10' title='bbox 501 411 705 482; x_wconf 84' lang='lat' dir='ltr'><strong>templi,</strong></span> <span class='ocrx_word' id='word_1_11' title='bbox 734 418 785 466; x_wconf 89' lang='lat' dir='ltr'><strong>et</strong></span> <span class='ocrx_word' id='word_1_12' title='bbox 813 408 897 463; x_wconf 89' lang='lat' dir='ltr'><strong>his</strong></span> <span class='ocrx_word' id='word_1_13' title='bbox 925 422 1042 475; x_wconf 57' lang='lat' dir='ltr'><strong>qua;</strong></span> <span class='ocrx_word' id='word_1_14' title='bbox 1065 390 1416 461; x_wconf 67' lang='lat' dir='ltr'><strong>conferuntur</strong></span> <span class='ocrx_word' id='word_1_15' title='bbox 1439 407 1503 461; x_wconf 84' lang='lat' dir='ltr'><strong>ad</strong></span> <span class='ocrx_word' id='word_1_16' title='bbox 1529 422 1657 460; x_wconf 90' lang='lat' dir='ltr'><strong>usus</strong></span> <span class='ocrx_word' id='word_1_17' title='bbox 1704 403 1943 459; x_wconf 63' lang='lat' dir='ltr'><strong>ecclesias</strong></span> <span class='ocrx_word' id='word_1_18' title='bbox 1984 404 2046 457; x_wconf 87' lang='lat' dir='ltr'><strong>ah</strong></span> 
     </span>
    </p>
   </div>
   <div class='ocr_carea' id='block_1_4' title="bbox 2150 390 3737 482">
    <p class='ocr_par' dir='ltr' id='par_1_4' title="bbox 2246 397 3737 464">
     <span class='ocr_line' id='line_1_4' title="bbox 2246 397 3737 464; baseline 0.003 -13"><span class='ocrx_word' id='word_1_19' title='bbox 2246 398 2313 451; x_wconf 86' lang='lat' dir='ltr'><strong>Et</strong></span> <span class='ocrx_word' id='word_1_20' title='bbox 2335 398 2559 452; x_wconf 80' lang='lat' dir='ltr'><strong>uidentes</strong></span> <span class='ocrx_word' id='word_1_21' title='bbox 2586 415 2701 451; x_wconf 88' lang='lat' dir='ltr'><strong>eum</strong></span> <span class='ocrx_word' id='word_1_22' title='bbox 2729 400 3098 453; x_wconf 76' lang='lat' dir='ltr'><strong>adoracerunt.</strong></span> <span class='ocrx_word' id='word_1_23' title='bbox 3130 397 3357 464; x_wconf 79' lang='lat' dir='ltr'><strong>Quidam</strong></span> <span class='ocrx_word' id='word_1_24' title='bbox 3383 412 3560 455; x_wconf 74' lang='lat' dir='ltr'><strong>autem</strong></span> <span class='ocrx_word' id='word_1_25' title='bbox 3586 402 3737 456; x_wconf 68' lang='lat' dir='ltr'><strong>dubi-</strong></span> 
     </span>
    </p>
   </div>
   <div class='ocr_carea' id='block_1_5' title="bbox 499 492 2062 564">
    <p class='ocr_par' dir='ltr' id='par_1_5' title="bbox 499 492 2062 564">
     <span class='ocr_line' id='line_1_5' title="bbox 499 492 2062 564; baseline -0.007 -10"><span class='ocrx_word' id='word_1_26' title='bbox 499 507 721 554; x_wconf 89' lang='lat' dir='ltr'><strong>utuntur</strong></span> <span class='ocrx_word' id='word_1_27' title='bbox 748 500 799 551; x_wconf 91' lang='lat' dir='ltr'><strong>in</strong></span> <span class='ocrx_word' id='word_1_28' title='bbox 821 497 941 551; x_wconf 87' lang='lat' dir='ltr'><strong>aliis</strong></span> <span class='ocrx_word' id='word_1_29' title='bbox 961 496 1141 559; x_wconf 80' lang='lat' dir='ltr'><strong>rebus,</strong></span> <span class='ocrx_word' id='word_1_30' title='bbox 1164 496 1355 564; x_wconf 83' lang='lat' dir='ltr'><strong>quibus</strong></span> <span class='ocrx_word' id='word_1_31' title='bbox 1378 510 1525 548; x_wconf 88' lang='lat' dir='ltr'><strong>suam</strong></span> <span class='ocrx_word' id='word_1_32' title='bbox 1552 494 1798 562; x_wconf 74' lang='lat' dir='ltr'><strong>expleant</strong></span> <span class='ocrx_word' id='word_1_33' title='bbox 1818 492 2062 560; x_wconf 86' lang='lat' dir='ltr'><strong>volupta-</strong></span> 
     </span>
    </p>
   </div>
   <div class='ocr_carea' id='block_1_6' title="bbox 503 582 2061 651">
    <p class='ocr_par' dir='ltr' id='par_1_6' title="bbox 503 582 2061 651">
     <span class='ocr_line' id='line_1_6' title="bbox 503 582 2061 651; baseline -0.006 -7"><span class='ocrx_word' id='word_1_34' title='bbox 503 599 629 651; x_wconf 89' lang='lat' dir='ltr'><strong>tem,</strong></span> <span class='ocrx_word' id='word_1_35' title='bbox 653 588 851 642; x_wconf 85' lang='lat' dir='ltr'><strong>similes</strong></span> <span class='ocrx_word' id='word_1_36' title='bbox 876 596 999 641; x_wconf 90' lang='lat' dir='ltr'><strong>sunt</strong></span> <span class='ocrx_word' id='word_1_37' title='bbox 1027 587 1321 640; x_wconf 77' lang='lat' dir='ltr'><strong>scribarum</strong></span> <span class='ocrx_word' id='word_1_38' title='bbox 1354 592 1406 638; x_wconf 91' lang='lat' dir='ltr'><strong>et</strong></span> <span class='ocrx_word' id='word_1_39' title='bbox 1431 585 1769 637; x_wconf 88' lang='lat' dir='ltr'><strong>sacerdotum</strong></span> <span class='ocrx_word' id='word_1_40' title='bbox 1797 582 2061 636; x_wconf 88' lang='lat' dir='ltr'><strong>redimen-</strong></span> 
     </span>
    </p>
   </div>
   <div class='ocr_carea' id='block_1_7' title="bbox 504 673 1737 743">
    <p class='ocr_par' dir='ltr' id='par_1_7' title="bbox 504 673 1737 743">
     <span class='ocr_line' id='line_1_7' title="bbox 504 673 1737 743; baseline -0.002 -14"><span class='ocrx_word' id='word_1_41' title='bbox 504 674 632 730; x_wconf 86' lang='lat' dir='ltr'><strong>tium</strong></span> <span class='ocrx_word' id='word_1_42' title='bbox 662 676 992 730; x_wconf 84' lang='lat' dir='ltr'><strong>mendacium</strong></span> <span class='ocrx_word' id='word_1_43' title='bbox 1018 684 1072 728; x_wconf 92' lang='lat' dir='ltr'><strong>et</strong></span> <span class='ocrx_word' id='word_1_44' title='bbox 1096 674 1405 743; x_wconf 86' lang='lat' dir='ltr'><strong>sanguinem</strong></span> <span class='ocrx_word' id='word_1_45' title='bbox 1427 673 1737 727; x_wconf 86' lang='lat' dir='ltr'><strong>Salvatoris.</strong></span> 
     </span>
    </p>
   </div>
   <div class='ocr_carea' id='block_1_8' title="bbox 570 762 2055 835">
    <p class='ocr_par' dir='ltr' id='par_1_8' title="bbox 570 762 2055 835">
     <span class='ocr_line' id='line_1_8' title="bbox 570 762 2055 835; baseline -0.002 -18"><span class='ocrx_word' id='word_1_46' title='bbox 570 767 634 817; x_wconf 77' lang='lat' dir='ltr'><strong>At</strong></span> <span class='ocrx_word' id='word_1_47' title='bbox 657 765 754 827; x_wconf 83' lang='lat' dir='ltr'><strong>illi,</strong></span> <span class='ocrx_word' id='word_1_48' title='bbox 784 775 991 835; x_wconf 86' lang='lat' dir='ltr'><strong>accepta</strong></span> <span class='ocrx_word' id='word_1_49' title='bbox 1018 764 1259 832; x_wconf 82' lang='lat' dir='ltr'><strong>pecunia,</strong></span> <span class='ocrx_word' id='word_1_50' title='bbox 1290 763 1521 831; x_wconf 82' lang='lat' dir='ltr'><strong>fecerunt</strong></span> <span class='ocrx_word' id='word_1_51' title='bbox 1551 764 1681 816; x_wconf 78' lang='lat' dir='ltr'><strong>sicut</strong></span> <span class='ocrx_word' id='word_1_52' title='bbox 1721 772 1866 816; x_wconf 86' lang='lat' dir='ltr'><strong>erant</strong></span> <span class='ocrx_word' id='word_1_53' title='bbox 1896 762 2055 815; x_wconf 87' lang='lat' dir='ltr'><strong>docti.</strong></span> 
     </span>
    </p>
   </div>
   <div class='ocr_carea' id='block_1_9' title="bbox 500 852 2059 925">
    <p class='ocr_par' dir='ltr' id='par_1_9' title="bbox 500 852 2059 925">
     <span class='ocr_line' id='line_1_9' title="bbox 500 852 2059 925; baseline -0.001 -18"><span class='ocrx_word' id='word_1_54' title='bbox 500 854 725 925; x_wconf 68' lang='lat' dir='ltr'><strong>(bl/tua.)</strong></span> <span class='ocrx_word' id='word_1_55' title='bbox 753 857 798 909; x_wconf 83' lang='lat'>0</span> <span class='ocrx_word' id='word_1_56' title='bbox 842 854 1004 921; x_wconf 90' lang='lat' dir='ltr'><strong>pestis</strong></span> <span class='ocrx_word' id='word_1_57' title='bbox 1041 852 1291 922; x_wconf 88' lang='lat' dir='ltr'><strong>maligna,</strong></span> <span class='ocrx_word' id='word_1_58' title='bbox 1335 860 1390 906; x_wconf 91' lang='lat' dir='ltr'><strong>et</strong></span> <span class='ocrx_word' id='word_1_59' title='bbox 1435 866 1647 920; x_wconf 81' lang='lat' dir='ltr'><strong>semper</strong></span> <span class='ocrx_word' id='word_1_60' title='bbox 1673 852 1827 906; x_wconf 89' lang='lat' dir='ltr'><strong>bonis</strong></span> <span class='ocrx_word' id='word_1_61' title='bbox 1867 853 2059 906; x_wconf 89' lang='lat' dir='ltr'><strong>animis</strong></span> 
     </span>
    </p>
   </div>
   <div class='ocr_carea' id='block_1_10' title="bbox 500 939 2059 1008">
    <p class='ocr_par' dir='ltr' id='par_1_10' title="bbox 500 939 2059 1008">
     <span class='ocr_line' id='line_1_10' title="bbox 500 939 2059 1008; baseline 0 -13"><span class='ocrx_word' id='word_1_62' title='bbox 500 942 805 997; x_wconf 70' lang='lat' dir='ltr'><strong>detestanda</strong></span> <span class='ocrx_word' id='word_1_63' title='bbox 849 940 1095 1006; x_wconf 82' lang='lat' dir='ltr'><strong>avaritia,</strong></span> <span class='ocrx_word' id='word_1_64' title='bbox 1142 941 1268 1008; x_wconf 89' lang='lat' dir='ltr'><strong>quid</strong></span> <span class='ocrx_word' id='word_1_65' title='bbox 1315 939 1553 1005; x_wconf 58' lang='lat' dir='ltr'><strong>illiesum,</strong></span> <span class='ocrx_word' id='word_1_66' title='bbox 1602 939 1730 1008; x_wconf 90' lang='lat' dir='ltr'><strong>quid</strong></span> <span class='ocrx_word' id='word_1_67' title='bbox 1777 939 2059 995; x_wconf 86' lang='lat' dir='ltr'><strong>inconcus-</strong></span> 
     </span>
    </p>
   </div>
   <div class='ocr_carea' id='block_1_11' title="bbox 490 1030 2057 1103">
    <p class='ocr_par' dir='ltr' id='par_1_11' title="bbox 490 1030 2057 1103">
     <span class='ocr_line' id='line_1_11' title="bbox 490 1030 2057 1103; baseline -0.001 -18"><span class='ocrx_word' id='word_1_68' title='bbox 490 1047 617 1103; x_wconf 76' lang='lat' dir='ltr'><strong>sum</strong></span> <span class='ocrx_word' id='word_1_69' title='bbox 641 1031 911 1084; x_wconf 81' lang='lat' dir='ltr'><strong>dimittis?</strong></span> <span class='ocrx_word' id='word_1_70' title='bbox 940 1030 1024 1085; x_wconf 82' lang='lat' dir='ltr'><strong>Tu</strong></span> <span class='ocrx_word' id='word_1_71' title='bbox 1066 1031 1294 1101; x_wconf 90' lang='lat' dir='ltr'><strong>primum</strong></span> <span class='ocrx_word' id='word_1_72' title='bbox 1334 1030 1605 1083; x_wconf 86' lang='lat' dir='ltr'><strong>hominem</strong></span> <span class='ocrx_word' id='word_1_73' title='bbox 1649 1030 1958 1097; x_wconf 81' lang='lat' dir='ltr'><strong>perdidisti;</strong></span> <span class='ocrx_word' id='word_1_74' title='bbox 1999 1038 2057 1083; x_wconf 91' lang='lat' dir='ltr'><strong>tu</strong></span> 
     </span>
    </p>
   </div>
   <div class='ocr_carea' id='block_1_12' title="bbox 497 1117 2058 1189">
    <p class='ocr_par' dir='ltr' id='par_1_12' title="bbox 497 1117 2058 1189">
     <span class='ocr_line' id='line_1_12' title="bbox 497 1117 2058 1189; baseline -0.001 -16"><span class='ocrx_word' id='word_1_75' title='bbox 497 1134 663 1189; x_wconf 88' lang='lat' dir='ltr'><strong>genus</strong></span> <span class='ocrx_word' id='word_1_76' title='bbox 698 1120 987 1172; x_wconf 89' lang='lat' dir='ltr'><strong>humanum</strong></span> <span class='ocrx_word' id='word_1_77' title='bbox 1016 1118 1332 1183; x_wconf 82' lang='lat' dir='ltr'><strong>confudisti;</strong></span> <span class='ocrx_word' id='word_1_78' title='bbox 1377 1132 1431 1172; x_wconf 91' lang='lat' dir='ltr'><strong>tu</strong></span> <span class='ocrx_word' id='word_1_79' title='bbox 1462 1117 1657 1172; x_wconf 80' lang='lat' dir='ltr'><strong>fratres</strong></span> <span class='ocrx_word' id='word_1_80' title='bbox 1687 1119 1966 1172; x_wconf 88' lang='lat' dir='ltr'><strong>unanimes</strong></span> <span class='ocrx_word' id='word_1_81' title='bbox 2003 1119 2058 1172; x_wconf 90' lang='lat' dir='ltr'><strong>in</strong></span> 
     </span>
    </p>
   </div>
   <div class='ocr_carea' id='block_1_13' title="bbox 495 1208 2049 1280">
    <p class='ocr_par' dir='ltr' id='par_1_13' title="bbox 495 1208 2049 1280">
     <span class='ocr_line' id='line_1_13' title="bbox 495 1208 2049 1280; baseline -0.001 -16"><span class='ocrx_word' id='word_1_82' title='bbox 495 1209 676 1280; x_wconf 78' lang='lat' dir='ltr'><strong>przelia</strong></span> <span class='ocrx_word' id='word_1_83' title='bbox 702 1211 954 1275; x_wconf 86' lang='lat' dir='ltr'><strong>armasti;</strong></span> <span class='ocrx_word' id='word_1_84' title='bbox 988 1221 1039 1263; x_wconf 89' lang='lat' dir='ltr'><strong>tu</strong></span> <span class='ocrx_word' id='word_1_85' title='bbox 1062 1208 1313 1278; x_wconf 89' lang='lat' dir='ltr'><strong>paciﬁcos</strong></span> <span class='ocrx_word' id='word_1_86' title='bbox 1340 1209 1844 1273; x_wconf 76' lang='lat' dir='ltr'><strong>diseordes‘l&#39;ecisti;</strong></span> <span class='ocrx_word' id='word_1_87' title='bbox 1889 1217 1943 1263; x_wconf 91' lang='lat' dir='ltr'><strong>tu</strong></span> <span class='ocrx_word' id='word_1_88' title='bbox 1980 1210 2049 1263; x_wconf 85' lang='lat' dir='ltr'><strong>di-</strong></span> 
     </span>
    </p>
   </div>
   <div class='ocr_carea' id='block_1_14' title="bbox 496 1300 2055 1370">
    <p class='ocr_par' dir='ltr' id='par_1_14' title="bbox 496 1300 2055 1370">
     <span class='ocr_line' id='line_1_14' title="bbox 496 1300 2055 1370; baseline 0 -15"><span class='ocrx_word' id='word_1_89' title='bbox 496 1301 759 1369; x_wconf 82' lang='lat' dir='ltr'><strong>scipulum</strong></span> <span class='ocrx_word' id='word_1_90' title='bbox 781 1302 1028 1355; x_wconf 90' lang='lat' dir='ltr'><strong>comitem</strong></span> <span class='ocrx_word' id='word_1_91' title='bbox 1054 1301 1249 1355; x_wconf 87' lang='lat' dir='ltr'><strong>Christi</strong></span> <span class='ocrx_word' id='word_1_92' title='bbox 1277 1300 1342 1355; x_wconf 90' lang='lat' dir='ltr'><strong>de</strong></span> <span class='ocrx_word' id='word_1_93' title='bbox 1355 1300 1652 1370; x_wconf 89' lang='lat' dir='ltr'><strong>apostolatu</strong></span> <span class='ocrx_word' id='word_1_94' title='bbox 1674 1301 2055 1370; x_wconf 70' lang='lat' dir='ltr'><strong>prmcipitasti;</strong></span> 
     </span>
    </p>
   </div>
   <div class='ocr_carea' id='block_1_15' title="bbox 497 1390 2055 1460">
    <p class='ocr_par' dir='ltr' id='par_1_15' title="bbox 497 1390 2055 1460">
     <span class='ocr_line' id='line_1_15' title="bbox 497 1390 2055 1460; baseline 0.001 -18"><span class='ocrx_word' id='word_1_95' title='bbox 497 1397 552 1442; x_wconf 91' lang='lat' dir='ltr'><strong>tu</strong></span> <span class='ocrx_word' id='word_1_96' title='bbox 576 1390 795 1443; x_wconf 77' lang='lat' dir='ltr'><strong>militem</strong></span> <span class='ocrx_word' id='word_1_97' title='bbox 822 1391 1094 1445; x_wconf 84' lang='lat' dir='ltr'><strong>custodem</strong></span> <span class='ocrx_word' id='word_1_98' title='bbox 1125 1390 1351 1459; x_wconf 88' lang='lat' dir='ltr'><strong>sepulcri</strong></span> <span class='ocrx_word' id='word_1_99' title='bbox 1390 1390 1692 1460; x_wconf 86' lang='lat' dir='ltr'><strong>captivasti,</strong></span> <span class='ocrx_word' id='word_1_100' title='bbox 1729 1398 1785 1445; x_wconf 87' lang='lat' dir='ltr'><strong>et</strong></span> <span class='ocrx_word' id='word_1_101' title='bbox 1819 1406 2055 1445; x_wconf 89' lang='lat' dir='ltr'><strong>errorem</strong></span> 
     </span>
    </p>
   </div>
   <div class='ocr_carea' id='block_1_16' title="bbox 499 1462 2059 1553">
    <p class='ocr_par' dir='ltr' id='par_1_16' title="bbox 499 1462 2059 1553">
     <span class='ocr_line' id='line_1_16' title="bbox 499 1462 2059 1553; baseline 0.003 -20"><span class='ocrx_word' id='word_1_102' title='bbox 499 1481 882 1550; x_wconf 87' lang='lat' dir='ltr'><strong>nequissimum</strong></span> <span class='ocrx_word' id='word_1_103' title='bbox 919 1482 1282 1546; x_wconf 82' lang='lat' dir='ltr'><strong>introduxisti,</strong></span> <span class='ocrx_word' id='word_1_104' title='bbox 1322 1462 1383 1537; x_wconf 50' lang='lat' dir='ltr'><strong>et:</strong></span> <span class='ocrx_word' id='word_1_105' title='bbox 1413 1490 1625 1553; x_wconf 78' lang='lat' dir='ltr'><strong>gentem</strong></span> <span class='ocrx_word' id='word_1_106' title='bbox 1666 1468 1961 1551; x_wconf 87' lang='lat' dir='ltr'><strong>antiquam,</strong></span> <span class='ocrx_word' id='word_1_107' title='bbox 2004 1489 2059 1537; x_wconf 86' lang='lat' dir='ltr'><strong>et</strong></span> 
     </span>
    </p>
   </div>
   <div class='ocr_carea' id='block_1_17' title="bbox 499 1562 2053 1641">
    <p class='ocr_par' dir='ltr' id='par_1_17' title="bbox 499 1562 2053 1641">
     <span class='ocr_line' id='line_1_17' title="bbox 499 1562 2053 1641; baseline 0.001 -18"><span class='ocrx_word' id='word_1_108' title='bbox 499 1572 763 1639; x_wconf 84' lang='lat' dir='ltr'><strong>quondam</strong></span> <span class='ocrx_word' id='word_1_109' title='bbox 788 1562 1169 1625; x_wconf 85' lang='lat' dir='ltr'><strong>nobilissimam</strong></span> <span class='ocrx_word' id='word_1_110' title='bbox 1200 1573 1480 1626; x_wconf 86' lang='lat' dir='ltr'><strong>seduxisti.</strong></span> <span class='ocrx_word' id='word_1_111' title='bbox 1515 1572 1665 1627; x_wconf 88' lang='lat' dir='ltr'><strong>Unde</strong></span> <span class='ocrx_word' id='word_1_112' title='bbox 1692 1580 1746 1626; x_wconf 91' lang='lat' dir='ltr'><strong>et</strong></span> <span class='ocrx_word' id='word_1_113' title='bbox 1772 1573 2012 1641; x_wconf 82' lang='lat' dir='ltr'><strong>sequitur</strong></span> <span class='ocrx_word' id='word_1_114' title='bbox 2040 1591 2053 1625; x_wconf 90' lang='lat'><strong><em>:</em></strong></span> 
     </span>
    </p>
   </div>
   <div class='ocr_carea' id='block_1_18' title="bbox 564 1660 2054 1732">
    <p class='ocr_par' dir='ltr' id='par_1_18' title="bbox 564 1660 2054 1732">
     <span class='ocr_line' id='line_1_18' title="bbox 564 1660 2054 1732; baseline 0.001 -18"><span class='ocrx_word' id='word_1_115' title='bbox 564 1660 631 1715; x_wconf 87' lang='lat' dir='ltr'><strong>Et</strong></span> <span class='ocrx_word' id='word_1_116' title='bbox 654 1662 974 1732; x_wconf 77' lang='lat' dir='ltr'><strong>divulgatum</strong></span> <span class='ocrx_word' id='word_1_117' title='bbox 1002 1672 1073 1716; x_wconf 89' lang='lat' dir='ltr'><strong>est</strong></span> <span class='ocrx_word' id='word_1_118' title='bbox 1098 1663 1305 1716; x_wconf 86' lang='lat' dir='ltr'><strong>verbum</strong></span> <span class='ocrx_word' id='word_1_119' title='bbox 1326 1664 1465 1717; x_wconf 89' lang='lat' dir='ltr'><strong>istud</strong></span> <span class='ocrx_word' id='word_1_120' title='bbox 1491 1663 1630 1732; x_wconf 85' lang='lat' dir='ltr'><strong>apud</strong></span> <span class='ocrx_word' id='word_1_121' title='bbox 1654 1662 1871 1716; x_wconf 75' lang='lat' dir='ltr'><strong>Judreos</strong></span> <span class='ocrx_word' id='word_1_122' title='bbox 1895 1678 2054 1732; x_wconf 85' lang='lat' dir='ltr'><strong>usque</strong></span> 
     </span>
    </p>
   </div>
   <div class='ocr_carea' id='block_1_19' title="bbox 2162 488 3738 562">
    <p class='ocr_par' dir='ltr' id='par_1_19' title="bbox 2162 488 3738 562">
     <span class='ocr_line' id='line_1_19' title="bbox 2162 488 3738 562; baseline 0.003 -21"><span class='ocrx_word' id='word_1_123' title='bbox 2162 498 2418 543; x_wconf 79' lang='lat' dir='ltr'><strong>laverunt.</strong></span> <span class='ocrx_word' id='word_1_124' title='bbox 2449 488 2504 544; x_wconf 89' lang='lat' dir='ltr'><strong>Si</strong></span> <span class='ocrx_word' id='word_1_125' title='bbox 2528 490 2817 559; x_wconf 72' lang='lat' dir='ltr'><strong>qumrimus</strong></span> <span class='ocrx_word' id='word_1_126' title='bbox 2836 489 2975 541; x_wconf 90' lang='lat' dir='ltr'><strong>unde</strong></span> <span class='ocrx_word' id='word_1_127' title='bbox 2996 488 3396 556; x_wconf 87' lang='lat' dir='ltr'><strong>dubitaverunt,</strong></span> <span class='ocrx_word' id='word_1_128' title='bbox 3421 508 3511 562; x_wconf 85' lang='lat' dir='ltr'><strong>qui</strong></span> <span class='ocrx_word' id='word_1_129' title='bbox 3542 494 3738 547; x_wconf 82' lang='lat' dir='ltr'><strong>viden—</strong></span> 
     </span>
    </p>
   </div>
   <div class='ocr_carea' id='block_1_20' title="bbox 2162 580 3736 653">
    <p class='ocr_par' dir='ltr' id='par_1_20' title="bbox 2162 580 3736 653">
     <span class='ocr_line' id='line_1_20' title="bbox 2162 580 3736 653; baseline 0.002 -19"><span class='ocrx_word' id='word_1_130' title='bbox 2162 589 2242 634; x_wconf 90' lang='lat' dir='ltr'><strong>tes</strong></span> <span class='ocrx_word' id='word_1_131' title='bbox 2271 580 2555 634; x_wconf 91' lang='lat' dir='ltr'><strong>Dominum</strong></span> <span class='ocrx_word' id='word_1_132' title='bbox 2592 580 2975 649; x_wconf 86' lang='lat' dir='ltr'><strong>adoraverunt,</strong></span> <span class='ocrx_word' id='word_1_133' title='bbox 3031 583 3172 636; x_wconf 90' lang='lat' dir='ltr'><strong>nulla</strong></span> <span class='ocrx_word' id='word_1_134' title='bbox 3224 586 3392 653; x_wconf 88' lang='lat' dir='ltr'><strong>magis</strong></span> <span class='ocrx_word' id='word_1_135' title='bbox 3423 600 3593 639; x_wconf 83' lang='lat' dir='ltr'><strong>causa</strong></span> <span class='ocrx_word' id='word_1_136' title='bbox 3642 599 3736 637; x_wconf 80' lang='lat' dir='ltr'><strong>oc-</strong></span> 
     </span>
    </p>
   </div>
   <div class='ocr_carea' id='block_1_21' title="bbox 2159 670 3736 742">
    <p class='ocr_par' dir='ltr' id='par_1_21' title="bbox 2159 670 3736 742">
     <span class='ocr_line' id='line_1_21' title="bbox 2159 670 3736 742; baseline 0.003 -19"><span class='ocrx_word' id='word_1_137' title='bbox 2159 670 2358 732; x_wconf 84' lang='lat' dir='ltr'><strong>currit,</strong></span> <span class='ocrx_word' id='word_1_138' title='bbox 2398 684 2559 737; x_wconf 89' lang='lat' dir='ltr'><strong>quam</strong></span> <span class='ocrx_word' id='word_1_139' title='bbox 2606 684 2669 723; x_wconf 89' lang='lat' dir='ltr'><strong>ea</strong></span> <span class='ocrx_word' id='word_1_140' title='bbox 2698 670 2848 738; x_wconf 85' lang='lat' dir='ltr'><strong>cujus</strong></span> <span class='ocrx_word' id='word_1_141' title='bbox 2893 672 3064 726; x_wconf 87' lang='lat' dir='ltr'><strong>Lucas</strong></span> <span class='ocrx_word' id='word_1_142' title='bbox 3114 674 3379 735; x_wconf 85' lang='lat' dir='ltr'><strong>meminit,</strong></span> <span class='ocrx_word' id='word_1_143' title='bbox 3426 690 3552 727; x_wconf 90' lang='lat' dir='ltr'><strong>cum</strong></span> <span class='ocrx_word' id='word_1_144' title='bbox 3616 673 3736 742; x_wconf 81' lang='lat' dir='ltr'><strong>ipso</strong></span> 
     </span>
    </p>
   </div>
   <div class='ocr_carea' id='block_1_22' title="bbox 2159 761 3736 833">
    <p class='ocr_par' dir='ltr' id='par_1_22' title="bbox 2159 761 3736 833">
     <span class='ocr_line' id='line_1_22' title="bbox 2159 761 3736 833; baseline 0.001 -19"><span class='ocrx_word' id='word_1_145' title='bbox 2159 761 2564 815; x_wconf 87' lang='lat' dir='ltr'><strong>resurrectionis</strong></span> <span class='ocrx_word' id='word_1_146' title='bbox 2586 776 2694 815; x_wconf 68' lang='lat' dir='ltr'><strong>suae</strong></span> <span class='ocrx_word' id='word_1_147' title='bbox 2715 763 2799 816; x_wconf 91' lang='lat' dir='ltr'><strong>die</strong></span> <span class='ocrx_word' id='word_1_148' title='bbox 2820 762 3089 833; x_wconf 86' lang='lat' dir='ltr'><strong>discipulis</strong></span> <span class='ocrx_word' id='word_1_149' title='bbox 3117 778 3236 817; x_wconf 82' lang='lat' dir='ltr'><strong>eum</strong></span> <span class='ocrx_word' id='word_1_150' title='bbox 3259 766 3574 831; x_wconf 84' lang='lat' dir='ltr'><strong>apparuisse</strong></span> <span class='ocrx_word' id='word_1_151' title='bbox 3602 777 3736 817; x_wconf 76' lang='lat' dir='ltr'><strong>nar-</strong></span> 
     </span>
    </p>
   </div>
   <div class='ocr_carea' id='block_1_23' title="bbox 2160 847 3731 920">
    <p class='ocr_par' dir='ltr' id='par_1_23' title="bbox 2160 847 3731 920">
     <span class='ocr_line' id='line_1_23' title="bbox 2160 847 3731 920; baseline 0.001 -19"><span class='ocrx_word' id='word_1_152' title='bbox 2160 859 2272 902; x_wconf 87' lang='lat' dir='ltr'><strong>rat:</strong></span> <span class='ocrx_word' id='word_1_153' title='bbox 2322 847 2629 903; x_wconf 80' lang='lat' dir='ltr'><strong>Conturbati</strong></span> <span class='ocrx_word' id='word_1_154' title='bbox 2658 866 2795 915; x_wconf 80' lang='lat' dir='ltr'><strong>vero,</strong></span> <span class='ocrx_word' id='word_1_155' title='bbox 2844 851 3038 920; x_wconf 87' lang='lat' dir='ltr'><strong>inquit,</strong></span> <span class='ocrx_word' id='word_1_156' title='bbox 3069 862 3117 906; x_wconf 88' lang='lat' dir='ltr'><strong>et</strong></span> <span class='ocrx_word' id='word_1_157' title='bbox 3145 853 3412 905; x_wconf 77' lang='lat' dir='ltr'><strong>conterriti</strong></span> <span class='ocrx_word' id='word_1_158' title='bbox 3456 853 3731 906; x_wconf 67' lang='lat' dir='ltr'><strong>existima.</strong></span> 
     </span>
    </p>
   </div>
   <div class='ocr_carea' id='block_1_24' title="bbox 2159 937 3737 1012">
    <p class='ocr_par' dir='ltr' id='par_1_24' title="bbox 2159 937 3737 1012">
     <span class='ocr_line' id='line_1_24' title="bbox 2159 937 3737 1012; baseline 0.003 -22"><span class='ocrx_word' id='word_1_159' title='bbox 2159 937 2281 990; x_wconf 86' lang='lat' dir='ltr'><strong>bant</strong></span> <span class='ocrx_word' id='word_1_160' title='bbox 2319 954 2373 991; x_wconf 90' lang='lat' dir='ltr'><strong>se</strong></span> <span class='ocrx_word' id='word_1_161' title='bbox 2418 939 2657 1007; x_wconf 75' lang='lat' dir='ltr'><strong>spiritum</strong></span> <span class='ocrx_word' id='word_1_162' title='bbox 2709 939 2896 994; x_wconf 77' lang='lat' dir='ltr'><strong>videre.</strong></span> <span class='ocrx_word' id='word_1_163' title='bbox 2959 939 3213 995; x_wconf 84' lang='lat' dir='ltr'><strong>Videntes</strong></span> <span class='ocrx_word' id='word_1_164' title='bbox 3252 957 3383 1012; x_wconf 85' lang='lat' dir='ltr'><strong>ergo</strong></span> <span class='ocrx_word' id='word_1_165' title='bbox 3432 941 3737 995; x_wconf 73' lang='lat' dir='ltr'><strong>Dominum</strong></span> 
     </span>
    </p>
   </div>
   <div class='ocr_carea' id='block_1_25' title="bbox 2158 1028 3733 1105">
    <p class='ocr_par' dir='ltr' id='par_1_25' title="bbox 2158 1028 3733 1105">
     <span class='ocr_line' id='line_1_25' title="bbox 2158 1028 3733 1105; baseline 0.004 -26"><span class='ocrx_word' id='word_1_166' title='bbox 2158 1035 2503 1096; x_wconf 84' lang='lat' dir='ltr'><strong>cognoscunt.</strong></span> <span class='ocrx_word' id='word_1_167' title='bbox 2548 1028 2614 1082; x_wconf 89' lang='lat' dir='ltr'><strong>Et</strong></span> <span class='ocrx_word' id='word_1_168' title='bbox 2654 1029 2777 1099; x_wconf 88' lang='lat' dir='ltr'><strong>quia</strong></span> <span class='ocrx_word' id='word_1_169' title='bbox 2818 1030 2959 1083; x_wconf 89' lang='lat' dir='ltr'><strong>hunc</strong></span> <span class='ocrx_word' id='word_1_170' title='bbox 3010 1046 3130 1086; x_wconf 89' lang='lat' dir='ltr'><strong>esse</strong></span> <span class='ocrx_word' id='word_1_171' title='bbox 3182 1030 3349 1105; x_wconf 86' lang='lat' dir='ltr'><strong>Deum</strong></span> <span class='ocrx_word' id='word_1_172' title='bbox 3396 1031 3733 1097; x_wconf 72' lang='lat' dir='ltr'><strong>didicerat,</strong></span> 
     </span>
    </p>
   </div>
   <div class='ocr_carea' id='block_1_26' title="bbox 2158 1113 3733 1173">
    <p class='ocr_par' dir='ltr' id='par_1_26' title="bbox 2158 1113 3733 1173">
     <span class='ocr_line' id='line_1_26' title="bbox 2158 1113 3733 1173; baseline 0.004 -7"><span class='ocrx_word' id='word_1_173' title='bbox 2158 1113 2391 1168; x_wconf 87' lang='lat' dir='ltr'><strong>dimissis</strong></span> <span class='ocrx_word' id='word_1_174' title='bbox 2438 1114 2493 1168; x_wconf 90' lang='lat' dir='ltr'><strong>in</strong></span> <span class='ocrx_word' id='word_1_175' title='bbox 2542 1124 2736 1171; x_wconf 88' lang='lat' dir='ltr'><strong>terram</strong></span> <span class='ocrx_word' id='word_1_176' title='bbox 2795 1117 3030 1172; x_wconf 81' lang='lat' dir='ltr'><strong>vultibus</strong></span> <span class='ocrx_word' id='word_1_177' title='bbox 3080 1118 3325 1173; x_wconf 87' lang='lat' dir='ltr'><strong>adorant.</strong></span> <span class='ocrx_word' id='word_1_178' title='bbox 3378 1118 3484 1173; x_wconf 86' lang='lat' dir='ltr'><strong>Sed</strong></span> <span class='ocrx_word' id='word_1_179' title='bbox 3548 1119 3733 1173; x_wconf 80' lang='lat' dir='ltr'><strong>inerat</strong></span> 
     </span>
    </p>
   </div>
   <div class='ocr_carea' id='block_1_27' title="bbox 2158 1203 3731 1276">
    <p class='ocr_par' dir='ltr' id='par_1_27' title="bbox 2158 1203 3731 1276">
     <span class='ocr_line' id='line_1_27' title="bbox 2158 1203 3731 1276; baseline 0.004 -21"><span class='ocrx_word' id='word_1_180' title='bbox 2158 1203 2424 1257; x_wconf 87' lang='lat' dir='ltr'><strong>mentibus</strong></span> <span class='ocrx_word' id='word_1_181' title='bbox 2462 1218 2647 1258; x_wconf 89' lang='lat' dir='ltr'><strong>eorum</strong></span> <span class='ocrx_word' id='word_1_182' title='bbox 2695 1220 2799 1260; x_wconf 90' lang='lat' dir='ltr'><strong>non</strong></span> <span class='ocrx_word' id='word_1_183' title='bbox 2841 1208 3231 1262; x_wconf 88' lang='lat' dir='ltr'><strong>contemnenda</strong></span> <span class='ocrx_word' id='word_1_184' title='bbox 3279 1208 3545 1272; x_wconf 76' lang='lat' dir='ltr'><strong>dubietas;</strong></span> <span class='ocrx_word' id='word_1_185' title='bbox 3594 1209 3731 1276; x_wconf 84' lang='lat' dir='ltr'><strong>quia</strong></span> 
     </span>
    </p>
   </div>
   <div class='ocr_carea' id='block_1_28' title="bbox 2158 1295 3730 1364">
    <p class='ocr_par' dir='ltr' id='par_1_28' title="bbox 2158 1295 3730 1364">
     <span class='ocr_line' id='line_1_28' title="bbox 2158 1295 3730 1364; baseline 0.004 -18"><span class='ocrx_word' id='word_1_186' title='bbox 2158 1307 2216 1346; x_wconf 88' lang='lat' dir='ltr'><strong>se</strong></span> <span class='ocrx_word' id='word_1_187' title='bbox 2254 1307 2359 1347; x_wconf 90' lang='lat' dir='ltr'><strong>non</strong></span> <span class='ocrx_word' id='word_1_188' title='bbox 2388 1305 2583 1362; x_wconf 88' lang='lat' dir='ltr'><strong>corpus</strong></span> <span class='ocrx_word' id='word_1_189' title='bbox 2610 1295 2667 1348; x_wconf 91' lang='lat' dir='ltr'><strong>in</strong></span> <span class='ocrx_word' id='word_1_190' title='bbox 2702 1310 2807 1364; x_wconf 91' lang='lat' dir='ltr'><strong>quo</strong></span> <span class='ocrx_word' id='word_1_191' title='bbox 2835 1310 3026 1364; x_wconf 89' lang='lat' dir='ltr'><strong>passus</strong></span> <span class='ocrx_word' id='word_1_192' title='bbox 3054 1306 3136 1351; x_wconf 88' lang='lat' dir='ltr'><strong>est</strong></span> <span class='ocrx_word' id='word_1_193' title='bbox 3178 1299 3577 1362; x_wconf 84' lang='lat' dir='ltr'><strong>resuscitatum,</strong></span> <span class='ocrx_word' id='word_1_194' title='bbox 3631 1297 3730 1352; x_wconf 80' lang='lat' dir='ltr'><strong>sed</strong></span> 
     </span>
    </p>
   </div>
   <div class='ocr_carea' id='block_1_29' title="bbox 2156 1381 3731 1453">
    <p class='ocr_par' dir='ltr' id='par_1_29' title="bbox 2156 1381 3731 1453">
     <span class='ocr_line' id='line_1_29' title="bbox 2156 1381 3731 1453; baseline 0.004 -19"><span class='ocrx_word' id='word_1_195' title='bbox 2156 1381 2401 1450; x_wconf 90' lang='lat' dir='ltr'><strong>spiritum</strong></span> <span class='ocrx_word' id='word_1_196' title='bbox 2431 1397 2589 1451; x_wconf 90' lang='lat' dir='ltr'><strong>quem</strong></span> <span class='ocrx_word' id='word_1_197' title='bbox 2616 1384 2761 1437; x_wconf 88' lang='lat' dir='ltr'><strong>ﬁnita</strong></span> <span class='ocrx_word' id='word_1_198' title='bbox 2796 1384 3045 1453; x_wconf 85' lang='lat' dir='ltr'><strong>passione</strong></span> <span class='ocrx_word' id='word_1_199' title='bbox 3083 1386 3302 1440; x_wconf 87' lang='lat' dir='ltr'><strong>tradidit</strong></span> <span class='ocrx_word' id='word_1_200' title='bbox 3339 1385 3511 1440; x_wconf 89' lang='lat' dir='ltr'><strong>solum</strong></span> <span class='ocrx_word' id='word_1_201' title='bbox 3542 1386 3731 1440; x_wconf 77' lang='lat' dir='ltr'><strong>videre</strong></span> 
     </span>
    </p>
   </div>
   <div class='ocr_carea' id='block_1_30' title="bbox 2155 1472 3726 1547">
    <p class='ocr_par' dir='ltr' id='par_1_30' title="bbox 2155 1472 3726 1547">
     <span class='ocr_line' id='line_1_30' title="bbox 2155 1472 3726 1547; baseline 0.003 -23"><span class='ocrx_word' id='word_1_202' title='bbox 2155 1472 2432 1541; x_wconf 87' lang='lat' dir='ltr'><strong>putabant.</strong></span> <span class='ocrx_word' id='word_1_203' title='bbox 2482 1472 2632 1529; x_wconf 89' lang='lat' dir='ltr'><strong>Unde</strong></span> <span class='ocrx_word' id='word_1_204' title='bbox 2654 1473 2933 1529; x_wconf 82' lang='lat' dir='ltr'><strong>confestim</strong></span> <span class='ocrx_word' id='word_1_205' title='bbox 2966 1476 3221 1547; x_wconf 76' lang='lat' dir='ltr'><strong>magister</strong></span> <span class='ocrx_word' id='word_1_206' title='bbox 3246 1476 3380 1545; x_wconf 89' lang='lat' dir='ltr'><strong>pius,</strong></span> <span class='ocrx_word' id='word_1_207' title='bbox 3426 1485 3479 1530; x_wconf 89' lang='lat' dir='ltr'><strong>et</strong></span> <span class='ocrx_word' id='word_1_208' title='bbox 3505 1491 3600 1530; x_wconf 84' lang='lat' dir='ltr'><strong>eos</strong></span> <span class='ocrx_word' id='word_1_209' title='bbox 3630 1476 3726 1545; x_wconf 88' lang='lat' dir='ltr'><strong>qui</strong></span> 
     </span>
    </p>
   </div>
   <div class='ocr_carea' id='block_1_31' title="bbox 2149 1561 3726 1638">
    <p class='ocr_par' dir='ltr' id='par_1_31' title="bbox 2149 1561 3726 1638">
     <span class='ocr_line' id='line_1_31' title="bbox 2149 1561 3726 1638; baseline 0.006 -24"><span class='ocrx_word' id='word_1_210' title='bbox 2149 1561 2259 1631; x_wconf 82' lang='lat' dir='ltr'><strong>jam</strong></span> <span class='ocrx_word' id='word_1_211' title='bbox 2287 1563 2628 1619; x_wconf 89' lang='lat' dir='ltr'><strong>crediderunt</strong></span> <span class='ocrx_word' id='word_1_212' title='bbox 2656 1566 2708 1619; x_wconf 91' lang='lat' dir='ltr'><strong>in</strong></span> <span class='ocrx_word' id='word_1_213' title='bbox 2747 1564 2850 1620; x_wconf 87' lang='lat' dir='ltr'><strong>ﬁde</strong></span> <span class='ocrx_word' id='word_1_214' title='bbox 2875 1566 3161 1632; x_wconf 83' lang='lat' dir='ltr'><strong>confortat,</strong></span> <span class='ocrx_word' id='word_1_215' title='bbox 3197 1576 3252 1621; x_wconf 91' lang='lat' dir='ltr'><strong>et</strong></span> <span class='ocrx_word' id='word_1_216' title='bbox 3277 1568 3393 1622; x_wconf 86' lang='lat' dir='ltr'><strong>illos</strong></span> <span class='ocrx_word' id='word_1_217' title='bbox 3415 1570 3511 1638; x_wconf 77' lang='lat' dir='ltr'><strong>qui</strong></span> <span class='ocrx_word' id='word_1_218' title='bbox 3541 1568 3726 1623; x_wconf 78' lang='lat' dir='ltr'><strong>adhuc</strong></span> 
     </span>
    </p>
   </div>
   <div class='ocr_carea' id='block_1_32' title="bbox 2156 1651 3719 1726">
    <p class='ocr_par' dir='ltr' id='par_1_32' title="bbox 2156 1651 3719 1726">
     <span class='ocr_line' id='line_1_32' title="bbox 2156 1651 3719 1726; baseline 0.004 -21"><span class='ocrx_word' id='word_1_219' title='bbox 2156 1651 2529 1706; x_wconf 88' lang='lat' dir='ltr'><strong>dulutaverunt</strong></span> <span class='ocrx_word' id='word_1_220' title='bbox 2574 1654 2638 1709; x_wconf 89' lang='lat' dir='ltr'><strong>ad</strong></span> <span class='ocrx_word' id='word_1_221' title='bbox 2694 1654 2813 1709; x_wconf 80' lang='lat' dir='ltr'><strong>fidei</strong></span> <span class='ocrx_word' id='word_1_222' title='bbox 2857 1657 3083 1726; x_wconf 79' lang='lat' dir='ltr'><strong>gratiam</strong></span> <span class='ocrx_word' id='word_1_223' title='bbox 3137 1668 3415 1723; x_wconf 84' lang='lat' dir='ltr'><strong>convocat,</strong></span> <span class='ocrx_word' id='word_1_224' title='bbox 3461 1660 3719 1712; x_wconf 77' lang='lat' dir='ltr'><strong>omnibus</strong></span> 
     </span>
    </p>
   </div>
   <div class='ocr_carea' id='block_1_33' title="bbox 491 1737 3718 1822">
    <p class='ocr_par' dir='ltr' id='par_1_33' title="bbox 491 1737 3718 1822">
     <span class='ocr_line' id='line_1_33' title="bbox 491 1737 3718 1822; baseline 0.005 -36"><span class='ocrx_word' id='word_1_225' title='bbox 491 1753 547 1806; x_wconf 64' lang='grc' dir='ltr'><strong>δη</strong></span> <span class='ocrx_word' id='word_1_226' title='bbox 579 1753 883 1806; x_wconf 60' lang='grc' dir='ltr'><strong>ιιοάεεγηηηι</strong></span> <span class='ocrx_word' id='word_1_227' title='bbox 900 1753 1055 1806; x_wconf 52' lang='lat' dir='ltr'><strong>diem.</strong></span> <span class='ocrx_word' id='word_1_228' title='bbox 1107 1752 1372 1807; x_wconf 51' lang='lat' dir='ltr'><strong>Hactenus</strong></span> <span class='ocrx_word' id='word_1_229' title='bbox 1399 1754 1612 1822; x_wconf 67' lang='lat' dir='ltr'><strong>quidem</strong></span> <span class='ocrx_word' id='word_1_230' title='bbox 1638 1769 1790 1807; x_wconf 64' lang='lat' dir='ltr'><strong>error</strong></span> <span class='ocrx_word' id='word_1_231' title='bbox 1814 1754 1915 1807; x_wconf 53' lang='lat' dir='ltr'><strong>iste</strong></span> <span class='ocrx_word' id='word_1_232' title='bbox 1936 1770 2059 1813; x_wconf 65' lang='lat' dir='ltr'><strong>ma-</strong></span> <span class='ocrx_word' id='word_1_233' title='bbox 2088 1737 2130 1794; x_wconf 83' lang='grc' dir='ltr'><strong>Β</strong></span> <span class='ocrx_word' id='word_1_234' title='bbox 2159 1742 2360 1797; x_wconf 90' lang='lat' dir='ltr'><strong>scilicet</strong></span> <span class='ocrx_word' id='word_1_235' title='bbox 2388 1744 2638 1798; x_wconf 88' lang='lat' dir='ltr'><strong>intimans</strong></span> <span class='ocrx_word' id='word_1_236' title='bbox 2665 1746 2730 1799; x_wconf 88' lang='lat' dir='ltr'><strong>ad</strong></span> <span class='ocrx_word' id='word_1_237' title='bbox 2757 1754 3009 1815; x_wconf 88' lang='lat' dir='ltr'><strong>quantam</strong></span> <span class='ocrx_word' id='word_1_238' title='bbox 3049 1748 3233 1818; x_wconf 63' lang='lat' dir='ltr'><strong>gloriae</strong></span> <span class='ocrx_word' id='word_1_239' title='bbox 3267 1748 3718 1820; x_wconf 85' lang='lat' dir='ltr'><strong>magniﬁcentiam</strong></span> 
     </span>
    </p>
   </div>
   <div class='ocr_carea' id='block_1_34' title="bbox 492 1846 2053 1919">
    <p class='ocr_par' dir='ltr' id='par_1_34' title="bbox 492 1846 2053 1919">
     <span class='ocr_line' id='line_1_34' title="bbox 492 1846 2053 1919; baseline 0.002 -20"><span class='ocrx_word' id='word_1_240' title='bbox 492 1856 584 1901; x_wconf 86' lang='lat' dir='ltr'><strong>net</strong></span> <span class='ocrx_word' id='word_1_241' title='bbox 608 1850 745 1917; x_wconf 83' lang='lat' dir='ltr'><strong>apud</strong></span> <span class='ocrx_word' id='word_1_242' title='bbox 772 1846 1001 1903; x_wconf 66' lang='lat' dir='ltr'><strong>Juiimos.</strong></span> <span class='ocrx_word' id='word_1_243' title='bbox 1033 1850 1096 1902; x_wconf 83' lang='lat' dir='ltr'><strong>Et</strong></span> <span class='ocrx_word' id='word_1_244' title='bbox 1120 1851 1257 1903; x_wconf 84' lang='lat' dir='ltr'><strong>sicut</strong></span> <span class='ocrx_word' id='word_1_245' title='bbox 1284 1850 1506 1918; x_wconf 82' lang='lat' dir='ltr'><strong>sanguis</strong></span> <span class='ocrx_word' id='word_1_246' title='bbox 1535 1858 1737 1914; x_wconf 85' lang='lat' dir='ltr'><strong>reatus,</strong></span> <span class='ocrx_word' id='word_1_247' title='bbox 1769 1865 1926 1919; x_wconf 89' lang='lat' dir='ltr'><strong>quem</strong></span> <span class='ocrx_word' id='word_1_248' title='bbox 1954 1849 2053 1904; x_wconf 89' lang='lat' dir='ltr'><strong>sibi</strong></span> 
     </span>
    </p>
   </div>
   <div class='ocr_carea' id='block_1_35' title="bbox 493 1938 2054 2010">
    <p class='ocr_par' dir='ltr' id='par_1_35' title="bbox 493 1938 2054 2010">
     <span class='ocr_line' id='line_1_35' title="bbox 493 1938 2054 2010; baseline 0.003 -20"><span class='ocrx_word' id='word_1_249' title='bbox 493 1938 823 2005; x_wconf 82' lang='lat' dir='ltr'><strong>posterisque</strong></span> <span class='ocrx_word' id='word_1_250' title='bbox 871 1938 983 1992; x_wconf 86' lang='lat' dir='ltr'><strong>suis</strong></span> <span class='ocrx_word' id='word_1_251' title='bbox 1030 1939 1126 2008; x_wconf 90' lang='lat' dir='ltr'><strong>ipsi</strong></span> <span class='ocrx_word' id='word_1_252' title='bbox 1157 1940 1610 2009; x_wconf 84' lang='lat' dir='ltr'><strong>imprecabantur,</strong></span> <span class='ocrx_word' id='word_1_253' title='bbox 1659 1941 1809 2010; x_wconf 80' lang='lat' dir='ltr'><strong>gravi</strong></span> <span class='ocrx_word' id='word_1_254' title='bbox 1846 1941 2054 1994; x_wconf 89' lang='lat' dir='ltr'><strong>sarcina</strong></span> 
     </span>
    </p>
   </div>
   <div class='ocr_carea' id='block_1_36' title="bbox 490 2029 2058 2103">
    <p class='ocr_par' dir='ltr' id='par_1_36' title="bbox 490 2029 2058 2103">
     <span class='ocr_line' id='line_1_36' title="bbox 490 2029 2058 2103; baseline 0.005 -24"><span class='ocrx_word' id='word_1_255' title='bbox 490 2035 830 2095; x_wconf 87' lang='lat' dir='ltr'><strong>peccatorum</strong></span> <span class='ocrx_word' id='word_1_256' title='bbox 878 2029 994 2084; x_wconf 91' lang='lat' dir='ltr'><strong>illos</strong></span> <span class='ocrx_word' id='word_1_257' title='bbox 1024 2034 1238 2099; x_wconf 81' lang='lat' dir='ltr'><strong>premit,</strong></span> <span class='ocrx_word' id='word_1_258' title='bbox 1269 2032 1339 2084; x_wconf 88' lang='lat' dir='ltr'><strong>ita</strong></span> <span class='ocrx_word' id='word_1_259' title='bbox 1379 2033 1578 2100; x_wconf 90' lang='lat' dir='ltr'><strong>emptio</strong></span> <span class='ocrx_word' id='word_1_260' title='bbox 1630 2033 1915 2097; x_wconf 85' lang='lat' dir='ltr'><strong>mendacii,</strong></span> <span class='ocrx_word' id='word_1_261' title='bbox 1959 2049 2058 2103; x_wconf 89' lang='lat' dir='ltr'><strong>per</strong></span> 
     </span>
    </p>
   </div>
   <div class='ocr_carea' id='block_1_37' title="bbox 488 2116 2057 2189">
    <p class='ocr_par' dir='ltr' id='par_1_37' title="bbox 488 2116 2057 2189">
     <span class='ocr_line' id='line_1_37' title="bbox 488 2116 2057 2189; baseline 0.007 -23"><span class='ocrx_word' id='word_1_262' title='bbox 488 2116 630 2185; x_wconf 88' lang='lat' dir='ltr'><strong>quod</strong></span> <span class='ocrx_word' id='word_1_263' title='bbox 654 2118 1063 2172; x_wconf 87' lang='lat' dir='ltr'><strong>resurrectionis</strong></span> <span class='ocrx_word' id='word_1_264' title='bbox 1099 2117 1363 2189; x_wconf 83' lang='lat' dir='ltr'><strong>denegant</strong></span> <span class='ocrx_word' id='word_1_265' title='bbox 1407 2120 1706 2184; x_wconf 85' lang='lat' dir='ltr'><strong>veritatem,</strong></span> <span class='ocrx_word' id='word_1_266' title='bbox 1762 2129 1913 2176; x_wconf 88' lang='lat' dir='ltr'><strong>reatu</strong></span> <span class='ocrx_word' id='word_1_267' title='bbox 1958 2137 2057 2185; x_wconf 84' lang='lat' dir='ltr'><strong>eos</strong></span> 
     </span>
    </p>
   </div>
   <div class='ocr_carea' id='block_1_38' title="bbox 488 2206 2055 2277">
    <p class='ocr_par' dir='ltr' id='par_1_38' title="bbox 488 2206 2055 2277">
     <span class='ocr_line' id='line_1_38' title="bbox 488 2206 2055 2277; baseline 0.005 -19"><span class='ocrx_word' id='word_1_268' title='bbox 488 2206 807 2274; x_wconf 79' lang='lat' dir='ltr'><strong>constringit</strong></span> <span class='ocrx_word' id='word_1_269' title='bbox 845 2217 1115 2276; x_wconf 85' lang='lat' dir='ltr'><strong>perpetuo,</strong></span> <span class='ocrx_word' id='word_1_270' title='bbox 1167 2216 1477 2277; x_wconf 89' lang='lat' dir='ltr'><strong>respuentes</strong></span> <span class='ocrx_word' id='word_1_271' title='bbox 1523 2210 1807 2265; x_wconf 84' lang='lat' dir='ltr'><strong>Christum</strong></span> <span class='ocrx_word' id='word_1_272' title='bbox 1858 2220 1913 2265; x_wconf 90' lang='lat' dir='ltr'><strong>et</strong></span> <span class='ocrx_word' id='word_1_273' title='bbox 1959 2227 2055 2265; x_wconf 78' lang='lat' dir='ltr'><strong>ex—</strong></span> 
     </span>
    </p>
   </div>
   <div class='ocr_carea' id='block_1_39' title="bbox 490 2297 2056 2369">
    <p class='ocr_par' dir='ltr' id='par_1_39' title="bbox 490 2297 2056 2369">
     <span class='ocr_line' id='line_1_39' title="bbox 490 2297 2056 2369; baseline 0.004 -20"><span class='ocrx_word' id='word_1_274' title='bbox 490 2304 794 2366; x_wconf 82' lang='lat' dir='ltr'><strong>spectantes</strong></span> <span class='ocrx_word' id='word_1_275' title='bbox 834 2297 1241 2362; x_wconf 80' lang='lat' dir='ltr'><strong>Anticbristum,</strong></span> <span class='ocrx_word' id='word_1_276' title='bbox 1271 2308 1329 2351; x_wconf 89' lang='lat' dir='ltr'><strong>ut</strong></span> <span class='ocrx_word' id='word_1_277' title='bbox 1356 2299 1447 2367; x_wconf 91' lang='lat' dir='ltr'><strong>qui</strong></span> <span class='ocrx_word' id='word_1_278' title='bbox 1476 2299 1565 2353; x_wconf 91' lang='lat' dir='ltr'><strong>vili</strong></span> <span class='ocrx_word' id='word_1_279' title='bbox 1591 2302 1763 2369; x_wconf 89' lang='lat' dir='ltr'><strong>pretio</strong></span> <span class='ocrx_word' id='word_1_280' title='bbox 1803 2302 2056 2356; x_wconf 89' lang='lat' dir='ltr'><strong>vendide-</strong></span> 
     </span>
    </p>
   </div>
   <div class='ocr_carea' id='block_1_40' title="bbox 490 2378 2065 2460">
    <p class='ocr_par' dir='ltr' id='par_1_40' title="bbox 490 2378 2065 2460">
     <span class='ocr_line' id='line_1_40' title="bbox 490 2378 2065 2460; baseline 0.005 -20"><span class='ocrx_word' id='word_1_281' title='bbox 490 2394 613 2440; x_wconf 90' lang='lat' dir='ltr'><strong>runt</strong></span> <span class='ocrx_word' id='word_1_282' title='bbox 635 2386 935 2452; x_wconf 84' lang='lat' dir='ltr'><strong>veritatem,</strong></span> <span class='ocrx_word' id='word_1_283' title='bbox 967 2388 1165 2443; x_wconf 88' lang='lat' dir='ltr'><strong>erroris</strong></span> <span class='ocrx_word' id='word_1_284' title='bbox 1212 2389 1266 2442; x_wconf 93' lang='lat' dir='ltr'><strong>in</strong></span> <span class='ocrx_word' id='word_1_285' title='bbox 1306 2390 1479 2459; x_wconf 88' lang='lat' dir='ltr'><strong>capite</strong></span> <span class='ocrx_word' id='word_1_286' title='bbox 1500 2405 1598 2445; x_wconf 90' lang='lat' dir='ltr'><strong>suo</strong></span> <span class='ocrx_word' id='word_1_287' title='bbox 1646 2378 2065 2460; x_wconf 33' lang='lat' dir='ltr'><strong>apprehendantl</strong></span> 
     </span>
    </p>
   </div>
   <div class='ocr_carea' id='block_1_41' title="bbox 491 2475 914 2532">
    <p class='ocr_par' dir='ltr' id='par_1_41' title="bbox 491 2475 914 2532">
     <span class='ocr_line' id='line_1_41' title="bbox 491 2475 914 2532; baseline 0.005 -4"><span class='ocrx_word' id='word_1_288' title='bbox 491 2475 914 2532; x_wconf 86' lang='lat' dir='ltr'><strong>universitatem.</strong></span> 
     </span>
    </p>
   </div>
   <div class='ocr_carea' id='block_1_42' title="bbox 562 2564 2055 2640">
    <p class='ocr_par' dir='ltr' id='par_1_42' title="bbox 562 2564 2055 2640">
     <span class='ocr_line' id='line_1_42' title="bbox 562 2564 2055 2640; baseline 0.004 -20"><span class='ocrx_word' id='word_1_289' title='bbox 562 2564 810 2621; x_wconf 83' lang='lat' dir='ltr'><strong>Undecim</strong></span> <span class='ocrx_word' id='word_1_290' title='bbox 838 2586 956 2623; x_wconf 83' lang='lat' dir='ltr'><strong>vero</strong></span> <span class='ocrx_word' id='word_1_291' title='bbox 997 2571 1241 2640; x_wconf 74' lang='lat' dir='ltr'><strong>discipuli</strong></span> <span class='ocrx_word' id='word_1_292' title='bbox 1261 2573 1315 2625; x_wconf 87' lang='lat' dir='ltr'><strong>in</strong></span> <span class='ocrx_word' id='word_1_293' title='bbox 1344 2568 1617 2627; x_wconf 79' lang='lat' dir='ltr'><strong>Galilteam</strong></span> <span class='ocrx_word' id='word_1_294' title='bbox 1668 2573 1903 2626; x_wconf 87' lang='lat' dir='ltr'><strong>abierunt</strong></span> <span class='ocrx_word' id='word_1_295' title='bbox 1930 2613 1945 2638; x_wconf 94' lang='lat'><strong>,</strong></span> <span class='ocrx_word' id='word_1_296' title='bbox 1999 2572 2055 2626; x_wconf 89' lang='lat' dir='ltr'><strong>in</strong></span> 
     </span>
    </p>
   </div>
   <div class='ocr_carea' id='block_1_43' title="bbox 486 2661 2055 2735">
    <p class='ocr_par' dir='ltr' id='par_1_43' title="bbox 486 2661 2055 2735">
     <span class='ocr_line' id='line_1_43' title="bbox 486 2661 2055 2735; baseline 0.003 -22"><span class='ocrx_word' id='word_1_297' title='bbox 486 2669 708 2713; x_wconf 81' lang='lat' dir='ltr'><strong>montem</strong></span> <span class='ocrx_word' id='word_1_298' title='bbox 732 2661 818 2714; x_wconf 78' lang='lat' dir='ltr'><strong>ubi</strong></span> <span class='ocrx_word' id='word_1_299' title='bbox 843 2663 1183 2716; x_wconf 75' lang='lat' dir='ltr'><strong>constituerat</strong></span> <span class='ocrx_word' id='word_1_300' title='bbox 1203 2662 1307 2717; x_wconf 82' lang='lat' dir='ltr'><strong>illis</strong></span> <span class='ocrx_word' id='word_1_301' title='bbox 1325 2663 1498 2717; x_wconf 77' lang='lat' dir='ltr'><strong>Iesus.</strong></span> <span class='ocrx_word' id='word_1_302' title='bbox 1525 2663 1735 2735; x_wconf 87' lang='lat' dir='ltr'><strong>(Beda.)</strong></span> <span class='ocrx_word' id='word_1_303' title='bbox 1765 2662 1879 2718; x_wconf 82' lang='lat' dir='ltr'><strong>Non</strong></span> <span class='ocrx_word' id='word_1_304' title='bbox 1898 2672 2055 2723; x_wconf 85' lang='lat' dir='ltr'><strong>vacat</strong></span> 
     </span>
    </p>
   </div>
   <div class='ocr_carea' id='block_1_44' title="bbox 488 2751 2051 2823">
    <p class='ocr_par' dir='ltr' id='par_1_44' title="bbox 488 2751 2051 2823">
     <span class='ocr_line' id='line_1_44' title="bbox 488 2751 2051 2823; baseline 0.004 -21"><span class='ocrx_word' id='word_1_305' title='bbox 488 2764 519 2802; x_wconf 89' lang='lat' dir='ltr'><strong>a</strong></span> <span class='ocrx_word' id='word_1_306' title='bbox 536 2751 788 2818; x_wconf 89' lang='lat' dir='ltr'><strong>mysterio</strong></span> <span class='ocrx_word' id='word_1_307' title='bbox 812 2752 950 2820; x_wconf 90' lang='lat' dir='ltr'><strong>quod</strong></span> <span class='ocrx_word' id='word_1_308' title='bbox 980 2751 1234 2808; x_wconf 88' lang='lat' dir='ltr'><strong>Dominus</strong></span> <span class='ocrx_word' id='word_1_309' title='bbox 1261 2755 1313 2807; x_wconf 92' lang='lat' dir='ltr'><strong>in</strong></span> <span class='ocrx_word' id='word_1_310' title='bbox 1336 2752 1553 2808; x_wconf 65' lang='lat' dir='ltr'><strong>Galilaaa</strong></span> <span class='ocrx_word' id='word_1_311' title='bbox 1565 2762 1685 2823; x_wconf 85' lang='lat' dir='ltr'><strong>post</strong></span> <span class='ocrx_word' id='word_1_312' title='bbox 1701 2755 2051 2809; x_wconf 84' lang='lat' dir='ltr'><strong>resurrectio-</strong></span> 
     </span>
    </p>
   </div>
   <div class='ocr_carea' id='block_1_45' title="bbox 488 2838 2053 2915">
    <p class='ocr_par' dir='ltr' id='par_1_45' title="bbox 488 2838 2053 2915">
     <span class='ocr_line' id='line_1_45' title="bbox 488 2838 2053 2915; baseline 0.005 -24"><span class='ocrx_word' id='word_1_313' title='bbox 488 2854 631 2902; x_wconf 86' lang='lat' dir='ltr'><strong>nem,</strong></span> <span class='ocrx_word' id='word_1_314' title='bbox 655 2840 739 2894; x_wconf 89' lang='lat' dir='ltr'><strong>vel</strong></span> <span class='ocrx_word' id='word_1_315' title='bbox 761 2840 900 2910; x_wconf 87' lang='lat' dir='ltr'><strong>quod</strong></span> <span class='ocrx_word' id='word_1_316' title='bbox 922 2838 973 2895; x_wconf 81' lang='lat' dir='ltr'><strong>in</strong></span> <span class='ocrx_word' id='word_1_317' title='bbox 999 2850 1176 2896; x_wconf 90' lang='lat' dir='ltr'><strong>monte</strong></span> <span class='ocrx_word' id='word_1_318' title='bbox 1198 2844 1468 2912; x_wconf 85' lang='lat' dir='ltr'><strong>discipulis</strong></span> <span class='ocrx_word' id='word_1_319' title='bbox 1516 2845 1781 2913; x_wconf 86' lang='lat' dir='ltr'><strong>apparuit,</strong></span> <span class='ocrx_word' id='word_1_320' title='bbox 1808 2852 1867 2898; x_wconf 91' lang='lat' dir='ltr'><strong>ut</strong></span> <span class='ocrx_word' id='word_1_321' title='bbox 1890 2840 2053 2915; x_wconf 82' lang='lat' dir='ltr'><strong>signi-</strong></span> 
     </span>
    </p>
   </div>
   <div class='ocr_carea' id='block_1_46' title="bbox 489 2926 2052 3003">
    <p class='ocr_par' dir='ltr' id='par_1_46' title="bbox 489 2926 2052 3003">
     <span class='ocr_line' id='line_1_46' title="bbox 489 2926 2052 3003; baseline 0.004 -23"><span class='ocrx_word' id='word_1_322' title='bbox 489 2926 671 2981; x_wconf 85' lang='lat' dir='ltr'><strong>ﬁcaret</strong></span> <span class='ocrx_word' id='word_1_323' title='bbox 688 2930 811 2997; x_wconf 90' lang='lat' dir='ltr'><strong>quia</strong></span> <span class='ocrx_word' id='word_1_324' title='bbox 837 2946 1033 3000; x_wconf 89' lang='lat' dir='ltr'><strong>corpus</strong></span> <span class='ocrx_word' id='word_1_325' title='bbox 1053 2934 1194 3001; x_wconf 87' lang='lat' dir='ltr'><strong>quod</strong></span> <span class='ocrx_word' id='word_1_326' title='bbox 1214 2932 1285 2998; x_wconf 85' lang='lat' dir='ltr'><strong>de</strong></span> <span class='ocrx_word' id='word_1_327' title='bbox 1311 2933 1581 2986; x_wconf 90' lang='lat' dir='ltr'><strong>communi</strong></span> <span class='ocrx_word' id='word_1_328' title='bbox 1605 2933 1820 2987; x_wconf 87' lang='lat' dir='ltr'><strong>humani</strong></span> <span class='ocrx_word' id='word_1_329' title='bbox 1837 2933 2052 3003; x_wconf 85' lang='lat' dir='ltr'><strong>generis</strong></span> 
     </span>
    </p>
   </div>
   <div class='ocr_carea' id='block_1_47' title="bbox 489 3019 2045 3091">
    <p class='ocr_par' dir='ltr' id='par_1_47' title="bbox 489 3019 2045 3091">
     <span class='ocr_line' id='line_1_47' title="bbox 489 3019 2045 3091; baseline 0.004 -22"><span class='ocrx_word' id='word_1_330' title='bbox 489 3023 627 3069; x_wconf 83' lang='lat' dir='ltr'><strong>terra</strong></span> <span class='ocrx_word' id='word_1_331' title='bbox 650 3019 918 3073; x_wconf 86' lang='lat' dir='ltr'><strong>nascendo</strong></span> <span class='ocrx_word' id='word_1_332' title='bbox 939 3028 1266 3089; x_wconf 86' lang='lat' dir='ltr'><strong>susceperat,</strong></span> <span class='ocrx_word' id='word_1_333' title='bbox 1294 3022 1615 3090; x_wconf 87' lang='lat' dir='ltr'><strong>resurgendo</strong></span> <span class='ocrx_word' id='word_1_334' title='bbox 1627 3020 1740 3089; x_wconf 88' lang='lat' dir='ltr'><strong>jam</strong></span> <span class='ocrx_word' id='word_1_335' title='bbox 1760 3036 1921 3091; x_wconf 91' lang='lat' dir='ltr'><strong>super</strong></span> <span class='ocrx_word' id='word_1_336' title='bbox 1942 3031 2045 3075; x_wconf 89' lang='lat' dir='ltr'><strong>ter-</strong></span> 
     </span>
    </p>
   </div>
   <div class='ocr_carea' id='block_1_48' title="bbox 2157 1833 3716 1902">
    <p class='ocr_par' dir='ltr' id='par_1_48' title="bbox 2157 1833 3716 1902">
     <span class='ocr_line' id='line_1_48' title="bbox 2157 1833 3716 1902; baseline 0.006 -18"><span class='ocrx_word' id='word_1_337' title='bbox 2157 1841 2429 1901; x_wconf 85' lang='lat' dir='ltr'><strong>assumpta</strong></span> <span class='ocrx_word' id='word_1_338' title='bbox 2458 1847 2556 1902; x_wconf 93' lang='lat' dir='ltr'><strong>pro</strong></span> <span class='ocrx_word' id='word_1_339' title='bbox 2598 1833 2899 1889; x_wconf 89' lang='lat' dir='ltr'><strong>hominibus</strong></span> <span class='ocrx_word' id='word_1_340' title='bbox 2926 1844 2981 1889; x_wconf 90' lang='lat' dir='ltr'><strong>et</strong></span> <span class='ocrx_word' id='word_1_341' title='bbox 3027 1838 3186 1899; x_wconf 84' lang='lat' dir='ltr'><strong>morti</strong></span> <span class='ocrx_word' id='word_1_342' title='bbox 3238 1838 3362 1892; x_wconf 87' lang='lat' dir='ltr'><strong>data</strong></span> <span class='ocrx_word' id='word_1_343' title='bbox 3410 1839 3716 1894; x_wconf 82' lang='lat' dir='ltr'><strong>humanitas</strong></span> 
     </span>
    </p>
   </div>
   <div class='ocr_carea' id='block_1_49' title="bbox 2157 1922 2821 2000">
    <p class='ocr_par' dir='ltr' id='par_1_49' title="bbox 2157 1922 2821 2000">
     <span class='ocr_line' id='line_1_49' title="bbox 2157 1922 2821 2000; baseline 0.009 -28"><span class='ocrx_word' id='word_1_344' title='bbox 2157 1922 2480 1990; x_wconf 84' lang='lat' dir='ltr'><strong>resurgendo</strong></span> <span class='ocrx_word' id='word_1_345' title='bbox 2499 1925 2821 2000; x_wconf 85' lang='lat' dir='ltr'><strong>pervenerit.</strong></span> 
     </span>
    </p>
   </div>
   <div class='ocr_carea' id='block_1_50' title="bbox 2196 2010 3713 2073">
    <p class='ocr_par' dir='ltr' id='par_1_50' title="bbox 2196 2010 3713 2073">
     <span class='ocr_line' id='line_1_50' title="bbox 2196 2010 3713 2073; baseline 0.008 -12"><span class='ocrx_word' id='word_1_346' title='bbox 2196 2010 2290 2063; x_wconf 15' lang='lat' dir='ltr'><strong>.Et</strong></span> <span class='ocrx_word' id='word_1_347' title='bbox 2316 2012 2563 2066; x_wconf 84' lang='lat' dir='ltr'><strong>accedens</strong></span> <span class='ocrx_word' id='word_1_348' title='bbox 2627 2015 2781 2069; x_wconf 76' lang='lat' dir='ltr'><strong>Iesus</strong></span> <span class='ocrx_word' id='word_1_349' title='bbox 2836 2012 3038 2071; x_wconf 72' lang='lat' dir='ltr'><strong>locutus</strong></span> <span class='ocrx_word' id='word_1_350' title='bbox 3087 2027 3161 2071; x_wconf 89' lang='lat' dir='ltr'><strong>est</strong></span> <span class='ocrx_word' id='word_1_351' title='bbox 3196 2020 3269 2072; x_wconf 88' lang='lat' dir='ltr'><strong>eis</strong></span> <span class='ocrx_word' id='word_1_352' title='bbox 3306 2018 3484 2072; x_wconf 84' lang='lat' dir='ltr'><strong>dicens</strong></span> <span class='ocrx_word' id='word_1_353' title='bbox 3506 2033 3525 2069; x_wconf 90' lang='lat'><strong><em>:</em></strong></span> <span class='ocrx_word' id='word_1_354' title='bbox 3575 2019 3713 2073; x_wconf 80' lang='lat' dir='ltr'><strong>Data</strong></span> 
     </span>
    </p>
   </div>
   <div class='ocr_carea' id='block_1_51' title="bbox 2152 2101 3711 2174">
    <p class='ocr_par' dir='ltr' id='par_1_51' title="bbox 2152 2101 3711 2174">
     <span class='ocr_line' id='line_1_51' title="bbox 2152 2101 3711 2174; baseline 0.008 -21"><span class='ocrx_word' id='word_1_355' title='bbox 2152 2109 2228 2154; x_wconf 88' lang='lat' dir='ltr'><strong>est</strong></span> <span class='ocrx_word' id='word_1_356' title='bbox 2275 2101 2401 2155; x_wconf 81' lang='lat' dir='ltr'><strong>mihi</strong></span> <span class='ocrx_word' id='word_1_357' title='bbox 2444 2104 2610 2157; x_wconf 76' lang='lat' dir='ltr'><strong>omnis</strong></span> <span class='ocrx_word' id='word_1_358' title='bbox 2663 2115 2888 2174; x_wconf 84' lang='lat' dir='ltr'><strong>potestas</strong></span> <span class='ocrx_word' id='word_1_359' title='bbox 2934 2108 2991 2162; x_wconf 88' lang='lat' dir='ltr'><strong>in</strong></span> <span class='ocrx_word' id='word_1_360' title='bbox 3037 2107 3161 2162; x_wconf 65' lang='lat' dir='ltr'><strong>caelo</strong></span> <span class='ocrx_word' id='word_1_361' title='bbox 3204 2119 3253 2161; x_wconf 88' lang='lat' dir='ltr'><strong>et</strong></span> <span class='ocrx_word' id='word_1_362' title='bbox 3304 2109 3362 2161; x_wconf 83' lang='lat' dir='ltr'><strong>in</strong></span> <span class='ocrx_word' id='word_1_363' title='bbox 3409 2116 3569 2161; x_wconf 85' lang='lat' dir='ltr'><strong>terra.</strong></span> <span class='ocrx_word' id='word_1_364' title='bbox 3597 2109 3711 2166; x_wconf 76' lang='lat' dir='ltr'><strong>Non</strong></span> 
     </span>
    </p>
   </div>
   <div class='ocr_carea' id='block_1_52' title="bbox 2152 2194 3713 2271">
    <p class='ocr_par' dir='ltr' id='par_1_52' title="bbox 2152 2194 3713 2271">
     <span class='ocr_line' id='line_1_52' title="bbox 2152 2194 3713 2271; baseline 0.01 -26"><span class='ocrx_word' id='word_1_365' title='bbox 2152 2194 2295 2247; x_wconf 87' lang='lat' dir='ltr'><strong>enim</strong></span> <span class='ocrx_word' id='word_1_366' title='bbox 2346 2194 2461 2250; x_wconf 66' lang='lat' dir='ltr'><strong>hac</strong></span> <span class='ocrx_word' id='word_1_367' title='bbox 2500 2197 2577 2251; x_wconf 80' lang='lat' dir='ltr'><strong>de-</strong></span> <span class='ocrx_word' id='word_1_368' title='bbox 2614 2207 2878 2253; x_wconf 56' lang='lat' dir='ltr'><strong>coaeterni:</strong></span> <span class='ocrx_word' id='word_1_369' title='bbox 2929 2199 3073 2255; x_wconf 85' lang='lat' dir='ltr'><strong>Patri</strong></span> <span class='ocrx_word' id='word_1_370' title='bbox 3117 2201 3397 2256; x_wconf 82' lang='lat' dir='ltr'><strong>divinitate</strong></span> <span class='ocrx_word' id='word_1_371' title='bbox 3423 2202 3583 2271; x_wconf 76' lang='lat' dir='ltr'><strong>,&quot;sed</strong></span> <span class='ocrx_word' id='word_1_372' title='bbox 3645 2206 3713 2260; x_wconf 80' lang='lat' dir='ltr'><strong>de</strong></span> 
     </span>
    </p>
   </div>
   <div class='ocr_carea' id='block_1_53' title="bbox 2153 2283 3711 2364">
    <p class='ocr_par' dir='ltr' id='par_1_53' title="bbox 2153 2283 3711 2364">
     <span class='ocr_line' id='line_1_53' title="bbox 2153 2283 3711 2364; baseline 0.01 -29"><span class='ocrx_word' id='word_1_373' title='bbox 2153 2291 2424 2364; x_wconf 86' lang='lat' dir='ltr'><strong>assumpta</strong></span> <span class='ocrx_word' id='word_1_374' title='bbox 2477 2283 2713 2354; x_wconf 82' lang='lat' dir='ltr'><strong>loquitur</strong></span> <span class='ocrx_word' id='word_1_375' title='bbox 2761 2288 3113 2344; x_wconf 86' lang='lat' dir='ltr'><strong>humanitate.</strong></span> <span class='ocrx_word' id='word_1_376' title='bbox 3184 2293 3356 2359; x_wconf 90' lang='lat' dir='ltr'><strong>Quam</strong></span> <span class='ocrx_word' id='word_1_377' title='bbox 3419 2288 3711 2364; x_wconf 75' lang='lat' dir='ltr'><strong>suscipien~</strong></span> 
     </span>
    </p>
   </div>
   <div class='ocr_carea' id='block_1_54' title="bbox 2153 2362 3707 2459">
    <p class='ocr_par' dir='ltr' id='par_1_54' title="bbox 2153 2362 3707 2459">
     <span class='ocr_line' id='line_1_54' title="bbox 2153 2362 3707 2459; baseline 0.01 -29"><span class='ocrx_word' id='word_1_378' title='bbox 2153 2376 2221 2431; x_wconf 92' lang='lat' dir='ltr'><strong>do</strong></span> <span class='ocrx_word' id='word_1_379' title='bbox 2256 2362 2570 2433; x_wconf 27' lang='lat' dir='ltr'><strong>.minoratus</strong></span> <span class='ocrx_word' id='word_1_380' title='bbox 2616 2368 2698 2435; x_wconf 73' lang='lat' dir='ltr'><strong>est</strong></span> <span class='ocrx_word' id='word_1_381' title='bbox 2743 2382 2899 2450; x_wconf 88' lang='lat' dir='ltr'><strong>paulo</strong></span> <span class='ocrx_word' id='word_1_382' title='bbox 2940 2384 3119 2439; x_wconf 90' lang='lat' dir='ltr'><strong>minus</strong></span> <span class='ocrx_word' id='word_1_383' title='bbox 3164 2387 3231 2441; x_wconf 89' lang='lat' dir='ltr'><strong>ab</strong></span> <span class='ocrx_word' id='word_1_384' title='bbox 3270 2389 3478 2459; x_wconf 82' lang='lat' dir='ltr'><strong>angelis</strong></span> <span class='ocrx_word' id='word_1_385' title='bbox 3502 2431 3517 2453; x_wconf 89' lang='lat'><strong>,</strong></span> <span class='ocrx_word' id='word_1_386' title='bbox 3566 2362 3617 2444; x_wconf 77' lang='lat' dir='ltr'><strong>et</strong></span> <span class='ocrx_word' id='word_1_387' title='bbox 3652 2391 3707 2444; x_wconf 87' lang='lat' dir='ltr'><strong>iu</strong></span> 
     </span>
    </p>
   </div>
   <div class='ocr_carea' id='block_1_55' title="bbox 2150 2470 3708 2544">
    <p class='ocr_par' dir='ltr' id='par_1_55' title="bbox 2150 2470 3708 2544">
     <span class='ocr_line' id='line_1_55' title="bbox 2150 2470 3708 2544; baseline 0.009 -24"><span class='ocrx_word' id='word_1_388' title='bbox 2150 2481 2256 2537; x_wconf 88' lang='lat' dir='ltr'><strong>qua</strong></span> <span class='ocrx_word' id='word_1_389' title='bbox 2276 2470 2615 2541; x_wconf 83' lang='lat' dir='ltr'><strong>resurgendo</strong></span> <span class='ocrx_word' id='word_1_390' title='bbox 2657 2487 2689 2525; x_wconf 93' lang='lat' dir='ltr'><strong>a</strong></span> <span class='ocrx_word' id='word_1_391' title='bbox 2716 2473 2937 2527; x_wconf 89' lang='lat' dir='ltr'><strong>mortuis</strong></span> <span class='ocrx_word' id='word_1_392' title='bbox 2955 2474 3126 2544; x_wconf 82' lang='lat' dir='ltr'><strong>gloria</strong></span> <span class='ocrx_word' id='word_1_393' title='bbox 3156 2484 3212 2531; x_wconf 92' lang='lat' dir='ltr'><strong>et</strong></span> <span class='ocrx_word' id='word_1_394' title='bbox 3244 2478 3455 2533; x_wconf 81' lang='lat' dir='ltr'><strong>honore</strong></span> <span class='ocrx_word' id='word_1_395' title='bbox 3496 2495 3708 2536; x_wconf 82' lang='lat' dir='ltr'><strong>corona-</strong></span> 
     </span>
    </p>
   </div>
   <div class='ocr_carea' id='block_1_56' title="bbox 2152 2562 3702 2637">
    <p class='ocr_par' dir='ltr' id='par_1_56' title="bbox 2152 2562 3702 2637">
     <span class='ocr_line' id='line_1_56' title="bbox 2152 2562 3702 2637; baseline 0.01 -26"><span class='ocrx_word' id='word_1_396' title='bbox 2152 2565 2238 2613; x_wconf 91' lang='lat' dir='ltr'><strong>tus</strong></span> <span class='ocrx_word' id='word_1_397' title='bbox 2256 2567 2358 2625; x_wconf 76' lang='lat' dir='ltr'><strong>est,</strong></span> <span class='ocrx_word' id='word_1_398' title='bbox 2391 2569 2446 2613; x_wconf 91' lang='lat' dir='ltr'><strong>et</strong></span> <span class='ocrx_word' id='word_1_399' title='bbox 2488 2563 2808 2618; x_wconf 86' lang='lat' dir='ltr'><strong>constitutus</strong></span> <span class='ocrx_word' id='word_1_400' title='bbox 2835 2580 2995 2634; x_wconf 86' lang='lat' dir='ltr'><strong>super</strong></span> <span class='ocrx_word' id='word_1_401' title='bbox 3018 2580 3180 2637; x_wconf 78' lang='lat' dir='ltr'><strong>opera</strong></span> <span class='ocrx_word' id='word_1_402' title='bbox 3225 2584 3478 2625; x_wconf 88' lang='lat' dir='ltr'><strong>manuum</strong></span> <span class='ocrx_word' id='word_1_403' title='bbox 3513 2562 3702 2637; x_wconf 77' lang='lat' dir='ltr'><strong>Patris,</strong></span> 
     </span>
    </p>
   </div>
   <div class='ocr_carea' id='block_1_57' title="bbox 2150 2649 3702 2730">
    <p class='ocr_par' dir='ltr' id='par_1_57' title="bbox 2150 2649 3702 2730">
     <span class='ocr_line' id='line_1_57' title="bbox 2150 2649 3702 2730; baseline 0.01 -29"><span class='ocrx_word' id='word_1_404' title='bbox 2150 2649 2437 2719; x_wconf 79' lang='lat' dir='ltr'><strong>omniaque</strong></span> <span class='ocrx_word' id='word_1_405' title='bbox 2500 2652 2739 2721; x_wconf 85' lang='lat' dir='ltr'><strong>subjecta</strong></span> <span class='ocrx_word' id='word_1_406' title='bbox 2788 2656 2886 2709; x_wconf 89' lang='lat' dir='ltr'><strong>sub</strong></span> <span class='ocrx_word' id='word_1_407' title='bbox 2943 2658 3167 2725; x_wconf 86' lang='lat' dir='ltr'><strong>pedibus</strong></span> <span class='ocrx_word' id='word_1_408' title='bbox 3209 2660 3345 2729; x_wconf 87' lang='lat' dir='ltr'><strong>ejus.</strong></span> <span class='ocrx_word' id='word_1_409' title='bbox 3400 2660 3548 2715; x_wconf 84' lang='lat' dir='ltr'><strong>Inter</strong></span> <span class='ocrx_word' id='word_1_410' title='bbox 3592 2677 3702 2730; x_wconf 65' lang='lat' dir='ltr'><strong>qua</strong></span> 
     </span>
    </p>
   </div>
   <div class='ocr_carea' id='block_1_58' title="bbox 2148 2740 3701 2822">
    <p class='ocr_par' dir='ltr' id='par_1_58' title="bbox 2148 2740 3701 2822">
     <span class='ocr_line' id='line_1_58' title="bbox 2148 2740 3701 2822; baseline 0.01 -30"><span class='ocrx_word' id='word_1_411' title='bbox 2148 2740 2325 2793; x_wconf 86' lang='lat' dir='ltr'><strong>omnia</strong></span> <span class='ocrx_word' id='word_1_412' title='bbox 2354 2741 2516 2794; x_wconf 89' lang='lat' dir='ltr'><strong>etiam</strong></span> <span class='ocrx_word' id='word_1_413' title='bbox 2544 2756 2688 2797; x_wconf 89' lang='lat' dir='ltr'><strong>mors</strong></span> <span class='ocrx_word' id='word_1_414' title='bbox 2709 2744 2840 2814; x_wconf 88' lang='lat' dir='ltr'><strong>ipsa,</strong></span> <span class='ocrx_word' id='word_1_415' title='bbox 2865 2761 2983 2814; x_wconf 65' lang='lat' dir='ltr'><strong>qua:</strong></span> <span class='ocrx_word' id='word_1_416' title='bbox 3008 2748 3056 2801; x_wconf 90' lang='lat' dir='ltr'><strong>ei</strong></span> <span class='ocrx_word' id='word_1_417' title='bbox 3087 2749 3154 2803; x_wconf 89' lang='lat' dir='ltr'><strong>ad</strong></span> <span class='ocrx_word' id='word_1_418' title='bbox 3185 2758 3393 2820; x_wconf 86' lang='lat' dir='ltr'><strong>tempus</strong></span> <span class='ocrx_word' id='word_1_419' title='bbox 3419 2752 3701 2822; x_wconf 63' lang='lat' dir='ltr'><strong>prevalere</strong></span> 
     </span>
    </p>
   </div>
   <div class='ocr_carea' id='block_1_59' title="bbox 2149 2829 3703 2913">
    <p class='ocr_par' dir='ltr' id='par_1_59' title="bbox 2149 2829 3703 2913">
     <span class='ocr_line' id='line_1_59' title="bbox 2149 2829 3703 2913; baseline 0.009 -30"><span class='ocrx_word' id='word_1_420' title='bbox 2149 2829 2261 2883; x_wconf 88' lang='lat' dir='ltr'><strong>visa</strong></span> <span class='ocrx_word' id='word_1_421' title='bbox 2288 2839 2388 2895; x_wconf 89' lang='lat' dir='ltr'><strong>est,</strong></span> <span class='ocrx_word' id='word_1_422' title='bbox 2419 2831 2537 2900; x_wconf 85' lang='lat' dir='ltr'><strong>ejus</strong></span> <span class='ocrx_word' id='word_1_423' title='bbox 2555 2834 2779 2901; x_wconf 88' lang='lat' dir='ltr'><strong>pedibus</strong></span> <span class='ocrx_word' id='word_1_424' title='bbox 2803 2837 3070 2891; x_wconf 85' lang='lat' dir='ltr'><strong>substrata</strong></span> <span class='ocrx_word' id='word_1_425' title='bbox 3096 2849 3195 2894; x_wconf 90' lang='lat' dir='ltr'><strong>est.</strong></span> <span class='ocrx_word' id='word_1_426' title='bbox 3224 2841 3375 2908; x_wconf 86' lang='lat' dir='ltr'><strong>Quod</strong></span> <span class='ocrx_word' id='word_1_427' title='bbox 3400 2858 3532 2913; x_wconf 85' lang='lat' dir='ltr'><strong>ergo</strong></span> <span class='ocrx_word' id='word_1_428' title='bbox 3562 2842 3703 2897; x_wconf 79' lang='lat' dir='ltr'><strong>Psal-</strong></span> 
     </span>
    </p>
   </div>
   <div class='ocr_carea' id='block_1_60' title="bbox 2151 2919 3697 2994">
    <p class='ocr_par' dir='ltr' id='par_1_60' title="bbox 2151 2919 3697 2994">
     <span class='ocr_line' id='line_1_60' title="bbox 2151 2919 3697 2994; baseline 0.01 -23"><span class='ocrx_word' id='word_1_429' title='bbox 2151 2919 2306 2973; x_wconf 89' lang='lat' dir='ltr'><strong>mista</strong></span> <span class='ocrx_word' id='word_1_430' title='bbox 2345 2920 2412 2974; x_wconf 88' lang='lat' dir='ltr'><strong>de</strong></span> <span class='ocrx_word' id='word_1_431' title='bbox 2465 2922 2689 2976; x_wconf 88' lang='lat' dir='ltr'><strong>Domino</strong></span> <span class='ocrx_word' id='word_1_432' title='bbox 2736 2934 3044 2994; x_wconf 87' lang='lat' dir='ltr'><strong>resurgente</strong></span> <span class='ocrx_word' id='word_1_433' title='bbox 3074 2942 3104 2980; x_wconf 89' lang='lat' dir='ltr'><strong>a</strong></span> <span class='ocrx_word' id='word_1_434' title='bbox 3149 2931 3375 2985; x_wconf 89' lang='lat' dir='ltr'><strong>mortuis</strong></span> <span class='ocrx_word' id='word_1_435' title='bbox 3420 2933 3499 2985; x_wconf 91' lang='lat' dir='ltr'><strong>ait</strong></span> <span class='ocrx_word' id='word_1_436' title='bbox 3544 2926 3697 2994; x_wconf 81' lang='lat' dir='ltr'><strong>Patri,</strong></span> 
     </span>
    </p>
   </div>
   <div class='ocr_carea' id='block_1_61' title="bbox 2150 3006 3701 3092">
    <p class='ocr_par' dir='ltr' id='par_1_61' title="bbox 2150 3006 3701 3092">
     <span class='ocr_line' id='line_1_61' title="bbox 2150 3006 3701 3092; baseline 0.01 -31"><span class='ocrx_word' id='word_1_437' title='bbox 2150 3006 2340 3062; x_wconf 83' lang='lat' dir='ltr'><strong>Omnia</strong></span> <span class='ocrx_word' id='word_1_438' title='bbox 2387 3010 2650 3079; x_wconf 85' lang='lat' dir='ltr'><strong>subjeciin</strong></span> <span class='ocrx_word' id='word_1_439' title='bbox 2694 3012 2786 3066; x_wconf 84' lang='lat' dir='ltr'><strong>sub</strong></span> <span class='ocrx_word' id='word_1_440' title='bbox 2827 3015 3041 3083; x_wconf 79' lang='lat' dir='ltr'><strong>pedibus</strong></span> <span class='ocrx_word' id='word_1_441' title='bbox 3090 3017 3203 3086; x_wconf 85' lang='lat' dir='ltr'><strong>ejus</strong></span> <span class='ocrx_word' id='word_1_442' title='bbox 3241 3016 3578 3092; x_wconf 82' lang='lat' dir='ltr'><strong>(Psal.vm),</strong></span> <span class='ocrx_word' id='word_1_443' title='bbox 3606 3021 3701 3075; x_wconf 85' lang='lat' dir='ltr'><strong>hoc</strong></span> 
     </span>
    </p>
   </div>
   <div class='ocr_carea' id='block_1_62' title="bbox 485 3083 2046 3174">
    <p class='ocr_par' dir='ltr' id='par_1_62' title="bbox 485 3083 2045 3174">
     <span class='ocr_line' id='line_1_62' title="bbox 485 3083 2045 3174; baseline 0.004 -14"><span class='ocrx_word' id='word_1_444' title='bbox 485 3120 612 3160; x_wconf 86' lang='lat' dir='ltr'><strong>rena</strong></span> <span class='ocrx_word' id='word_1_445' title='bbox 639 3107 818 3161; x_wconf 88' lang='lat' dir='ltr'><strong>omnia</strong></span> <span class='ocrx_word' id='word_1_446' title='bbox 842 3083 1191 3174; x_wconf 78' lang='lat' dir='ltr'><strong>sublevatum,</strong></span> <span class='ocrx_word' id='word_1_447' title='bbox 1233 3113 1439 3166; x_wconf 77' lang='lat' dir='ltr'><strong>cmlesti</strong></span> <span class='ocrx_word' id='word_1_448' title='bbox 1461 3112 1660 3167; x_wconf 89' lang='lat' dir='ltr'><strong>virtute</strong></span> <span class='ocrx_word' id='word_1_449' title='bbox 1693 3113 1941 3167; x_wconf 89' lang='lat' dir='ltr'><strong>induerit.</strong></span> <span class='ocrx_word' id='word_1_450' title='bbox 1990 3112 2045 3167; x_wconf 89' lang='lat' dir='ltr'><strong>lu</strong></span> 
     </span>
    </p>
   </div>
   <div class='ocr_carea' id='block_1_63' title="bbox 2150 3083 3697 3174">
    <p class='ocr_par' dir='ltr' id='par_1_63' title="bbox 2150 3083 3697 3172">
     <span class='ocr_line' id='line_1_63' title="bbox 2150 3083 3697 3172; baseline 0.01 -23"><span class='ocrx_word' id='word_1_451' title='bbox 2150 3104 2232 3150; x_wconf 90' lang='lat' dir='ltr'><strong>est</strong></span> <span class='ocrx_word' id='word_1_452' title='bbox 2259 3099 2463 3167; x_wconf 84' lang='lat' dir='ltr'><strong>utique,</strong></span> <span class='ocrx_word' id='word_1_453' title='bbox 2496 3101 2636 3169; x_wconf 88' lang='lat' dir='ltr'><strong>quod</strong></span> <span class='ocrx_word' id='word_1_454' title='bbox 2671 3116 2953 3172; x_wconf 88' lang='lat' dir='ltr'><strong>resurgens</strong></span> <span class='ocrx_word' id='word_1_455' title='bbox 2984 3104 3096 3171; x_wconf 90' lang='lat' dir='ltr'><strong>ipse</strong></span> <span class='ocrx_word' id='word_1_456' title='bbox 3112 3083 3379 3160; x_wconf 30' lang='lat' dir='ltr'><strong>&#39;Dom‘inus</strong></span> <span class='ocrx_word' id='word_1_457' title='bbox 3424 3110 3503 3162; x_wconf 86' lang='lat' dir='ltr'><strong>ait</strong></span> 
     </span>
    </p>
   </div>
   <div class='ocr_carea' id='block_1_64' title="bbox 486 3198 2047 3268">
    <p class='ocr_par' dir='ltr' id='par_1_64' title="bbox 486 3198 2047 3268">
     <span class='ocr_line' id='line_1_64' title="bbox 486 3198 2047 3268; baseline 0.007 -19"><span class='ocrx_word' id='word_1_458' title='bbox 486 3203 665 3250; x_wconf 84' lang='lat' dir='ltr'><strong>monte</strong></span> <span class='ocrx_word' id='word_1_459' title='bbox 701 3198 947 3267; x_wconf 82' lang='lat' dir='ltr'><strong>apparuit</strong></span> <span class='ocrx_word' id='word_1_460' title='bbox 976 3209 1033 3253; x_wconf 91' lang='lat' dir='ltr'><strong>ut</strong></span> <span class='ocrx_word' id='word_1_461' title='bbox 1057 3200 1370 3257; x_wconf 88' lang='lat' dir='ltr'><strong>admoneret</strong></span> <span class='ocrx_word' id='word_1_462' title='bbox 1389 3202 1591 3268; x_wconf 80' lang='lat' dir='ltr'><strong>fideles,</strong></span> <span class='ocrx_word' id='word_1_463' title='bbox 1627 3205 1673 3259; x_wconf 91' lang='lat' dir='ltr'><strong>si</strong></span> <span class='ocrx_word' id='word_1_464' title='bbox 1696 3204 1802 3259; x_wconf 89' lang='lat' dir='ltr'><strong>illic</strong></span> <span class='ocrx_word' id='word_1_465' title='bbox 1829 3205 2047 3260; x_wconf 83' lang='lat' dir='ltr'><strong>celsitu-</strong></span> 
     </span>
    </p>
   </div>
   <div class='ocr_carea' id='block_1_65' title="bbox 483 3284 2047 3361">
    <p class='ocr_par' dir='ltr' id='par_1_65' title="bbox 483 3284 2047 3361">
     <span class='ocr_line' id='line_1_65' title="bbox 483 3284 2047 3361; baseline 0.006 -21"><span class='ocrx_word' id='word_1_466' title='bbox 483 3284 661 3340; x_wconf 90' lang='lat' dir='ltr'><strong>dinem</strong></span> <span class='ocrx_word' id='word_1_467' title='bbox 688 3290 1095 3345; x_wconf 84' lang='lat' dir='ltr'><strong>resurrectionis</strong></span> <span class='ocrx_word' id='word_1_468' title='bbox 1124 3291 1237 3360; x_wconf 88' lang='lat' dir='ltr'><strong>ejus</strong></span> <span class='ocrx_word' id='word_1_469' title='bbox 1257 3294 1476 3361; x_wconf 88' lang='lat' dir='ltr'><strong>cupiunt</strong></span> <span class='ocrx_word' id='word_1_470' title='bbox 1507 3294 1708 3359; x_wconf 89' lang='lat' dir='ltr'><strong>videre,</strong></span> <span class='ocrx_word' id='word_1_471' title='bbox 1748 3286 1837 3349; x_wconf 89' lang='lat' dir='ltr'><strong>hic</strong></span> <span class='ocrx_word' id='word_1_472' title='bbox 1864 3295 1933 3349; x_wconf 91' lang='lat' dir='ltr'><strong>ab</strong></span> <span class='ocrx_word' id='word_1_473' title='bbox 1963 3296 2047 3349; x_wconf 91' lang='lat' dir='ltr'><strong>iu-</strong></span> 
     </span>
    </p>
   </div>
   <div class='ocr_carea' id='block_1_66' title="bbox 484 3368 2039 3452">
    <p class='ocr_par' dir='ltr' id='par_1_66' title="bbox 484 3368 2039 3452">
     <span class='ocr_line' id='line_1_66' title="bbox 484 3368 2039 3452; baseline 0.006 -24"><span class='ocrx_word' id='word_1_474' title='bbox 484 3368 1065 3445; x_wconf 30' lang='lat' dir='ltr'><strong>ﬁrmis&#39;cupiditatibus</strong></span> <span class='ocrx_word' id='word_1_475' title='bbox 1112 3382 1177 3435; x_wconf 91' lang='lat' dir='ltr'><strong>ad</strong></span> <span class='ocrx_word' id='word_1_476' title='bbox 1205 3397 1447 3452; x_wconf 23' lang='lat' dir='ltr'><strong>superna.</strong></span> <span class='ocrx_word' id='word_1_477' title='bbox 1480 3383 1743 3438; x_wconf 89' lang='lat' dir='ltr'><strong>desideria</strong></span> <span class='ocrx_word' id='word_1_478' title='bbox 1790 3386 2039 3440; x_wconf 88' lang='lat' dir='ltr'><strong>transire.</strong></span> 
     </span>
    </p>
   </div>
   <div class='ocr_carea' id='block_1_67' title="bbox 483 3462 2043 3543">
    <p class='ocr_par' dir='ltr' id='par_1_67' title="bbox 483 3462 2043 3543">
     <span class='ocr_line' id='line_1_67' title="bbox 483 3462 2043 3543; baseline 0.007 -26"><span class='ocrx_word' id='word_1_479' title='bbox 483 3462 686 3519; x_wconf 79' lang='lat' dir='ltr'><strong>Nomen</strong></span> <span class='ocrx_word' id='word_1_480' title='bbox 708 3481 835 3520; x_wconf 88' lang='lat' dir='ltr'><strong>vero</strong></span> <span class='ocrx_word' id='word_1_481' title='bbox 855 3466 1104 3533; x_wconf 60' lang='lat' dir='ltr'><strong>Galiltere,</strong></span> <span class='ocrx_word' id='word_1_482' title='bbox 1145 3471 1270 3539; x_wconf 87' lang='lat' dir='ltr'><strong>quid</strong></span> <span class='ocrx_word' id='word_1_483' title='bbox 1294 3473 1535 3543; x_wconf 88' lang='lat' dir='ltr'><strong>mysterii</strong></span> <span class='ocrx_word' id='word_1_484' title='bbox 1578 3473 1830 3529; x_wconf 89' lang='lat' dir='ltr'><strong>salutaris</strong></span> <span class='ocrx_word' id='word_1_485' title='bbox 1870 3474 2043 3528; x_wconf 81' lang='lat' dir='ltr'><strong>conti—</strong></span> 
     </span>
    </p>
   </div>
   <div class='ocr_carea' id='block_1_68' title="bbox 483 3556 2045 3628">
    <p class='ocr_par' dir='ltr' id='par_1_68' title="bbox 483 3556 2045 3628">
     <span class='ocr_line' id='line_1_68' title="bbox 483 3556 2045 3628; baseline 0.008 -21"><span class='ocrx_word' id='word_1_486' title='bbox 483 3564 621 3616; x_wconf 88' lang='lat' dir='ltr'><strong>neat,</strong></span> <span class='ocrx_word' id='word_1_487' title='bbox 644 3556 832 3610; x_wconf 90' lang='lat' dir='ltr'><strong>crebra</strong></span> <span class='ocrx_word' id='word_1_488' title='bbox 854 3556 1069 3611; x_wconf 87' lang='lat' dir='ltr'><strong>Patrum</strong></span> <span class='ocrx_word' id='word_1_489' title='bbox 1091 3561 1422 3628; x_wconf 82' lang='lat' dir='ltr'><strong>expositione</strong></span> <span class='ocrx_word' id='word_1_490' title='bbox 1439 3563 1775 3618; x_wconf 89' lang='lat' dir='ltr'><strong>notissimum</strong></span> <span class='ocrx_word' id='word_1_491' title='bbox 1809 3572 1911 3619; x_wconf 91' lang='lat' dir='ltr'><strong>est.</strong></span> <span class='ocrx_word' id='word_1_492' title='bbox 1939 3564 2045 3620; x_wconf 90' lang='lat' dir='ltr'><strong>Sed</strong></span> 
     </span>
    </p>
   </div>
   <div class='ocr_carea' id='block_1_69' title="bbox 482 3644 2043 3725">
    <p class='ocr_par' dir='ltr' id='par_1_69' title="bbox 482 3644 2043 3725">
     <span class='ocr_line' id='line_1_69' title="bbox 482 3644 2043 3725; baseline 0.01 -30"><span class='ocrx_word' id='word_1_493' title='bbox 482 3659 587 3697; x_wconf 89' lang='lat' dir='ltr'><strong>non</strong></span> <span class='ocrx_word' id='word_1_494' title='bbox 614 3644 710 3698; x_wconf 91' lang='lat' dir='ltr'><strong>abs</strong></span> <span class='ocrx_word' id='word_1_495' title='bbox 732 3660 787 3699; x_wconf 86' lang='lat' dir='ltr'><strong>re</strong></span> <span class='ocrx_word' id='word_1_496' title='bbox 808 3654 891 3700; x_wconf 89' lang='lat' dir='ltr'><strong>est</strong></span> <span class='ocrx_word' id='word_1_497' title='bbox 923 3648 1114 3716; x_wconf 65' lang='lat' dir='ltr'><strong>saepius</strong></span> <span class='ocrx_word' id='word_1_498' title='bbox 1141 3651 1307 3704; x_wconf 88' lang='lat' dir='ltr'><strong>verbo</strong></span> <span class='ocrx_word' id='word_1_499' title='bbox 1340 3659 1599 3720; x_wconf 86' lang='lat' dir='ltr'><strong>repetere,</strong></span> <span class='ocrx_word' id='word_1_500' title='bbox 1638 3654 1779 3723; x_wconf 89' lang='lat' dir='ltr'><strong>quod</strong></span> <span class='ocrx_word' id='word_1_501' title='bbox 1825 3670 2043 3725; x_wconf 85' lang='lat' dir='ltr'><strong>semper</strong></span> 
     </span>
    </p>
   </div>
   <div class='ocr_carea' id='block_1_70' title="bbox 482 3737 2046 3813">
    <p class='ocr_par' dir='ltr' id='par_1_70' title="bbox 482 3737 2046 3813">
     <span class='ocr_line' id='line_1_70' title="bbox 482 3737 2046 3813; baseline 0.008 -28"><span class='ocrx_word' id='word_1_502' title='bbox 482 3748 701 3788; x_wconf 86' lang='lat' dir='ltr'><strong>necesse</strong></span> <span class='ocrx_word' id='word_1_503' title='bbox 720 3744 803 3791; x_wconf 89' lang='lat' dir='ltr'><strong>est</strong></span> <span class='ocrx_word' id='word_1_504' title='bbox 832 3737 1011 3791; x_wconf 91' lang='lat' dir='ltr'><strong>animo</strong></span> <span class='ocrx_word' id='word_1_505' title='bbox 1043 3740 1290 3794; x_wconf 89' lang='lat' dir='ltr'><strong>retinere.</strong></span> <span class='ocrx_word' id='word_1_506' title='bbox 1317 3740 1530 3797; x_wconf 71' lang='lat' dir='ltr'><strong>Galilaea</strong></span> <span class='ocrx_word' id='word_1_507' title='bbox 1569 3746 1763 3813; x_wconf 88' lang='lat' dir='ltr'><strong>quippe</strong></span> <span class='ocrx_word' id='word_1_508' title='bbox 1800 3746 2046 3799; x_wconf 86' lang='lat' dir='ltr'><strong>transmi-</strong></span> 
     </span>
    </p>
   </div>
   <div class='ocr_carea' id='block_1_71' title="bbox 481 3825 2041 3904">
    <p class='ocr_par' dir='ltr' id='par_1_71' title="bbox 481 3825 2041 3904">
     <span class='ocr_line' id='line_1_71' title="bbox 481 3825 2041 3904; baseline 0.01 -29"><span class='ocrx_word' id='word_1_509' title='bbox 481 3825 652 3893; x_wconf 83' lang='lat' dir='ltr'><strong>gratio</strong></span> <span class='ocrx_word' id='word_1_510' title='bbox 701 3826 865 3896; x_wconf 76' lang='lat' dir='ltr'><strong>facta,</strong></span> <span class='ocrx_word' id='word_1_511' title='bbox 915 3829 999 3883; x_wconf 86' lang='lat' dir='ltr'><strong>vel</strong></span> <span class='ocrx_word' id='word_1_512' title='bbox 1026 3830 1264 3884; x_wconf 75' lang='lat' dir='ltr'><strong>revelatio</strong></span> <span class='ocrx_word' id='word_1_513' title='bbox 1309 3832 1520 3886; x_wconf 90' lang='lat' dir='ltr'><strong>dicitur.</strong></span> <span class='ocrx_word' id='word_1_514' title='bbox 1580 3834 1822 3904; x_wconf 88' lang='lat' dir='ltr'><strong>Utraque</strong></span> <span class='ocrx_word' id='word_1_515' title='bbox 1863 3845 2041 3892; x_wconf 90' lang='lat' dir='ltr'><strong>autem</strong></span> 
     </span>
    </p>
   </div>
   <div class='ocr_carea' id='block_1_72' title="bbox 485 3914 2042 3996">
    <p class='ocr_par' dir='ltr' id='par_1_72' title="bbox 485 3914 2042 3996">
     <span class='ocr_line' id='line_1_72' title="bbox 485 3914 2042 3996; baseline 0.01 -31"><span class='ocrx_word' id='word_1_516' title='bbox 485 3914 852 3985; x_wconf 86' lang='lat' dir='ltr'><strong>interpretatio</strong></span> <span class='ocrx_word' id='word_1_517' title='bbox 878 3920 1105 3975; x_wconf 85' lang='lat' dir='ltr'><strong>nominis</strong></span> <span class='ocrx_word' id='word_1_518' title='bbox 1127 3920 1192 3974; x_wconf 89' lang='lat' dir='ltr'><strong>ad</strong></span> <span class='ocrx_word' id='word_1_519' title='bbox 1219 3937 1381 3975; x_wconf 90' lang='lat' dir='ltr'><strong>unum</strong></span> <span class='ocrx_word' id='word_1_520' title='bbox 1418 3923 1575 3976; x_wconf 90' lang='lat' dir='ltr'><strong>ﬁnem</strong></span> <span class='ocrx_word' id='word_1_521' title='bbox 1607 3925 1844 3995; x_wconf 89' lang='lat' dir='ltr'><strong>respicit,</strong></span> <span class='ocrx_word' id='word_1_522' title='bbox 1873 3926 2042 3996; x_wconf 90' lang='lat' dir='ltr'><strong>siqui-</strong></span> 
     </span>
    </p>
   </div>
   <div class='ocr_carea' id='block_1_73' title="bbox 481 4004 2038 4082">
    <p class='ocr_par' dir='ltr' id='par_1_73' title="bbox 481 4004 2038 4082">
     <span class='ocr_line' id='line_1_73' title="bbox 481 4004 2038 4082; baseline 0.01 -26"><span class='ocrx_word' id='word_1_523' title='bbox 481 4004 601 4057; x_wconf 87' lang='lat' dir='ltr'><strong>dem</strong></span> <span class='ocrx_word' id='word_1_524' title='bbox 630 4018 788 4074; x_wconf 80' lang='lat' dir='ltr'><strong>supra</strong></span> <span class='ocrx_word' id='word_1_525' title='bbox 813 4007 925 4074; x_wconf 90' lang='lat' dir='ltr'><strong>jam</strong></span> <span class='ocrx_word' id='word_1_526' title='bbox 955 4007 1175 4077; x_wconf 79' lang='lat' dir='ltr'><strong>legimus</strong></span> <span class='ocrx_word' id='word_1_527' title='bbox 1200 4011 1398 4066; x_wconf 82' lang='lat' dir='ltr'><strong>dixisse</strong></span> <span class='ocrx_word' id='word_1_528' title='bbox 1423 4013 1665 4082; x_wconf 86' lang='lat' dir='ltr'><strong>angelum</strong></span> <span class='ocrx_word' id='word_1_529' title='bbox 1692 4014 2002 4071; x_wconf 89' lang='lat' dir='ltr'><strong>mulieribus</strong></span> <span class='ocrx_word' id='word_1_530' title='bbox 2025 4036 2038 4072; x_wconf 93' lang='lat'>:</span> 
     </span>
    </p>
   </div>
   <div class='ocr_carea' id='block_1_74' title="bbox 484 4091 2039 4175">
    <p class='ocr_par' dir='ltr' id='par_1_74' title="bbox 484 4091 2039 4175">
     <span class='ocr_line' id='line_1_74' title="bbox 484 4091 2039 4175; baseline 0.01 -30"><span class='ocrx_word' id='word_1_531' title='bbox 484 4091 596 4157; x_wconf 82' lang='lat' dir='ltr'><strong>Ite,</strong></span> <span class='ocrx_word' id='word_1_532' title='bbox 626 4094 779 4149; x_wconf 79' lang='lat' dir='ltr'><strong>dicite</strong></span> <span class='ocrx_word' id='word_1_533' title='bbox 799 4098 1067 4168; x_wconf 86' lang='lat' dir='ltr'><strong>discipulis</strong></span> <span class='ocrx_word' id='word_1_534' title='bbox 1109 4101 1222 4168; x_wconf 84' lang='lat' dir='ltr'><strong>eius</strong></span> <span class='ocrx_word' id='word_1_535' title='bbox 1257 4105 1378 4169; x_wconf 87' lang='lat' dir='ltr'><strong>quia</strong></span> <span class='ocrx_word' id='word_1_536' title='bbox 1404 4106 1628 4157; x_wconf 72' lang='lat' dir='ltr'><strong>surrexit</strong></span> <span class='ocrx_word' id='word_1_537' title='bbox 1655 4123 1672 4168; x_wconf 84' lang='lat'><strong>;</strong></span> <span class='ocrx_word' id='word_1_538' title='bbox 1702 4116 1748 4158; x_wconf 91' lang='lat' dir='ltr'><strong>et</strong></span> <span class='ocrx_word' id='word_1_539' title='bbox 1777 4124 1891 4160; x_wconf 88' lang='lat' dir='ltr'><strong>ecce</strong></span> <span class='ocrx_word' id='word_1_540' title='bbox 1902 4124 2039 4175; x_wconf 72' lang='lat' dir='ltr'><strong>pra:—</strong></span> 
     </span>
    </p>
   </div>
   <div class='ocr_carea' id='block_1_75' title="bbox 481 4183 2041 4256">
    <p class='ocr_par' dir='ltr' id='par_1_75' title="bbox 481 4183 2041 4256">
     <span class='ocr_line' id='line_1_75' title="bbox 481 4183 2041 4256; baseline 0.011 -21"><span class='ocrx_word' id='word_1_541' title='bbox 481 4183 622 4236; x_wconf 82' lang='lat' dir='ltr'><strong>cedet</strong></span> <span class='ocrx_word' id='word_1_542' title='bbox 646 4202 729 4239; x_wconf 76' lang='lat' dir='ltr'><strong>vos</strong></span> <span class='ocrx_word' id='word_1_543' title='bbox 762 4187 819 4239; x_wconf 87' lang='lat' dir='ltr'><strong>in</strong></span> <span class='ocrx_word' id='word_1_544' title='bbox 868 4186 1163 4256; x_wconf 75' lang='lat' dir='ltr'><strong>Galilrcam,</strong></span> <span class='ocrx_word' id='word_1_545' title='bbox 1220 4192 1289 4244; x_wconf 89' lang='lat' dir='ltr'><strong>ibi</strong></span> <span class='ocrx_word' id='word_1_546' title='bbox 1324 4209 1442 4245; x_wconf 87' lang='lat' dir='ltr'><strong>cum</strong></span> <span class='ocrx_word' id='word_1_547' title='bbox 1484 4194 1733 4249; x_wconf 81' lang='lat' dir='ltr'><strong>videbitis.</strong></span> <span class='ocrx_word' id='word_1_548' title='bbox 1783 4196 1848 4250; x_wconf 87' lang='lat' dir='ltr'><strong>Et</strong></span> <span class='ocrx_word' id='word_1_549' title='bbox 1900 4214 2041 4253; x_wconf 89' lang='lat' dir='ltr'><strong>nunc</strong></span> 
     </span>
    </p>
   </div>
   <div class='ocr_carea' id='block_1_76' title="bbox 480 4279 2041 4357">
    <p class='ocr_par' dir='ltr' id='par_1_76' title="bbox 480 4279 2041 4357">
     <span class='ocr_line' id='line_1_76' title="bbox 480 4279 2041 4357; baseline 0.011 -29"><span class='ocrx_word' id='word_1_550' title='bbox 480 4279 803 4347; x_wconf 78' lang='lat' dir='ltr'><strong>evangelista</strong></span> <span class='ocrx_word' id='word_1_551' title='bbox 862 4292 1115 4337; x_wconf 88' lang='lat' dir='ltr'><strong>narrante</strong></span> <span class='ocrx_word' id='word_1_552' title='bbox 1175 4286 1521 4355; x_wconf 80' lang='lat' dir='ltr'><strong>cognovimus</strong></span> <span class='ocrx_word' id='word_1_553' title='bbox 1586 4290 1726 4357; x_wconf 89' lang='lat' dir='ltr'><strong>quod</strong></span> <span class='ocrx_word' id='word_1_554' title='bbox 1796 4290 2041 4345; x_wconf 89' lang='lat' dir='ltr'><strong>abierunt</strong></span> 
     </span>
    </p>
   </div>
   <div class='ocr_carea' id='block_1_77' title="bbox 480 4369 2037 4442">
    <p class='ocr_par' dir='ltr' id='par_1_77' title="bbox 480 4369 2037 4442">
     <span class='ocr_line' id='line_1_77' title="bbox 480 4369 2037 4442; baseline 0.008 -20"><span class='ocrx_word' id='word_1_555' title='bbox 480 4369 721 4440; x_wconf 89' lang='lat' dir='ltr'><strong>discipuli</strong></span> <span class='ocrx_word' id='word_1_556' title='bbox 767 4370 1058 4429; x_wconf 88' lang='lat' dir='ltr'><strong>Salvatoris</strong></span> <span class='ocrx_word' id='word_1_557' title='bbox 1080 4380 1133 4427; x_wconf 86' lang='lat' dir='ltr'><strong>in</strong></span> <span class='ocrx_word' id='word_1_558' title='bbox 1181 4374 1476 4442; x_wconf 60' lang='lat' dir='ltr'><strong>Galilaeam,</strong></span> <span class='ocrx_word' id='word_1_559' title='bbox 1523 4386 1579 4433; x_wconf 91' lang='lat' dir='ltr'><strong>et</strong></span> <span class='ocrx_word' id='word_1_560' title='bbox 1628 4380 1869 4434; x_wconf 91' lang='lat' dir='ltr'><strong>videntes</strong></span> <span class='ocrx_word' id='word_1_561' title='bbox 1917 4396 2037 4435; x_wconf 91' lang='lat' dir='ltr'><strong>eum</strong></span> 
     </span>
    </p>
   </div>
   <div class='ocr_carea' id='block_1_78' title="bbox 2147 3186 3695 3275">
    <p class='ocr_par' dir='ltr' id='par_1_78' title="bbox 2147 3186 3695 3275">
     <span class='ocr_line' id='line_1_78' title="bbox 2147 3186 3695 3275; baseline 0.009 -34"><span class='ocrx_word' id='word_1_562' title='bbox 2147 3186 2310 3255; x_wconf 81' lang='lat' dir='ltr'><strong>pulis:</strong></span> <span class='ocrx_word' id='word_1_563' title='bbox 2336 3187 2471 3244; x_wconf 81' lang='lat' dir='ltr'><strong>Data</strong></span> <span class='ocrx_word' id='word_1_564' title='bbox 2493 3200 2568 3244; x_wconf 85' lang='lat' dir='ltr'><strong>est</strong></span> <span class='ocrx_word' id='word_1_565' title='bbox 2598 3193 2722 3245; x_wconf 83' lang='lat' dir='ltr'><strong>mihi</strong></span> <span class='ocrx_word' id='word_1_566' title='bbox 2742 3194 2907 3247; x_wconf 85' lang='lat' dir='ltr'><strong>omnis</strong></span> <span class='ocrx_word' id='word_1_567' title='bbox 2932 3204 3154 3264; x_wconf 85' lang='lat' dir='ltr'><strong>potestas</strong></span> <span class='ocrx_word' id='word_1_568' title='bbox 3177 3197 3229 3249; x_wconf 88' lang='lat' dir='ltr'><strong>in</strong></span> <span class='ocrx_word' id='word_1_569' title='bbox 3256 3200 3381 3275; x_wconf 69' lang='lat' dir='ltr'><strong>caelo</strong></span> <span class='ocrx_word' id='word_1_570' title='bbox 3401 3213 3447 3252; x_wconf 85' lang='lat' dir='ltr'><strong>et</strong></span> <span class='ocrx_word' id='word_1_571' title='bbox 3470 3202 3527 3251; x_wconf 87' lang='lat' dir='ltr'><strong>in</strong></span> <span class='ocrx_word' id='word_1_572' title='bbox 3549 3212 3695 3256; x_wconf 77' lang='lat' dir='ltr'><strong>terra.</strong></span> 
     </span>
    </p>
   </div>
   <div class='ocr_carea' id='block_1_79' title="bbox 2148 3278 3698 3360">
    <p class='ocr_par' dir='ltr' id='par_1_79' title="bbox 2148 3278 3698 3360">
     <span class='ocr_line' id='line_1_79' title="bbox 2148 3278 3698 3360; baseline 0.009 -29"><span class='ocrx_word' id='word_1_573' title='bbox 2148 3278 2212 3332; x_wconf 86' lang='lat' dir='ltr'><strong>Et</strong></span> <span class='ocrx_word' id='word_1_574' title='bbox 2258 3281 2474 3349; x_wconf 88' lang='lat' dir='ltr'><strong>quidem</strong></span> <span class='ocrx_word' id='word_1_575' title='bbox 2519 3282 2679 3336; x_wconf 89' lang='lat' dir='ltr'><strong>etiam</strong></span> <span class='ocrx_word' id='word_1_576' title='bbox 2723 3283 3029 3353; x_wconf 82' lang='lat' dir='ltr'><strong>priusquam</strong></span> <span class='ocrx_word' id='word_1_577' title='bbox 3068 3301 3097 3338; x_wconf 90' lang='lat' dir='ltr'><strong>a</strong></span> <span class='ocrx_word' id='word_1_578' title='bbox 3152 3286 3325 3341; x_wconf 82' lang='lat' dir='ltr'><strong>morte</strong></span> <span class='ocrx_word' id='word_1_579' title='bbox 3380 3298 3698 3360; x_wconf 74' lang='lat' dir='ltr'><strong>resurgeret,</strong></span> 
     </span>
    </p>
   </div>
   <div class='ocr_carea' id='block_1_80' title="bbox 2146 3371 3701 3446">
    <p class='ocr_par' dir='ltr' id='par_1_80' title="bbox 2146 3371 3701 3446">
     <span class='ocr_line' id='line_1_80' title="bbox 2146 3371 3701 3446; baseline 0.008 -25"><span class='ocrx_word' id='word_1_580' title='bbox 2146 3378 2405 3424; x_wconf 88' lang='lat' dir='ltr'><strong>noverant</strong></span> <span class='ocrx_word' id='word_1_581' title='bbox 2433 3371 2685 3441; x_wconf 72' lang='lat' dir='ltr'><strong>angelica:</strong></span> <span class='ocrx_word' id='word_1_582' title='bbox 2706 3372 2759 3426; x_wconf 91' lang='lat' dir='ltr'><strong>iu</strong></span> <span class='ocrx_word' id='word_1_583' title='bbox 2790 3374 2925 3429; x_wconf 79' lang='lat' dir='ltr'><strong>etelo</strong></span> <span class='ocrx_word' id='word_1_584' title='bbox 2958 3375 3185 3430; x_wconf 85' lang='lat' dir='ltr'><strong>virtutes</strong></span> <span class='ocrx_word' id='word_1_585' title='bbox 3216 3376 3340 3446; x_wconf 89' lang='lat' dir='ltr'><strong>jure</strong></span> <span class='ocrx_word' id='word_1_586' title='bbox 3368 3394 3428 3433; x_wconf 89' lang='lat' dir='ltr'><strong>se</strong></span> <span class='ocrx_word' id='word_1_587' title='bbox 3470 3379 3701 3439; x_wconf 71' lang='lat' dir='ltr'><strong>sutditas</strong></span> 
     </span>
    </p>
   </div>
   <div class='ocr_carea' id='block_1_81' title="bbox 2148 3460 3696 3538">
    <p class='ocr_par' dir='ltr' id='par_1_81' title="bbox 2148 3460 3696 3538">
     <span class='ocr_line' id='line_1_81' title="bbox 2148 3460 3696 3538; baseline 0.008 -25"><span class='ocrx_word' id='word_1_588' title='bbox 2148 3460 2368 3526; x_wconf 87' lang='lat' dir='ltr'><strong>homini,</strong></span> <span class='ocrx_word' id='word_1_589' title='bbox 2415 3476 2573 3531; x_wconf 88' lang='lat' dir='ltr'><strong>quem</strong></span> <span class='ocrx_word' id='word_1_590' title='bbox 2611 3480 2639 3518; x_wconf 91' lang='lat' dir='ltr'><strong>a</strong></span> <span class='ocrx_word' id='word_1_591' title='bbox 2683 3468 2780 3519; x_wconf 75' lang='lat' dir='ltr'><strong>Suo</strong></span> <span class='ocrx_word' id='word_1_592' title='bbox 2824 3467 3104 3522; x_wconf 87' lang='lat' dir='ltr'><strong>conditore</strong></span> <span class='ocrx_word' id='word_1_593' title='bbox 3146 3469 3452 3538; x_wconf 88' lang='lat' dir='ltr'><strong>specialiter</strong></span> <span class='ocrx_word' id='word_1_594' title='bbox 3498 3485 3696 3525; x_wconf 85' lang='lat' dir='ltr'><strong>assum-</strong></span> 
     </span>
    </p>
   </div>
   <div class='ocr_carea' id='block_1_82' title="bbox 2144 3548 3702 3624">
    <p class='ocr_par' dir='ltr' id='par_1_82' title="bbox 2144 3548 3702 3624">
     <span class='ocr_line' id='line_1_82' title="bbox 2144 3548 3702 3624; baseline 0.008 -20"><span class='ocrx_word' id='word_1_595' title='bbox 2144 3548 2292 3622; x_wconf 79' lang='lat' dir='ltr'><strong>ptum</strong></span> <span class='ocrx_word' id='word_1_596' title='bbox 2314 3570 2434 3609; x_wconf 89' lang='lat' dir='ltr'><strong>esse</strong></span> <span class='ocrx_word' id='word_1_597' title='bbox 2462 3554 2729 3610; x_wconf 87' lang='lat' dir='ltr'><strong>videbant.</strong></span> <span class='ocrx_word' id='word_1_598' title='bbox 2769 3555 2873 3613; x_wconf 85' lang='lat' dir='ltr'><strong>Sed</strong></span> <span class='ocrx_word' id='word_1_599' title='bbox 2906 3560 3033 3624; x_wconf 66' lang='lat' dir='ltr'><strong>caeci</strong></span> <span class='ocrx_word' id='word_1_600' title='bbox 3080 3561 3132 3613; x_wconf 88' lang='lat' dir='ltr'><strong>in</strong></span> <span class='ocrx_word' id='word_1_601' title='bbox 3163 3569 3305 3615; x_wconf 83' lang='lat' dir='ltr'><strong>terra</strong></span> <span class='ocrx_word' id='word_1_602' title='bbox 3338 3563 3587 3616; x_wconf 87' lang='lat' dir='ltr'><strong>homines</strong></span> <span class='ocrx_word' id='word_1_603' title='bbox 3617 3563 3702 3617; x_wconf 51' lang='lat' dir='ltr'><strong>de-</strong></span> 
     </span>
    </p>
   </div>
   <div class='ocr_carea' id='block_1_83' title="bbox 2147 3645 3701 3717">
    <p class='ocr_par' dir='ltr' id='par_1_83' title="bbox 2147 3645 3701 3717">
     <span class='ocr_line' id='line_1_83' title="bbox 2147 3645 3701 3717; baseline 0.007 -21"><span class='ocrx_word' id='word_1_604' title='bbox 2147 3645 2505 3714; x_wconf 81' lang='lat' dir='ltr'><strong>dignabantur</strong></span> <span class='ocrx_word' id='word_1_605' title='bbox 2557 3647 2605 3701; x_wconf 89' lang='lat' dir='ltr'><strong>ei</strong></span> <span class='ocrx_word' id='word_1_606' title='bbox 2665 3646 2891 3715; x_wconf 88' lang='lat' dir='ltr'><strong>subjici,</strong></span> <span class='ocrx_word' id='word_1_607' title='bbox 2942 3663 3102 3717; x_wconf 86' lang='lat' dir='ltr'><strong>quem</strong></span> <span class='ocrx_word' id='word_1_608' title='bbox 3169 3652 3441 3705; x_wconf 86' lang='lat' dir='ltr'><strong>communi</strong></span> <span class='ocrx_word' id='word_1_609' title='bbox 3524 3667 3701 3707; x_wconf 87' lang='lat' dir='ltr'><strong>secum</strong></span> 
     </span>
    </p>
   </div>
   <div class='ocr_carea' id='block_1_84' title="bbox 2146 3734 3701 3805">
    <p class='ocr_par' dir='ltr' id='par_1_84' title="bbox 2146 3734 3701 3805">
     <span class='ocr_line' id='line_1_84' title="bbox 2146 3734 3701 3805; baseline 0.005 -19"><span class='ocrx_word' id='word_1_610' title='bbox 2146 3734 2471 3789; x_wconf 75' lang='lat' dir='ltr'><strong>mortalitate</strong></span> <span class='ocrx_word' id='word_1_611' title='bbox 2532 3745 2892 3805; x_wconf 83' lang='lat' dir='ltr'><strong>cognoverant</strong></span> <span class='ocrx_word' id='word_1_612' title='bbox 2959 3739 3221 3793; x_wconf 89' lang='lat' dir='ltr'><strong>indutum.</strong></span> <span class='ocrx_word' id='word_1_613' title='bbox 3274 3738 3701 3795; x_wconf 86' lang='lat' dir='ltr'><strong>Contemnebant</strong></span> 
     </span>
    </p>
   </div>
   <div class='ocr_carea' id='block_1_85' title="bbox 2144 3808 3702 3899">
    <p class='ocr_par' dir='ltr' id='par_1_85' title="bbox 2144 3808 3702 3899">
     <span class='ocr_line' id='line_1_85' title="bbox 2144 3808 3702 3899; baseline 0.005 -23"><span class='ocrx_word' id='word_1_614' title='bbox 2144 3821 2259 3889; x_wconf 88' lang='lat' dir='ltr'><strong>ejus</strong></span> <span class='ocrx_word' id='word_1_615' title='bbox 2291 3825 2541 3881; x_wconf 80' lang='lat' dir='ltr'><strong>virtutem</strong></span> <span class='ocrx_word' id='word_1_616' title='bbox 2574 3828 2626 3879; x_wconf 89' lang='lat' dir='ltr'><strong>in</strong></span> <span class='ocrx_word' id='word_1_617' title='bbox 2676 3808 2946 3881; x_wconf 61' lang='lat' dir='ltr'><strong>miraculis</strong></span> <span class='ocrx_word' id='word_1_618' title='bbox 2975 3827 3269 3899; x_wconf 83' lang='lat' dir='ltr'><strong>intelligere</strong></span> <span class='ocrx_word' id='word_1_619' title='bbox 3311 3827 3575 3895; x_wconf 80' lang='lat' dir='ltr'><strong>divinam,</strong></span> <span class='ocrx_word' id='word_1_620' title='bbox 3621 3832 3702 3884; x_wconf 86' lang='lat' dir='ltr'><strong>cui</strong></span> 
     </span>
    </p>
   </div>
   <div class='ocr_carea' id='block_1_86' title="bbox 2143 3910 3699 3986">
    <p class='ocr_par' dir='ltr' id='par_1_86' title="bbox 2143 3910 3699 3986">
     <span class='ocr_line' id='line_1_86' title="bbox 2143 3910 3699 3986; baseline 0.008 -20"><span class='ocrx_word' id='word_1_621' title='bbox 2143 3911 2507 3969; x_wconf 87' lang='lat' dir='ltr'><strong>inﬁrmitatem</strong></span> <span class='ocrx_word' id='word_1_622' title='bbox 2536 3917 2588 3970; x_wconf 93' lang='lat' dir='ltr'><strong>in</strong></span> <span class='ocrx_word' id='word_1_623' title='bbox 2618 3910 2957 3986; x_wconf 87' lang='lat' dir='ltr'><strong>passionibus</strong></span> <span class='ocrx_word' id='word_1_624' title='bbox 2985 3920 3157 3975; x_wconf 87' lang='lat' dir='ltr'><strong>inesse</strong></span> <span class='ocrx_word' id='word_1_625' title='bbox 3187 3921 3484 3976; x_wconf 86' lang='lat' dir='ltr'><strong>cernebant</strong></span> <span class='ocrx_word' id='word_1_626' title='bbox 3513 3924 3699 3978; x_wconf 79' lang='lat' dir='ltr'><strong>huma-</strong></span> 
     </span>
    </p>
   </div>
   <div class='ocr_carea' id='block_1_87' title="bbox 2145 4006 3693 4083">
    <p class='ocr_par' dir='ltr' id='par_1_87' title="bbox 2145 4006 3693 4083">
     <span class='ocr_line' id='line_1_87' title="bbox 2145 4006 3693 4083; baseline 0.008 -26"><span class='ocrx_word' id='word_1_627' title='bbox 2145 4020 2286 4058; x_wconf 86' lang='lat' dir='ltr'><strong>nam.</strong></span> <span class='ocrx_word' id='word_1_628' title='bbox 2337 4006 2560 4076; x_wconf 83' lang='lat' dir='ltr'><strong>Propter</strong></span> <span class='ocrx_word' id='word_1_629' title='bbox 2606 4008 2749 4077; x_wconf 90' lang='lat' dir='ltr'><strong>quod</strong></span> <span class='ocrx_word' id='word_1_630' title='bbox 2772 4008 2997 4079; x_wconf 85' lang='lat' dir='ltr'><strong>benigne</strong></span> <span class='ocrx_word' id='word_1_631' title='bbox 3045 4012 3305 4065; x_wconf 88' lang='lat' dir='ltr'><strong>mediator</strong></span> <span class='ocrx_word' id='word_1_632' title='bbox 3349 4014 3464 4083; x_wconf 89' lang='lat' dir='ltr'><strong>ipse</strong></span> <span class='ocrx_word' id='word_1_633' title='bbox 3501 4013 3598 4068; x_wconf 85' lang='lat' dir='ltr'><strong>Dei</strong></span> <span class='ocrx_word' id='word_1_634' title='bbox 3640 4024 3693 4069; x_wconf 89' lang='lat' dir='ltr'><strong>et</strong></span> 
     </span>
    </p>
   </div>
   <div class='ocr_carea' id='block_1_88' title="bbox 2142 4097 3696 4164">
    <p class='ocr_par' dir='ltr' id='par_1_88' title="bbox 2142 4097 3696 4164">
     <span class='ocr_line' id='line_1_88' title="bbox 2142 4097 3696 4164; baseline 0.006 -14"><span class='ocrx_word' id='word_1_635' title='bbox 2142 4097 2451 4164; x_wconf 89' lang='lat' dir='ltr'><strong>hominum,</strong></span> <span class='ocrx_word' id='word_1_636' title='bbox 2503 4100 2664 4153; x_wconf 89' lang='lat' dir='ltr'><strong>etiam</strong></span> <span class='ocrx_word' id='word_1_637' title='bbox 2715 4102 3016 4156; x_wconf 89' lang='lat' dir='ltr'><strong>hominibus</strong></span> <span class='ocrx_word' id='word_1_638' title='bbox 3057 4102 3110 4155; x_wconf 91' lang='lat' dir='ltr'><strong>in</strong></span> <span class='ocrx_word' id='word_1_639' title='bbox 3162 4111 3304 4157; x_wconf 88' lang='lat' dir='ltr'><strong>terra</strong></span> <span class='ocrx_word' id='word_1_640' title='bbox 3346 4113 3533 4157; x_wconf 89' lang='lat' dir='ltr'><strong>notum</strong></span> <span class='ocrx_word' id='word_1_641' title='bbox 3582 4105 3696 4160; x_wconf 85' lang='lat' dir='ltr'><strong>ﬁeri</strong></span> 
     </span>
    </p>
   </div>
   <div class='ocr_carea' id='block_1_89' title="bbox 2141 4189 3701 4264">
    <p class='ocr_par' dir='ltr' id='par_1_89' title="bbox 2141 4189 3701 4264">
     <span class='ocr_line' id='line_1_89' title="bbox 2141 4189 3701 4264; baseline 0.004 -21"><span class='ocrx_word' id='word_1_642' title='bbox 2141 4191 2346 4255; x_wconf 85' lang='lat' dir='ltr'><strong>volens,</strong></span> <span class='ocrx_word' id='word_1_643' title='bbox 2374 4190 2497 4260; x_wconf 89' lang='lat' dir='ltr'><strong>quia</strong></span> <span class='ocrx_word' id='word_1_644' title='bbox 2524 4189 2646 4244; x_wconf 86' lang='lat' dir='ltr'><strong>data</strong></span> <span class='ocrx_word' id='word_1_645' title='bbox 2673 4193 2741 4245; x_wconf 90' lang='lat' dir='ltr'><strong>sit</strong></span> <span class='ocrx_word' id='word_1_646' title='bbox 2767 4193 2817 4245; x_wconf 92' lang='lat' dir='ltr'><strong>ei</strong></span> <span class='ocrx_word' id='word_1_647' title='bbox 2844 4195 3276 4264; x_wconf 69' lang='lat' dir='ltr'><strong>omnispoteStas</strong></span> <span class='ocrx_word' id='word_1_648' title='bbox 3305 4195 3358 4248; x_wconf 90' lang='lat' dir='ltr'><strong>in</strong></span> <span class='ocrx_word' id='word_1_649' title='bbox 3388 4195 3530 4250; x_wconf 77' lang='lat' dir='ltr'><strong>cmlo</strong></span> <span class='ocrx_word' id='word_1_650' title='bbox 3560 4205 3613 4249; x_wconf 89' lang='lat' dir='ltr'><strong>et</strong></span> <span class='ocrx_word' id='word_1_651' title='bbox 3650 4196 3701 4250; x_wconf 87' lang='lat' dir='ltr'><strong>in</strong></span> 
     </span>
    </p>
   </div>
   <div class='ocr_carea' id='block_1_90' title="bbox 2141 4282 3702 4353">
    <p class='ocr_par' dir='ltr' id='par_1_90' title="bbox 2141 4282 3702 4353">
     <span class='ocr_line' id='line_1_90' title="bbox 2141 4282 3702 4353; baseline 0.003 -20"><span class='ocrx_word' id='word_1_652' title='bbox 2141 4288 2307 4345; x_wconf 86' lang='lat' dir='ltr'><strong>terra,</strong></span> <span class='ocrx_word' id='word_1_653' title='bbox 2356 4289 2617 4349; x_wconf 89' lang='lat' dir='ltr'><strong>quatenus</strong></span> <span class='ocrx_word' id='word_1_654' title='bbox 2659 4290 2713 4335; x_wconf 90' lang='lat' dir='ltr'><strong>et</strong></span> <span class='ocrx_word' id='word_1_655' title='bbox 2734 4282 2832 4350; x_wconf 88' lang='lat' dir='ltr'><strong>ipsi</strong></span> <span class='ocrx_word' id='word_1_656' title='bbox 2876 4296 2996 4335; x_wconf 89' lang='lat' dir='ltr'><strong>eum</strong></span> <span class='ocrx_word' id='word_1_657' title='bbox 3026 4283 3229 4353; x_wconf 89' lang='lat' dir='ltr'><strong>angelis</strong></span> <span class='ocrx_word' id='word_1_658' title='bbox 3260 4283 3315 4336; x_wconf 90' lang='lat' dir='ltr'><strong>in</strong></span> <span class='ocrx_word' id='word_1_659' title='bbox 3361 4284 3501 4337; x_wconf 65' lang='lat' dir='ltr'><strong>creto</strong></span> <span class='ocrx_word' id='word_1_660' title='bbox 3539 4285 3702 4338; x_wconf 86' lang='lat' dir='ltr'><strong>vitam</strong></span> 
     </span>
    </p>
   </div>
   <div class='ocr_carea' id='block_1_91' title="bbox 2139 4372 3702 4444">
    <p class='ocr_par' dir='ltr' id='par_1_91' title="bbox 2139 4372 3702 4444">
     <span class='ocr_line' id='line_1_91' title="bbox 2139 4372 3702 4444; baseline 0.002 -19"><span class='ocrx_word' id='word_1_661' title='bbox 2139 4380 2358 4438; x_wconf 87' lang='lat' dir='ltr'><strong>possent</strong></span> <span class='ocrx_word' id='word_1_662' title='bbox 2403 4372 2599 4426; x_wconf 85' lang='lat' dir='ltr'><strong>habere</strong></span> <span class='ocrx_word' id='word_1_663' title='bbox 2665 4386 2985 4440; x_wconf 89' lang='lat' dir='ltr'><strong>perennem,</strong></span> <span class='ocrx_word' id='word_1_664' title='bbox 3035 4373 3262 4428; x_wconf 89' lang='lat' dir='ltr'><strong>misitet</strong></span> <span class='ocrx_word' id='word_1_665' title='bbox 3310 4374 3564 4429; x_wconf 85' lang='lat' dir='ltr'><strong>doctores</strong></span> <span class='ocrx_word' id='word_1_666' title='bbox 3614 4375 3702 4444; x_wconf 86' lang='lat' dir='ltr'><strong>qui</strong></span> 
     </span>
    </p>
   </div>
   <div class='ocr_carea' id='block_1_92' title="bbox 479 4441 3699 4539">
    <p class='ocr_par' dir='ltr' id='par_1_92' title="bbox 479 4441 3699 4539">
     <span class='ocr_line' id='line_1_92' title="bbox 479 4441 3699 4539; baseline 0.003 -27"><span class='ocrx_word' id='word_1_667' title='bbox 479 4460 855 4516; x_wconf 84' lang='lat' dir='ltr'><strong>adoraverunt.</strong></span> <span class='ocrx_word' id='word_1_668' title='bbox 915 4463 1050 4529; x_wconf 82' lang='lat' dir='ltr'><strong>Quid</strong></span> <span class='ocrx_word' id='word_1_669' title='bbox 1101 4475 1184 4520; x_wconf 82' lang='lat' dir='ltr'><strong>est</strong></span> <span class='ocrx_word' id='word_1_670' title='bbox 1229 4482 1355 4537; x_wconf 65' lang='lat' dir='ltr'><strong>ergo</strong></span> <span class='ocrx_word' id='word_1_671' title='bbox 1377 4469 1518 4538; x_wconf 79' lang='lat' dir='ltr'><strong>quod</strong></span> <span class='ocrx_word' id='word_1_672' title='bbox 1571 4468 1725 4525; x_wconf 67' lang='lat' dir='ltr'><strong>Iesus</strong></span> <span class='ocrx_word' id='word_1_673' title='bbox 1782 4472 2039 4539; x_wconf 63' lang='lat' dir='ltr'><strong>pmedi;</strong></span> <span class='ocrx_word' id='word_1_674' title='bbox 2065 4441 2115 4499; x_wconf 82' lang='grc' dir='ltr'><strong>Ῑ)</strong></span> <span class='ocrx_word' id='word_1_675' title='bbox 2140 4463 2347 4515; x_wconf 89' lang='lat' dir='ltr'><strong>cunctis</strong></span> <span class='ocrx_word' id='word_1_676' title='bbox 2370 4476 2464 4531; x_wconf 91' lang='lat' dir='ltr'><strong>per</strong></span> <span class='ocrx_word' id='word_1_677' title='bbox 2483 4462 2671 4516; x_wconf 91' lang='lat' dir='ltr'><strong>orbem</strong></span> <span class='ocrx_word' id='word_1_678' title='bbox 2694 4462 2997 4517; x_wconf 88' lang='lat' dir='ltr'><strong>nationibus</strong></span> <span class='ocrx_word' id='word_1_679' title='bbox 3021 4478 3175 4518; x_wconf 91' lang='lat' dir='ltr'><strong>suum</strong></span> <span class='ocrx_word' id='word_1_680' title='bbox 3195 4464 3545 4535; x_wconf 86' lang='lat' dir='ltr'><strong>Evangelium</strong></span> <span class='ocrx_word' id='word_1_681' title='bbox 3563 4441 3699 4536; x_wconf 52' lang='lat' dir='ltr'><strong>prm-</strong></span> 
     </span>
    </p>
   </div>
   <div class='ocr_carea' id='block_1_93' title="bbox 479 4553 2036 4629">
    <p class='ocr_par' dir='ltr' id='par_1_93' title="bbox 479 4553 2036 4629">
     <span class='ocr_line' id='line_1_93' title="bbox 479 4553 2036 4629; baseline 0.005 -23"><span class='ocrx_word' id='word_1_682' title='bbox 479 4553 769 4622; x_wconf 83' lang='lat' dir='ltr'><strong>discipulos</strong></span> <span class='ocrx_word' id='word_1_683' title='bbox 803 4557 854 4609; x_wconf 90' lang='lat' dir='ltr'><strong>in</strong></span> <span class='ocrx_word' id='word_1_684' title='bbox 881 4554 1174 4624; x_wconf 67' lang='lat' dir='ltr'><strong>Galilaeam,</strong></span> <span class='ocrx_word' id='word_1_685' title='bbox 1200 4567 1259 4613; x_wconf 91' lang='lat' dir='ltr'><strong>ut</strong></span> <span class='ocrx_word' id='word_1_686' title='bbox 1284 4561 1527 4614; x_wconf 90' lang='lat' dir='ltr'><strong>videatur</strong></span> <span class='ocrx_word' id='word_1_687' title='bbox 1553 4560 1621 4614; x_wconf 87' lang='lat' dir='ltr'><strong>ab</strong></span> <span class='ocrx_word' id='word_1_688' title='bbox 1656 4561 1757 4624; x_wconf 89' lang='lat' dir='ltr'><strong>eis,</strong></span> <span class='ocrx_word' id='word_1_689' title='bbox 1802 4576 2036 4629; x_wconf 82' lang='lat' dir='ltr'><strong>sequun-</strong></span> 
     </span>
    </p>
   </div>
   <div class='ocr_carea' id='block_1_94' title="bbox 480 4647 2037 4720">
    <p class='ocr_par' dir='ltr' id='par_1_94' title="bbox 480 4647 2037 4720">
     <span class='ocr_line' id='line_1_94' title="bbox 480 4647 2037 4720; baseline 0.005 -23"><span class='ocrx_word' id='word_1_690' title='bbox 480 4655 565 4699; x_wconf 86' lang='lat' dir='ltr'><strong>tur</strong></span> <span class='ocrx_word' id='word_1_691' title='bbox 589 4647 658 4700; x_wconf 92' lang='lat' dir='ltr'><strong>illi</strong></span> <span class='ocrx_word' id='word_1_692' title='bbox 684 4657 738 4703; x_wconf 91' lang='lat' dir='ltr'><strong>et</strong></span> <span class='ocrx_word' id='word_1_693' title='bbox 760 4648 999 4703; x_wconf 85' lang='lat' dir='ltr'><strong>videntes</strong></span> <span class='ocrx_word' id='word_1_694' title='bbox 1034 4665 1157 4704; x_wconf 89' lang='lat' dir='ltr'><strong>eum</strong></span> <span class='ocrx_word' id='word_1_695' title='bbox 1199 4652 1463 4705; x_wconf 88' lang='lat' dir='ltr'><strong>adorant?</strong></span> <span class='ocrx_word' id='word_1_696' title='bbox 1499 4651 1601 4705; x_wconf 88' lang='lat' dir='ltr'><strong>nisi</strong></span> <span class='ocrx_word' id='word_1_697' title='bbox 1643 4651 1768 4720; x_wconf 88' lang='lat' dir='ltr'><strong>quia</strong></span> <span class='ocrx_word' id='word_1_698' title='bbox 1802 4652 2037 4705; x_wconf 77' lang='lat' dir='ltr'><strong>surrexit</strong></span> 
     </span>
    </p>
   </div>
   <div class='ocr_carea' id='block_1_95' title="bbox 476 4736 2034 4811">
    <p class='ocr_par' dir='ltr' id='par_1_95' title="bbox 476 4736 2034 4811">
     <span class='ocr_line' id='line_1_95' title="bbox 476 4736 2034 4811; baseline 0.003 -20"><span class='ocrx_word' id='word_1_699' title='bbox 476 4736 721 4791; x_wconf 87' lang='lat' dir='ltr'><strong>Christus</strong></span> <span class='ocrx_word' id='word_1_700' title='bbox 748 4754 777 4792; x_wconf 90' lang='lat' dir='ltr'><strong>a</strong></span> <span class='ocrx_word' id='word_1_701' title='bbox 808 4741 1054 4804; x_wconf 91' lang='lat' dir='ltr'><strong>mortuis,</strong></span> <span class='ocrx_word' id='word_1_702' title='bbox 1077 4742 1325 4809; x_wconf 74' lang='lat' dir='ltr'><strong>primitim</strong></span> <span class='ocrx_word' id='word_1_703' title='bbox 1354 4743 1751 4796; x_wconf 89' lang='lat' dir='ltr'><strong>dormientium.</strong></span> <span class='ocrx_word' id='word_1_704' title='bbox 1787 4741 2034 4811; x_wconf 85' lang='lat' dir='ltr'><strong>Sequun-</strong></span> 
     </span>
    </p>
   </div>
   <div class='ocr_carea' id='block_1_96' title="bbox 479 4829 2034 4901">
    <p class='ocr_par' dir='ltr' id='par_1_96' title="bbox 479 4829 2034 4901">
     <span class='ocr_line' id='line_1_96' title="bbox 479 4829 2034 4901; baseline 0.006 -23"><span class='ocrx_word' id='word_1_705' title='bbox 479 4836 565 4879; x_wconf 90' lang='lat' dir='ltr'><strong>tur</strong></span> <span class='ocrx_word' id='word_1_706' title='bbox 590 4834 763 4881; x_wconf 89' lang='lat' dir='ltr'><strong>autcm</strong></span> <span class='ocrx_word' id='word_1_707' title='bbox 808 4829 861 4882; x_wconf 93' lang='lat' dir='ltr'><strong>bi</strong></span> <span class='ocrx_word' id='word_1_708' title='bbox 892 4830 981 4898; x_wconf 91' lang='lat' dir='ltr'><strong>qui</strong></span> <span class='ocrx_word' id='word_1_709' title='bbox 1012 4838 1137 4883; x_wconf 91' lang='lat' dir='ltr'><strong>sunt</strong></span> <span class='ocrx_word' id='word_1_710' title='bbox 1166 4831 1382 4895; x_wconf 90' lang='lat' dir='ltr'><strong>Christi,</strong></span> <span class='ocrx_word' id='word_1_711' title='bbox 1423 4842 1479 4886; x_wconf 88' lang='lat' dir='ltr'><strong>et</strong></span> <span class='ocrx_word' id='word_1_712' title='bbox 1507 4833 1605 4901; x_wconf 88' lang='lat' dir='ltr'><strong>ipsi</strong></span> <span class='ocrx_word' id='word_1_713' title='bbox 1636 4834 1689 4886; x_wconf 90' lang='lat' dir='ltr'><strong>in</strong></span> <span class='ocrx_word' id='word_1_714' title='bbox 1724 4848 1821 4887; x_wconf 91' lang='lat' dir='ltr'><strong>suo</strong></span> <span class='ocrx_word' id='word_1_715' title='bbox 1848 4833 2034 4887; x_wconf 91' lang='lat' dir='ltr'><strong>ordine</strong></span> 
     </span>
    </p>
   </div>
   <div class='ocr_carea' id='block_1_97' title="bbox 476 4917 2028 4993">
    <p class='ocr_par' dir='ltr' id='par_1_97' title="bbox 476 4917 2028 4993">
     <span class='ocr_line' id='line_1_97' title="bbox 476 4917 2028 4993; baseline 0.007 -26"><span class='ocrx_word' id='word_1_716' title='bbox 476 4918 541 4969; x_wconf 84' lang='lat' dir='ltr'><strong>ad</strong></span> <span class='ocrx_word' id='word_1_717' title='bbox 565 4917 727 4970; x_wconf 87' lang='lat' dir='ltr'><strong>vitam</strong></span> <span class='ocrx_word' id='word_1_718' title='bbox 758 4919 822 4971; x_wconf 90' lang='lat' dir='ltr'><strong>de</strong></span> <span class='ocrx_word' id='word_1_719' title='bbox 853 4929 1021 4973; x_wconf 90' lang='lat' dir='ltr'><strong>morte</strong></span> <span class='ocrx_word' id='word_1_720' title='bbox 1052 4923 1454 4991; x_wconf 75' lang='lat' dir='ltr'><strong>transmigrant,</strong></span> <span class='ocrx_word' id='word_1_721' title='bbox 1488 4925 1666 4993; x_wconf 87' lang='lat' dir='ltr'><strong>ibique</strong></span> <span class='ocrx_word' id='word_1_722' title='bbox 1692 4939 1813 4978; x_wconf 90' lang='lat' dir='ltr'><strong>eum</strong></span> <span class='ocrx_word' id='word_1_723' title='bbox 1850 4925 2028 4978; x_wconf 85' lang='lat' dir='ltr'><strong>viden-</strong></span> 
     </span>
    </p>
   </div>
   <div class='ocr_carea' id='block_1_98' title="bbox 2139 4554 2395 4607">
    <p class='ocr_par' dir='ltr' id='par_1_98' title="bbox 2139 4554 2395 4607">
     <span class='ocr_line' id='line_1_98' title="bbox 2139 4554 2395 4607; baseline -0.004 -1"><span class='ocrx_word' id='word_1_724' title='bbox 2139 4554 2395 4607; x_wconf 72' lang='lat' dir='ltr'><strong>dicerent.</strong></span> 
     </span>
    </p>
   </div>
   <div class='ocr_carea' id='block_1_99' title="bbox 2210 4644 3699 4716">
    <p class='ocr_par' dir='ltr' id='par_1_99' title="bbox 2210 4644 3699 4716">
     <span class='ocr_line' id='line_1_99' title="bbox 2210 4644 3699 4716; baseline 0.003 -19"><span class='ocrx_word' id='word_1_725' title='bbox 2210 4644 2403 4698; x_wconf 85' lang='lat' dir='ltr'><strong>Euntes</strong></span> <span class='ocrx_word' id='word_1_726' title='bbox 2438 4660 2557 4713; x_wconf 88' lang='lat' dir='ltr'><strong>ergo</strong></span> <span class='ocrx_word' id='word_1_727' title='bbox 2584 4644 2758 4698; x_wconf 79' lang='lat' dir='ltr'><strong>docete</strong></span> <span class='ocrx_word' id='word_1_728' title='bbox 2781 4661 2956 4699; x_wconf 80' lang='lat' dir='ltr'><strong>omnes</strong></span> <span class='ocrx_word' id='word_1_729' title='bbox 2975 4655 3168 4716; x_wconf 84' lang='lat' dir='ltr'><strong>gentes,</strong></span> <span class='ocrx_word' id='word_1_730' title='bbox 3194 4647 3513 4716; x_wconf 78' lang='lat' dir='ltr'><strong>baptisantes</strong></span> <span class='ocrx_word' id='word_1_731' title='bbox 3542 4652 3629 4701; x_wconf 69' lang='lat' dir='ltr'><strong>eo:</strong></span> <span class='ocrx_word' id='word_1_732' title='bbox 3646 4648 3699 4702; x_wconf 74' lang='lat' dir='ltr'><strong>in</strong></span> 
     </span>
    </p>
   </div>
   <div class='ocr_carea' id='block_1_100' title="bbox 2137 4735 3699 4807">
    <p class='ocr_par' dir='ltr' id='par_1_100' title="bbox 2137 4735 3699 4807">
     <span class='ocr_line' id='line_1_100' title="bbox 2137 4735 3699 4807; baseline 0.006 -21"><span class='ocrx_word' id='word_1_733' title='bbox 2137 4736 2340 4788; x_wconf 84' lang='lat' dir='ltr'><strong>nomine</strong></span> <span class='ocrx_word' id='word_1_734' title='bbox 2365 4735 2564 4801; x_wconf 87' lang='lat' dir='ltr'><strong>Patris,</strong></span> <span class='ocrx_word' id='word_1_735' title='bbox 2590 4746 2635 4789; x_wconf 87' lang='lat' dir='ltr'><strong>et</strong></span> <span class='ocrx_word' id='word_1_736' title='bbox 2662 4735 2806 4802; x_wconf 78' lang='lat' dir='ltr'><strong>Filii,</strong></span> <span class='ocrx_word' id='word_1_737' title='bbox 2833 4746 2879 4791; x_wconf 88' lang='lat' dir='ltr'><strong>et</strong></span> <span class='ocrx_word' id='word_1_738' title='bbox 2901 4735 3123 4807; x_wconf 85' lang='lat' dir='ltr'><strong>Spiritus</strong></span> <span class='ocrx_word' id='word_1_739' title='bbox 3145 4740 3328 4803; x_wconf 86' lang='lat' dir='ltr'><strong>sancti,</strong></span> <span class='ocrx_word' id='word_1_740' title='bbox 3356 4739 3596 4795; x_wconf 72' lang='lat' dir='ltr'><strong>doceiues</strong></span> <span class='ocrx_word' id='word_1_741' title='bbox 3614 4757 3699 4795; x_wconf 81' lang='lat' dir='ltr'><strong>eos</strong></span> 
     </span>
    </p>
   </div>
   <div class='ocr_carea' id='block_1_101' title="bbox 2135 4828 3699 4897">
    <p class='ocr_par' dir='ltr' id='par_1_101' title="bbox 2135 4828 3699 4897">
     <span class='ocr_line' id='line_1_101' title="bbox 2135 4828 3699 4897; baseline 0.005 -18"><span class='ocrx_word' id='word_1_742' title='bbox 2135 4843 2337 4879; x_wconf 82' lang='lat' dir='ltr'><strong>servare</strong></span> <span class='ocrx_word' id='word_1_743' title='bbox 2384 4828 2557 4880; x_wconf 76' lang='lat' dir='ltr'><strong>mania</strong></span> <span class='ocrx_word' id='word_1_744' title='bbox 2602 4844 2917 4897; x_wconf 64' lang='lat' dir='ltr'><strong>quotcunque</strong></span> <span class='ocrx_word' id='word_1_745' title='bbox 2964 4828 3389 4882; x_wconf 65' lang='lat' dir='ltr'><strong>mandaviuobis.</strong></span> <span class='ocrx_word' id='word_1_746' title='bbox 3437 4830 3699 4887; x_wconf 62' lang='lat' dir='ltr'><strong>Rectissio</strong></span> 
     </span>
    </p>
   </div>
   <div class='ocr_carea' id='block_1_102' title="bbox 2138 4919 3699 4992">
    <p class='ocr_par' dir='ltr' id='par_1_102' title="bbox 2138 4919 3699 4992">
     <span class='ocr_line' id='line_1_102' title="bbox 2138 4919 3699 4992; baseline 0.003 -19"><span class='ocrx_word' id='word_1_747' title='bbox 2138 4935 2255 4973; x_wconf 93' lang='lat' dir='ltr'><strong>mus</strong></span> <span class='ocrx_word' id='word_1_748' title='bbox 2298 4929 2476 4973; x_wconf 85' lang='lat' dir='ltr'><strong>autem</strong></span> <span class='ocrx_word' id='word_1_749' title='bbox 2516 4920 2649 4972; x_wconf 91' lang='lat' dir='ltr'><strong>ordo</strong></span> <span class='ocrx_word' id='word_1_750' title='bbox 2686 4919 3030 4989; x_wconf 59' lang='lat' dir='ltr'><strong>praedicandi,</strong></span> <span class='ocrx_word' id='word_1_751' title='bbox 3074 4928 3130 4973; x_wconf 92' lang='lat' dir='ltr'><strong>et</strong></span> <span class='ocrx_word' id='word_1_752' title='bbox 3166 4920 3441 4975; x_wconf 89' lang='lat' dir='ltr'><strong>modernis</strong></span> <span class='ocrx_word' id='word_1_753' title='bbox 3482 4937 3699 4992; x_wconf 81' lang='lat' dir='ltr'><strong>quoque</strong></span> 
     </span>
    </p>
   </div>
   <div class='ocr_carea' id='block_1_103' title="bbox 479 5008 3693 5081">
    <p class='ocr_par' dir='ltr' id='par_1_103' title="bbox 479 5008 3693 5081">
     <span class='ocr_line' id='line_1_103' title="bbox 479 5008 3693 5081; baseline 0.005 -21"><span class='ocrx_word' id='word_1_754' title='bbox 479 5018 559 5061; x_wconf 85' lang='lat' dir='ltr'><strong>tes</strong></span> <span class='ocrx_word' id='word_1_755' title='bbox 593 5009 837 5073; x_wconf 86' lang='lat' dir='ltr'><strong>adorant,</strong></span> <span class='ocrx_word' id='word_1_756' title='bbox 869 5012 991 5077; x_wconf 87' lang='lat' dir='ltr'><strong>quia</strong></span> <span class='ocrx_word' id='word_1_757' title='bbox 1038 5012 1090 5065; x_wconf 92' lang='lat' dir='ltr'><strong>in</strong></span> <span class='ocrx_word' id='word_1_758' title='bbox 1129 5014 1304 5081; x_wconf 90' lang='lat' dir='ltr'><strong>specie</strong></span> <span class='ocrx_word' id='word_1_759' title='bbox 1332 5028 1441 5066; x_wconf 72' lang='lat' dir='ltr'><strong>sua:</strong></span> <span class='ocrx_word' id='word_1_760' title='bbox 1466 5014 1759 5067; x_wconf 81' lang='lat' dir='ltr'><strong>divinitatis</strong></span> <span class='ocrx_word' id='word_1_761' title='bbox 1790 5022 2032 5068; x_wconf 88' lang='lat' dir='ltr'><strong>contem-</strong></span> <span class='ocrx_word' id='word_1_762' title='bbox 2131 5010 2569 5077; x_wconf 58' lang='lat' dir='ltr'><strong>praedicatoribus</strong></span> <span class='ocrx_word' id='word_1_763' title='bbox 2628 5008 2878 5062; x_wconf 69' lang='grc' dir='ltr'><strong>ΕυεῙεδίιΒ</strong></span> <span class='ocrx_word' id='word_1_764' title='bbox 2923 5008 3326 5078; x_wconf 75' lang='lat' dir='ltr'><strong>diligentissime</strong></span> <span class='ocrx_word' id='word_1_765' title='bbox 3382 5012 3693 5075; x_wconf 62' lang='lat' dir='ltr'><strong>secundus.</strong></span> 
     </span>
    </p>
   </div>
   <div class='ocr_carea' id='block_1_104' title="bbox 474 5098 2036 5173">
    <p class='ocr_par' dir='ltr' id='par_1_104' title="bbox 474 5098 2036 5173">
     <span class='ocr_line' id='line_1_104' title="bbox 474 5098 2036 5173; baseline 0.007 -27"><span class='ocrx_word' id='word_1_766' title='bbox 474 5098 696 5165; x_wconf 77' lang='lat' dir='ltr'><strong>plautes,</strong></span> <span class='ocrx_word' id='word_1_767' title='bbox 744 5098 859 5153; x_wconf 90' lang='lat' dir='ltr'><strong>sine</strong></span> <span class='ocrx_word' id='word_1_768' title='bbox 895 5099 998 5152; x_wconf 86' lang='lat' dir='ltr'><strong>line</strong></span> <span class='ocrx_word' id='word_1_769' title='bbox 1042 5102 1363 5156; x_wconf 83' lang='lat' dir='ltr'><strong>collaudant.</strong></span> <span class='ocrx_word' id='word_1_770' title='bbox 1411 5102 1507 5155; x_wconf 90' lang='lat' dir='ltr'><strong>Cui</strong></span> <span class='ocrx_word' id='word_1_771' title='bbox 1556 5104 1741 5156; x_wconf 87' lang='lat' dir='ltr'><strong>visioni</strong></span> <span class='ocrx_word' id='word_1_772' title='bbox 1790 5104 2036 5173; x_wconf 81' lang='lat' dir='ltr'><strong>congruit</strong></span> 
     </span>
    </p>
   </div>
   <div class='ocr_carea' id='block_1_105' title="bbox 478 5190 2033 5261">
    <p class='ocr_par' dir='ltr' id='par_1_105' title="bbox 478 5190 2033 5261">
     <span class='ocr_line' id='line_1_105' title="bbox 478 5190 2033 5261; baseline 0.005 -20"><span class='ocrx_word' id='word_1_773' title='bbox 478 5190 601 5242; x_wconf 87' lang='lat' dir='ltr'><strong>illud</strong></span> <span class='ocrx_word' id='word_1_774' title='bbox 622 5190 763 5258; x_wconf 90' lang='lat' dir='ltr'><strong>quod</strong></span> <span class='ocrx_word' id='word_1_775' title='bbox 782 5190 993 5244; x_wconf 73' lang='lat' dir='ltr'><strong>Galilma</strong></span> <span class='ocrx_word' id='word_1_776' title='bbox 1017 5192 1177 5246; x_wconf 86' lang='lat' dir='ltr'><strong>etiam</strong></span> <span class='ocrx_word' id='word_1_777' title='bbox 1195 5193 1446 5247; x_wconf 87' lang='lat' dir='ltr'><strong>revelatio</strong></span> <span class='ocrx_word' id='word_1_778' title='bbox 1461 5194 1855 5261; x_wconf 61' lang='lat' dir='ltr'><strong>inte&#39;pretatur.</strong></span> <span class='ocrx_word' id='word_1_779' title='bbox 1887 5194 2033 5249; x_wconf 90' lang='lat' dir='ltr'><strong>Tunc</strong></span> 
     </span>
    </p>
   </div>
   <div class='ocr_carea' id='block_1_106' title="bbox 474 5281 2031 5352">
    <p class='ocr_par' dir='ltr' id='par_1_106' title="bbox 474 5281 2031 5352">
     <span class='ocr_line' id='line_1_106' title="bbox 474 5281 2031 5352; baseline 0.003 -19"><span class='ocrx_word' id='word_1_780' title='bbox 474 5281 615 5333; x_wconf 71' lang='lat' dir='ltr'><strong>enim</strong></span> <span class='ocrx_word' id='word_1_781' title='bbox 638 5282 868 5334; x_wconf 85' lang='lat' dir='ltr'><strong>revelata</strong></span> <span class='ocrx_word' id='word_1_782' title='bbox 898 5283 1032 5336; x_wconf 77' lang='lat' dir='ltr'><strong>faeie</strong></span> <span class='ocrx_word' id='word_1_783' title='bbox 1058 5281 1197 5336; x_wconf 90' lang='lat' dir='ltr'><strong>sicut</strong></span> <span class='ocrx_word' id='word_1_784' title='bbox 1235 5283 1517 5352; x_wconf 83' lang='lat' dir='ltr'><strong>Apostolus</strong></span> <span class='ocrx_word' id='word_1_785' title='bbox 1545 5292 1786 5344; x_wconf 81' lang='lat' dir='ltr'><strong>testatur,</strong></span> <span class='ocrx_word' id='word_1_786' title='bbox 1812 5284 2031 5352; x_wconf 83' lang='lat' dir='ltr'><strong>gloriam</strong></span> 
     </span>
    </p>
   </div>
   <div class='ocr_carea' id='block_1_107' title="bbox 474 5371 2031 5444">
    <p class='ocr_par' dir='ltr' id='par_1_107' title="bbox 474 5371 2031 5444">
     <span class='ocr_line' id='line_1_107' title="bbox 474 5371 2031 5444; baseline 0.003 -21"><span class='ocrx_word' id='word_1_787' title='bbox 474 5371 683 5424; x_wconf 87' lang='lat' dir='ltr'><strong>Domini</strong></span> <span class='ocrx_word' id='word_1_788' title='bbox 710 5372 1028 5439; x_wconf 84' lang='lat' dir='ltr'><strong>speculantes</strong></span> <span class='ocrx_word' id='word_1_789' title='bbox 1058 5374 1113 5425; x_wconf 87' lang='lat' dir='ltr'><strong>in</strong></span> <span class='ocrx_word' id='word_1_790' title='bbox 1136 5374 1365 5425; x_wconf 84' lang='lat' dir='ltr'><strong>eamdem</strong></span> <span class='ocrx_word' id='word_1_791' title='bbox 1391 5376 1662 5444; x_wconf 81' lang='lat' dir='ltr'><strong>imaginem</strong></span> <span class='ocrx_word' id='word_1_792' title='bbox 1688 5376 2031 5443; x_wconf 73' lang='lat' dir='ltr'><strong>transferatu—</strong></span> 
     </span>
    </p>
   </div>
   <div class='ocr_carea' id='block_1_108' title="bbox 480 5459 2030 5532">
    <p class='ocr_par' dir='ltr' id='par_1_108' title="bbox 480 5459 2030 5532">
     <span class='ocr_line' id='line_1_108' title="bbox 480 5459 2030 5532; baseline 0.006 -23"><span class='ocrx_word' id='word_1_793' title='bbox 480 5477 593 5512; x_wconf 87' lang='lat' dir='ltr'><strong>mur</strong></span> <span class='ocrx_word' id='word_1_794' title='bbox 646 5461 726 5529; x_wconf 91' lang='grc'><strong>(11</strong></span> <span class='ocrx_word' id='word_1_795' title='bbox 756 5459 877 5515; x_wconf 85' lang='lat' dir='ltr'><strong>Cor.</strong></span> <span class='ocrx_word' id='word_1_796' title='bbox 904 5462 1019 5531; x_wconf 90' lang='grc' dir='ltr'>ιιι),</span> <span class='ocrx_word' id='word_1_797' title='bbox 1070 5464 1373 5532; x_wconf 89' lang='lat' dir='ltr'><strong>quicunque</strong></span> <span class='ocrx_word' id='word_1_798' title='bbox 1412 5466 1569 5517; x_wconf 89' lang='lat' dir='ltr'><strong>modo</strong></span> <span class='ocrx_word' id='word_1_799' title='bbox 1616 5465 1915 5519; x_wconf 80' lang='lat' dir='ltr'><strong>revelamus</strong></span> <span class='ocrx_word' id='word_1_800' title='bbox 1961 5466 2030 5520; x_wconf 89' lang='lat' dir='ltr'><strong>ad</strong></span> 
     </span>
    </p>
   </div>
   <div class='ocr_carea' id='block_1_109' title="bbox 478 5550 2029 5624">
    <p class='ocr_par' dir='ltr' id='par_1_109' title="bbox 478 5550 2029 5624">
     <span class='ocr_line' id='line_1_109' title="bbox 478 5550 2029 5624; baseline 0.008 -25"><span class='ocrx_word' id='word_1_801' title='bbox 478 5564 596 5602; x_wconf 77' lang='lat' dir='ltr'><strong>(&#39;ltltl</strong></span> <span class='ocrx_word' id='word_1_802' title='bbox 628 5550 765 5602; x_wconf 81' lang='lat' dir='ltr'><strong>viam</strong></span> <span class='ocrx_word' id='word_1_803' title='bbox 792 5561 1050 5614; x_wconf 86' lang='lat' dir='ltr'><strong>nostrain,</strong></span> <span class='ocrx_word' id='word_1_804' title='bbox 1096 5553 1317 5623; x_wconf 78' lang='lat' dir='ltr'><strong>ejusque</strong></span> <span class='ocrx_word' id='word_1_805' title='bbox 1341 5554 1565 5624; x_wconf 81' lang='lat' dir='ltr'><strong>vestigia</strong></span> <span class='ocrx_word' id='word_1_806' title='bbox 1610 5556 1884 5624; x_wconf 86' lang='lat' dir='ltr'><strong>sequimur</strong></span> <span class='ocrx_word' id='word_1_807' title='bbox 1926 5556 2029 5611; x_wconf 87' lang='lat' dir='ltr'><strong>ﬁde</strong></span> 
     </span>
    </p>
   </div>
   <div class='ocr_carea' id='block_1_110' title="bbox 478 5638 1067 5708">
    <p class='ocr_par' dir='ltr' id='par_1_110' title="bbox 478 5638 1067 5708">
     <span class='ocr_line' id='line_1_110' title="bbox 478 5638 1067 5708; baseline 0.008 -20"><span class='ocrx_word' id='word_1_808' title='bbox 478 5653 579 5692; x_wconf 79' lang='lat' dir='ltr'><strong>non</strong></span> <span class='ocrx_word' id='word_1_809' title='bbox 612 5638 750 5692; x_wconf 74' lang='lat' dir='ltr'><strong>licia.</strong></span> <span class='ocrx_word' id='word_1_810' title='bbox 784 5638 1033 5708; x_wconf 70' lang='lat' dir='ltr'><strong>Sequitur</strong></span> <span class='ocrx_word' id='word_1_811' title='bbox 1055 5658 1067 5693; x_wconf 85' lang='lat'><strong>:</strong></span> 
     </span>
    </p>
   </div>
   <div class='ocr_carea' id='block_1_111' title="bbox 2135 5099 3697 5168">
    <p class='ocr_par' dir='ltr' id='par_1_111' title="bbox 2135 5099 3697 5168">
     <span class='ocr_line' id='line_1_111' title="bbox 2135 5099 3697 5168; baseline 0.004 -17"><span class='ocrx_word' id='word_1_812' title='bbox 2135 5106 2195 5151; x_wconf 85' lang='grc' dir='ltr'><strong>ιιι</strong></span> <span class='ocrx_word' id='word_1_813' title='bbox 2243 5100 2415 5167; x_wconf 89' lang='lat' dir='ltr'><strong>primo</strong></span> <span class='ocrx_word' id='word_1_814' title='bbox 2461 5099 2675 5168; x_wconf 87' lang='lat' dir='ltr'><strong>quidem</strong></span> <span class='ocrx_word' id='word_1_815' title='bbox 2724 5100 2983 5153; x_wconf 88' lang='lat' dir='ltr'><strong>doceatur</strong></span> <span class='ocrx_word' id='word_1_816' title='bbox 3039 5100 3272 5166; x_wconf 88' lang='lat' dir='ltr'><strong>auditor,</strong></span> <span class='ocrx_word' id='word_1_817' title='bbox 3324 5100 3519 5155; x_wconf 89' lang='lat' dir='ltr'><strong>deinde</strong></span> <span class='ocrx_word' id='word_1_818' title='bbox 3570 5102 3697 5157; x_wconf 83' lang='lat' dir='ltr'><strong>ﬁdei</strong></span> 
     </span>
    </p>
   </div>
   <div class='ocr_carea' id='block_1_112' title="bbox 2135 5179 3692 5253">
    <p class='ocr_par' dir='ltr' id='par_1_112' title="bbox 2135 5179 3692 5253">
     <span class='ocr_line' id='line_1_112' title="bbox 2135 5179 3692 5253; baseline 0.004 -11"><span class='ocrx_word' id='word_1_819' title='bbox 2135 5190 2486 5243; x_wconf 84' lang='lat' dir='ltr'><strong>sacramentis</strong></span> <span class='ocrx_word' id='word_1_820' title='bbox 2543 5190 2848 5253; x_wconf 88' lang='lat' dir='ltr'><strong>imbuatur,</strong></span> <span class='ocrx_word' id='word_1_821' title='bbox 2906 5179 3094 5245; x_wconf 88' lang='lat' dir='ltr'><strong>deinde</strong></span> <span class='ocrx_word' id='word_1_822' title='bbox 3149 5192 3216 5245; x_wconf 88' lang='lat' dir='ltr'><strong>ad</strong></span> <span class='ocrx_word' id='word_1_823' title='bbox 3267 5194 3530 5246; x_wconf 84' lang='lat' dir='ltr'><strong>servanda</strong></span> <span class='ocrx_word' id='word_1_824' title='bbox 3597 5193 3692 5249; x_wconf 80' lang='lat' dir='ltr'><strong>Dei</strong></span> 
     </span>
    </p>
   </div>
   <div class='ocr_carea' id='block_1_113' title="bbox 2138 5278 3692 5347">
    <p class='ocr_par' dir='ltr' id='par_1_113' title="bbox 2138 5278 3692 5347">
     <span class='ocr_line' id='line_1_113' title="bbox 2138 5278 3692 5347; baseline 0.007 -19"><span class='ocrx_word' id='word_1_825' title='bbox 2138 5278 2384 5329; x_wconf 80' lang='lat' dir='ltr'><strong>mandata</strong></span> <span class='ocrx_word' id='word_1_826' title='bbox 2412 5292 2477 5331; x_wconf 82' lang='lat' dir='ltr'><strong>ex</strong></span> <span class='ocrx_word' id='word_1_827' title='bbox 2515 5286 2752 5347; x_wconf 88' lang='lat' dir='ltr'><strong>tempore</strong></span> <span class='ocrx_word' id='word_1_828' title='bbox 2781 5278 3000 5333; x_wconf 90' lang='lat' dir='ltr'><strong>liberius</strong></span> <span class='ocrx_word' id='word_1_829' title='bbox 3032 5281 3361 5341; x_wconf 90' lang='lat' dir='ltr'><strong>instituatur.</strong></span> <span class='ocrx_word' id='word_1_830' title='bbox 3406 5282 3541 5347; x_wconf 86' lang='lat' dir='ltr'><strong>Quia</strong></span> <span class='ocrx_word' id='word_1_831' title='bbox 3586 5300 3692 5340; x_wconf 81' lang='lat' dir='ltr'><strong>non</strong></span> 
     </span>
    </p>
   </div>
   <div class='ocr_carea' id='block_1_114' title="bbox 2134 5366 3691 5439">
    <p class='ocr_par' dir='ltr' id='par_1_114' title="bbox 2134 5366 3691 5439">
     <span class='ocr_line' id='line_1_114' title="bbox 2134 5366 3691 5439; baseline 0.008 -22"><span class='ocrx_word' id='word_1_832' title='bbox 2134 5375 2309 5435; x_wconf 83' lang='lat' dir='ltr'><strong>potest</strong></span> <span class='ocrx_word' id='word_1_833' title='bbox 2345 5366 2460 5421; x_wconf 85' lang='lat' dir='ltr'><strong>ﬁeri</strong></span> <span class='ocrx_word' id='word_1_834' title='bbox 2502 5376 2560 5421; x_wconf 92' lang='lat' dir='ltr'><strong>ut</strong></span> <span class='ocrx_word' id='word_1_835' title='bbox 2598 5383 2790 5436; x_wconf 79' lang='lat' dir='ltr'><strong>corpus</strong></span> <span class='ocrx_word' id='word_1_836' title='bbox 2825 5369 3073 5437; x_wconf 88' lang='lat' dir='ltr'><strong>baptismi</strong></span> <span class='ocrx_word' id='word_1_837' title='bbox 3118 5370 3342 5439; x_wconf 86' lang='lat' dir='ltr'><strong>recipiat</strong></span> <span class='ocrx_word' id='word_1_838' title='bbox 3378 5387 3691 5430; x_wconf 81' lang='lat' dir='ltr'><strong>sacramen-</strong></span> 
     </span>
    </p>
   </div>
   <div class='ocr_carea' id='block_1_115' title="bbox 2134 5456 3693 5527">
    <p class='ocr_par' dir='ltr' id='par_1_115' title="bbox 2134 5456 3693 5527">
     <span class='ocr_line' id='line_1_115' title="bbox 2134 5456 3693 5527; baseline 0.006 -20"><span class='ocrx_word' id='word_1_839' title='bbox 2134 5463 2266 5517; x_wconf 86' lang='lat' dir='ltr'><strong>tum,</strong></span> <span class='ocrx_word' id='word_1_840' title='bbox 2299 5456 2396 5508; x_wconf 88' lang='lat' dir='ltr'><strong>nisi</strong></span> <span class='ocrx_word' id='word_1_841' title='bbox 2419 5465 2541 5509; x_wconf 88' lang='lat' dir='ltr'><strong>ante</strong></span> <span class='ocrx_word' id='word_1_842' title='bbox 2566 5456 2740 5509; x_wconf 85' lang='lat' dir='ltr'><strong>anima</strong></span> <span class='ocrx_word' id='word_1_843' title='bbox 2773 5456 2891 5510; x_wconf 87' lang='lat' dir='ltr'><strong>ﬁdei</strong></span> <span class='ocrx_word' id='word_1_844' title='bbox 2922 5458 3216 5527; x_wconf 81' lang='lat' dir='ltr'><strong>susceperit</strong></span> <span class='ocrx_word' id='word_1_845' title='bbox 3234 5459 3535 5514; x_wconf 86' lang='lat' dir='ltr'><strong>veritatem.</strong></span> <span class='ocrx_word' id='word_1_846' title='bbox 3557 5459 3693 5516; x_wconf 79' lang='lat' dir='ltr'><strong>Cum</strong></span> 
     </span>
    </p>
   </div>
   <div class='ocr_carea' id='block_1_116' title="bbox 2134 5549 3691 5619">
    <p class='ocr_par' dir='ltr' id='par_1_116' title="bbox 2134 5549 3691 5619">
     <span class='ocr_line' id='line_1_116' title="bbox 2134 5549 3691 5619; baseline 0.005 -18"><span class='ocrx_word' id='word_1_847' title='bbox 2134 5564 2306 5617; x_wconf 81' lang='lat' dir='ltr'><strong>neque</strong></span> <span class='ocrx_word' id='word_1_848' title='bbox 2335 5549 2575 5602; x_wconf 89' lang='lat' dir='ltr'><strong>indoctus</strong></span> <span class='ocrx_word' id='word_1_849' title='bbox 2610 5550 2833 5618; x_wconf 88' lang='lat' dir='ltr'><strong>quisque</strong></span> <span class='ocrx_word' id='word_1_850' title='bbox 2862 5557 2916 5603; x_wconf 89' lang='lat' dir='ltr'><strong>ct</strong></span> <span class='ocrx_word' id='word_1_851' title='bbox 2956 5549 3172 5619; x_wconf 89' lang='lat' dir='ltr'><strong>ignarus</strong></span> <span class='ocrx_word' id='word_1_852' title='bbox 3204 5550 3527 5608; x_wconf 69' lang='lat' dir='ltr'><strong>Christiana:</strong></span> <span class='ocrx_word' id='word_1_853' title='bbox 3569 5552 3691 5609; x_wconf 81' lang='lat' dir='ltr'><strong>ﬁdei</strong></span> 
     </span>
    </p>
   </div>
   <div class='ocr_carea' id='block_1_117' title="bbox 2133 5639 3683 5711">
    <p class='ocr_par' dir='ltr' id='par_1_117' title="bbox 2133 5639 3683 5711">
     <span class='ocr_line' id='line_1_117' title="bbox 2133 5639 3683 5711; baseline 0.006 -19"><span class='ocrx_word' id='word_1_854' title='bbox 2133 5651 2303 5710; x_wconf 78' lang='lat' dir='ltr'><strong>potest</strong></span> <span class='ocrx_word' id='word_1_855' title='bbox 2353 5641 2584 5709; x_wconf 63' lang='lat' dir='ltr'><strong>ejus-feni</strong></span> <span class='ocrx_word' id='word_1_856' title='bbox 2630 5642 2979 5695; x_wconf 71' lang='lat' dir='ltr'><strong>sacrmueulis</strong></span> <span class='ocrx_word' id='word_1_857' title='bbox 3026 5639 3202 5707; x_wconf 78' lang='lat' dir='ltr'><strong>ablui,</strong></span> <span class='ocrx_word' id='word_1_858' title='bbox 3252 5658 3424 5711; x_wconf 66' lang='lat' dir='ltr'><strong>neque</strong></span> <span class='ocrx_word' id='word_1_859' title='bbox 3472 5644 3683 5701; x_wconf 81' lang='lat' dir='ltr'><strong>lavacro</strong></span> 
     </span>
    </p>
   </div>
   <div class='ocr_carea' id='block_1_118' title="bbox 3597 288 3823 346">
    <p class='ocr_par' dir='ltr' id='par_1_118' title="bbox 3597 288 3823 346">
     <span class='ocr_line' id='line_1_118' title="bbox 3597 288 3823 346; baseline 0.009 -2"><span class='ocrx_word' id='word_1_860' title='bbox 3597 288 3735 346; x_wconf 69' lang='lat'><strong>“52</strong></span> <span class='ocrx_word' id='word_1_861' title='bbox 3820 288 3823 346; x_wconf 73' lang='grc' dir='ltr'>Ξ</span> 
     </span>
    </p>
   </div>
   <div class='ocr_carea' id='block_1_119' title="bbox 3796 86 3875 797">
    <p class='ocr_par' dir='ltr' id='par_1_119' title="bbox 3800 90 3871 793">
     <span class='ocr_line' id='line_1_119' title="bbox 3800 90 3871 793; baseline 0 -74"><span class='ocrx_word' id='word_1_862' title='bbox 3800 90 3871 793; x_wconf 73' lang='lat' dir='ltr'><strong>l</strong></span> 
     </span>
    </p>
   </div>
  </div>
