3922 6330
187 371 323 426 H55

1110 364 1454 422 COMMENT.
1492 365 1559 420 lN
1598 362 2025 424 MATTILEUM.
2067 394 2133 405 -—
2168 365 2291 422 LIB.
2337 368 2463 424 Vill.

3224 372 3359 459 list

180 479 427 551 baptismi
465 492 493 530 a
534 474 763 545 peccatis
808 474 1083 530 emundari
1129 474 1337 539 sullicit,
1385 476 1559 530 sinon
1604 486 1722 544 post
1749 472 2191 543 Aadmonendo,
2242 476 2590 546 increpando,
2652 477 2880 550 Spiritus
2935 484 3104 539 sancti
3169 485 3362 541 donum

180 568 441 637 baptisma
484 565 692 619 studeat
726 565 950 634 quisque
979 565 1133 619 bonis
1177 566 1426 633 operibus
1452 566 1715 619 insistere.

178 655 338 711 Prius
369 670 496 725 ergo
533 654 723 709 docere
746 663 950 724 gentes,
978 654 1028 707 id
1064 663 1167 716 est,
1217 654 1439 732 scientia
1484 654 1723 708 veritatis

182 748 462 805 instituere
484 785 499 810 ,
546 759 609 799 ac
638 744 714 798 sic
745 745 1017 811 baptizare
1055 744 1324 813 praecipit,
1365 744 1488 813 quia
1532 752 1587 798 et
1612 745 1723 797 sine

182 838 283 891 ﬁde
308 835 621 906 impossibile
640 845 711 888 est
729 834 929 905 placere
953 835 1059 887 Deo
1085 833 1267 905 (Hebr.
1284 834 1390 905 x1);
1415 842 1469 888 et
1490 834 1587 887 nisi
1608 835 1721 903 quis

176 938 389 983 renatus
417 928 571 998 fuerit
595 943 658 980 ea:
681 943 815 991 aqua
843 936 888 979 et
932 924 1127 994 Spiritu
1169 937 1360 987 sancto,
1407 940 1510 977 non
1560 932 1721 993 potest

176 1020 389 1073 introire
412 1020 466 1073 in
490 1032 699 1088 regnum
728 1017 822 1070 Dei
858 1015 1033 1087 (Joan.
1054 1016 1149 1084 Iv).
1176 1016 1253 1068 Ad
1276 1024 1569 1068 extremum
1597 1026 1723 1065 vero

140 1113 480 1183 rsubjungit,
516 1111 760 1163 Docentes
816 1126 900 1162 eos
942 1124 1142 1161 servare
1191 1106 1359 1160 omnia
1411 1120 1723 1175 quwcunque

176 1206 422 1260 mandavi
446 1206 606 1258 vobis.
634 1203 711 1257 Ac
744 1219 809 1257 ne
838 1212 1080 1271 putemus
1105 1202 1236 1255 levia
1266 1216 1383 1255 esse
1425 1215 1541 1269 qua:
1572 1197 1719 1266 jussa

177 1306 323 1362 sunt,
354 1304 406 1350 et
428 1310 593 1364 pauca
622 1293 856 1348 addidit:
909 1290 1094 1346 Omnia
1128 1306 1441 1362 quwcunque
1484 1288 1723 1341 mandavi

176 1373 343 1448 vobis,
388 1394 445 1437 ut
498 1385 797 1452 quicunque
850 1382 1187 1443 crediderint,
1241 1380 1329 1448 qui
1360 1380 1411 1432 in
1462 1378 1724 1431 Trinitate

176 1470 394 1524 fuerunt
424 1470 696 1539 baptizati,
722 1468 897 1522 omnia
927 1468 1256 1535 faciantqute
1284 1474 1547 1534 praecepta
1565 1473 1718 1519 sunt:

175 1560 475 1629 qnia'sieut
507 1572 698 1625 corpus
727 1556 839 1611 sine
879 1555 1080 1625 spiritu‘
1114 1562 1378 1608 mortuum
1409 1562 1510 1617 est,
1563 1554 1635 1607 ita
1669 1560 1723 1605 et

168 1647 309 1715 ﬁdes
349 1648 457 1699 sine
483 1645 716 1715 operibus
763 1655 966 1697 mortua
991 1654 1064 1696 est
1098 1641 1235 1713 (Jac.
1267 1643 1346 1711 ιι).
1385 1642 1595 1706 Quanta
1623 1656 1725 1693 au-v

178 1745 288 1792 tem
327 1750 531 1789 merces
580 1735 678 1804 pize
722 1734 1165 1797 conversationis,
1207 1733 1362 1802 quale
1410 1734 1596 1802 pignus
1640 1729 1722 1784 fu~

1820 562 2121 628 tribuendo,
2156 566 2442 619 roboravit.
2477 568 2518 621 E
2545 569 2736 637 quibus
2769 574 2981 641 quidem
3012 575 3364 643 apparitioni-

1817 651 1917 705 bus
1965 654 2147 707 decem
2193 653 2520 711 solummodo
2558 659 2609 711 in
2655 662 3099 730 evangelistarum
3152 666 3365 735 scriptis

1819 744 2135 808 invenimus,
2153 746 2243 798 sed
2272 746 2451 814 plures
2472 746 2635 802 fuisse
2658 750 2811 804 docet
2836 752 3115 821 Apostolus
3144 759 3362 809 dicens:

1818 830 1886 883 Et
1909 834 2185 885 resurrexit
2218 836 2367 886 tertia
2392 835 2475 888 die
2495 837 2775 890 secundum
2806 838 3121 908 Scripturas,
3153 853 3200 896 et
3231 843 3366 896 visus

1818 932 1892 975 est
1943 922 2147 991 (Iephte,
2207 934 2391 993 etpost
2420 926 2529 978 ha’e
2572 911 2829 993 undecim,
2881 930 3064 985 deinde
3114 933 3253 985 visus
3290 944 3364 993 at

1817 1012 1931 1081 plus
1976 1014 2452 1083 quam‘quingentis
2496 1015 2747 1083 fratribus
2782 1022 2958 1084 simul,
2993 1021 3177 1075 deinde
3233 1023 3368 1076 visus

1817 1112 1893 1155 est
1921 1102 2137 1168 Iacobo,
2170 1104 2355 1157 deinde
2400 1105 2641 1173 apostolis
2670 1110 2923 1174 omnibus,
2962 1112 3239 1165 novissime
3275 1130 3371 1165 au-

1819 1200 1919 1244 tem
1969 1192 2199 1244 omnium
2252 1202 2500 1262 tanquam
2548 1194 2777 1248 abortivo
2828 1198 2964 1251 visus
3013 1208 3086 1253 est
3128 1210 3176 1253 et
3223 1200 3369 1254 mihi.

1819 1279 2021 1346 Quibus
2049 1281 2187 1335 enim
2216 1282 2348 1336 locis
2394 1284 2474 1336 vel
2515 1286 2839 1353 temporibus
2872 1286 3026 1342 facta:
3057 1300 3180 1343 sunt
3219 1293 3373 1345 visio-
3452 1280 3453 1283 “

1819 1387 1937 1435 nes,
1988 1387 2121 1441 quas
2145 1384 2542 1439 commemorat,
2573 1376 2897 1444 ignoramus.
2933 1379 3130 1434 Tamen
3175 1381 3373 1436 scimus

1820 1460 1942 1529 quia
1969 1462 2105 1529 quod
2135 1462 2233 1515 sibi
2265 1452 2553 1516 novissime
2578 1465 2745 1518 visum
2774 1480 2891 1519 esse
2929 1466 3209 1521 Dominum
3244 1483 3374 1522 cou-

1821 1547 2040 1611 ﬁrmat,
2096 1559 2215 1617 post
2258 1552 2626 1605 ascensionem
2680 1552 2794 1620 ejus
2852 1554 3047 1609 factum
3110 1565 3231 1611 est:
3291 1558 3373 1612 vel

1821 1638 2030 1705 quando
2082 1639 2226 1692 illum
2278 1640 2343 1693 de
2378 1639 2530 1694 eoelo-
2562 1641 2861 1710 alloquens,
2918 1646 2982 1699 de
3032 1656 3375 1714 persecutore

1822 1726 2071 1783 Ecclesiae
2098 1731 2367 1785 doctorem
2412 1731 2566 1797 fecit;
2608 1734 2687 1787 vel
2733 1736 2940 1803 quando
2967 1737 3019 1791 in
3068 1739 3375 1806 paradisum

178 1835 313 1882 tura:
340 1824 698 1889 beatitudinis,
742 1824 973 1879 etiamin
998 1824 1238 1893 prmsenti
1274 1823 1453 1878 lideles
1485 1834 1715 1886 maneat,
1750 1833 1793 1891 Β
1819 1828 1873 1873 et
1926 1821 2140 1877 tertium
2194 1822 2385 1875 caelum
2444 1833 2652 1892 raptus,
2704 1827 2899 1879 audivit
2952 1844 3144 1895 arcana
3204 1831 3373 1892 verba,

168 1918 566 1986 subsequenter
608 1916 841 1971 insinuat
874 1915 1089 1969 dicens:

250 2006 385 2059 Ecce
429 2022 520 2075 ego
561 2004 817 2060 vobiscum
843 2022 954 2058 sum
982 2004 1213 2058 omnibus
1257 2006 1433 2058 diebus
1455 1994 1630 2074 iusque,
1652 2003 1720 2056 ad

174 2096 670 2148 consummationem
696 2094 907 2148 swculi.-
942 2093 1093 2148 Libet
1118 2103 1295 2147 autem
1337 2092 1577 2148 conferre
1600 2092 1722 2164 huic

173 2182 484 2236 testimonio
498 2182 635 2250 quod
661 2180 868 2235 Marcus
882 2183 984 2235 ait:
1014 2179 1080 2233 Et
1093 2170 1340 2237 Dominus,
1365 2180 1569 2249 quidem
1584 2188 1723 2248 post-

176 2285 335 2339 quam
361 2269 559 2323 locutus
589 2280 661 2323 est
685 2277 973 2338 assumptus
1017 2278 1089 2322 est
1126 2271 1179 2322 in
1203 2270 1401 2334 coelum,
1429 2278 1474 2321 et
1500 2269 1627 2322 sedit
1654 2266 1720 2321 ad

177 2356 445 2410 dexteram
464 2356 558 2411 Dei
581 2356 769 2435 (Marc.
794 2357 924 2428 xvi).
949 2356 1081 2422 Quia
1100 2358 1239 2411 enim
1261 2344 1373 2426 ipse
1393 2359 1530 2411 Dens
1550 2365 1602 2411 et
1628 2358 1724 2413 ho-

180 2458 271 2498 tno
285 2451 385 2509 est,
410 2453 708 2515 assumptus
726 2454 809 2499 est
828 2446 880 2501 in
905 2445 1093 2500 cmlum
1112 2446 1461 2511 humanitate,
1480 2462 1637 2515 quam
1655 2446 1721 2500 de

176 2542 327 2589 terra
351 2543 676 2604 susceperat,
707 2544 884 2589 manet
904 2551 1023 2589 cum
1051 2538 1249 2590 sanctis
1276 2537 1327 2590 in
1358 2545 1500 2591 terra
1528 2534 1720 2590 divini-

174 2633 312 2689 tate,
338 2640 441 2694 qua
460 2634 653 2679 terram
682 2627 880 2695 pariter
898 2626 1081 2697 implet
1105 2637 1159 2682 et
1184 2628 1395 2681 caelum.
1430 2628 1606 2683 Manet
1625 2644 1721 2682 au-

180 2725 287 2773 tem
301 2718 544 2773 omnibus
563 2719 747 2774 diebus
766 2734 932 2790 usque
953 2720 1019 2775 ad
1035 2722 1540 2777 consummationem
1562 2732 1723 2773 saecu-

176 2807 239 2864 li.
265 2809 342 2864 Ex
366 2825 469 2879 quo
486 2810 944 2889 intelligiturquod
962 2827 1130 2880 usque
1150 2812 1215 2865 ad
1237 2811 1395 2865 linem
1421 2809 1598 2867 seculi
1617 2823 1721 2863 non

176 2901 307 2953 sunt
353 2897 579 2953 defuturi
624 2900 677 2953 in
729 2899 955 2965 mundo,
1002 2900 1091 2969 qui
1121 2900 1293 2953 divina
1347 2901 1652 2963 mansione—
1670 2906 1723 2951 et

138 2993 145 2999 '
176 2988 563 3059 inbabitatione
596 2988 701 3042 sint
728 2988 890 3056 digni.
936 2986 1045 3043 Nec
1069 2988 1413 3051 dubitandum
1464 3002 1558 3041 eos
1601 2994 1723 3055 post

176 3066 531 3158 hujussreculi
549 3078 840 3133 certamina
860 3090 1073 3131 manere
1092 3092 1210 3131 eum
1230 3077 1442 3130 Christo
1461 3076 1513 3130 in
1538 3066 1721 3146 regno,

1820 1923 1935 1976 quae
1967 1924 2067 1961 non
2108 1907 2225 1961 licet
2262 1910 2460 1964 homini
2507 1911 2646 1982 loqui
2694 1912 2781 1983 (II
2830 1912 2951 1968 Cor.
2989 1918 3114 1988 xu),
3145 1926 3201 1973 et
3236 1920 3376 1974 sicut

1820 1996 1945 2049 alibi
1998 1997 2126 2051 dicit
2174 2000 2483 2068 mysterium
2526 2001 2819 2072 Evangelii,
2850 2006 2991 2073 quod
3037 2006 3107 2060 ab
3154 2007 3369 2062 homine

1821 2100 1923 2139 non
1963 2088 2186 2156 accepit,
2230 2103 2324 2157 per
2360 2091 2737 2146 revelationem
2786 2092 2907 2146 Jesu
2936 2095 3133 2150 Christi
3170 2096 3374 2154 didicit.

1819 2176 2005 2231 Decies
2034 2192 2158 2232 vero
2187 2178 2384 2242 visum;
2412 2187 2466 2232 ut
2491 2180 2738 2243 diximus,
2769 2160 2898 2251 post
2929 2185 3374 2242 resurrectionem

1821 2262 2124 2327 Dominum,
2160 2265 2565 2335 Evangeliornm
2609 2268 2761 2322 nobis
2801 2280 2855 2323 et
2880 2273 3103 2326 Actuum
3163 2282 3377 2344 aposto-

1820 2350 1989 2404 lorum
2026 2353 2202 2420 prodit
2244 2353 2483 2407 historia.
2529 2354 2627 2409 Ubi
2664 2357 2779 2425 ipso
2823 2362 3225 2419 resurrectionis
3264 2378 3376 2418 sua:

1820 2443 1905 2498 die
1932 2443 2211 2511 quinquies
2241 2446 2546 2514 apparuisse
2572 2446 2780 2516 legitur.
2820 2449 2998 2503 Primo
3022 2452 3235 2519 quidem
3264 2454 3369 2508 Ma-
3395 2473 3399 2477 ’

1822 2531 1915 2585 riae
1936 2532 2253 2601 Magdalena:
2276 2533 2418 2588 ﬂenti
2444 2536 2511 2589 ad
2537 2548 2955 2593 monumentum.
2985 2541 3181 2597 Deinde
3204 2545 3377 2601 eidem

1822 2620 2017 2684 Mariis,
2069 2632 2122 2677 et
2168 2624 2321 2678 alteri
2358 2625 2595 2693 ejusdem
2640 2629 2868 2683 nominis
2902 2622 3377 2705 feminm,‘regre-

1821 2709 2085 2765 dientibus
2107 2728 2137 2765 a
2168 2717 2785 2771 monumentonuntiare
2818 2718 3109 2789 discipulis,
3150 2736 3268 2791 qua:
3306 2723 3379 2779 ibi

1823 2812 2193 2874 compererant
2219 2818 2506 2858 occurrens
2536 2808 2797 2875 apparuit.
2830 2808 3014 2863 Tertio
3039 2810 3241 2867 Simoni
3274 2812 3377 2885 Pe-

1823 2899 1925 2946 tro.
1955 2891 2159 2958 Quarto
2192 2892 2444 2964 Cleophae
2470 2904 2525 2949 et
2561 2900 2705 2951 socio
2732 2899 2869 2968 ejus,
2913 2916 3033 2975 cum
3059 2902 3251 2971 quibus
3270 2905 3383 2974 ipse

1821 2982 2067 3051 gradiens
2100 2982 2153 3036 in
2184 2983 2434 3038 Emmaus
2464 2985 2657 3039 ibidem
2694 2987 2745 3040 in
2775 2989 2928 3057 panis
2951 2988 3237 3046 “Fractione
3282 3009 3378 3049 co-

1823 3070 1997 3141 gnitus
2023 3080 2104 3126 est
2128 3088 2153 3137 ;-
2194 3073 2284 3142 qui
2313 3090 2434 3141 mox
2463 3078 2663 3130 reversi
2711 3077 3130 3150 Hierosolymam
3159 3082 3376 3139 invene-

176 3164 271 3234 qui
298 3165 350 3219 in
371 3165 562 3220 saeculo
598 3174 864 3220 certantes
913 3165 1183 3238 Christum
1216 3165 1268 3219 in
1296 3166 1376 3218 sui
1403 3165 1582 3219 cordis
1610 3165 1706 3219 ho-
1738 3157 1779 3217 C
1810 3167 1935 3213 runt
1956 3161 2241 3231 discipulos
2256 3164 2561 3232 loquentes:
2583 3166 2715 3232 Quia
2729 3171 2953 3223 surrexit
2970 3171 3223 3227 Dominus
3244 3191 3378 3240 vere,

176 3254 339 3323 spitio
366 3263 673 3310 meruerunt
718 3256 914 3310 habere
940 3245 1272 3310 'mansorem.
1304 3255 1598 3310 Notandum
1642 3256 1720 3309 in-

176 3352 346 3408 terea,
376 3346 512 3414 quod
550 3360 782 3414 praesens
812 3346 1006 3415 ubique
1045 3346 1219 3399 divina
1265 3347 1516 3416 majestas
1564 3346 1721 3401 aliter

176 3435 332 3491 adest
356 3435 539 3490 electis
563 3436 693 3500 suis,
726 3435 880 3495 aliter
912 3435 1060 3489 adest
1090 3435 1349 3504 reprobis.
1378 3434 1544 3488 Adest
1576 3436 1718 3489 enim

176 3525 419 3595 reprobis
462 3524 708 3595 potentia.
748 3534 949 3578 natura:
997 3522 1557 3599 incomprehensibilis,
1616 3537 1718 3591 qua

174 3613 357 3667 omnia
412 3612 678 3681 cognoscit
731 3612 1013 3666 novissima
1063 3620 1118 3665 et
1168 3612 1381 3679 antiqua
1412 3651 1426 3674 ,
1480 3610 1723 3679 intelligit

176 3701 525 3773 cogitationes
552 3694 776 3769 alonge,
816 3709 871 3754 et
892 3702 1077 3753 o‘mnes
1102 3698 1217 3753 vias
1235 3698 1559 3768 singulorum
1584 3713 1715 3767 pra:-

175 3793 344 3847 videt.
388 3791 549 3873 Adest
596 3790 780 3845 electis
832 3790 999 3860 gratia
1032 3788 1132 3857 piae
1176 3788 1521 3856 protectionis
1551 3827 1564 3851 ,
1613 3802 1719 3855 qna

176 3882 299 3937 illos
319 3881 617 3951 specialiter
643 3894 738 3949 per
764 3881 1041 3949 praesentia
1069 3879 1227 3944 dona,
1254 3878 1335 3932 vel
1363 3878 1562 3949 ﬂagella
1590 3894 1721 3948 qua-

176 3971 226 4026 si
248 3970 384 4024 ﬁlios
415 3978 566 4040 pater
592 3970 783 4034 erudit,
815 3977 974 4039 atque
1015 3969 1079 4023 ad
1113 3969 1498 4038 possessionem
1524 3970 1718 4022 futurzn

172 4058 504 4113 hereditatis
552 4057 839 4112 erudiendo
876 4058 1148 4128 provehit.
1200 4056 1365 4111 Adest
1414 4058 1604 4112 electis
1660 4066 1720 4112 ut

173 4147 436 4215 scriptum
464 4128 582 4200 est:
626 4146 786 4204 Juxta
831 4155 905 4200 est
947 4145 1195 4199 Dominus
1229 4146 1307 4198 his
1342 4146 1429 4215 qui
1473 4144 1717 4199 tribulato

173 4244 297 4288 sunt
323 4219 491 4298 corde,
515 4246 560 4287 et
588 4234 802 4288 humiles
826 4234 1009 4302 spiritu
1030 4233 1244 4287 salvabit
1278 4231 1449 4303 (Psal.
1501 4233 1714 4305 sum).

171 4323 343 4378 Adest
376 4324 612 4394 reprobis
636 4364 652 4388 ,
708 4332 765 4377 ut
805 4324 1119 4392 promissum
1164 4332 1287 4378 est:
1329 4322 1509 4377 Vultus
1547 4334 1716 4377 autem

176 4414 388 4467 Domini
406 4431 559 4483 super
580 4415 821 4483 facientes
846 4412 1003 4478 mala,
1050 4423 1104 4465 ut
1138 4414 1315 4483 perdat
1352 4414 1415 4467 de
1441 4423 1579 4467 terra
1613 4430 1717 4467 me-

1818 3258 1867 3301 et
1892 3252 2131 3318 apparuit
2158 3250 2377 3306 Simoni.
2414 3253 2543 3307 Nam
2570 3255 2777 3324 plenius
2803 3254 2926 3313 alibi
2954 3262 3167 3328 quando
3193 3261 3370 3317 Simo«

1821 3340 1873 3392 ni
1904 3342 2210 3414 apparuerit
2252 3358 2356 3403 non
2403 3343 2613 3414 legitur.
2666 3345 2863 3412 Quinto
2910 3351 3151 3418 apparuit
3205 3337 3285 3406 eis
3323 3353 3375 3410 in

1818 3431 2005 3485 eodem
2029 3431 2145 3486 loco
2158 3432 2339 3500 januis
2360 3434 2575 3499 clausis,
2610 3436 2699 3489 ubi
2728 3438 2932 3492 abierat
2958 3438 3208 3496 Thomas.
3248 3442 3379 3498 Sex-

1821 3528 1876 3575 to
1905 3528 2025 3589 post
2054 3521 2169 3575 dies
2205 3530 2328 3577 octo
2372 3526 2584 3592 quando
2618 3534 2733 3579 erat
2764 3536 2961 3587 etcum
2992 3528 3070 3583 eis
3120 3529 3371 3587 Thomas.

1821 3607 2057 3678 Septimo
2084 3610 2412 3679 piscantibus
2442 3613 2508 3667 ad
2534 3628 2680 3667 mare
2714 3613 3033 3671 Tiberiadis.
3088 3616 3289 3675 Octavo
3315 3621 3366 3676 in

1818 3706 1998 3751 monte
2024 3696 2259 3761 Galilem,
2297 3700 2435 3768 quod
2476 3702 2730 3756 hodierna
2782 3703 3007 3759 lectione
3053 3708 3371 3763 audivimus.

1788 3840 1789 3843 η
1818 3783 1968 3839 Nono
1998 3788 2423 3843 recumbentibus
2458 3789 2560 3844 illis
2590 3793 2834 3848 unJec‘im
2864 3797 3128 3864 apparuit,
3151 3798 3238 3853 die
3270 3815 3376 3869 quo

1819 3875 2059 3929 ascendit
2080 3876 2134 3929 in
2164 3875 2376 3930 celum.
2408 3876 2625 3932 Decimo
2664 3880 2912 3935 viderunt
2950 3896 3073 3938 eum
3114 3885 3229 3953 ipsa
3284 3888 3372 3943 die

1816 3979 1921 4019 non
1946 3964 2059 4034 jam
2092 3964 2147 4019 in
2204 3976 2343 4019 terra
2390 3968 2643 4036 positum,
2691 3971 2783 4025 sed
2830 3971 3093 4029 elevatum
3132 3975 3185 4028 in
3226 3989 3375 4037 aera.

1817 4052 2085 4122 cmlosque
2125 4063 2391 4123 petentem
2416 4056 2785 4118 (“dicentibus
2834 4059 2933 4114 sibi
2998 4063 3242 4132 angelis:
3286 4064 3375 4141 Sic

1816 4142 1976 4195 veniet
2008 4144 2436 4212 quemadmodum
2468 4146 2667 4201 vidistis
2704 4164 2821 4204 eum
2852 4160 3054 4206 euntem
3085 4152 3140 4207 in
3188 4153 3371 4209 calum

1819 4232 1953 4303 (Aet.
1989 4232 2050 4302 ι).
2075 4232 2187 4289 Hac
2214 4249 2345 4305 ergo
2375 4235 2666 4305 frequentia
2711 4241 3003 4311 corporalis
3045 4236 3154 4298 sum
3194 4247 3367 4299 mani-

1816 4320 2118 4379 festationis
2163 4326 2444 4380 ostendere
2482 4327 2647 4383 voluit
2682 4316 3000 4397 Dominus,’
3023 4342 3081 4387 ut
3114 4334 3367 4399 diximus,

1819 4412 1872 4466 in
1903 4414 2045 4466 omni
2072 4413 2189 4469 loco
2214 4429 2271 4468 se
2306 4416 2564 4469 bonorum
2615 4418 2891 4474 desideriis
2932 4421 3189 4478 divinitus
3248 4438 3371 4480 esse

174 4506 397 4559 muriam
424 4478 599 4558 eorum
625 4503 827 4575 (Ibid).
875 4502 1022 4558 Unde
1054 4478 1267 4558 necesse
1297 4514 1379 4558 est
1410 4511 1468 4558 ut
1512 4518 1719 4570 semper
1745 4478 1794 4536 D
1817 4511 2152 4571 praesentem.
2191 4502 2449 4572 Apparuit
2491 4521 2715 4575 namque
2736 4509 2803 4562 ad
2847 4519 3247 4567 monumentum

172 4593 425 4664 operibus
451 4609 674 4663 nequam
703 4605 927 4665 paveant
951 4596 1092 4659 mali,
1120 4611 1346 4668 quorum
1376 4598 1537 4651 etiam
1569 4597 1709 4667 cogi-

173 4684 404 4739 tationes
429 4683 647 4755 singula:
668 4687 969 4755 conspectui
1006 4687 1226 4740 districti
1264 4672 1460 4755 judicis
1509 4675 1711 4755 patent.

174 4773 403 4847 Semper
422 4775 475 4828 in
500 4775 807 4845 operatione
834 4775 1070 4844 iustitiae,
1098 4776 1221 4829 etin
1253 4776 1336 4829 his
1361 4790 1477 4843 quae
1500 4783 1715 4845 propter

163 4862 432 4931 justitiam
486 4864 756 4931 patiuntur
806 4862 1068 4931 gaudeant
1112 4862 1232 4915 Ι)οηί
1263 4902 1277 4924 ,
1306 4863 1498 4931 quibus
1549 4861 1713 4914 Deum

168 4950 498 5019 diligentibus
536 4952 707 5006 omnia
735 4960 1070 5018 cooperantur
1092 4951 1143 5003 in
1166 4949 1351 5002 bonum
1387 4949 1715 5020 (Rom.vtu),

171 5045 233 5092 et
262 5036 316 5090 in
351 5051 662 5107 quacunque
710 5037 1045 5111 tribulatione
1092 5038 1276 5106 positis
1308 5053 1576 5107 nunquam
1604 5036 1718 5105 ejus

171 5125 349 5194 pietas
373 5125 559 5179 abest:
590 5125 673 5177 cui
694 5124 902 5177 canitur
929 5124 981 5177 in
1013 5125 1247 5193 psalmo:
1282 5123 1394 5177 Tibi
1436 5127 1571 5179 enim
1628 5127 1719 5179 de-

172 5213 383 5267 relictus
406 5223 477 5268 est
508 5230 717 5283 pauper,
744 5213 938 5283 pupillo
989 5224 1044 5267 tu
1094 5216 1192 5268 eris
1226 5216 1467 5283 adjutor:
1518 5227 1717 5271 contere

173 5303 443 5357 brachium
474 5305 749 5369 peccatoris
786 5314 832 5357 et
878 5304 1089 5373 maligni
1136 5305 1320 5376 (Psal.
1350 5322 1441 5361 xxx
1465 5305 1504 5377 ).
1542 5306 1711 5374 Quam

172 5384 521 5461 pietatissute
563 5391 892 5461 praesentiam
928 5408 1031 5448 non
1084 5401 1283 5447 tantum
1336 5395 1490 5451 nobis
1550 5396 1713 5451 verbo

171 5480 441 5550 promisit,
466 5480 556 5534 sed
582 5488 636 5533 et
664 5479 992 5552 evidentibus
1016 5480 1308 5550 designavit
1335 5482 1565 5547 indiciis,
1589 5498 1710 5539 cum

170 5576 297 5639 post
330 5556 764 5623 resurrectionem
797 5583 947 5621 suam
991 5568 1277 5636 discipulis,
1330 5571 1522 5639 saepius
1545 5584 1712 5639 usque

173 5658 246 5714 ad
272 5656 414 5712 diem
441 5671 541 5726 qua
569 5656 728 5713 cmlos
752 5657 882 5727 petit
904 5658 1165 5729 apparuit,
1196 5672 1484 5729 eorumque
1507 5659 1712 5714 animos

1816 4589 2095 4657 gentibus:
2120 4590 2299 4645 aderit
2323 4600 2376 4645 et
2397 4593 2548 4647 nobis
2576 4596 2827 4650 absentiae
2849 4598 2965 4667 ejus
2997 4601 3368 4659 recordatione

1811 4678 2098 4733 salubriter
2155 4683 2505 4737 contristatis.
2573 4684 2818 4740 Occurrit
2896 4691 3282 4746 revertentibus
3338 4708 3368 4748 a

1816 4778 2181 4835 monumento,
2215 4778 2273 4823 ut
2293 4772 2470 4842 agnita
2503 4775 2911 4832 resurrectionis
2946 4780 3137 4847 gaudia
3176 4783 3367 4849 pradi-

1814 4865 2025 4910 carent:
2077 4858 2251 4912 aderit
2288 4868 2343 4912 et
2386 4860 2539 4913 nobis
2594 4861 2718 4914 dum
2761 4863 2896 4916 dona
2956 4880 3075 4932 qua
3122 4868 3367 4925 novimus

1813 4946 2070 5013 proximis
2111 4947 2336 5002 ﬁdeliter
2379 4951 2696 5006 annuntiare
2750 4956 3061 5022 gaudemus.
3108 4956 3367 5027 Apparuit

1813 5036 1867 5090 in
1909 5035 2168 5093 fractione
2216 5041 2367 5107 panis
2420 5041 2504 5094 his
2546 5042 2635 5110 qui
2682 5056 2802 5096 eum
2853 5046 3191 5114 peregrinum
3248 5064 3367 5103 esse

1810 5133 2077 5193 putantes,
2108 5125 2174 5181 ad
2201 5126 2487 5195 hospitium
2512 5139 2851 5183 vocaverunt.
2894 5131 3081 5186 Aderit
3114 5142 3169 5187 et
3213 5124 3367 5189 nobis

1812 5220 2007 5266 etcum
2045 5214 2338 5283 peregrinis
2364 5224 2419 5269 et
2444 5217 2764 5285 pauperibus
2811 5233 3137 5286 quaecunque
3176 5236 3367 5290 possu-

1815 5318 1933 5359 mus
1956 5301 2092 5357 bona
2122 5303 2347 5359 libenter
2371 5306 2751 5373 impendimus;
2792 5310 2844 5363 in
2881 5309 3145 5367 l‘ractione
3188 5315 3361 5384 panis.

1813 5409 1933 5450 cum
1962 5404 2293 5448 sacramenta
2330 5396 2569 5465 corporis
2595 5397 2728 5468 ejus,
2746 5399 2989 5456 videlicet
3016 5404 3190 5470 panis,
3219 5403 3359 5459 vivi-

1813 5481 1969 5537 licata
1996 5497 2059 5538 ac
2086 5482 2310 5552 simplici
2331 5486 2652 5541 conscientia
2681 5488 2958 5543 sumimus.
3006 5490 3263 5561 Apparuit
3305 5493 3361 5548 in

1812 5572 1992 5627 abdito
2038 5573 2103 5626 de
2151 5587 2247 5626 sua
2292 5574 2681 5629 resurrectione
2723 5574 3089 5649 loquentibus:
3118 5579 3268 5635 adest
3307 5590 3364 5638 et

1812 5660 1966 5715 nobis
1994 5659 2151 5714 modo
2172 5660 2287 5729 ejus
2313 5662 2452 5717 dono
2482 5661 2630 5718 idem
2667 5666 2959 5734 agentibus,
3008 5667 3177 5723 aderit
3209 5669 3363 5728 nobis
