4104 6444
1650 361 2069 423 ςΔςσυιΠλιι
2109 362 2184 421 Χ.
2224 360 2503 425 ANNUS
2543 363 2681 424 911.

1743 635 2572 767 ELENCHUS

715 958 1212 1023 AUCTORUM
1248 957 1365 1017 ET
1407 954 1795 1016 OPERUM
1832 956 1989 1033 ρυι
2032 958 2132 1018 IN
2171 957 2336 1021 ΗΟ(

1979 957 1989 1015 [
2032 958 2132 1018 IN
2171 957 2357 1021 HOC
2394 954 2652 1018 TOMO
2690 955 3600 1025 ονιιηοοιπτιυεητυι.

1932 1228 2370 1260 ψ

894 1449 1049 1511 LEO
1092 1451 1590 1525 IMPERATOR,
1637 1451 2121 1514 COGNOMINF.
2168 1452 2781 1527 PHILOSOPHUS,
2827 1454 2984 1516 VEL
3024 1451 3408 1516 SAPIENS.

521 1599 893 1677 Patr-elogia
923 1602 1259 1663 Editorum
1290 1602 1592 1679 Prw/atio
1626 1592 1859 1662 devita
1891 1608 1948 1661 et
1975 1601 2229 1679 scriptis
2268 1602 2490 1661 Leonis
2527 1603 2678 1678 imp.
3448 1618 3592 1680 pag.
3754 1623 3777 1667 ι

532 1705 665 1763 Vita
701 1703 919 1763 Leonis
949 1703 1097 1780 imp.
1133 1712 1385 1764 auctore
1416 1704 1614 1781 Hipp.
1654 1704 1958 1775 Maracci,
1991 1702 2214 1762 Leonis
2243 1701 2509 1763 Mariali
2537 1702 2824 1781 prwﬁxa.
3709 1727 3776 1769 ιχ

519 1802 742 1862 Basilii
774 1805 946 1880 imp,
982 1805 1205 1865 Leonis
1235 1806 1465 1884 patris,
1500 1805 1710 1884 capita
1744 1804 2102 1866 hortatoria
2130 1804 2216 1865 ad
2245 1804 2470 1882 ﬁlium,
2504 1823 2582 1865 ex
2612 1805 2763 1867 edit.
2798 1806 3137 1881 Bandurii,
3172 1808 3332 1886 Imp.

593 1903 826 1963 Orient.
860 1912 1007 1964 tom.
1044 1905 1096 1965 I.
3670 1928 3774 1971 xx:

519 2000 813 2079 Ejusdem
843 2006 1053 2084 capita
1084 2005 1283 2066 altera
1319 2005 1402 2066 ad
1432 2005 1729 2081 eumdem,
1766 2023 1842 2066 ex
1871 2004 2020 2067 edit.
2060 2005 2237 2068 card.
2270 2005 2433 2085 Ang.
2465 2005 2623 2067 Mai.
3646 2029 3775 2071 Lvu

514 2104 934 2179 Constantini,
968 2107 1188 2167 Leonis
1220 2104 1541 2185 discipuli,
1573 2124 1788 2169 versus
1820 2108 1887 2167 in
1921 2108 2293 2185 magistrum
2324 2124 2461 2168 cum
2496 2108 3016 2186 interpretatione
3042 2115 3283 2170 nostra.
3672 2130 3771 2171 LXI

668 2237 939 2299 OPERUM
969 2256 1126 2300 mas
1165 2256 1377 2321 eum.
1420 2272 1495 2282 —
1524 2238 1788 2301 Scrup'ra
1815 2256 2232 2319 THEpLOGlCA.

511 2362 796 2423 Homilies
842 2369 904 2423 et
952 2362 1318 2442 panegyrici
1364 2362 1519 2436 ΧΙΧ,
1576 2378 1652 2422 ex
1702 2361 1852 2423 edit.
1904 2362 2097 2440 Hipp.
2145 2363 2432 2433 Maracci,
2492 2366 2712 2426 Franc.
2766 2364 3147 2439 Combetisii,
3199 2367 3329 2427 Jac.

588 2469 882 2542 Gretseri,
929 2466 1242 2546 Scipionis
1272 2464 1500 2537 Maffei,
1533 2464 1697 2524 Petri
1726 2464 1989 2538 Possini,
2020 2467 2216 2530 Henr.
2248 2466 2478 2538 Savilii,
2513 2466 2789 2545 Baronii.
3034 2526 3041 2531 ,
3450 2468 3570 2530 col.
3742 2470 3766 2527 1

508 2571 738 2633 Preces
775 2570 1103 2648 liturgicze,
1138 2582 1213 2629 ex
1244 2566 1509 2645 antiqua
1541 2566 1930 2628 Collectione
1962 2567 2249 2645 liturgica
2282 2568 2565 2629 Venetiis
2597 2569 2763 2631 edita
2801 2567 2975 2629 1554.
3659 2570 3770 2630 299

508 2672 828 2733 Canticum
854 2666 1363 2748 compunctionis
1390 2686 1465 2729 ex
1489 2667 1894 2730 meditatione
1921 2670 2140 2731 interni
2163 2669 2410 2750 judicii,
2435 2671 2498 2731 in
2528 2671 2862 2733 Anecdotis
2888 2674 2955 2731 P.
2982 2673 3337 2750 Matrangze,

588 2791 731 2835 cum
764 2771 1284 2851 interpretatione
1317 2776 1551 2832 nostra.
3657 2773 3770 2835 309

506 2872 777 2953 Epistola
814 2873 889 2934 ad
937 2874 1230 2932 Omarum
1271 2872 1723 2931 Saracenorum
1776 2885 1988 2947 regem
2026 2872 2111 2933 De
2141 2870 2286 2933 ﬁdei
2322 2870 2685 2933 Christianae
2720 2872 2979 2935 veritate
3009 2880 3069 2935 et
3114 2872 3331 2936 Mahu-

586 2983 981 3037 metanorum
1013 2971 1355 3045 erroribus,
1389 2987 1465 3032 ex
1495 2970 1790 3032 Biblioth.
1829 2973 2082 3033 Patrum
2113 2971 2403 3049 Lugdun.
2443 2971 2595 3032 edit.
3653 2972 3772 3035 315

664 3102 928 3161 OPERUM
953 3115 1111 3161 PARS
1140 3114 1448 3159 SECUNDA.
1486 3132 1555 3140 —
1587 3100 1853 3159 Semen
1883 3115 2172 3160 summm
2199 3116 2276 3159 ET
2303 3115 2637 3161 CANONICA.

506 3225 913 3289 Orientalium
946 3222 1437 3302 EpiSCOpatuum
1461 3218 1709 3284 Notitiaz
1731 3237 1766 3283 a
1795 3223 2006 3283 Leone
2033 3221 2330 3299 Sapiente
2352 3221 2430 3283 ad
2460 3221 2885 3283 Andronicum
2914 3221 3335 3300 Palaaologum

586 3346 665 3391 ex
699 3330 846 3391 edit.
881 3330 1098 3391 Jacobi
1130 3329 1342 3391 Goari.
3651 3333 3770 3397 325

506 3426 784 3489 Novellae
815 3428 1306 3491 Corstitutiones
1357 3428 1489 3491 sive
1524 3426 1928 3490 correctoriae
1974 3424 2185 3503 legum
2235 3427 2736 3507 repurgationes,
2767 3442 2845 3489 ex
2877 3429 3150 3507 Corpore
3171 3430 3334 3509 juris

588 3529 804 3593 civilis.
994 3580 1003 3591 .

3654 3537 3766 3601 419

666 3658 927 3720 Operam
960 3674 1117 3719 PARS
1145 3675 1391 3719 TERTIA.
1426 3690 1500 3700 —
1533 3657 1838 3729 CARMINA,
1872 3672 2126 3719 SCRIPTA
2154 3675 2237 3719 an
2267 3676 2396 3721 nam
2426 3678 2766 3724 MILITAREM
2793 3680 3187 3738 SPECTANTIA,
3220 3666 3533 3729 OMCULA.

507 3786 791 3848 Carmina

505 3888 810 3969 Apologia
846 3888 1075 3951 Leonis
1114 3887 1181 3949 in
1227 3901 1351 3965 qua
1379 3881 1770 3946 Constantini
1800 3878 2095 3961 discipuli
2124 3883 2220 3944 sui
2252 3885 2592 3949 calumnias
2626 3905 2661 3950 a
2691 3903 2759 3951 se
2790 3889 3035 3968 repellit
3651 3896 3768 3961 659

502 3996 989 4075 Epigrammata.

3652 4002 3768 4063 665

504 4109 870 4164 KAPKINOI.

3652 4102 3766 4163 665

505 4206 593 4266 De
627 4203 925 4281 martyrio
957 4202 1018 4263 S.
1053 4200 1389 4263 Clementis
1420 4201 1729 4278 Ancyrani
1770 4202 2118 4278 fragmenta
2147 4201 2425 4262 metrica.
3652 4206 3767 4267 665

507 4306 879 4381 Fragmenta
909 4302 1304 4363 homiliarum
1336 4302 1401 4362 in
1439 4302 1501 4362 S.
1534 4302 1963 4381 Tryphonem.
2970 4332 2977 4337 ι
3650 4308 3762 4369 667

506 4406 774 4480 Tactica,
800 4406 927 4469 sive
954 4407 1031 4469 de
1062 4425 1128 4469 re
1161 4407 1407 4468 militari
1436 4406 1639 4481 Liber,
1666 4423 1744 4467 ex
1766 4406 2046 4468 editione
2070 4408 2329 4469 Joannis
2360 4408 2553 4472 Lamii
2577 4410 2641 4472 in
2671 4412 3041 4476 recensione
3064 4429 3327 4492 operum

588 4512 838 4572 Meursii
868 4512 1199 4573 Florentiae
1236 4511 1385 4572 1745
1413 4511 1602 4573 edita.

3652 4516 3764 4577 669

506 4606 843 4685 Appendix
877 4607 960 4668 ad
1002 4610 1276 4670 Tactica.
1310 4643 1385 4652 ——
1431 4608 1711 4688 Capitula
1764 4608 2054 4689 quendam
2103 4609 2182 4671 ad
2235 4628 2368 4673 rem
2423 4612 2755 4677 militarem
2808 4618 3198 4695 spectantia,
3257 4633 3333 4678 ex

585 4704 888 4778 Mauricii,
938 4704 1330 4767 Constantini
1388 4713 1449 4770 et
1499 4707 1727 4769 Leonis
1782 4708 2077 4783 Tacticis,
2128 4706 2295 4771 edita
2331 4710 2397 4771 in
2452 4713 2916 4791 Programmate
2970 4718 3330 4782 academico

585 4806 913 4869 Turicensi
942 4808 1092 4870 anni
1130 4808 1304 4871 1854.
1389 4835 1393 4839 ν
1704 4826 1717 4842 ⁸

3618 4824 3768 4888 1095

505 4907 767 4971 Oracula
802 4927 944 4973 cum
976 4912 1189 4990 ﬁguris
1228 4919 1289 4975 et
1318 4913 1576 4994 antiqua
1613 4914 2007 4996 Paraphrasi,
2040 4934 2117 4980 ex
2155 4918 2435 4982 editione
2463 4921 2629 4983 Petri
2657 4921 2993 4985 Lambecii.
3618 4925 3763 4990 1121

2215 5688 2505 5709 *ι-

2474 5732 2714 5789 Parisiis.
2745 5763 2808 5773 -
2840 5731 2919 5789 Ex
2950 5733 3089 5805 typis
3117 5731 3259 5787 J.-P.
3298 5730 3533 5787 MIGNE.
