4104 6438
274 401 2258 434 sxw—ut
2222 412 3125 440 "ra-Lam...“
2754 417 2785 421 ν-
2802 414 3039 423 ’φη-*θ*-
3110 418 3121 423 ·
3142 418 3526 447 "Mm

1173 602 2677 762 PROLEGOMENA.

2900 925 2941 949 .4,

790 1289 1185 1425 VITA
1272 1291 1841 1423 LEONIS
1939 1294 3017 1427 IMPERATORIS

1414 1534 1723 1596 COGNOM
1735 1535 1935 1609 ΕΝΤο
1964 1536 2060 1595 PH
2076 1534 2427 1595 ILOSOPIII

693 1687 803 1747 Ex
858 1684 1142 1762 probatis
1177 1682 1544 1744 auctoribus
1587 1682 1843 1745 collecta
1902 1703 2053 1744 cura
2091 1696 2144 1746 et
2168 1688 2376 1749 studio
2413 1686 2748 1765 Hippolyti
2772 1688 3063 1748 Manaccs
3086 1696 3139 1750 ⁸.
3173 1686 3181 1694 ’

349 1998 462 2057 Leo
509 2006 819 2070 imperator
876 1998 1519 2068 Constantinopolitanus
1557 1998 1657 2071 (l),
1696 1999 1863 2072 hujus
1891 2004 1944 2065 Λ
1968 2004 2082 2059 exit
2123 2003 2396 2072 Basilius;
2425 2004 2534 2063 Leo
2585 2012 2793 2076 patrem
2824 2004 3141 2067 comitatur,
3175 2002 3430 2058 inventus
3464 2012 3548 2057 est

279 2090 523 2148 nominis
555 2088 648 2154 Vl,
680 2088 807 2145 aliis
846 2088 913 2154 γ,
948 2086 1131 2144 Basilii
1188 2088 1498 2145 Macedonis
1562 2089 1863 2159 imperato-

277 2183 359 2239 ris
392 2180 473 2255 (2)
507 2184 697 2253 (quem
730 2179 964 2236 Michael
986 2180 1287 2250 imperator
1332 2180 1434 2251 (ὅ),
1469 2179 1617 2251 quod
1654 2183 1864 2252 prolem

278 2288 345 2329 ex
381 2288 444 2330 se
498 2272 829 2328 naturaliter
879 2281 1218 2342 procreatam
1266 2272 1470 2327 nullam
1519 2273 1768 2337 haberet,
1812 2276 1869 2329 in

282 2360 456 2413 ﬁlium
499 2358 883 2430 adoptaverat,
915 2367 971 2413 et
1031 2366 1153 2428 post
1208 2359 1376 2414 etiam
1419 2359 1727 2417 diademate
1753 2362 1870 2416 cin-

286 2453 463 2522 aetat)
498 2451 648 2508 ﬁlius
691 2450 937 2507 secundo
978 2451 1211 2522 genitus,
1263 2466 1292 2505 a
1332 2467 1516 2509 rerum
1561 2452 1870 2509 divinarum

283 2543 769 2614 humanarumque
799 2541 1029 2598 scientia
1083 2552 1450 2613 cognomento
1486 2541 1874 2615 PhilosOphus,

290 2651 391 2691 seu
434 2634 669 2705 Sapiens
720 2634 903 2689 dictus
942 2642 1028 2690 est
1076 2633 1177 2704 (4).
1219 2632 1466 2689 Fratrem
1512 2634 1704 2689 habuit
1744 2643 1875 2690 natu

288 2726 582 2796 majorem,
618 2726 842 2782 nomine
865 2725 1319 2790 Constantinum,
1352 2725 1514 2795 cujus
1557 2724 1707 2781 obitu
1747 2741 1873 2781 cum

286 2816 533 2873 Basilius
607 2824 763 2887 pater
835 2814 1217 2871 inconsolabili
1282 2815 1473 2871 dolore
1547 2813 1876 2880 adiceretur,

286 2909 497 2963 factum
532 2919 638 2971 est,
666 2915 724 2962 ut
757 2905 1029 2963 Theodori
1055 2906 1446 2962 Euchaitarnm
1476 2907 1749 2978 episc0pi,
1775 2923 1870 2963 eoo

286 3000 550 3067 gnomine
592 2998 958 3063 Santabaren,
1022 2996 1309 3068 prestigiis
1358 3005 1415 3052 et
1458 2998 1875 3062 necromantia,

290 3092 543 3161 ejusdem
564 3092 661 3146 ﬁlii
690 3090 793 3163 (uti
832 3088 1208 3163 pereupiebat)
1236 3090 1507 3160 potiretur
1531 3097 1752 3160 aspectu
1775 3089 1874 3161 (5).

287 3186 442 3241 Fecit
459 3185 635 3251 enim,
657 3195 718 3239 ut
742 3184 925 3255 specie
942 3182 1267 3256 imaginaria
1284 3181 1682 3238 Constantinus
1708 3197 1878 3253 eques

286 3280 431 3350 patri
478 3278 715 3350 quadam
754 3278 809 3331 in
876 3276 1014 3333 silva
1070 3276 1288 3331 obviam
1338 3273 1512 3339 ﬁeret,
1570 3289 1734 3344 quem
1784 3274 1877 3329 ubi

287 3372 443 3427 visus
476 3370 583 3427 sibi
610 3369 805 3426 fuisset
830 3369 1151 3440 imperator,
1179 3376 1234 3423 et
1261 3368 1607 3438 complexus,
1644 3374 1699 3422 et
1718 3381 1873 3422 oscu-

288 3463 439 3517 latus
475 3476 621 3523 esse,
669 3475 797 3515 mox
854 3468 1269 3516 evanescentem
1320 3473 1387 3513 ex
1430 3457 1609 3513 oculis
1663 3457 1871 3513 amisit.

286 3554 438 3619 Quo,
464 3562 518 3609 et
540 3552 668 3608 aliis
700 3550 979 3609 similibus
1001 3548 1161 3606 iactis
1200 3548 1615 3605 Santabarenus
1670 3547 1875 3604 Basilio

292 3648 629 3717 imperatore
657 3642 713 3698 in
740 3642 1165 3697 admirationem
1191 3639 1454 3704 adducto,
1485 3639 1688 3706 eﬂ'ecit,
1726 3648 1787 3695 ut
1826 3641 1873 3696 is

1969 2098 2136 2168 pugio
2168 2099 2223 2153 in
2268 2099 2456 2154 calceo
2498 2098 2700 2154 Leonis
2744 2100 3074 2162 occultatus,
3105 2097 3261 2150 visus
3300 2103 3384 2150 est
3418 2110 3546 2148 vera

1969 2190 2179 2246 dixisse
2204 2190 2457 2258 delator;
2497 2190 2573 2246 rei
2599 2190 2845 2247 defensio
2888 2204 2997 2244 non
3036 2187 3366 2252 admittitur,
3397 2186 3551 2240 ardet

1972 2280 2259 2336 iracundia
2308 2290 2463 2351 pater
2490 2289 2681 2336 contra
2728 2281 2923 2343 ﬁlium,
2955 2281 3009 2335 in
3044 2279 3281 2350 quodam
3314 2279 3551 2347 impera-

1975 2373 2119 2427 torio
2144 2373 2399 2429 cubiculo
2449 2374 2625 2443 ipsum
2666 2374 2923 2439 includit,
2971 2381 3023 2428 et
3054 2374 3137 2440 (ut
3183 2370 3408 2442 quidam
3442 2377 3554 2424 tra-

1974 2465 2132 2536 dunt)
2159 2467 2210 2521 ei
2238 2467 2433 2521 oculos
2459 2482 2654 2523 eruere
2694 2468 2747 2521 in
2780 2467 2964 2521 animo
2996 2464 3256 2530 habebat,
3281 2463 3554 2519 Santaba—

1976 2574 2112 2615 reuo
2140 2560 2208 2614 ad
2236 2560 2295 2615 id
2331 2576 2455 2616 eum
2489 2560 2808 2631 instigante,
2841 2559 3007 2627 idque
3046 2559 3272 2613 omnino
3303 2555 3552 2611 futurum

1978 2649 2174 2716 fuisse,
2202 2650 2307 2705 nisi
2332 2651 2667 2721 patriarcha,
2713 2660 2768 2705 et
2800 2651 3053 2720 princeps
3083 2657 3331 2713 senatus,
3370 2648 3571 2702 multis.

1978 2742 2236 2812 precibus
2264 2742 2653 2812 imperatorem
2678 2757 2707 2795 a
2732 2742 3003 2797 sententia
3041 2740 3427 2796 deduxissent.
3462 2741 3558 2791 At-
3588 2728 3591 2731 ’

1978 2850 2086 2904 que
2118 2835 2233 2890 haec
2262 2849 2393 2889 sane
2410 2835 2780 2889 calamitatum
2802 2834 3017 2899 fornax,
3044 2842 3098 2888 ct
3128 2834 3397 2887 malorum
3424 2849 3558 2887 con—

1980 2925 2281 2990 ﬂatorium,
2317 2926 2552 2981 Leonem
2601 2926 2906 2996 probarunt
2954 2940 3091 2979 auro
3142 2925 3377 2980 similem
3412 2940 3558 2986 esse,

1981 3017 2070 3069 cui
2102 3015 2242 3070 nihil
2269 3016 2396 3071 uaris
2424 3015 2695 3071 subesset.
2744 3014 2881 3069 lliuc
2923 3015 3026 3067 orti
3074 3014 3317 3082 ploratus
3361 3023 3413 3066 et
3442 3012 3560 3079 eju-

1980 3103 2214 3159 lationes
2246 3104 2459 3170 matris,
2494 3110 2700 3160 sortem
2752 3103 2845 3156 ﬁlii
2889 3101 3263 3167 Iamentantis,
3315 3108 3367 3154 et
3415 3100 3559 3169 apud

1984 3204 2201 3265 patrem
2259 3210 2357 3264 pro
2417 3210 2482 3251 eo
2547 3194 2916 3265 deprecantis.
2985 3193 3235 3247 Sederat
3282 3191 3581 3256 durus,ct.

1984 3286 2158 3340 instar
2185 3286 2303 3340 saxi
2330 3283 2565 3340 emolliri
2600 3300 2709 3339 non
2758 3292 2994 3353 poterat,
3028 3282 3137 3337 imo
3176 3296 3330 3350 aeque
3368 3296 3559 3351 parum

1975 3390 2041 3431 ac
2075 3376 2306 3431 adamas
2344 3376 2413 3429 ab
2449 3390 2639 3430 amore
2683 3374 2922 3429 naturali
2964 3388 3093 3444 erga
3142 3373 3316 3426 ﬁlium
3381 3370 3564 3426 ﬂecte-

1970 3466 2155 3522 batur.
2222 3467 2642 3522 Adhibebantur
2706 3466 3050 3522 muliercula:
3131 3462 3561 3529 lamentatriccs,

1972 3575 2095 3630 quae
2137 3561 2475 3630 praeﬁcarum
2513 3560 2569 3614 in
2601 3575 2809 3615 morem
2852 3560 3063 3615 naenias
3104 3557 3368 3629 quasdam
3403 3558 3562 3627 lugu-

1972 3649 2146 3705 briter
2175 3652 2512 3716 accinerent,
2553 3658 2609 3706 et
2666 3651 3038 3705 calamitatem
3092 3647 3297 3703 Leonis
3367 3647 3564 3702 acerbe

288 3747 446 3793 totus
469 3752 535 3793 ex
573 3736 695 3807 ipso
725 3734 1011 3807 penderet,
1047 3741 1104 3790 et
1133 3731 1292 3787 tidem
1324 3731 1374 3787 ei
1419 3733 1664 3796 haberet,
1697 3747 1875 3803 neque
1906 3758 1949 3813 Β
1978 3739 2348 3811 deplorarent.
2380 3740 2583 3797 Domus
2608 3741 2865 3796 universa
2898 3741 3033 3795 nihil
3053 3748 3171 3795 erat
3193 3738 3344 3794 aliud
3395 3753 3562 3809 quam

289 3829 404 3883 ulla
438 3829 496 3882 in
529 3843 590 3883 re
612 3826 900 3882 diuideret.
938 3824 1047 3881 Sed
1092 3822 1204 3880 Lco
1233 3823 1376 3880 ﬁlius
1397 3824 1541 3893 ejus,
1572 3824 1685 3892 jam
1718 3824 1876 3879 adul-

285 3930 401 3984 tus,
433 3919 745 3990 disciplinis
795 3917 1055 3973 omnibus
1088 3915 1342 3972 eruditus
1374 3954 1389 3981 ,
1424 3927 1591 3986 atque
1635 3931 1666 3969 a
1722 3924 1877 3986 patre

287 4014 600 4083 imperator
631 4010 928 4073 salutatus,
977 4007 1356 4064 Santabareno
1399 4022 1509 4061 non
1556 4006 1875 4064 delectaba-

287 4113 420 4169 tur;
474 4117 665 4159 verum
699 4117 825 4158 eum
860 4100 1164 4156 veneﬁcum
1205 4099 1535 4170 appellabat,
1580 4108 1635 4155 et
1664 4102 1876 4171 praesti-

286 4198 583 4273 giatorem,
616 4202 672 4251 et
706 4193 1055 4266 imperatoris
1088 4193 1460 4263 deceptorem.
1504 4190 1601 4247 llis
1638 4194 1727 4248 ille
1762 4194 1877 4248 vel-

287 4288 374 4365 uti
404 4288 638 4359 spiculis
663 4285 1001 4359 quibusdam
1029 4287 1194 4352 ictus,
1240 4284 1305 4340 ad
1326 4286 1590 4339 ultionem
1622 4285 1876 4357 insurgit,

291 4381 673 4451 simulataque
722 4395 850 4451 erga
879 4379 1119 4436 Leonem
1153 4378 1560 4443 benevolentia,
1610 4376 1742 4431 Cum
1778 4379 1878 4442 sis,

288 4472 500 4541 inquit,
536 4469 871 4535 adolescens,
906 4470 1219 4539 imperator,
1256 4477 1307 4523 et
1336 4484 1454 4521 cum
1494 4478 1646 4537 patre
1679 4470 1879 4523 veneris

286 4575 339 4617 et
370 4564 600 4633 equites,
654 4564 815 4635 pugio
847 4564 1009 4617 etiam
1054 4562 1152 4616 tibi
1208 4561 1524 4631 deferendas
1569 4569 1669 4625 est,
1703 4578 1804 4630 quo
1827 4571 1877 4615 et

287 4668 485 4715 contra
532 4657 702 4727 {erant
736 4658 930 4722 utaris,
966 4668 1015 4712 et
1047 4657 1193 4725 patri
1238 4657 1506 4727 porrigas,
1534 4671 1651 4708 cum
1682 4672 1761 4709 res
1796 4665 1879 4709 tu-

291 4750 415 4803 lerit
448 4765 466 4801 :
502 4756 599 4801 aut
633 4750 793 4802 etiam
830 4748 1174 4803 insidiatores
1202 4748 1317 4817 ejus
1345 4749 1644 4802 ulciscaris.
1673 4747 1718 4804 Is
1754 4748 1881 4803 dolo

294 4856 403 4895 non
451 4840 865 4902 animadverso,
925 4840 1242 4911 pugionem,
1289 4849 1350 4894 ut
1376 4840 1470 4895 ille
1506 4846 1779 4903 suaserat,
1826 4839 1879 4894 in

291 4934 487 4988 calceo
528 4932 655 4988 fert.
695 4932 772 4987 Eo
807 4933 1044 5004 pugione
1090 4933 1500 5007 Santaberenus
1550 4932 1615 4986 ad
1652 4933 1879 4987 delatio-

293 5041 419 5080 nem
472 5023 674 5081 Leonis
730 5041 889 5087 usus,
955 5023 1280 5093 Imperator,
1339 5025 1538 5095 inquit,
1584 5024 1729 5089 ﬁlius
1761 5034 1882 5077 tuus

295 5118 393 5170 tibi
455 5116 767 5171 insidiatur.
826 5116 1037 5171 Indicio
1095 5116 1232 5171 illud
1281 5125 1381 5184 est,
1435 5114 1660 5187 quodin
1692 5099 1952 5170 venatuc
1989 5129 2146 5175 mus,
2210 5113 2529 5184 loqum'etur
2581 5129 2593 5165 :

294 5214 579 5283 pugionem
633 5212 900 5268 occultum
956 5213 1112 5284 gerit.
1174 5210 1273 5269 His
1327 5212 1555 5276 auditis,
1621 5218 1879 5265 venatum

1980 3833 2183 3887 luctus.
2221 3833 2439 3902 Septem
2470 3834 2583 3889 fere
2604 3848 2875 3889 annorum
2906 3832 3085 3902 spatio
3104 3830 3214 3886 Leo
3262 3831 3317 3885 in
3340 3846 3565 3885 carcere

1979 3924 2236 3979 detentus
2265 3933 2386 3989 est;
2434 3940 2671 3994 eumque
2727 3935 2953 3979 senatus
2985 3938 3127 3992 saepe
3179 3938 3276 3989 pro
3313 3923 3432 3991 ipso
3470 3938 3561 3973 γοα

1979 4016 2175 4069 luisset
2230 4015 2539 4084 deprecari,
2568 4024 2622 4069 et
2672 4014 2842 4068 variis
2909 4014 2974 4067 de
3018 4014 3204 4067 causis
3253 4012 3565 4083 prohibitus

1981 4106 2438 4173 fuisset,tandem
2483 4117 2789 4176 opportuna
2841 4106 3033 4161 oborta
3103 4113 3185 4159 est
3246 4107 3294 4158 ci
3347 4108 3567 4161 00L8$i0

1982 4218 2089 4273 qua
2124 4212 2332 4272 posset,
2365 4200 2510 4271 quod
2543 4202 2596 4255 in
2625 4202 2809 4255 animo
2835 4201 3068 4255 habebat
3099 4208 3154 4255 et
3190 4201 3438 4257 studiose
3470 4217 3567 4255 cu-

1981 4295 2139 4349 rabat
2189 4294 2475 4365 perﬁcere.
2547 4293 2674 4348 Erat
2728 4293 2977 4363 quaedam
3020 4294 3137 4349 avis
3192 4294 3245 4347 in
3302 4293 3472 4362 regia,
3510 4293 3565 4348 in

1984 4398 2150 4439 cavea
2196 4384 2429 4449 inclusa,
2478 4384 2542 4436 ad
2606 4383 2980 4452 spectaculum
3030 4392 3083 4437 et
3143 4383 3565 4438 oblectationem

1985 4473 2327 4529 audientium
2361 4482 2414 4529 et
2462 4474 2761 4529 videntium
2789 4474 3075 4544 (psittacus
3106 4474 3191 4529 avi
3223 4482 3306 4529 est
3341 4489 3561 4537 nomen,

1982 4580 2101 4634 qua:
2148 4564 2447 4618 humanam
2492 4580 2679 4617 vocem
2735 4564 2955 4618 imitans
3005 4565 3233 4618 multum
3276 4563 3564 4634 loquitur),

1982 4671 2106 4726 quae
2161 4656 2379 4724 quidem
2433 4656 2548 4709 sive
2575 4655 2645 4709 ab
2703 4656 2886 4724 aliquo
2915 4654 3128 4719 educta,
3162 4655 3278 4710 sive
3317 4656 3567 4725 alioquin

1984 4764 2141 4813 casu,
2175 4764 2319 4818 saepe
2352 4765 2366 4802 :
2418 4747 2557 4815 lleu,
2592 4748 2729 4801 heu!
2760 4749 2969 4801 domine
2993 4749 3117 4810 Leo,
3154 4748 3564 4817 pronuntiabat.

1985 4837 2235 4908 Cumque
2268 4837 2565 4906 aliquando
2604 4837 2810 4890 lautum
2842 4836 3065 4891 fecisset
3096 4835 3396 4902 imperator
3434 4848 3567 4887 con-

1988 4931 2212 4995 vivium,
2272 4940 2327 4985 et
2382 4928 2635 4984 accersiti
2700 4928 2979 4998 principes
3035 4935 3264 4983 senatus
3329 4939 3453 4978 cum
3505 4940 3572 4979 eo

1988 5022 2153 5079 simul
2213 5030 2424 5084 essent,
2478 5021 2703 5090 avisque
2742 5036 2885 5090 saepe
2923 5019 3000 5083 id,
3032 5017 3180 5088 quod
3232 5016 3393 5069 modo
3426 5012 3537 5068 dixi

2649 5112 2832 5166 Incesti
2882 5112 3124 5166 conviva:
3172 5126 3200 5163 a
3231 5109 3370 5163 cibis
3401 5106 3572 5160 alisti-

1992 5214 2211 5271 ncntes,
2246 5204 2593 5276 cogitabundi
2632 5204 2916 5260 sedebant.
2944 5203 3100 5270 Quod
3132 5199 3570 5256 animadvertcns

1822 5317 2049 5374 ΝΟΤᾹΞ.

368 5446 449 5517 (Ι)
491 5442 902 5517 Qonstantimis
926 5438 1209 5517 Mansisses
1243 5437 1297 5517 ip
1326 5435 1680 5517 Annalibus:-
1718 5511 1728 5517 Δ
1802 5502 1813 5512 ,

366 5504 444 5585 (ἱ)
482 5514 747 5586 Georgius
792 5510 1079 5566 Cedrenus
1126 5510 1183 5565 in
1242 5506 1565 5577 Compendio
1610 5504 1877 5558 Historia—

297 5605 438 5643 runt.

362 5750 379 5768 ‘
405 5749 462 5800 ln
489 5742 689 5797 Παπίαιὶ
718 5738 912 5802 Leonis,
934 5736 1068 5802 quod
1088 5738 1254 5809 Roma
1276 5736 1430 5786 edidit
1449 5748 1573 5785 anno
1598 5731 1735 5783 1651.

2055 5428 2133 5498 ('5)
2160 5427 2389 5483 Michael
2414 5427 2611 5498 Glycas
2635 5426 2687 5480 iu
2711 5428 2851 5480 Ann.
2898 5432 3037 5498 pa_r_t_.
3071 5422 3122 5477 Α.

2058 5494 2243 5567 (4)10.
2276 5494 2517 5554 Zonaras
2550 5499 2603 5552 in
2632 5500 2732 5551 An.
2786 5494 3039 5567 tomum.

2163 5570 2325 5626 Card.
2356 5567 2554 5624 Barou.
2583 5568 2637 5623 in
2665 5566 2858 5622 Annal.
2901 5565 3099 5620 [ξι-σιω.
3133 5572 3170 5619 t.
3206 5562 3274 5620 Χ.
