4104 6448
523 374 574 417 πί
1871 344 2448 411 PROLEGOMENA.

3728 356 3811 404 ιιι

525 478 850 548 imperator,
898 488 1122 531 causam
1178 472 1248 528 ab
1303 472 1408 534 eis,
1434 487 1533 527 cur
1584 485 1692 525 non
1728 467 2091 529 comederent,
2125 473 2285 536 Asct
2311 480 2340 520 a
2369 463 2568 519 Photio
2598 461 2891 526 diaconus,
2946 472 3088 530 opus
3121 463 3271 525 erat;
3322 465 3377 514 et
3411 458 3496 513 lex
3552 466 3668 515 crat
3711 476 3804 516 ec-

529 567 973 639 percontabatur.
1006 567 1076 618 At
1115 563 1195 618 illi
1233 562 1440 634 perfusi
1476 562 1734 631 lacrymis
1771 576 1787 613 :
1820 559 1989 625 Quem
2018 557 2095 609 ci-

524 664 667 721 bum,
718 656 988 725 inquiunt,
1021 670 1050 708 o
1084 651 1313 716 domine,
1366 652 1710 713 comedemus,
1738 664 1856 701 cum
1891 646 2097 699 ratione

523 746 737 816 prwditi
771 745 959 810 simus,
990 752 1039 797 et
1063 743 1265 796 domini
1296 741 1465 795 nostri
1510 740 1733 794 studiosi
1767 736 2097 792 habeantur?

527 839 671 892 Nam
702 838 798 891 hoc
827 835 1034 890 animal
1068 837 1272 888 ratione
1301 850 1485 888 carens
1516 850 1671 887 suum
1712 832 1985 887 dominum
2020 845 2101 882 re-

525 930 725 999 quirit;
762 945 855 981 nos
887 937 1062 980 autem
1092 927 1241 995 genio
1272 924 1626 995 indulgentes,
1675 924 1968 985 dominum,
2010 921 2102 990 qui

525 1017 659 1071 nihil
693 1016 947 1085 peccavit,
992 1014 1143 1068 obliti
1188 1030 1392 1067 sumus.
1446 1012 1550 1077 Qui
1600 1013 1645 1066 si
1692 1028 1933 1081 peccasse
1976 1026 2104 1061 συη-

523 1110 777 1175 rincitur,
808 1117 858 1161 et
903 1108 960 1161 in
994 1117 1262 1176 parentem
1305 1106 1575 1160 dexteram
1629 1120 1885 1167 armasse,
1926 1117 2102 1156 omnes

523 1215 616 1253 nos
652 1212 813 1251 manu
852 1207 1039 1251 nostra
1088 1212 1206 1250 eum
1237 1195 1637 1263 interﬁciemus,
1676 1208 1837 1262 neque
1870 1192 1983 1261 ejus
2007 1208 2106 1244 un-

522 1303 683 1357 quam
714 1286 1045 1355 explebimur
1072 1285 1331 1354 sanguine
1363 1301 1379 1338 :
1418 1286 1464 1339 si
1495 1300 1613 1339 vero
1641 1283 1705 1337 de
1733 1283 1921 1353 quibus
1945 1298 2106 1335 accu-

524 1391 677 1435 satus
710 1389 811 1447 est,
842 1380 1173 1433 calumniam
1195 1378 1459 1447 coarguit,
1493 1376 1667 1445 quoad
1693 1374 1874 1445 lingua
1900 1374 2106 1426 calamo

524 1473 680 1525 nians
722 1479 932 1523 tantum
962 1470 1017 1522 in
1043 1469 1215 1536 ipsum
1249 1467 1480 1534 poterit?
1507 1464 1745 1519 Mellitus
1783 1465 1948 1534 igitur
2021 1470 2106 1516 ta—

522 1562 670 1617 libus
695 1559 879 1615 verbis
920 1558 1245 1627 imperator,
1277 1565 1411 1610 tunc
1463 1555 1617 1624 ipsos
1667 1551 1861 1608 sedere
1915 1552 2105 1622 jussit,

524 1667 695 1723 seque
752 1666 867 1706 rem
928 1648 1252 1719 diligentius
1314 1645 1613 1717 spepondit
1660 1645 2105 1717 esploraturum.

523 1744 711 1814 Neque
752 1757 883 1799 sane
918 1741 1090 1795 multo
1143 1745 1270 1809 post
1314 1738 1380 1793 ad
1400 1753 1560 1794 suum
1597 1737 1873 1807 ingenium
1893 1735 2110 1791 rediens

2200 556 2532 622 clesiastica,
2568 560 2628 609 ut
2657 551 2899 608 ordinati
2940 566 2971 605 a
2992 549 3192 604 Photio
3215 556 3501 604 cessarent
3552 551 3803 612 omnino,

2201 662 2304 702 nec
2326 647 2521 716 majori
2556 644 2729 715 gradu
2770 644 3148 700 elevarentur.
3174 642 3334 698 Unde
3386 643 3439 696 in
3479 641 3666 697 codice
3693 642 3801 697 Co-

2202 736 2481 791 lumnensi
2516 748 2668 789 num.
2716 733 2787 788 45
2830 732 3073 803 signato,
3112 742 3237 801 post
3282 732 3542 789 rccitatas
3581 731 3799 787 litteras

2206 828 2479 898 Stephani
2540 841 2692 897 papae
2743 824 2811 880 ad
2873 824 3137 880 Basilium
3172 824 3580 894 imperatorem,
3615 819 3800 878 Photii

2209 921 2581 985 defensorem,
2608 920 2903 989 subjicitur
2935 935 2949 971 :
2980 936 2998 971 ι
3036 917 3161 973 llaec
3192 918 3427 987 epistola
3453 917 3518 971 ad
3538 916 3800 973 Basilium

2214 1013 2605 1083 imperatorem
2639 1011 2809 1066 missa
2843 1010 2967 1077 fuit,
3004 1009 3098 1064 sed
3127 1008 3275 1063 illam
3306 1010 3517 1081 accepit
3541 1009 3650 1065 Leo
3677 1008 3801 1079 ejus

2209 1104 2374 1169 filius,
2409 1118 2534 1159 cum
2564 1102 2675 1171 jam
2712 1110 2864 1173 pater
2896 1102 3003 1156 vita
3034 1100 3256 1156 functus
3279 1110 3449 1157 esset.
3478 1120 3497 1154 ι
3536 1101 3639 1168 Qui
3672 1116 3797 1156 cum

2208 1195 2455 1265 epistolae
2477 1194 2586 1249 vim
2617 1194 3005 1257 intellexisset,
3041 1202 3094 1248 et
3119 1193 3306 1248 omnia
3335 1192 3515 1248 Photii
3548 1192 3797 1248 facinora

2209 1285 2576 1357 cognovisset,
2610 1284 3017 1356 quamprimum
3062 1284 3340 1341 revocavit
3369 1299 3563 1341 omnes
3613 1298 3801 1340 sacer-

2215 1377 2371 1434 dotes
2401 1378 2671 1440 veritatis,
2691 1377 2783 1447 qui
2813 1391 2842 1430 a
2873 1375 3096 1441 Photio,
3129 1376 3480 1432 anathemate
3505 1376 3793 1439 damnato,

2216 1482 2410 1539 graves
2448 1468 2597 1539 passi
2650 1466 2870 1522 fuerant
2914 1466 3357 1536 persecutiones,
3398 1473 3453 1521 et
3495 1464 3671 1535 ejeeto
3714 1472 3801 1535 ty-

2221 1574 2397 1614 ranno
2449 1566 2504 1614 et
2548 1558 2803 1613 invasere
2834 1556 3055 1623 Photio,
3097 1556 3323 1611 fratrem
3371 1571 3529 1612 suum
3586 1570 3805 1627 germa-v

2218 1649 2690 1718 numintroduxit,
2713 1649 2978 1704 advocato
3007 1650 3170 1704 etiam
3200 1647 3477 1719 Styliano,
3506 1647 3798 1702 Neocaesa-

2220 1756 2326 1795 reae
2354 1740 2723 1809 metropolita,
2751 1747 3117 1809 cognomento
3146 1738 3327 1807 Mapa,
3360 1744 3414 1792 et
3453 1738 3575 1791 aliis
3598 1738 3718 1807 ejus
3741 1737 3802 1791 in

527 1837 823 1905 (reveritus
849 1850 918 1889 ne
957 1832 1103 1889 forte
1139 1840 1335 1885 natura
1372 1831 1546 1899 magis
1571 1844 1771 1898 expers
1805 1843 1928 1884 esse
1958 1842 2109 1882 com—
2145 1817 2183 1870 Β
2215 1830 2599 1901 persecutione
2623 1831 3119 1897 commilitonibus,
3148 1832 3442 1903 episcopis,
3464 1833 3799 1904 praepositis,

526 1927 920 1991 miserationis,
967 1940 1134 1996 quam
1185 1924 1400 1979 avicula
1442 1920 1742 1990 videretur)
1791 1935 1821 1976 e
1860 1918 2109 1974 custodia

522 2019 784 2074 eductum
818 2015 921 2072 sibi
951 2022 1154 2086 praesto
1174 2028 1294 2069 esse
1309 2012 1464 2082 jubet
1511 2010 1709 2077 tilium,
1739 2009 2107 2079 ademptaque

525 2110 575 2165 ei
615 2108 827 2180 lugubri
858 2114 1028 2172 veste,
1069 2117 1124 2161 et
1176 2118 1541 2174 supervacua,
1576 2117 1697 2174 quas
1730 2102 1784 2156 in
1821 2102 1970 2156 luctu
2007 2117 2094 2155 ex-

523 2210 797 2265 creverat,
857 2212 1040 2261 coma,
1091 2197 1391 2268 pristinum
1443 2195 1496 2250 ei
1560 2195 1776 2265 imperii
1839 2196 2102 2249 honorem

524 2292 785 2347 restituit.
815 2288 1004 2359 Neque
1050 2303 1187 2342 sane
1229 2288 1401 2342 multo
1438 2295 1559 2357 post
1589 2286 1881 2341 diarrhma:
1916 2286 2107 2339 morbo

523 2391 837 2455 correptus,
863 2381 1116 2437 instituto
1140 2378 1356 2435 haerede
1411 2386 1464 2433 et
1495 2392 1825 2433 successore
1868 2376 1978 2431 filio
2006 2392 2106 2431 suo

524 2478 730 2543 Leone,
759 2476 996 2530 ﬁliorum
1034 2474 1399 2545 superstitum
1431 2481 1560 2528 natu
1580 2473 1844 2537 maximo,
1868 2472 2104 2527 decessit

522 2586 553 2624 e
580 2568 722 2633 vita;
749 2575 914 2637 atque
959 2580 1071 2620 una
1110 2580 1236 2620 cum
1277 2565 1597 2621 haereditate
1627 2564 1801 2619 eidem
1856 2564 1965 2618 lilio
2003 2579 2104 2618 suo

524 2658 694 2713 Leoni
753 2656 1073 2728 imperatori
1104 2658 1321 2728 egregia
1355 2657 1560 2711 monita
1606 2656 1826 2726 scriptis
1858 2656 2098 2728 reliquit,

522 2751 809 2819 sexaginta
867 2764 962 2804 sex
1027 2748 1303 2819 capitibus
1371 2747 1796 2817 comprehensa,
1866 2762 2100 2816 quorum

520 2841 801 2910 principes
822 2838 1018 2894 litterae
1040 2838 1185 2893 hanc
1201 2837 1442 2894 efliciunt
1466 2838 1791 2892 sententiam
1820 2856 1832 2890 :
1859 2837 2101 2891 Basilius

522 2930 577 2980 in
608 2927 823 2982 Christo
848 2924 1211 2980 Romanorum
1230 2926 1545 2994 imperator,
1567 2924 1751 2990 Leoni,
1777 2926 1939 2978 charo
1963 2926 2099 2994 lilio,

519 3031 567 3073 et
597 3020 808 3088 imperii
832 3016 1423 3088 collegte.Exstantque
1464 3032 1493 3070 e
1537 3016 1726 3071 (ἴτωυο
1763 3016 1912 3071 fonte
1936 3018 1990 3070 in
2018 3017 2099 3069 al-

518 3123 678 3162 veum
697 3106 1013 3162 Latinitatis
1027 3104 1273 3161 deductae
1290 3106 1430 3175 apud
1456 3106 2094 3176 Margarinumliigneum

518 3207 669 3254 tomo
698 3197 742 3251 V
774 3198 1116 3252 Bibliothecw
1149 3207 1377 3252 ceterum
1406 3196 1522 3251 PP.
1552 3198 1606 3251 in
1646 3197 1770 3252 fine.
1804 3197 1877 3251 Ea
1915 3207 2095 3252 autem

520 3291 731 3346 monita
762 3289 869 3346 Leo
902 3290 1197 3360 accipiens,
1229 3300 1280 3343 et
1315 3287 1597 3343 custodire
1631 3288 1915 3351 laborans,
1948 3302 2097 3341 con-

520 3392 744 3440 secutus
800 3391 881 3438 est
913 3398 1022 3453 pra:
1047 3382 1286 3447 caeteris,
1318 3381 1498 3452 inquit
1525 3380 1795 3435 Baronius
1830 3380 1928 3450 (6),
1964 3379 2093 3433 illud

518 3479 734 3549 insigne
770 3492 991 3540 nomen,
1028 3483 1086 3529 ut
1122 3475 1384 3528 meruerit
1431 3482 1795 3544 cognomento
1843 3471 2094 3526 Philoso-

518 3572 660 3642 phus
692 3569 981 3640 appellari,
1029 3552 1187 3637 quasi
1243 3582 1339 3637 per
1400 3580 1523 3620 cum
1577 3564 1723 3618 illam
1777 3563 2093 3618 felicitatem

518 3663 799 3718 Orientale
853 3661 923 3717 sit
974 3661 1265 3730 imperium
1321 3665 1717 3720 consecutum,
1794 3670 1958 3723 quam
2006 3654 2097 3709 ille

518 3756 797 3826 pollicitus
831 3762 917 3808 est
969 3752 1213 3819 sapiens,
1253 3748 1296 3803 si
1334 3748 1418 3802 vel
1475 3745 1788 3817 philosophi
1844 3754 2092 3815 regnent,

516 3847 599 3902 vel
636 3846 680 3900 si
721 3858 875 3913 reges
905 3842 1382 3912 phiIOSOphentur.

585 3936 857 3992 Defuncto
900 3934 1088 4004 itaque
1135 3931 1343 3987 Basilio
1384 3929 1736 4000 imperatore,
1774 3927 1965 3983 eodem
2005 3927 2094 3981 die

514 4029 624 4085 Leo
671 4030 794 4098 ejus
830 4027 974 4081 filius
1034 4024 1325 4095 imperium
1377 4020 1773 4077 moderandum
1806 4019 2089 4089 suscepit:

515 4121 609 4191 qui
642 4132 768 4174 mox
797 4117 1089 4173 occasione
1125 4123 1364 4183 captata,
1403 4113 1549 4184 quod
1591 4112 1823 4167 Photius
1855 4112 2091 4182 patriar-

515 4212 618 4266 cha
642 4207 1290 4276 Constantinopolitanus
1316 4244 1331 4268 ,
1367 4221 1492 4259 cum
1525 4204 1908 4258 Santabareno
1955 4218 2090 4256 con-

517 4304 701 4360 silium
739 4302 958 4356 iniisset
984 4299 1051 4353 de
1080 4295 1406 4368 eiigendoin
1444 4298 1831 4366 imperatorem
1860 4305 2093 4364 cognato

516 4394 692 4465 ipsius
722 4392 922 4456 Photii,
958 4405 1083 4443 eum
1120 4404 1149 4442 c
1180 4388 1382 4442 throno
1414 4387 1694 4456 deposuit,
1724 4386 2092 4456 relegavitque

2213 1922 2570 1993 presbyteris,
2630 1923 2901 1985 diaeonis,
2928 1932 2982 1979 et
3008 1925 3128 1979 aliis
3157 1924 3376 1992 pietatis
3406 1924 3799 1991 sectatoribus,

2210 2014 2288 2067 ait
2318 2015 2427 2070 illis
2461 2032 2476 2069 :
2512 2013 2775 2068 Nostram
2804 2030 2869 2069 ea:
2898 2014 3006 2070 Deo
3038 2016 3344 2085 imperium,
3370 2030 3626 2084 perpensa
3656 2018 3800 2070 veri-

2213 2114 2338 2171 tate,
2368 2107 2605 2177 iniquum
2660 2107 2816 2161 illum
2846 2107 3110 2162 hominem
3154 2108 3411 2162 Photium
3458 2126 3489 2161 a
3529 2109 3649 2163 sede
3699 2124 3800 2178 pa-

2211 2198 2495 2252 triarchali
2532 2197 2707 2266 ejecit,
2739 2208 2786 2251 et
2834 2207 3067 2252 uestram
3110 2200 3523 2268 persecutionem
3552 2198 3753 2253 sedavit
3778 2212 3799 2252 :

2209 2306 2302 2344 nec
2337 2290 2446 2344 ullo
2500 2300 2657 2359 pacto
2688 2306 2869 2361 cogam
2918 2308 3237 2362 quemquam
3284 2301 3511 2347 vestrum
3556 2302 3612 2345 ut
3642 2291 3801 2345 int-ili

2208 2394 2325 2431 cum
2377 2377 2471 2431 illo
2520 2378 2954 2441 communicetis;
2999 2379 3126 2449 quin
3168 2380 3345 2447 potius
3400 2394 3495 2432 oro
3536 2379 3793 2445 pietatem

2208 2482 2432 2527 vestram
2484 2480 2541 2524 ut
2597 2471 2993 2525 communicetis
3039 2488 3159 2525 cum
3217 2473 3384 2540 fratre
3430 2488 3564 2537 meo,
3611 2481 3661 2526 et
3691 2473 3797 2541 ﬁat

2206 2583 2369 2617 unum
2404 2566 2557 2618 ovile.
2612 2565 2706 2619 Sin
2772 2574 2949 2619 autem
3002 2565 3316 2617 inconsultis
3371 2563 3645 2624 Romanis,
3694 2566 3793 2633 qui

2208 2656 2462 2710 Photinm
2495 2656 2901 2724 damnaverunt,
2938 2656 3216 2711 nolueritis
3256 2656 3417 2725 fratri
3456 2673 3569 2710 meo
3599 2672 3796 2710 conveo

2205 2749 2340 2813 nire,
2375 2749 2625 2820 quoniam
2655 2747 2897 2802 tideltcet
2927 2764 2959 2799 a
2984 2746 3174 2800 Photio
3218 2746 3477 2799 diaconus
3502 2745 3605 2813 fuit
3638 2745 3797 2799 ordi—

2205 2850 2402 2905 natus;
2435 2840 2628 2907 venite,
2665 2839 2967 2892 scribamus
2996 2845 3046 2890 et
3094 2838 3370 2891 mittamus
3411 2853 3519 2890 una
3563 2835 3797 2891 Romans

2204 2931 2275 2983 ad
2315 2931 2652 3000 pontiﬁcem,
2716 2940 2774 2983 ut
2826 2930 3088 2997 dispenset
3132 2931 3518 2984 absolutionem
3568 2931 3798 2985 anathe-

2203 3025 2361 3076 matis
2394 3024 2458 3077 iis
2491 3024 2581 3093 qui
2630 3041 2661 3076 a
2705 3022 2900 3076 Photio
2936 3022 3155 3090 fuerunt
3198 3020 3461 3076 ordinati.
3496 3041 3514 3072 ι
3551 3020 3797 3092 Scripsit

2204 3114 2371 3184 igitur
2403 3121 2687 3183 prOpterea
2721 3114 3019 3184 imperator
3049 3112 3116 3167 ad
3146 3110 3492 3177 Pontificem,
3529 3113 3795 3167 similiter

2202 3206 2365 3259 ctiam
2396 3203 2547 3275 Mapa
2572 3205 2915 3276 metropolita
2944 3205 3231 3271 Caesareas,
3258 3212 3313 3261 et
3334 3205 3456 3275 ejus
3488 3207 3644 3261 socii.
3672 3206 3790 3261 Sed

2202 3314 2325 3352 cum
2368 3297 2561 3353 horum
2600 3298 2655 3352 in
2704 3299 2986 3369 praecitato
3042 3298 3235 3352 codice
3284 3308 3506 3353 exstent
3561 3299 3791 3365 litterae,

2203 3389 2399 3446 Leonis
2428 3398 2610 3445 tamen
2642 3390 3050 3445 desiderantur.
3080 3390 3351 3446 Caeterum
3384 3391 3531 3462 quod
3557 3392 3789 3460 peteba-

2202 3493 2308 3549 tur,
2348 3491 2406 3537 nt
2439 3483 2854 3553 dispensarctur
2886 3498 3010 3539 cum
3042 3483 3322 3554 Stephano
3346 3524 3359 3546 ,
3390 3500 3649 3554 germano
3680 3484 3791 3538 int-

2198 3575 2494 3645 peratoris,
2526 3575 2620 3646 qui
2671 3574 3127 3631 subdiaconatum
3172 3577 3509 3646 suscepisset
3556 3591 3586 3629 a
3630 3574 3789 3629 Pho-

2198 3667 2296 3732 tio,
2347 3665 2726 3735 dispensatum
2760 3666 2934 3723 fuisse
2964 3677 3040 3734 et,
3076 3675 3136 3722 ut
3166 3667 3427 3737 oportuit,
3457 3666 3533 3721 rei
3557 3666 3791 3721 consul-

2198 3769 2313 3815 tum
2367 3760 2435 3814 ab
2503 3762 2621 3830 ipso
2687 3760 2936 3816 Romano
2980 3761 3273 3832 pontifice,
3323 3759 3785 3816 existimandum.

2195 3849 2332 3904 Nam
2370 3850 2457 3907 ille
2487 3850 2717 3917 sedisse,
2758 3859 2925 3923 atque
2957 3867 3082 3908 cum
3134 3852 3255 3923 ipso
3288 3851 3430 3907 idem
3466 3849 3791 3922 Stephanus

2194 3957 2333 4013 papa
2364 3942 2804 3998 communicasse
2846 3944 3140 3998 invenitur.

2265 4032 2480 4088 interea
2536 4033 2754 4089 Andrea
2808 4036 3157 4090 exercituum
3211 4031 3491 4103 praefecto,
3546 4031 3790 4101 aliisque

2196 4130 2494 4186 senatoriis
2525 4128 2660 4185 viris
2711 4128 2901 4183 multis
2941 4126 3325 4199 Chrysopolim
3375 4124 3442 4180 ad
3483 4123 3787 4195 Philippici

2196 4221 2595 4275 monasterium
2623 4220 2826 4286 missis,
2850 4234 2974 4273 cum
3006 4231 3151 4275 coetu
3184 4210 3550 4281 sacerdotum,
3583 4217 3788 4272 caereis

2198 4306 2602 4377 facibus,atque
2624 4306 2989 4369 aromatibus,
3034 4304 3266 4360 cadaver
3294 4302 3577 4357 Michaelis
3606 4303 3795 4371 impes

2197 4394 2816 4466 ratoris(quiBasilium
2848 4402 3239 4466 patremsuum
3302 4393 3356 4447 in
3415 4390 3585 4447 ﬁlium
3647 4392 3791 4447 ado-

516 4489 572 4540 in
626 4482 1019 4539 monasterium
1064 4479 1454 4542 Armenorum.
1489 4478 1546 4532 in
1590 4477 1823 4547 εἱυείιυθ
1883 4476 2086 4540 locum.
2122 4513 2172 4571 ι)
2199 4495 2467 4557 ptaverat,
2496 4499 2551 4544 et
2575 4487 2882 4543 diademate
2921 4487 3192 4556 cinxerat)
3219 4486 3475 4556 sepulcro
3500 4484 3685 4550 educi,
3718 4484 3784 4540 in

515 4592 836 4649 germanum
875 4589 1059 4642 suum,
1106 4574 1329 4628 nomine
1370 4571 1730 4642 Stephanum,
1783 4572 2092 4642 subrogan-

514 4674 642 4727 dqu
668 4670 902 4726 curavit.
930 4667 1287 4739 lmpostorcm
1321 4679 1451 4721 vero
1476 4664 1627 4719 illum
1653 4663 2091 4719 Santaba‘renum

516 4762 699 4832 flagris
729 4774 955 4823 caesum,
984 4757 1163 4815 oculis
1196 4756 1451 4826 privavit,
1498 4762 1553 4810 et
1611 4754 1855 4809 Athenas
1905 4754 1958 4807 in
2000 4770 2093 4808 ex-

515 4856 699 4909 silium
730 4854 919 4918 misit;
958 4851 1233 4906 hominem
1270 4856 1419 4905 secta
1460 4846 1819 4903 Manichaeum
1844 4887 1857 4911 ,
1878 4847 2093 4916 profes-

515 4950 669 5005 sione
714 4962 937 5020 magum
966 4986 981 5007 ,
1034 4943 1388 5000 simulatione
1431 4956 1564 4996 vero
1594 4940 1996 5004 Christianum,
2038 4949 2092 4995 et

513 5039 856 5112 imposturis,
905 5036 1109 5107 quibus
1153 5034 1419 5089 miracula
1472 5032 1782 5096 affectabat,
1820 5047 1849 5085 a
1889 5032 2091 5086 Basilio

513 5133 848 5201 imperatore
908 5129 1179 5183 creditum
1236 5136 1515 5181 sanctum.
1574 5122 1777 5178 Verum
1837 5122 2089 5193 pluribus

513 5227 678 5281 annis
707 5223 910 5294 elapsis
944 5220 1224 5276 hominem
1260 5219 1329 5273 ab
1386 5216 1587 5272 exsilio
1633 5222 1955 5271 revocatum
1997 5217 2090 5271 bc-

513 5314 679 5382 nigne
722 5309 1071 5366 tractandum
1106 5306 1344 5361 curavit.
1384 5304 1558 5359 Porro
1598 5304 1927 5359 substitutio
1971 5301 2090 5358 Ste-

512 5402 680 5469 phani
735 5402 789 5454 in
826 5401 1010 5455 locum
1040 5396 1221 5451 Photii
1252 5394 1398 5450 haud
1430 5394 1505 5448 ita
1540 5393 1920 5463 perfunctorie
1945 5392 2088 5451 facta

512 5501 617 5557 est,
681 5493 993 5549 inconsulto
1040 5489 1287 5545 Romano
1338 5486 1602 5561 pontifice
1651 5486 1937 5557 Stephano
2000 5486 2084 5542 Vl.

512 5575 644 5632 Nam
674 5581 742 5633 ah
764 5594 852 5643 eo,
896 5590 955 5633 ut
989 5580 1424 5648 dispensaretur,
1459 5576 1602 5647 quod
1637 5577 1924 5635 ordinatus
1949 5577 2084 5633 fuis-

2202 4593 2329 4633 arca
2380 4580 2698 4650 cupressina
2754 4581 2905 4649 poni,
2962 4577 3427 4648 imperatoriaque
3490 4574 3791 4645 splendore

2200 4671 2459 4736 velatum,
2488 4670 3020 4740 Constantinopolim
3042 4667 3151 4723 Leo
3173 4661 3354 4723 afferri
3383 4668 3571 4738 jussit,
3592 4667 3788 4736 ibique

2200 4778 2321 4817 cum
2352 4772 2517 4817 cantu
2548 4772 2604 4818 et
2652 4762 2870 4833 hymnis
2897 4770 3209 4831 exceptum,
3245 4774 3422 4830 usque
3482 4757 3549 4813 ad
3603 4759 3784 4813 aedem

2196 4853 2580 4923 Apostolorum
2602 4852 2799 4909 deduci
2835 4852 3128 4919 ordinavit,
3162 4852 3217 4906 in
3240 4867 3346 4922 qua
3376 4851 3431 4906 in
3467 4865 3783 4906 marmorea

2196 4958 2323 4996 arca
2364 4942 2666 5014 repositum
2708 4949 2815 5007 est,
2869 4942 3265 4998 comitantibus
3320 4956 3571 5013 pompam
3612 4942 3783 4997 etiam

2197 5035 2460 5089 fratribus
2521 5034 2891 5105 imperatoris,
2958 5033 3294 5099 Alexandro,
3349 5043 3406 5089 et
3461 5034 3782 5104 patriarcha

2196 5122 2496 5192 Stephano.

2264 5213 2401 5268 Cum
2430 5212 2602 5283 Hagio
2632 5213 3029 5283 Longobardise
3061 5215 3195 5281 dux,
3232 5215 3377 5285 regis
3407 5214 3655 5270 Francia:
3686 5228 3783 5285 5c—

2193 5321 2313 5372 ner,
2345 5305 2565 5375 cognita
2607 5306 2795 5362 Basilii
2825 5306 3176 5377 imperatoris
3210 5318 3410 5370 morte,
3448 5323 3479 5361 a
3514 5308 3783 5362 societate

2194 5397 2567 5454 Romanorum
2614 5399 2941 5457 descivisset
3001 5400 3219 5472 sibique
3268 5410 3438 5457 totam
3509 5398 3779 5455 ditionem

2195 5492 2548 5556 vindicasset,
2592 5500 2785 5553 contra
2835 5506 2961 5547 cum
2996 5489 3107 5547 Leo
3136 5492 3563 5547 Constantinum
3600 5489 3777 5560 patri-

2196 5583 2339 5638 cium
2376 5600 2577 5661 mensa:
2624 5584 2942 5655 prmfcctum
2968 5599 3093 5641 cum
3123 5582 3572 5641 Occidentalibus
3626 5575 3781 5636 misit

2020 5672 2249 5729 lVOTiE.

582 5768 655 5834 (ti)
686 5766 950 5821 Buronius
980 5766 1045 5821 atl
1076 5784 1200 5821 ann.
1244 5768 1363 5822 886.

590 5888 657 5951 ίύ
