4104 6448
382 362 437 402 ιι
448 361 489 405 ιι

1680 355 1853 417 VITA
1882 352 2078 414 ιε’οΝ
2090 356 2157 415 IS
2198 355 2357 418 IMP“.

3554 376 3645 413 ΧΠ

386 464 599 535 copiis,
632 464 761 520 licet
790 465 1085 521 commissa
1135 482 1311 537 pugna
1348 468 1748 524 Constantinus
1777 483 1975 523 succu-
2003 475 2049 532 Α
2079 468 2380 539 ignoraret,
2420 471 2546 526 loco
2575 471 2950 539 patriarcbam
2981 471 3269 530 Nicolaum
3302 488 3506 542 movet,
3544 482 3649 538 Ec-

381 552 588 617 Imerit,
619 552 823 623 vixque
866 551 1072 607 caedem
1120 553 1236 623 ipse
1270 554 1533 620 evaserit,
1565 556 1808 611 exercitu
1855 569 1955 611 suo

383 639 672 693 occidione
725 639 927 692 deleto.
966 638 1113 694 Duos
1141 648 1322 696 tamen
1353 640 1688 698 fortissimos
1708 642 1878 697 duces
1908 642 1962 697 in

382 729 666 784 Orientem
718 732 928 791 emisit,
994 731 1336 787 Eustathium
1368 734 1558 804 stirpis
1601 735 1965 804 Argyrerum,

382 832 441 876 et
493 821 872 877 Andronicum
918 838 1119 892 genere
1170 822 1455 888 Ducicam,
1505 824 1599 893 qui
1651 825 1851 879 multas
1898 824 1964 879 de

388 912 664 981 Agarenis
713 914 975 969 victorias
1017 921 1391 984 reportatum.
1451 914 1558 971 Sed
1597 930 1723 971 cum
1760 916 1962 971 bellum

389 1002 720 1058 acerrimum
753 1004 900 1058 inter
928 1002 1192 1076 Bulgaros
1216 1016 1269 1061 et
1304 1006 1539 1062 Leonem
1590 1015 1836 1062 nostrum
1867 1022 1965 1063 ex-

390 1095 625 1148 citatqu
655 1106 822 1161 esset,
871 1097 1125 1166 idemque
1177 1113 1276 1168 per
1323 1098 1507 1168 plures
1550 1113 1722 1155 annos
1764 1114 1963 1169 propa-

386 1192 577 1252 gatum
620 1200 636 1238 :
691 1184 901 1241 Turcas
952 1195 1006 1241 ct
1079 1186 1368 1258 Hungaros
1428 1191 1694 1245 adversus
1742 1190 1963 1244 eosdem

386 1275 605 1331 vocavit
638 1275 770 1340 Leo,
791 1277 1047 1333 Sitneone
1076 1280 1442 1350 Bulgarorum
1470 1295 1598 1351 rege
1626 1281 1965 1337 validissime

387 1367 706 1422 resistente.
739 1365 814 1421 Ex
854 1385 964 1437 quo
1003 1368 1208 1424 factum
1264 1380 1369 1435 est,
1406 1379 1463 1424 ut
1497 1371 1769 1427 dissoluto
1821 1372 1964 1425 inter

388 1457 655 1528 liulgaros
719 1469 772 1513 ct
846 1458 1514 1530 ConSIantinOpOlitauum
1576 1463 1961 1534 imperatorem

390 1550 542 1619 pacis
577 1549 818 1617 vinculo,
857 1565 1011 1619 aeque
1072 1551 1378 1621 spiritualis
1420 1551 1767 1621 praefectura,
1798 1567 1961 1622 quam

388 1639 565 1694 Graeci
598 1642 701 1695 sibi
723 1643 1161 1708 vindicaverant,
1186 1658 1216 1698 e
1236 1644 1417 1698 medio
1443 1643 1747 1709 tolleretur,
1770 1644 1963 1702 iidem-

386 1746 497 1801 que
520 1730 738 1798 Bulgari
760 1730 1017 1786 Romam:
1042 1730 1315 1796 Ecclesiae,
1342 1748 1374 1786 a
1394 1748 1502 1814 qua
1528 1732 1687 1789 donis
1736 1741 1789 1788 et
1813 1733 1967 1788 blan-

2069 561 2362 631 clesiteque
2413 563 2619 618 ilnibns
2663 564 2891 634 expellit
2920 574 2980 619 ut
3036 567 3358 622 mendacem
3386 610 3401 631 ,
3443 579 3499 625 et
3546 578 3647 642 qui

2072 654 2356 710 multoties
2409 654 2635 726 quidem
2705 655 3071 726 jurejurando
3139 660 3518 719 conﬁrmasset
3584 681 3649 721 ae

2072 744 2419 813 promisisset
2445 762 2504 802 se
2533 746 2848 816 imperatori
2865 746 3100 818 gratiam
3132 763 3308 817 paenae
3343 750 3649 820 facturum,

2071 848 2136 889 ac
2159 836 2387 891 totidem
2414 837 2630 891 vicibus
2660 837 2907 892 animum
2942 845 3231 904 mutasset,
3264 855 3490 912 remque
3515 846 3653 899 data-

2070 941 2241 998 opera
2294 928 2630 984 extraheret.
2673 928 2809 999 Ejus
2861 929 2983 984 loco
3024 932 3397 1000 patriarebam
3437 938 3649 991 consti-

2073 1020 2179 1075 tuit
2206 1027 2421 1089 patrem
2458 1036 2621 1077 suum
2657 1022 2998 1091 spiritualem
3037 1022 3427 1094 Eutbymium,
3464 1027 3643 1081 virum

2073 1111 2263 1166 multis
2306 1112 2468 1167 annis
2515 1112 2922 1168 exercitatione
2968 1113 3219 1168 solitaria
3262 1115 3641 1184 nobilitatum,

2071 1202 2309 1272 denique
2338 1203 2646 1273 prophetici
2682 1203 2913 1273 spiritus
2944 1203 3368 1273 participem.ls
3403 1206 3656 1275 impera-

2073 1303 2245 1349 torem
2294 1308 2325 1348 a
2357 1310 2517 1364 pmna
2575 1294 2705 1349 facit
2762 1295 3091 1359 immunem,
3139 1307 3304 1365 atque
3341 1312 3370 1349 a
3417 1297 3656 1351 vinculo

2073 1383 2339 1438 diuturno
2386 1384 2609 1449 liberat,
2653 1390 2706 1438 et
2749 1382 2816 1437 ad
2849 1384 3298 1437 communionem
3326 1383 3585 1440 admittit.
3622 1405 3653 1437 ν

2075 1473 2199 1528 llaec
2226 1472 2325 1528 ibi.
2358 1471 2473 1527 Leo
2492 1478 2676 1526 autem
2706 1469 3050 1535 Allatius,de
3083 1469 3343 1524 Ecclesiae
3376 1469 3647 1525 Occiden-

2073 1565 2199 1620 talis
2254 1572 2308 1619 et
2348 1563 2644 1619 Orientalis
2694 1571 2959 1633 perpetua
3010 1562 3395 1625 consensione,
3434 1562 3531 1616 lib.
3582 1577 3642 1625 tr,

2071 1670 2198 1727 cap.
2244 1656 2297 1719 7,
2332 1670 2487 1712 num.
2517 1655 2572 1721 '5,
2612 1668 2725 1709 rem
2756 1655 2812 1709 in
2849 1653 2998 1708 hunc
3046 1652 3267 1707 modum
3300 1668 3366 1709 ex
3402 1652 3649 1723 antiquis

2075 1745 2452 1800 monumentis
2491 1751 2681 1800 narrat
2712 1762 2726 1796 ε
2765 1763 2785 1797 t
2832 1741 2945 1799 Leo
2994 1742 3181 1798 Basilii
3212 1743 3379 1805 illius,
3416 1743 3557 1814 quod
3580 1758 3651 1797 ex

388 1822 541 1877 “mis
592 1821 905 1879 ercorl'm
964 1823 1333 1889 ἀθεοῖνθτθηιι
1371 1840 1432 1881 se
1481 1835 1675 1896 εροηιθ
1722 1826 1964 1897 SUbjice-
1991 1829 2041 1888 B
2072 1838 2248 1894 tribus
2290 1837 2472 1892 ductis
2516 1838 2785 1893 uxoribus
2822 1837 3005 1893 nullos
3049 1837 3370 1893 sustulisset
3422 1837 3649 1898 liberos,

387 1923 533 1971 rent.

460 2002 639 2061 Fuere
685 2003 856 2061 Leoni
894 2021 1093 2061 uxores
1131 2006 1358 2062 omnino
1400 2018 1656 2080 quatuor,
1696 2023 1834 2079 quas
1873 2023 1965 2063 or-

386 2097 518 2152 dine
580 2105 634 2152 et
679 2099 995 2154 successive
1046 2098 1227 2165 duxit,
1275 2114 1386 2154 non
1435 2114 1463 2153 a
1500 2099 1726 2155 libidine
1758 2100 1965 2165 victus,

384 2190 486 2247 St‘d
529 2190 735 2259 ingenti
788 2190 1142 2260 procreanda:
1178 2190 1388 2247 sobolis
1420 2191 1714 2257 desiderio,
1744 2206 1854 2260 quo
1900 2191 1967 2245 li-

385 2291 552 2344 heros
602 2305 669 2344 ex
712 2297 955 2343 senatos
987 2289 1357 2357 conSpiceret.
1406 2286 1593 2342 Prima
1644 2286 1745 2343 fuit
1789 2286 1968 2342 'I'beo-

386 2381 636 2451 phanen,
673 2396 769 2435 seu
820 2379 1200 2449 Tlieopbania,
1253 2378 1611 2435 Constantini
1657 2379 1769 2432 tilia
1814 2396 1828 2431 :
1883 2393 1969 2433 se-

385 2475 573 2528 cunda
605 2473 714 2529 Zoe
744 2473 969 2528 Zautzae
997 2474 1105 2527 ﬁlia
1132 2492 1144 2527 :
1181 2473 1342 2528 tertia
1363 2471 1603 2527 Eudoeia
1632 2468 1926 2541 Opsiciana
1951 2488 1966 2535 ;

386 2578 611 2639 quarta,
656 2567 765 2622 Zoe
803 2568 1241 2638 Carbonopsina,
1304 2583 1369 2622 ex
1403 2582 1510 2635 qua
1549 2565 1717 2619 tilium
1748 2565 1965 2635 Purpu-

388 2664 633 2731 rigeuam
662 2675 757 2714 seu
788 2657 1364 2730 Porpbyrogcnnetam
1388 2656 1599 2727 genuit,
1631 2657 1722 2710 cui
1764 2671 1965 2711 nomen

385 2752 743 2811 Constantini
787 2750 996 2805 datum.
1036 2750 1255 2806 Ultima:
1282 2758 1467 2804 tamen
1519 2749 1716 2805 uxoris
1744 2749 1971 2820 nuptias

385 2844 650 2899 Nicolaus
702 2842 1015 2913 patriarcha
1062 2841 1389 2896 benedicere
1441 2842 1740 2904 recusavit,
1790 2841 1885 2897 sed
1915 2848 1969 2896 et

387 2936 664 2990 Thomam
716 2933 1125 3004 presbyterum,
1170 2933 1267 3004 qui
1317 2932 1620 2999 benedixit,
1658 2931 1968 3003 presbyteri

387 3028 602 3082 honore
648 3028 910 3097 privavit,
962 3026 1094 3097 quin
1136 3028 1363 3097 insuper
1420 3026 1492 3082 ab
1566 3026 1821 3098 ingressu
1878 3038 1970 3079 ec-

384 3120 574 3174 clesiae
607 3120 994 3189 imperatorem
1029 3119 1333 3189 prohibuit.
1367 3118 1438 3172 At
1476 3118 1751 3199 qugmodo
1778 3132 1838 3174 se
1865 3116 1969 3171 ba-

387 3211 574 3266 buerit
620 3211 1003 3280 quadrigamia
1050 3211 1157 3266 ista
1196 3208 1399 3266 Le0nis
1431 3209 1484 3264 in
1508 3209 1805 3280 conjugum
1839 3222 1970 3263 suc-

386 3302 669 3367 cessione,
707 3302 791 3357 sic
839 3301 1028 3372 accipe
1058 3318 1122 3357 ex
1150 3302 1502 3372 praeambulis
1531 3299 1885 3357 Constantini
1912 3299 1968 3354 in

388 3391 872 3463 Porphyrogenito
897 3391 967 3446 ad
987 3392 1230 3448 edictum
1261 3392 1484 3448 unionis
1501 3393 1600 3463 (7).
1626 3412 1645 3444 t
1670 3390 1969 3461 Imperator

393 3484 490 3539 ille
515 3484 873 3539 doctissimus
896 3482 1005 3537 Leo
1035 3484 1268 3554 primam
1288 3483 1507 3554 quidem
1532 3497 1757 3538 uxorem
1781 3481 1971 3537 babuit

390 3584 642 3633 sant-tam
694 3574 1177 3646 Tbeopbanonem,
1224 3590 1291 3630 ex
1337 3591 1446 3645 qua
1485 3574 1655 3628 tiliam
1702 3587 1965 3642 procrea-

390 3668 497 3733 vit,
529 3667 627 3722 sed
658 3681 723 3721 ea
778 3666 887 3721 cito
935 3667 1102 3721 rebus
1151 3664 1411 3722 humanis
1465 3664 1728 3721 excessit.
1781 3663 1971 3734 Itaque

392 3774 522 3813 cum
568 3757 685 3812 hinc
727 3764 919 3812 sancta
958 3757 1156 3812 mulier
1198 3756 1499 3826 migrasset
1529 3753 1600 3810 ad
1638 3753 1968 3820 Dominum,

391 3848 526 3905 Zoae
557 3850 778 3921 styliani
813 3848 1085 3915 Tzautzte,
1113 3849 1206 3918 qui
1240 3863 1308 3903 ex
1338 3847 1664 3918 proceribus
1690 3852 1745 3901 et
1773 3845 1971 3900 amicis

392 3944 751 4013 imperatoris
787 3951 926 4008 erat,
967 3942 1094 3997 ﬁliae
1133 3941 1406 4012 jungitur.
1438 3940 1535 3995 Illa
1562 3954 1788 4010 quoque
1815 3937 1970 3994 brevi

392 4034 667 4104 temporis
711 4034 893 4102 spatio
955 4033 1077 4088 sine
1134 4032 1323 4087 liberis
1393 4031 1692 4095 exstincta,
1752 4029 1970 4085 tertiam

391 4127 557 4183 duxit
616 4141 847 4181 uxorem
908 4124 1235 4188 Eudociam,
1305 4138 1373 4178 ex
1419 4119 1627 4194 Opsicii
1688 4120 1972 4192 provincia

391 4218 691 4274 oriundum
721 4218 851 4273 olim
882 4216 1030 4272 dicta
1063 4214 1311 4277 Maeonia,
1349 4214 1541 4268 forma:
1579 4213 1803 4269 nomine
1834 4212 1979 4268 sele-

392 4321 569 4375 ctam,
617 4325 741 4379 quae
782 4309 836 4364 in
892 4307 1173 4379 puerperii
1220 4305 1503 4362 doloribus
1551 4320 1659 4359 una
1699 4320 1824 4359 cum
1868 4304 1977 4359 in-

392 4405 551 4458 fante
598 4401 852 4456 moritur.
889 4400 1196 4469 Imperator
1241 4406 1425 4453 autem
1476 4394 1738 4451 iueﬂ‘abili
1779 4394 1974 4451 dolore

2071 1928 2281 1985 sobolis
2310 1928 2575 1983 habenda:
2622 1926 2924 1992 desiderio,
2949 1936 3198 1996 quartam
3246 1941 3466 1997 quoque
3493 1927 3663 1981 duxit

2071 2020 2217 2076 Zocn
2264 2018 2764 2091 Carbonopsinam,
2815 2033 2939 2088 quae.
2983 2018 3031 2073 ei
3083 2018 3294 2087 peperit
3325 2017 3648 2072 Constantio

2071 2126 2221 2167 num.
2248 2110 2402 2166 lianc
2424 2111 2495 2166 ob
2527 2124 2751 2166 causam
2782 2125 2810 2163 a
2836 2108 3152 2180 patriarcha
3197 2115 3252 2163 et
3278 2110 3400 2164 aliis
3423 2123 3665 2165 excom-.

2071 2203 2406 2257 municatur.
2440 2201 2575 2256 Cum
2602 2217 2732 2256 vero
2791 2201 2860 2256 de
2907 2199 3259 2255 absolutione
3305 2215 3412 2255 non
3445 2216 3659 2257 conve-r

2070 2296 2234 2358 niret,
2272 2295 2396 2349 aliis
2427 2307 2548 2348 eam
2593 2306 2704 2349 non
2753 2291 2964 2347 diutius
3012 2291 3441 2362 protrahendam
3495 2306 3645 2347 asscr

2070 2386 2345 2449 rentibus,
2387 2385 2510 2439 aliis
2544 2397 2653 2438 non
2692 2381 3148 2445 assentientibus,
3199 2396 3395 2449 magna
3419 2381 3647 2437 dissidia

2074 2477 2219 2531 inter
2244 2492 2341 2532 eos
2371 2484 2490 2532 orta
2524 2483 2691 2537 sunt;
2736 2473 2968 2541 ideoque
2996 2472 3060 2526 ad
3094 2472 3374 2541 pontiﬁcis
3412 2471 3644 2525 Romani

2072 2568 2338 2639 judicium
2391 2572 2737 2621 concurrunt
2769 2581 2781 2617 :
2830 2577 2861 2615 a
2905 2577 3016 2633 quo
3042 2577 3167 2617 cum
3205 2571 3421 2633 quarta:
3447 2560 3649 2615 Leonis

2071 2660 2276 2730 nuptiae
2313 2657 2771 2728 approbarentur,
2822 2654 3138 2724 patriarcha
3179 2668 3288 2708 non
3337 2652 3661 2707 asscntiens

2071 2751 2127 2804 in
2162 2748 2416 2805 exsilium
2453 2747 2708 2810 mittitur,
2751 2754 2806 2800 et
2839 2744 3166 2817 Entbymins
3215 2746 3268 2799 in
3312 2744 3433 2813 ejus
3470 2745 3659 2800 locum

2074 2841 2443 2911 subrogatur;
2484 2842 2579 2909 qui
2616 2839 2689 2893 ita
2724 2846 3003 2892 annuente
3025 2853 3244 2892 summo
3272 2835 3529 2906 pontiﬁce
3555 2836 3653 2888 Im-

2072 2939 2382 3003 peratorem
2446 2947 2479 2986 a
2530 2930 2752 2985 vinculo
2786 2929 3002 2991 liberat,
3029 2934 3083 2983 et
3120 2928 3174 2981 in
3203 2927 3657 2983 communionem

2072 3024 2331 3079 admittit.
2365 3042 2385 3074 ι
2421 3022 2699 3077 Hactenus
2741 3020 2809 3076 de
2855 3019 3037 3075 Leone
3070 3020 3198 3074 Leo.
3248 3017 3456 3074 Caetera
3511 3018 3649 3071 tanti

2072 3114 2339 3185 principis
2370 3121 2491 3167 acta
2519 3124 2942 3183 prosequamur.

2144 3210 2280 3262 Cum
2333 3206 2631 3277 aliquando
2677 3205 2975 3273 imperator
3027 3200 3138 3256 Leo
3199 3216 3306 3257 una
3368 3216 3493 3255 cum
3539 3200 3651 3256 zoc

2072 3315 2247 3355 uxore
2277 3314 2377 3355 sua
2426 3301 2479 3352 in
2530 3296 2738 3368 praedio
2772 3301 2984 3365 ageret,
3018 3292 3163 3363 quod
3206 3293 3452 3346 Damiani
3485 3305 3649 3346 voca-

2073 3399 2183 3457 tur,
2220 3398 2276 3446 et
2302 3389 2645 3445 domesticus
2677 3386 3008 3458 quibusdam
3041 3386 3167 3441 aliis
3196 3383 3653 3454 conspirantibus

2072 3484 2122 3539 ei
2170 3482 2404 3539 insidias
2442 3488 2682 3538 strueret
2711 3496 2726 3536 :
2777 3478 2886 3533 Zoe
2920 3491 3200 3532 murmura
3235 3475 3669 3544 conjnratorum-‘

2075 3574 2379 3637 inautlivit;
2419 3573 2755 3641 istatimque
2818 3567 2930 3624 Leo
2975 3568 3272 3633 excitatus,
3346 3582 3656 3623 conscenso

2073 3666 2293 3737 navigio
2324 3680 2355 3719 a
2384 3663 2653 3720 Fontibus
2701 3662 2756 3717 in
2805 3661 3068 3734 palatium
3097 3660 3311 3730 trajecit
3335 3685 3373 3725 ,-
3394 3674 3458 3714 ac
3482 3659 3656 3715 Joan-

2074 3774 2195 3813 nem
2233 3758 2457 3829 quidem
2502 3757 2667 3827 Biglte
2703 3754 3091 3826 Drungarium,
3120 3753 3267 3823 quod
3315 3753 3385 3809 ab
3413 3768 3478 3807 eo
3509 3754 3661 3808 indi--

2074 3852 2307 3922 ligenter
2336 3856 2482 3904 esset
2511 3849 2844 3911 custoditus,
2872 3848 2999 3901 loco
3032 3844 3225 3900 movit.

2145 3939 2318 3994 Porro
2348 3938 2586 3993 Basilius
2614 3937 2961 4007 imperatoris
3004 3935 3251 4006 Epeicta,
3294 3951 3417 3991 cum
3449 3936 3658 3990 ea‘denv

2078 4030 2246 4085 Leoni
2297 4028 2742 4094 machinaretur,
2784 4042 3047 4082 arcanum
3084 4042 3248 4083 suum
3281 4025 3532 4081 Samonte
3560 4041 3659 4081 ex-

2078 4122 2261 4193 posuit
2284 4119 2645 4184 cubicnlario,
2675 4119 2887 4190 origine
2918 4118 3189 4187 Agareno.
3233 4116 3504 4172 Samonas
3539 4126 3657 4173 sta-

2079 4215 2172 4270 tim
2208 4212 2526 4284 imperatori
2559 4220 2727 4267 totam
2767 4209 3090 4265 insidiarum
3125 4210 3392 4263 rationem
3426 4206 3651 4265 detexit.

2080 4307 2382 4377 Imperator
2413 4306 2559 4360 illico
2584 4303 2845 4360 Basilium
2878 4302 2935 4356 in
2960 4300 3336 4356 Macedoniam
3373 4288 3652 4367 amandat,

2079 4398 2244 4452 veluti
2282 4394 2407 4451 Zoae
2440 4393 2808 4465 imperatricis
2838 4392 3019 4447 amitae
3050 4406 3184 4455 suae,
3213 4404 3245 4446 e
3277 4389 3417 4446 vivis
3469 4405 3656 4460 egres-

388 4502 709 4563 correptus,
741 4491 889 4563 quod
927 4492 1109 4546 nullos
1152 4489 1471 4548 sustulisset
1507 4488 1736 4551 liberos,
1776 4500 1970 4543 eorum
2007 4504 2051 4560 ι)
2083 4502 2178 4553 sae,
2228 4487 2305 4543 ibi
2352 4486 2504 4555 justa
2550 4492 2895 4539 curaturum.
2943 4482 3114 4538 Paulo
3158 4490 3283 4551 post
3340 4488 3654 4535 revocatum

389 4583 800 4658 gignendorum
863 4579 1139 4636 desiderio
1206 4587 1465 4649 quartam
1528 4592 1751 4648 quoque
1815 4577 1977 4631 duxit

392 4689 630 4732 uxorem
671 4672 838 4728 Zoam
881 4669 1315 4741 Carbonepsinae
1356 4668 1549 4733 tiliam,
1583 4682 1707 4738 quae
1738 4667 1789 4722 ei
1826 4666 1973 4723 Con-

391 4768 704 4826 stantinum
762 4762 926 4834 parit.
971 4761 1175 4817 Verum
1226 4761 1542 4830 patriarcha
1592 4756 1873 4825 Nicolans,
1920 4764 1976 4813 et

393 4854 815 4924 metropolitani
853 4853 1246 4922 imperatorem
1279 4850 1349 4905 ab
1380 4847 1628 4904 Ecclesia
1661 4855 1976 4919 segregant,

393 4961 633 5018 eamque
674 4928 1116 5016 segregationem
1163 4940 1416 4996 nonnulli
1452 4940 1773 5012 pontiﬁcum
1822 4938 1978 4993 brevi

394 5041 588 5112 spatio
616 5036 1010 5102 deliniendam,
1041 5049 1153 5091 non
1192 5034 1247 5089 in
1296 5035 1519 5104 longum
1549 5040 1767 5102 tempus
1790 5038 1980 5087 exten-

395 5131 639 5188 dendam
690 5127 934 5191 aiebant,
966 5124 1078 5181 illis
1124 5124 1181 5180 in
1228 5126 1336 5178 boc
1372 5138 1481 5177 non
1525 5122 1979 5176 assentientibus.

397 5226 594 5296 Itaque
623 5218 856 5277 dissidia
887 5219 1033 5274 inter
1066 5231 1165 5273 eos
1196 5224 1356 5272 erant
1414 5228 1726 5285 magnaque
1757 5212 1981 5269 seditio:

396 5328 568 5389 atque
621 5316 1011 5385 imperatorem
1088 5321 1418 5381 magnopere
1473 5306 1858 5377 deprecantem
1928 5314 1986 5361 et

396 5418 651 5466 orantem
679 5405 773 5461 alii
806 5402 1168 5473 recipiebant,
1204 5400 1300 5455 alii
1329 5396 1738 5455 contumaciter
1766 5396 1983 5469 rejicie-

395 5504 553 5558 bant.
595 5500 731 5555 Cum
774 5503 961 5553 autem
998 5494 1259 5564 princeps
1294 5492 1411 5562 ipse
1436 5490 1681 5563 prudens
1702 5502 1873 5556 esset,
1900 5500 1983 5546 at-

395 5610 511 5665 que
562 5591 711 5648 unde
749 5588 1033 5646 discordia
1086 5585 1408 5659 pontiﬁcum
1462 5596 1583 5655 orta
1622 5591 1793 5649 esset,
1834 5583 1979 5639 baud

2082 4575 2428 4646 inquisitioni
2485 4573 2750 4637 subdidit,
2800 4572 3228 4641 convictumque
3266 4585 3365 4640 per
3417 4564 3659 4625 mediani

2083 4668 2273 4723 urbem
2318 4667 2376 4721 in
2421 4666 2703 4734 triumpho
2756 4666 2931 4730 duxit,
2980 4664 3336 4732 Athenasque
3370 4662 3653 4732 relegavit.

2084 4757 2216 4812 Inde
2262 4758 2521 4811 universo
2567 4763 2760 4811 senatu
2791 4765 3119 4819 convocato,
3152 4768 3275 4824 quae
3302 4760 3465 4807 erant
3488 4766 3516 4804 a
3546 4752 3659 4807 Sa--

2082 4865 2244 4906 mona
2280 4850 2385 4920 ipsi
2418 4850 2597 4905 delata
2627 4848 2832 4903 indicia
2858 4848 3107 4917 exponit,
3149 4859 3389 4915 eumque
3434 4852 3657 4899 senato-

2082 4957 2171 4999 res
2232 4943 2484 5008 Iaudant,
2539 4949 2593 4997 et
2632 4954 2851 4998 summo
2893 4938 3121 5010 dignum
3165 4936 3378 4992 honore
3413 4948 3660 5006 pronun—

2085 5037 2244 5091 tiant.
2278 5034 2347 5090 Et
2378 5035 2671 5090 Samonam
2705 5032 2814 5088 Leo
2844 5033 3033 5087 statim
3067 5027 3506 5099 Protospatltarii
3541 5042 3663 5083 mu-

2086 5143 2219 5184 nere
2248 5130 2493 5194 decorat,
2526 5127 2743 5197 sibique
2773 5124 3100 5179 familiarem
3130 5122 3383 5178 asciseit.
3516 5126 3517 5129 ‘

2152 5218 2289 5274 Cum
2337 5217 2758 5273 Constantinum
2808 5213 3113 5270 Andronici
3150 5212 3317 5266 lilium
3364 5209 3657 5280 quamdam

2089 5310 2157 5366 ad
2195 5309 2600 5380 expeditionem
2631 5312 2755 5362 cum
2799 5307 2975 5377 copiis
3019 5303 3321 5373 ablegaret,
3369 5312 3469 5370 per
3494 5299 3663 5354 tricli-

2090 5403 2241 5457 nium
2276 5400 2550 5456 hominem
2598 5400 2864 5462 edocens,
2899 5396 3077 5452 oculis
3112 5395 3165 5448 in
3193 5391 3394 5449 Christi
3449 5404 3516 5446 ac
3540 5389 3663 5445 Dei-

2090 5502 2236 5562 parte
2287 5489 2556 5561 imagines
2596 5488 2816 5555 deﬁxis,
2848 5502 2972 5558 quae
3025 5499 3193 5556 supra
3248 5493 3461 5553 portam
3492 5491 3664 5535 erant

2089 5584 2398 5651 collocatae,
2450 5581 2539 5638 bis
2576 5581 2755 5639 verbis
2788 5595 2922 5637 usus
2950 5586 3033 5636 est
3072 5596 3086 5633 :
3139 5577 3365 5642 Caveto,
3396 5574 3668 5631 Constan-

1929 5676 2158 5734 ΝΟΤᾸΞ.

472 5788 549 5857 (7)
578 5786 729 5858 Apud
764 5784 1063 5841 Beroniqu
1093 5782 1159 5838 ad
1192 5796 1282 5836 au.
1321 5778 1526 5837 Christi
1567 5778 1685 5834 901.
