4104 6480
418 383 489 424 ιν
1752 347 2339 418 PROLEGOMENA.

418 487 554 549 tiae,
580 494 781 538 nomen
812 492 881 536 ne
910 476 1014 533 tibi
1037 484 1191 531 tuum
1223 474 1490 547 imponat,
1516 484 1655 527 neve
1684 469 1857 525 fretus
1884 469 1999 533 illo,
2028 470 2080 529 Α
2103 474 2196 517 aut
2270 463 2441 517 irasci
2461 500 2476 526 ,
2534 464 2823 531 imperator
2875 481 2893 518 :

420 575 724 647 potiturum
755 581 808 627 te
839 570 1212 625 Romanorum
1244 564 1474 636 imperio
1503 573 1700 634 putes:
1726 576 1855 616 nam
1882 574 2004 614 meo

422 667 540 721 lilio
569 663 939 721 Constantino
991 658 1265 712 divinitus
1315 657 1606 726 imperium
1660 660 2002 708 reservatum

421 765 539 823 est;
571 755 716 826 quod
741 752 994 824 equidem
1030 758 1371 821 perspectum
1409 748 1603 810 habeo,
1635 743 2001 816 signiﬁcatum

423 844 557 899 mihi
602 842 807 896 divinis
853 840 923 894 ab
952 837 1272 893 hominibus
1315 836 1504 889 futura
1550 832 1917 905 prospiciendi
1954 832 2003 886 vi

421 931 690 1003 praditis.
741 928 1090 998 Quapropter
1149 925 1292 980 scire
1340 922 1513 978 debes
1557 930 1915 986 eventurum,
1945 927 2003 972 ut

420 1023 469 1079 si
503 1019 851 1094 tyrannidem
906 1017 973 1072 ad
1005 1027 1057 1071 te
1106 1029 1300 1085 rapere
1329 1019 1564 1067 conatus
1610 1011 1804 1074 fueris,
1840 1016 2004 1079 caput

420 1122 577 1168 tuum
621 1110 831 1179 absque
883 1121 1119 1175 corpore
1151 1120 1246 1175 per
1281 1104 1425 1159 hanc
1462 1103 1640 1172 ipsam
1672 1109 1885 1172 portam
1912 1102 2003 1154 in-

419 1199 724 1272 grediatur.
761 1196 898 1252 Huic
923 1195 1194 1250 vaticinia
1228 1194 1490 1262 deinceps
1516 1201 1750 1249 eventus
1778 1206 2004 1262 respon-

417 1294 520 1349 dit.
551 1291 687 1346 Nam
741 1297 865 1362 post
913 1288 1113 1344 Leonis
1145 1287 1358 1342 obitum
1387 1285 1789 1341 Constantinus
1820 1294 2005 1357 tyran-

419 1381 603 1437 nidem
634 1378 921 1440 affectans,
968 1374 1192 1431 occisus
1222 1381 1329 1440 est,
1376 1387 1439 1427 ac
1466 1371 1730 1442 deinceps
1767 1382 1885 1426 erat
1918 1373 2001 1425 vi-

419 1474 552 1529 dere
604 1477 899 1528 cruentum
957 1476 1131 1539 caput
1183 1465 1306 1536 ejus
1351 1479 1447 1535 per
1486 1463 1635 1518 illam
1670 1471 1882 1534 portam
1916 1465 1999 1518 in-

420 1563 586 1623 ferri.

486 1655 707 1712 Accidit
735 1653 789 1709 id
818 1649 1088 1723 temporis
1136 1652 1409 1705 maximus
1442 1647 1576 1704 solis
1605 1645 1871 1709 delectus,
1906 1659 2005 1701 cu-

414 1746 509 1818 jus
554 1759 727 1801 causa
778 1741 1194 1799 Pantaleontem
1250 1738 1628 1811 Synadensem
1683 1735 2000 1807 pontiﬁcem

3592 364 3683 410 XVI

2951 480 3073 517 nam
3145 473 3287 520 cates
3358 467 3529 523 David
3587 470 3689 525 hac

2107 559 2202 610 tibi
2231 556 2438 610 adversi
2459 563 2766 609 eventurum
2791 557 3043 623 prwdixit
3071 557 3168 611 hoc
3190 574 3339 613 versu
3369 579 3381 613 :
3413 579 3432 612 ι
3465 562 3683 627 Quanta

2105 648 2431 718 malignatus
2481 656 2554 701 est
2592 647 2841 700 inimicus
2892 648 2946 700 in
2976 658 3161 702 sancto
3206 659 3342 704 tuo:
3382 662 3431 706 et
3461 654 3680 722 gloriati

2104 748 2227 792 sunt
2268 739 2358 809 qui
2389 737 2611 791 oderunt
2643 748 2712 803 te,
2746 739 2801 791 in
2834 739 3004 792 medio
3037 742 3388 796 solemnitatis
3430 752 3534 795 tua:
3560 743 3617 796 ’ἲ
3659 764 3678 797 ι

2108 829 2261 894 Noli,
2314 845 2515 899 qumo,
2574 830 2857 898 appetiisse
2902 831 2996 884 tibi
3045 833 3163 887 vita:
3195 835 3355 902 ﬁnem
3402 836 3683 901 arbitrari,

2106 937 2198 975 nec
2225 921 2463 974 animum
2512 930 2660 974 tuum
2707 923 2961 991 cogitatio
2994 922 3059 977 de
3117 934 3285 979 morte
3322 926 3527 991 subeat,
3558 936 3684 981 nam

2107 1013 2201 1067 tibi
2252 1024 2362 1067 tam
2410 1013 2530 1067 vita:
2560 1030 2718 1081 quant
2752 1015 2959 1084 imperii
2984 1014 3162 1070 decem
3203 1017 3376 1072 adhuc
3428 1021 3556 1073 anni
3581 1036 3685 1073 ca:-

2106 1106 2226 1159 lesti
2260 1122 2293 1159 a
2320 1122 2481 1158 manu
2512 1107 2748 1160 concessi
2771 1114 2915 1163 sunt.

2174 1196 2301 1251 Haec
2332 1198 2427 1252 ille
2477 1196 2645 1262 fatus,
2699 1197 2958 1252 obticuit.
3012 1198 3199 1269 Neque
3227 1202 3399 1255 multo
3428 1208 3550 1272 post
3581 1202 3687 1256 im-

2104 1295 2347 1357 perator,
2378 1297 2432 1342 et
2480 1288 2650 1341 animi
2688 1286 2881 1342 dolore
2928 1288 3196 1344 liberatus
3234 1301 3340 1353 est,
3385 1303 3438 1347 et
3467 1307 3533 1345 ex
3563 1293 3686 1345 γυι-

2104 1394 2236 1434 nere
2280 1379 2589 1433 convaluit.
2623 1377 2792 1433 Marci
2839 1380 3062 1450 quidem
3102 1381 3427 1435 vaticinium
3461 1384 3687 1437 minime

2105 1469 2279 1525 fuisse
2303 1484 2503 1523 vanum
2536 1478 2768 1524 eventus
2805 1470 3226 1539 comprobavit;
3262 1486 3387 1524 nam
3419 1481 3538 1539 post
3589 1472 3687 1526 de-

2104 1577 2225 1616 cem
2283 1575 2460 1616 annos
2508 1577 2579 1617 eo
2634 1562 2754 1631 ipso
2796 1571 3049 1617 mortuus
3077 1570 3160 1617 est
3192 1563 3298 1627 die,
3328 1578 3439 1634 quo
3470 1565 3685 1634 plagam

2107 1653 2250 1707 hanc
2282 1653 2515 1723 accepit.

2172 1743 2652 1815 Constantinopoli
2702 1744 2757 1799 in
2801 1745 3062 1801 honorem
3101 1746 3290 1816 prima:
3338 1762 3452 1801 suae
3498 1747 3687 1801 uxoris

419 1837 488 1893 ad
535 1852 595 1893 se
644 1837 945 1906 imperator
975 1831 1285 1895 arcessivit,
1334 1829 1611 1885 hominem
1650 1826 2000 1884 astronomiae
2037 1829 2076 1882 Β
2107 1837 2481 1908 Τιιεοριιεῃίω
2524 1839 2957 1909 pulcherrimum
3002 1841 3075 1895 de
3117 1841 3236 1909 ejus
3281 1843 3500 1896 nomine
3544 1850 3686 1895 tem-

420 1924 681 1995 peritum.
711 1924 764 1977 Is
795 1930 1040 1991 rogatus,
1080 1933 1243 1990 quem
1286 1919 1433 1974 illius
1483 1917 1708 1987 eclipsis
1743 1914 1996 1971 eﬂ‘ectum

420 2014 540 2070 fore
586 2020 877 2077 statueret,
945 2010 1270 2081 respondit,
1325 2008 1481 2065 alteri
1533 2009 1602 2064 ab
1669 2008 2001 2078 imperatore

418 2120 671 2178 personae
722 2119 915 2162 casum
968 2102 1264 2158 adversum
1304 2099 1583 2173 portendi.
1644 2099 1786 2167 Quin
1830 2098 1997 2155 etiam

420 2199 687 2255 Samonas
714 2198 1026 2269 Agarenus,
1062 2209 1092 2249 a
1120 2194 1303 2251 Leone
1334 2193 1512 2250 ollicio
1542 2193 1871 2249 cubicularii
1908 2208 2000 2248 or-

419 2298 608 2356 natus,
638 2303 800 2361 quem
832 2286 1020 2343 Basilii
1053 2285 1294 2358 Epeictae
1341 2284 1577 2341 insidias
1618 2284 1796 2340 eidem
1830 2283 1996 2339 Leoni

419 2383 694 2437 detexisse
712 2378 1005 2434 docuimus
1025 2417 1041 2443 ,
1067 2378 1371 2447 sapientem
1396 2375 1542 2431 hunc
1567 2375 1742 2430 virum
1762 2375 2001 2446 peculia-

420 2466 557 2523 riter
595 2464 921 2530 abductum,
953 2462 1021 2517 de
1061 2477 1120 2517 re
1166 2470 1282 2517 tota
1322 2462 1620 2526 consuluit,
1662 2470 1718 2518 et
1757 2462 2003 2517 futurum

423 2557 667 2630 agnovit,
699 2555 885 2625 utipsi
926 2553 1209 2610 calamitas
1246 2552 1556 2619 accideret;
1596 2568 1784 2608 verum
1819 2554 1999 2607 omni-

423 2663 497 2704 no
525 2646 675 2704 Junii
723 2646 888 2701 tertio
935 2644 1025 2699 die
1073 2644 1285 2701 salvum
1316 2658 1634 2709 evasurum,
1678 2658 1780 2700 nec
1827 2644 1898 2699 ab
1935 2659 2002 2699 eo

423 2752 669 2813 tempore
729 2738 1032 2810 quidquam
1087 2738 1164 2792 illi
1213 2737 1295 2793 rei
1343 2736 1589 2793 moleste
1644 2745 1999 2793 eventurum.

423 2832 676 2889 Nondum
732 2833 1035 2903 praestitum
1092 2830 1196 2883 hoc
1244 2836 1463 2898 tempus
1514 2826 1831 2893 advenerat,
1876 2845 2001 2884 cum

424 2923 694 2978 Samouas
736 2935 767 2977 e
817 2919 943 2975 loco
989 2932 1092 2974 suo
1142 2916 1474 2972 deturbatur
1538 2926 1702 2986 atque
1755 2917 2001 2983 raditur;

427 3027 553 3069 nam
576 3020 630 3068 et
655 3008 949 3067 calumniis
986 3008 1376 3080 imperatorem
1425 3007 1831 3066 circumvenire
1863 3010 2004 3065 ferc—

428 3106 612 3171 batur,
647 3112 703 3159 et
728 3100 1032 3157 insolenter
1059 3107 1233 3155 semet
1265 3112 1475 3170 gerere.

2110 1935 2281 2005 plum,
2328 1934 2572 1989 vicinum
2620 1933 2746 1988 Addi
2788 1935 3167 2004 apostolorum
3216 1934 3509 1989 aediﬁcavit
3555 1932 3685 2000 Leo,

2108 2028 2161 2079 in
2185 2040 2360 2096 eoque
2394 2040 2596 2095 corpus
2628 2025 2776 2079 illius
2808 2026 3055 2095 reposuit
3085 2042 3099 2091 ;
3138 2038 3349 2093 magna:
3378 2027 3525 2080 enim
3557 2043 3690 2081 san-

2106 2116 2316 2171 ctitatis
2370 2114 2570 2170 femina
2630 2116 2817 2170 habita
2869 2127 2956 2169 est
3005 2114 3385 2184 Theophania,
3435 2116 3572 2171 adeo
3631 2126 3690 2172 ut

2105 2206 2347 2263 edidisse
2411 2222 2632 2278 quoque
2669 2206 2940 2262 miracula
2988 2206 3215 2271 feratur,
3244 2223 3477 2277 quorum
3510 2210 3689 2278 gratia

2109 2298 2468 2353 ubidel‘uncta
2494 2307 2600 2362 est,
2629 2298 2773 2351 inter
2788 2303 3013 2352 sanctos
3039 2311 3068 2349 a
3090 2294 3301 2351 Graecis
3321 2296 3689 2350 adnumerata

2108 2397 2214 2453 est,
2241 2386 2329 2443 die
2359 2387 2425 2441 l6
2452 2388 2733 2453 Decemb.,
2786 2386 2891 2441 hoc
2922 2387 3100 2456 elogio
3129 2403 3144 2440 :

2182 2498 2365 2554 Beata:
2410 2498 2779 2561 Theophaniw,
2802 2498 2990 2553 Leoni:
3020 2500 3402 2581 sapientissimi
3438 2500 3691 2568 principis

2593 2586 2816 2636 sponsa,
2851 2586 2975 2624 men.
2989 2586 3123 2623 orta.

2184 2684 2203 2717 ι
2233 2666 2397 2720 Beata
2452 2662 2812 2734 Thcophania
2870 2665 3427 2736 Constantinopoleos
3459 2665 3602 2720 fetus
3634 2674 3691 2719 et

2111 2758 2320 2827 regina,
2349 2755 2700 2811 Constantini
2734 2754 2842 2809 illia
2878 2755 2981 2809 fuit
3024 2756 3279 2819 illustris,
3321 2756 3487 2808 trium
3517 2756 3693 2824 impe-

2116 2857 2360 2903 ratorum
2391 2846 2816 2914 consanguinea.
2844 2845 3015 2911 Cujus
3042 2856 3217 2899 mater
3242 2844 3397 2897 Anna
3431 2843 3692 2900 similiter

2110 2949 2227 2995 erat
2258 2936 2487 3003 sterilis,
2524 2944 2582 2989 nt
2612 2937 2705 2990 illa
2730 2936 2882 3006 prior
2912 2937 3064 2989 Anna
3094 2935 3375 2989 Samuelis
3413 2934 3699 3003 prophetae

2112 3031 2367 3103 genitrix.
2420 3028 2527 3083 Sed
2562 3044 2687 3083 cum
2738 3031 2857 3083 viro
2898 3028 3223 3098 frequenter
3252 3043 3419 3083 orans
3444 3035 3690 3082 sanctam

2113 3123 2389 3176 dominam
2420 3129 2670 3185 nostram
2706 3119 2800 3175 Dei
2844 3119 3202 3187 Genitricem,
3235 3135 3357 3189 qua:
3385 3117 3695 3188 praesertim

499 3195 638 3251 Cum
691 3193 779 3249 die
826 3190 1170 3247 Pentecostae
1198 3204 1382 3257 sacro,
1420 3206 1487 3246 ex
1525 3192 1748 3264 antiqua
1773 3192 2002 3263 impera-

2113 3213 2173 3267 ad
2218 3211 2373 3269 Bassi
2423 3181 2729 3275 colebatur,
2788 3219 3041 3266 sanctam
3110 3181 3693 3278 concepit-Theopha-

426 3299 610 3343 torum
632 3284 1061 3348 consuetudine,
1082 3282 1313 3339 solemni
1344 3298 1470 3338 cum
1505 3297 1705 3354 pompa
1732 3283 1799 3339 ad
1826 3284 2004 3340 eccle-

430 3383 571 3438 siam
620 3377 808 3434 Sancti
836 3376 997 3433 Mocii
1030 3376 1296 3445 martyris
1322 3376 1645 3447 procederet
1679 3376 1810 3441 Leo,
1842 3384 2008 3447 atque

431 3465 719 3543 templum,
761 3467 988 3540 jamjam
1042 3468 1219 3523 sacris
1266 3467 1454 3538 ianuis
1498 3467 1735 3533 vicinus,
1795 3467 2007 3538 ingredi

432 3564 595 3620 vellet
629 3580 643 3615 :
687 3564 770 3617 vir
814 3559 1037 3632 quidam
1086 3559 1368 3625 immanis,
1401 3558 1469 3615 iis
1497 3559 1697 3616 similis
1725 3558 1819 3629 qui
1849 3558 2007 3614 malis

432 3674 471 3713 a
513 3656 696 3727 geniis
724 3655 1001 3726 agitantur
1032 3692 1050 3719 ,
1094 3660 1203 3705 tam
1245 3650 1493 3723 gestibus
1537 3667 1702 3722 quam
1742 3652 1893 3707 vultu
1926 3652 2010 3705 in.

434 3754 730 3812 constans,
758 3745 815 3799 in
868 3743 1254 3813 imperatorem
1285 3740 1602 3811 prosiliens,
1644 3741 1794 3811 gravi
1820 3755 1883 3795 ac
1918 3756 2011 3793 va-

437 3837 546 3893 lida
582 3836 735 3891 clava
777 3843 943 3905 caput
991 3832 1114 3903 ejus
1151 3832 1480 3895 verberavit,
1506 3831 1755 3901 adeoque
1801 3830 2009 3895 subito,

439 3937 503 3984 ut
526 3928 705 4000 ipsum
727 3924 1111 3988 interfecisset,
1130 3923 1187 3977 ni
1206 3938 1331 3992 pars
1347 3931 1591 3978 extrema
1618 3923 1786 3977 clavae
1808 3922 1861 3977 in
1884 3937 2009 3977 sus-

436 4035 664 4089 pensum
711 4016 1100 4073 candelabrum
1143 4015 1400 4083 impacta,
1434 4013 1517 4068 vel
1567 4012 1852 4067 dimidiam
1895 4013 2011 4066 im-

438 4118 598 4179 petus
640 4106 749 4161 vim
795 4104 1090 4160 amisisset.
1125 4101 1263 4156 Tum
1300 4102 1368 4158 de
1422 4100 1617 4158 Leonis
1669 4103 1851 4173 capite
1879 4116 2010 4172 pro-

439 4199 611 4254 liuere
643 4195 868 4266 sanguis
899 4193 1177 4262 copiosus,
1204 4200 1259 4245 et
1297 4190 1398 4245 viri
1424 4190 1704 4259 principes
1734 4190 1788 4243 in
1827 4189 2008 4258 lugam

441 4303 565 4346 sese
599 4285 892 4354 conjicere.
934 4282 1001 4337 Et
1044 4282 1173 4352 quia
1200 4281 1365 4335 frater
1401 4281 1523 4350 ejus
1564 4279 1874 4334 Alexander
1902 4296 2011 4335 non

443 4380 651 4443 aderat,
682 4375 823 4448 apud
850 4376 1144 4446 plerosque
1171 4370 1415 4441 suspicio
1444 4370 1698 4437 invaluit,
1725 4385 1848 4425 eum
1881 4370 2016 4425 insi-

441 4471 655 4527 diarum
688 4466 861 4522 fuisse
891 4463 1199 4520 conscium.
1239 4460 1344 4516 Sed
1377 4460 1470 4532 qui
1504 4460 1559 4514 id
1600 4459 1816 4517 facinus
1850 4476 2017 4517 ausus

446 4568 651 4632 fuerat,
715 4560 1144 4634 comprehensus
1204 4567 1540 4627 coactusque
1596 4557 1878 4613 tormentis
1948 4557 2016 4611 ad

444 4659 836 4717 iudicationem
882 4670 1073 4710 eorum
1106 4667 1247 4723 quos
1284 4651 1547 4707 facinoris
1573 4650 1829 4707 conscios
1857 4649 2017 4705 habe-

443 4762 550 4820 ret,
584 4750 722 4807 nihil
749 4748 934 4804 dicere
964 4753 1197 4819 poterat,
1247 4744 1439 4799 morbo
1467 4743 1706 4815 graviter
1744 4742 2018 4797 hominem

443 4855 694 4902 vexante.
739 4840 1096 4912 Tandemque
1136 4838 1390 4895 manibus
1440 4852 1505 4892 ac
1552 4836 1783 4907 pedibus
1829 4851 2022 4906 ampu-

443 4937 597 5003 tatis,
649 4936 706 4990 in
764 4933 901 4988 circi
950 4930 1127 4987 funda
1175 4938 1477 4992 crematur,
1518 4938 1572 4984 et
1623 4927 1887 4984 solemnis
1931 4928 2022 4981 illa

448 5028 733 5102 processio
762 5041 827 5082 eo
857 5034 1099 5096 tempore
1148 5022 1332 5078 desiit.
1368 5020 1493 5077 Haec
1529 5035 1652 5074 cum
1683 5020 1770 5074 vir
1798 5018 2022 5089 quidam

449 5129 697 5187 sanctus,
727 5119 932 5191 quique
970 5117 1157 5173 divino
1190 5114 1387 5186 spiritu
1444 5113 1624 5167 futura
1663 5112 2024 5182 prospiceret,

450 5229 516 5268 ac
547 5211 720 5267 variis
747 5209 909 5265 donis
937 5214 1167 5263 ornatus
1207 5205 1626 5270 esset,nomine
1655 5202 1893 5269 Marcus,
1922 5203 2026 5257 im-

452 5312 759 5375 peratorem
803 5300 951 5373 gravi
999 5297 1189 5353 dolore
1236 5302 1551 5367 correptum
1606 5303 1875 5358 cerneret,
1914 5293 2029 5348 exi-

454 5396 767 5449 stimantem
825 5391 1029 5463 aliquid
1077 5387 1312 5459 amplius
1376 5385 1506 5441 mali
1579 5394 2027 5449 consecuturum,

456 5484 638 5538 verbis
686 5483 1012 5539 medicinam
1054 5480 1104 5535 ei
1160 5479 1390 5542 iaciens,
1438 5484 1699 5547 tanquam
1744 5476 2029 5546 mitigante

457 5574 699 5629 dolorem
734 5574 1050 5644 pharmace,
1078 5571 1216 5627 dixit
1246 5590 1262 5628 :
1301 5569 1432 5626 Noli
1461 5570 1556 5625 hoc
1596 5570 1825 5638 iniquius
1866 5568 2025 5638 ferre,

532 5751 724 5809 'Psan.
753 5766 942 5818 sum,
969 5757 1063 5812 23.

2111 3306 2281 3367 niam,
2316 3312 2371 3359 et
2400 3310 2584 3358 natam
2620 3301 2919 3357 virtutibus
2976 3301 3265 3364 instruxit,
3300 3302 3512 3354 litteras
3549 3314 3691 3367 quo-

2109 3411 2217 3465 que
2242 3395 2471 3450 docens.
2508 3392 2646 3448 Cum
2679 3406 2810 3448 vero
2841 3392 3079 3447 Basilius
3110 3392 3343 3446 illustris
3397 3392 3696 3459 imperator

2112 3489 2224 3541 lilio
2274 3486 2442 3541 Leoni
2511 3484 2926 3555 sapientissimo
2971 3483 3133 3539 vellet
3181 3496 3409 3537 uxorem
3461 3482 3695 3549 conjun-

2110 3598 2257 3652 gere,
2292 3597 2393 3635 nec
2446 3581 2550 3635 hae
2598 3580 2879 3634 meliorem
2930 3579 3225 3643 inveniret,
3274 3577 3449 3645 ipsam
3478 3575 3555 3629 illi
3598 3576 3695 3629 de-

2112 3672 2421 3742 sponsavit.
2462 3671 2761 3734 Coronata,
2794 3678 2850 3722 et
2890 3669 3205 3738 imperatrix
3237 3667 3452 3729 ell‘ecta,
3495 3681 3696 3735 paupe-

2115 3778 2236 3817 rum
2276 3769 2457 3816 tamen
2488 3776 2593 3815 non
2611 3759 3058 3823 obliviscebatur,
3089 3757 3184 3814 sed
3205 3758 3420 3811 solitam
3451 3757 3695 3810 retinens

2115 3856 2398 3919 virtutem,
2438 3862 2493 3908 et
2535 3854 2967 3922 eleemosynam,
3015 3849 3147 3916 Deo,
3179 3850 3271 3919 qui
3299 3849 3403 3904 sibi
3429 3848 3695 3903 caelorum

2112 3960 2333 4016 quoque
2391 3945 2617 4000 donavit
2671 3958 2921 4014 regnum,
2947 3943 3035 4013 pie
3075 3941 3464 3997 l‘amulabatur.
3503 3958 3521 3991 ι
3570 3939 3695 3994 Haec

2113 4038 2212 4094 ibi.

2183 4128 2331 4184 Idem
2380 4127 2491 4183 Leo
2541 4127 2686 4182 aliud
2716 4142 2935 4198 quoque
2992 4126 3248 4195 templum
3294 4122 3538 4178 condidit
3572 4121 3702 4175 divo

2114 4221 2324 4275 Lazaro
2352 4233 2593 4284 sacrum,
2630 4219 2794 4287 inque
2823 4234 2889 4273 eo
2940 4217 3133 4271 thzari
3177 4225 3231 4271 et
3272 4215 3454 4269 Maria:
3481 4214 3700 4284 Magda-

2118 4310 2254 4364 lenae
2308 4308 2569 4377 reliquias
2634 4308 2851 4379 Epheso
2900 4308 3094 4361 allatas
3139 4305 3404 4360 condidit.
3447 4302 3504 4357 lu
3543 4302 3700 4365 urbe,

2117 4414 2238 4470 quae
2270 4399 2336 4453 ad
2376 4398 2745 4453 Charsianum
2795 4398 3049 4453 sublimis
3096 4404 3237 4458 erat,
3271 4396 3325 4449 in
3364 4404 3515 4465 parte
3539 4392 3703 4447 meri-

2120 4486 2345 4550 dionali,
2390 4485 2532 4549 loco,
2575 4487 2662 4539 cui
2697 4483 2879 4539 Farraa
2925 4499 3147 4547 nomen,
3180 4496 3379 4551 magno
3427 4478 3703 4550 impendio

2121 4575 2448 4631 instauravit
2496 4574 2753 4643 templum
2790 4575 2978 4629 Sancti
3021 4572 3243 4629 Thomas
3266 4571 3519 4642 apostoli,
3556 4568 3701 4638 quod

2123 4664 2434 4720 ineruditum
2477 4664 2531 4718 in
2574 4664 2816 4719 cinerem
2872 4679 2936 4719 ac
2969 4663 3210 4718 favillam
3256 4664 3558 4730 redegerat.
3596 4660 3703 4715 Sed

2122 4763 2177 4810 et
2222 4756 2276 4809 in
2308 4752 2525 4809 Nossiis
2578 4755 2972 4809 monasterium
3032 4752 3324 4808 aedificavit
3370 4750 3437 4806 de
3483 4751 3705 4804 nomine

2123 4844 2454 4910 Servatoris,
2495 4844 2657 4916 idque
2697 4859 2824 4901 cum
2872 4845 3167 4916 Euthymio
3200 4843 3515 4914 patriarcha
3553 4842 3706 4897 dedi-

2126 4934 2291 4988 cavit.

2197 5025 2402 5081 Statuit
2437 5027 2581 5082 inter
2611 5026 2740 5092 alia,
2775 5036 2835 5081 ut
2868 5026 3050 5097 pridie
3088 5025 3210 5094 ejus
3248 5023 3358 5079 diei
3412 5038 3522 5094 quo
3570 5039 3713 5093 prte-

2126 5117 2261 5171 lium
2295 5126 2351 5173 et
2392 5130 2671 5174 certamen
2705 5129 2855 5174 esset
2903 5117 3226 5184 ineundum,
3261 5130 3459 5172 curare
3489 5115 3711 5172 deberet

2127 5210 2236 5264 dux
2275 5210 2556 5265 exercitus
2599 5226 2696 5281 per
2736 5210 3077 5268 sacerdotem
3138 5210 3454 5266 universum
3498 5208 3714 5264 exerci—

2127 5305 2244 5353 tum
2284 5299 2493 5368 expiari
2526 5314 2667 5369 aqua
2718 5300 2958 5365 lustrali,
2991 5300 3073 5354 vel
3112 5299 3439 5366 benedicta;
3480 5305 3533 5352 et
3572 5310 3713 5366 prat-

2134 5401 2314 5454 terea,
2364 5398 2424 5443 ut
2468 5390 2741 5460 quotidie,
2793 5406 2954 5447 mane
2997 5400 3052 5446 et
3109 5406 3365 5463 vespere,
3421 5390 3715 5444 universus

2135 5482 2407 5538 exercitus
2438 5483 2622 5538 dicere
2648 5483 2870 5540 deberet
2901 5482 3209 5556 Trisagium
3244 5486 3528 5555 hymnum.

2207 5570 2421 5640 Mariae,
2474 5574 2715 5646 Virginis
2761 5576 3247 5648 incomparabilis,
3296 5587 3360 5631 ac
3402 5570 3495 5629 Dei
3541 5567 3715 5628 Geni-

2119 5696 2194 5726 ὁ).
