4104 6454
373 369 487 412 XVII

1661 360 1833 423 VITA
1870 359 2145 422 LEONIS
2193 360 2346 423 IMP.

3388 308 3413 339 κ

3510 388 3645 430 XVIII

376 466 535 523 uicis
556 474 955 533 sacrosancta,
1010 481 1175 539 quam
1206 481 1438 540 magnus
1464 469 1814 541 eximiusque
1846 472 1965 523 l'ue-
1994 470 2039 527 Α
2070 484 2192 522 num
2212 470 2664 539 apostolumorbis
2680 471 3127 541 Paulum,oratio
3146 476 3419 536 una.-—Iu
3440 485 3644 554 glorio-

374 559 448 616 rit
489 568 700 624 orator,
739 574 809 615 ex
837 559 910 615 iis
938 575 1064 630 qua:
1102 560 1299 630 scripsi
1333 560 1387 614 in
1422 558 1732 617 Caesaribus
1764 559 1960 614 Maria-

374 650 463 707 nis
494 663 619 720 cap.
650 648 709 714 8,
747 656 915 720 atque
953 665 1018 704 ex
1065 648 1514 706 luculentissimis
1545 650 1668 719 ejus
1692 649 1960 705 orationi-

374 741 501 808 bus,
537 742 592 797 in
626 739 875 795 Mariana
910 738 1251 796 Bibliotheca
1290 741 1649 807 enumeratis,
1690 749 1854 811 atque
1903 740 1959 794 in

374 833 483 888 hoc
528 830 742 888 Mariali
782 832 1060 896 adductis,
1090 847 1231 903 quas
1277 832 1395 903 ipse
1441 832 1509 888 de
1543 832 1663 903 ejus
1710 833 1867 889 festis
1906 841 1961 887 et

373 925 639 981 laudibus
683 939 792 981 non
837 925 1019 981 solum
1052 924 1304 995 piissime
1358 925 1789 996 doctissimeque
1818 925 1961 980 scri-

372 1016 507 1087 psit,
544 1015 643 1072 sed
683 1030 751 1072 ex
787 1015 1078 1088 superiore
1107 1015 1249 1081 loco,
1279 1023 1334 1071 et
1369 1015 1423 1070 in
1451 1015 1785 1072 circumfusa
1820 1015 1963 1070 mul-

372 1108 637 1163 titudinis
676 1122 884 1163 corona
921 1121 1119 1177 magno
1147 1120 1276 1162 cum
1320 1107 1515 1178 plausu
1556 1107 1715 1175 dixit,
1749 1106 1961 1178 perspi-

373 1215 544 1256 cuum
598 1208 703 1256 est.
754 1198 962 1271 Dignus
1011 1206 1302 1272 propterea
1343 1200 1439 1271 qui
1480 1200 1625 1255 inter
1656 1201 1962 1271 praecipuos

372 1288 624 1360 Deiparae
656 1287 903 1360 Virginis
938 1288 1453 1359 encomiastasjure
1474 1290 1673 1346 merito
1706 1306 1960 1347 numere-

371 1392 483 1448 tur,
503 1391 712 1453 atquea
732 1381 1304 1454 Gracia,eloquentias
1334 1384 1613 1454 quondam
1644 1385 1884 1449 alumna,
1911 1394 1963 1441 et

369 1475 573 1528 artium
592 1482 816 1544 parente
836 1473 1192 1543 optimarum,
1213 1475 1384 1530 multo
1400 1476 1638 1546 jactetur
1655 1475 1960 1541 honestius,

368 1579 536 1634 quam
557 1565 591 1621 ii
612 1565 707 1636 qui
727 1565 797 1622 ab
818 1565 1009 1621 eadem
1025 1566 1155 1621 olim
1172 1582 1298 1622 cum
1322 1565 1470 1622 fastu
1490 1567 1959 1623 memorabantur.

366 1653 504 1711 Vico
554 1671 845 1712 munerum
871 1666 926 1712 et
954 1657 1315 1722 oblationum,
1355 1673 1494 1729 quas
1532 1656 1713 1713 Maria:
1742 1675 1807 1715 ex
1842 1660 1963 1715 ani-

366 1762 462 1803 mo
497 1746 782 1814 offerebat,
821 1748 892 1804 ab
928 1749 1047 1821 ipsa
1081 1752 1414 1820 postulabat,
1438 1766 1547 1807 non
1573 1752 1698 1807 vitae
1729 1752 1965 1825 longitu-

2060 578 2175 616 sum
2194 564 2499 634 praphetam
2523 564 2724 634 Etiam,
2745 569 2922 624 oratio
2941 571 3215 626 una.—In
3231 574 3518 645 gloriosam
3541 578 3644 632 Do-

2062 658 2194 712 mini
2228 656 2787 728 Transﬁgurationem,
2821 662 3097 719 orationes
3121 675 3250 720 tres.
3290 666 3425 721 —In
3461 667 3648 724 Decol-

2062 751 2314 808 lationem
2334 756 2702 823 pra'cursoris,
2737 755 2914 812 oratio
2936 757 3214 812 una.-—-In
3237 761 3646 817 Exaltationem

2062 838 2119 894 S.
2147 839 2355 908 Crucis,
2380 845 2555 900 oratio
2576 845 2848 900 una.—ln
2869 846 3241 904 admirabilem
3285 859 3333 905 et
3356 852 3648 921 gloriosum

2065 928 2276 986 Domini
2288 934 2603 1005 discipulum
2619 936 2895 1002 Thomam,
2914 940 3194 997 orationes
3206 942 3650 1010 duae—Quando

2063 1023 2252 1078 domus
2294 1025 2633 1095 imperatoris
2672 1028 2779 1097 fuit
2823 1040 3154 1097 consecrata,
3190 1032 3370 1088 oratio
3417 1050 3549 1089 una.
3582 1065 3651 1075 -—

2067 1113 2135 1168 In
2167 1124 2409 1171 sanctum
2432 1106 2696 1174 lcannem
2728 1120 3193 1192 Chrysostomum,
3222 1126 3401 1180 oratio
3432 1141 3652 1181 una.—

2072 1203 2136 1260 In
2168 1207 2615 1280 fulgentissimum
2655 1211 2910 1268 Ecclesia:
2952 1215 3126 1270 lumen
3176 1214 3487 1283 Nicolaum,
3520 1233 3649 1275 ora-

2066 1299 2142 1353 tio
2173 1314 2302 1356 una.
2334 1332 2404 1341 —
2444 1301 2508 1356 In
2547 1302 2610 1359 S.
2656 1302 3011 1374 Stephanum,
3064 1308 3241 1362 oratio
3285 1324 3413 1363 una.
3466 1340 3539 1350 —
3584 1308 3651 1364 In

2064 1387 2164 1445 SS.
2195 1389 2447 1456 Lumina,
2468 1394 2649 1450 oratio
2688 1411 2817 1450 una.
2840 1428 2909 1437 —
2930 1395 3085 1460 111,8.
3120 1398 3439 1453 Clementem
3471 1399 3649 1470 Ancy-

2064 1496 2277 1546 ranum,
2307 1486 2483 1541 oratio
2509 1502 2638 1541 una.
2665 1518 2736 1528 —-
2769 1486 2835 1542 In
2870 1488 3160 1560 gloriosum
3189 1500 3478 1563 martyrem
3511 1491 3650 1562 Try-

2062 1573 2305 1642 phonem,
2340 1578 2518 1633 oratio
2552 1594 2679 1636 una.
2708 1610 2777 1621 —-
2811 1579 2879 1634 In
2921 1583 3095 1652 capite
3146 1585 3504 1639 sacratissimi
3549 1582 3650 1638 Je-

2056 1664 2224 1733 junii,
2252 1670 2530 1727 orationes
2565 1679 2698 1728 tres.
2725 1702 2799 1714 —
2832 1672 2899 1727 In
2923 1674 3118 1743 festum
3153 1675 3493 1743 Palmarum,
3524 1691 3622 1731 ora

2069 1759 2145 1813 tio
2175 1775 2303 1815 una.
2333 1792 2402 1802 -—
2434 1762 2503 1817 In
2538 1762 2831 1819 Sabbatum
2876 1776 3140 1834 sanctum,
3184 1770 3363 1825 oratio
3416 1784 3544 1824 una.
3581 1799 3653 1811 ~—

365 1840 554 1897 dinem
591 1841 723 1913 (non
753 1841 899 1898 enim
930 1843 1068 1899 adeo
1097 1858 1217 1899 eam
1254 1844 1496 1911 amabat,
1524 1860 1699 1916 neque
1731 1847 1957 1902 insatia-
1992 1830 2034 1886 Β
2065 1848 2273 1917 Oratio,
2320 1853 2397 1906 vel
2430 1852 2671 1920 Epistola
2699 1856 3021 1924 parametica
3053 1830 3337 1923 catholica,
3380 1860 3445 1912 ad
3483 1871 3653 1927 quos-

367 1932 466 1988 bili
510 1932 792 1991 desiderio
822 1935 988 2006 huius
1018 1951 1219 1992 amarat
1257 1937 1645 2009 navigationis,
1694 1949 1749 1997 et
1786 1956 1952 2013 quam

364 2025 723 2095 coniunctam
770 2027 956 2096 habet,
1000 2030 1320 2100 agitationis
1375 2031 1733 2103 tenebatur),
1762 2034 1856 2091 sed
1912 2034 1959 2091 si

366 2118 445 2174 ita
474 2119 787 2187 decretum,
824 2131 883 2178 ut
926 2137 993 2177 ex
1043 2123 1146 2179 hac
1179 2124 1291 2179 vita
1336 2124 1758 2193 subduceretur,
1798 2127 1961 2199 largi-

364 2220 546 2277 retur,
579 2211 659 2266 uti
698 2220 1056 2283 peccatorum
1098 2218 1341 2285 pondere
1385 2216 1690 2284 levaretur;
1731 2218 1878 2290 quod
1912 2220 1959 2275 si

365 2302 581 2360 diutius
621 2304 680 2359 in
725 2318 894 2361 carne
941 2306 1278 2363 manendum
1310 2316 1480 2374 esset,
1516 2311 1865 2376 concederet,
1904 2322 1963 2367 ut

367 2391 654 2450 fructuosa
699 2409 922 2466 gregem
975 2406 1246 2467 pasceret,
1283 2398 1562 2471 simulque
1609 2417 1795 2458 secum
1842 2404 1960 2474 ipsa

364 2496 641 2555 pasceret,
672 2485 902 2550 duceret
936 2498 987 2543 et
1005 2489 1284 2557 educeret,
1316 2492 1570 2549 neinillo
1592 2508 1818 2565 operum
1854 2510 1963 2550 om-

369 2576 525 2632 nium
556 2588 821 2634 accurato
836 2580 1110 2647 examine,
1129 2592 1351 2653 propter
1366 2584 1641 2655 subditos,
1664 2585 1965 2643 damnatio-

369 2666 462 2723 nis
492 2668 767 2724 sententia
816 2672 1083 2727 adversus
1104 2687 1164 2728 se
1185 2671 1449 2730 ferretur.
1470 2672 1618 2730 Nihil
1646 2692 1829 2743 suum,
1864 2678 1959 2735 sed

370 2758 640 2829 linguam,
675 2761 1007 2828 orationem,
1038 2770 1092 2820 et
1142 2778 1393 2836 regnum,
1428 2772 1482 2821 et
1515 2766 1561 2822 si
1604 2768 1750 2838 quod
1789 2769 1961 2838 aliud,

368 2848 427 2904 id
483 2863 649 2906 omne
703 2852 880 2909 beata:
929 2852 1171 2925 Virginis
1239 2870 1389 2912 cura:
1461 2865 1517 2913 et
1568 2859 1961 2918 benevolentia:

366 2955 577 2997 munus
606 2939 863 2999 ducebat;
896 2943 960 3000 Et
986 2954 1049 3000 ut
1078 2955 1398 3003 servaretur
1426 2948 1643 3007 insidiis
1677 2954 1960 3023 rapacium

365 3032 615 3089 ferarum
644 3036 920 3105 superior,
950 3037 1370 3111 nutrireturque
1398 3040 1453 3096 in
1477 3040 1714 3099 vivitlcis
1737 3045 1961 3115 pascuis

364 3124 612 3194 pietatis,
644 3135 700 3183 et
737 3141 863 3183 cum
909 3144 1051 3200 opus
1102 3138 1253 3187 esset
1289 3132 1419 3188 hinc
1446 3133 1739 3205 emigrare,
1770 3136 1824 3191 in
1864 3150 1957 3192 sa-
1984 3167 2030 3230 C

366 3217 647 3274 lutaribus
685 3219 846 3276 atriis
880 3220 1122 3291 quietem
1166 3225 1605 3293 nancisceretur,
1650 3226 1745 3283 ubi
1794 3228 1958 3283 timor

365 3308 577 3375 nullus,
613 3312 779 3367 nulla;
827 3312 1023 3379 turbae,
1068 3322 1166 3370 aut
1218 3317 1536 3375 sollicitudo
1590 3319 1955 3386 insidiarum,

366 3400 466 3457 sed
513 3402 676 3472 plena
728 3405 974 3475 requies,
1004 3414 1060 3463 et
1108 3410 1506 3480 tranquillitas,
1537 3418 1593 3468 et
1638 3415 1954 3481 exsultatio,

362 3493 620 3551 eamdem
674 3496 889 3552 beatam
944 3498 1219 3571 Virginem
1274 3502 1644 3561 intentissime
1694 3505 1957 3576 depreca-

366 3583 551 3640 batur.
602 3586 783 3657 Ipsam
836 3589 1004 3645 etiam
1053 3590 1271 3647 beatam
1315 3591 1595 3665 Virginem
1631 3595 1954 3665 adiutricem

365 3692 525 3732 suam
575 3680 888 3748 appellans,
924 3696 986 3738 se
1026 3698 1246 3755 semper
1276 3700 1307 3740 a
1340 3702 1512 3756 puero
1551 3688 1619 3744 ab
1662 3704 1728 3745 ea
1774 3701 1957 3759 prote-

364 3778 519 3824 ctum
553 3770 928 3840 gloriabatur;
968 3790 1133 3845 quam
1176 3777 1406 3848 insuper
1448 3780 1610 3836 enixe
1646 3781 1862 3848 orabat,
1897 3792 1957 3839 ut

361 3875 427 3916 se
477 3876 697 3932 semper
741 3873 1072 3936 protegeret,
1109 3882 1210 3924 nec
1261 3883 1363 3924 sua
1415 3868 1739 3927 defensione
1783 3872 1955 3929 desti-

366 3960 551 4009 tueret
582 3970 598 4008 :
631 3953 727 4009 sed
762 3954 866 4011 alis
917 3956 1202 4027 obtegens,
1243 3960 1444 4029 quibus
1482 3961 1551 4017 ab
1593 3962 1752 4020 initio
1795 3963 1954 4031 fovit,

364 4043 496 4097 vita:
544 4056 772 4099 cursum
818 4044 889 4099 ad
940 4047 1207 4117 optimum
1262 4048 1523 4121 dirigeret
1548 4051 1734 4119 linem,
1791 4052 1955 4108 simul

365 4134 770 4194 administrans
841 4137 1171 4210 imperium,
1238 4142 1385 4212 quod
1451 4142 1954 4201 administrandum

364 4226 490 4297 ipsa
535 4237 822 4298 sequestra
877 4229 1124 4297 dederat,
1166 4246 1395 4288 servans
1443 4234 1493 4289 ei
1549 4235 1805 4291 eximiam
1858 4236 1954 4292 lilii

366 4318 455 4375 sui
495 4317 894 4387 haereditatem,
928 4330 983 4379 et
1017 4324 1311 4394 perliciens
1346 4326 1516 4395 (quod
1559 4327 1818 4384 omnibus
1863 4329 1956 4386 ille

369 4408 719 4482 praeferebat)
769 4411 959 4483 populi
1005 4415 1091 4470 sui
1138 4415 1322 4483 electi,
1359 4417 1542 4488 gentis
1571 4428 1780 4475 sanctas
1803 4421 1955 4476 salu-

2062 1956 2279 2013 cunque
2324 1943 2579 2000 videlicet
2628 1945 2835 2003 Christi
2881 1948 3067 2005 ﬁdeles
3112 1950 3343 2017 scripta,
3401 1950 3654 2005 hortato-

2061 2035 2144 2090 ria
2178 2035 2267 2105 {ad
2314 2036 2453 2093 bene
2502 2046 2801 2110 sancteque
2844 2041 3158 2107 vivendum,
3198 2058 3360 2112 quam
3403 2056 3433 2096 a
3475 2041 3649 2098 Fede-

2062 2124 2181 2181 rico
2242 2127 2407 2183 Metio
2469 2126 2766 2185 Latinitate
2831 2130 3089 2184 donatam
3154 2129 3314 2185 affert
3378 2130 3650 2186 Baronius

2065 2213 2185 2269 loco
2235 2227 2400 2283 supra
2447 2214 2703 2285 allegato.
2746 2215 2879 2282 Quae
2923 2218 3087 2273 etiam
3131 2218 3412 2273 orationes
3457 2232 3650 2275 omnes

2063 2302 2419 2372 reperiuntur
2467 2301 2657 2360 Graece
2713 2320 2847 2361 mss.
2888 2306 2943 2361 in
2998 2304 3187 2361 Sicilia
3223 2305 3279 2361 in
3314 2305 3650 2362 bibliotheca

2063 2394 2599 2454 Archlmandritatus
2634 2397 2692 2453 S.
2735 2396 3060 2465 Salvatoris,
3099 2406 3159 2453 ut
3212 2406 3361 2468 patet
3391 2414 3459 2453 ex
3494 2405 3653 2452 cata-

2065 2485 2189 2557 logo
2211 2488 2371 2544 dictas
2395 2488 2744 2544 bibliotheca:
2761 2488 3025 2545 Messanae
3040 2488 3298 2545 confecto
3316 2503 3463 2544 anno
3484 2487 3644 2543 I565.

2136 2578 2243 2636 Sed
2276 2588 2332 2636 et
2361 2580 2413 2635 in
2440 2579 2776 2636 bibliotheca
2825 2579 3087 2636 Bavarica
3114 2590 3332 2637 exstant
3371 2582 3474 2638 sub
3498 2581 3650 2650 ejus-

2065 2669 2188 2726 dem
2220 2669 2423 2727 Leonis
2458 2674 2704 2737 nomine,
2736 2670 2927 2727 Graece
2947 2687 3110 2737 mss.,
3143 2682 3204 2728 ut
3236 2672 3290 2727 in
3331 2689 3433 2728 suo
3467 2673 3649 2743 Appa-

2067 2769 2190 2815 ratu
2221 2778 2395 2829 sacro,
2426 2770 2576 2818 tomo
2611 2763 2674 2829 ll,
2703 2770 2939 2819 testatur
2989 2763 3325 2822 Possevinus
3357 2784 3369 2820 :
3426 2765 3649 2837 Iiymni,

2064 2861 2121 2906 et
2156 2853 2291 2907 Acta
2319 2853 2570 2924 quaedam
2602 2853 2834 2921 Christi,
2864 2862 2919 2910 et
2965 2841 3107 2911 liber
3145 2855 3221 2910 De
3261 2855 3449 2910 bellico
3484 2871 3649 2925 appa-

2065 2954 2211 2999 ratu.

2136 3037 2203 3092 Et
2234 3038 2456 3109 quidem
2492 3038 2628 3093 Acta
2666 3037 2874 3096 Christi
2922 3039 3177 3111 prodiere
3215 3038 3272 3093 in
3311 3036 3513 3106 lucem,
3544 3036 3649 3095 La-

2065 3126 2180 3183 tine
2207 3127 2349 3184 facta
2379 3144 2409 3182 a
2437 3127 2643 3183 Iacobo
2669 3126 2929 3185 Gretsero
2966 3128 3173 3184 Societ.
3203 3126 3333 3182 Jesu
3364 3128 3647 3199 tueologn,

2061 3232 2128 3273 ex
2163 3217 2380 3274 ollieina
2408 3218 2604 3274 Adami
2638 3217 2897 3285 Sartorii,
2928 3235 3075 3274 anno
3112 3218 3268 3278 l600.
3305 3219 3645 3288 lngolstadii.

2061 3308 2225 3366 Liber
2249 3317 2430 3364 autem
2458 3309 2534 3365 De
2563 3319 2828 3380 apparatu
2853 3310 3062 3377 bellico,
3090 3309 3354 3381 quoniam
3382 3325 3412 3365 a
3436 3309 3650 3369 Joanne

2060 3400 2244 3457 Cbeco
2294 3417 2491 3459 versus
2546 3402 2621 3457 ita
2678 3402 2881 3472 fuerat,
2921 3413 2979 3458 ut
3030 3419 3153 3474 qua:
3204 3405 3270 3460 ad
3326 3406 3648 3477 religionem

2062 3494 2409 3565 spectabant,
2462 3496 2547 3551 vel
2594 3497 2813 3567 dempta
2845 3537 2860 3563 ,
2913 3497 2998 3553 vel
3048 3501 3348 3568 depravata
3403 3507 3646 3554 essent:

2060 3584 2334 3641 Antonius
2383 3584 2716 3642 Possevinus
2764 3587 3004 3656 primutn
3061 3587 3285 3657 quidem
3332 3589 3385 3642 in
3436 3605 3451 3642 ι
3505 3588 3650 3645 libro

2062 3676 2277 3732 selectae
2339 3691 2454 3731 sum
2516 3675 2861 3732 Bibliotheca:
2925 3692 2988 3732 ex
3054 3677 3246 3732 Graeco
3308 3680 3647 3749 exemplari,

2061 3775 2245 3823 astum
2304 3774 2360 3822 et
2402 3766 2560 3824 dolos
2603 3768 2922 3837 interpretis
2971 3768 3214 3824 haeretici
3263 3772 3503 3826 ostendit
3563 3780 3650 3825 at-

2061 3871 2169 3927 que
2209 3856 2519 3913 emendavit
2552 3875 2567 3911 :
2609 3855 2808 3913 deinde
2860 3857 2990 3913 item
3033 3859 3087 3912 in
3132 3860 3408 3929 Apparatu
3441 3876 3543 3916 suo
3576 3861 3646 3914 ad

2061 3947 2369 4002 Humanam
2422 3947 2743 4013 Historiam,
2791 3963 3027 4004 excusso
3081 3949 3326 4006 Venetiis
3374 3953 3644 4018 auctiore,

2061 4054 2129 4095 ne
2172 4039 2296 4108 quis
2358 4040 2494 4092 tanti
2534 4039 2882 4109 imperatoris
2935 4040 3159 4096 nomine
3199 4057 3323 4096 cum
3379 4043 3648 4100 militibus

2068 4140 2289 4197 quoque
2338 4124 2616 4186 abutatur.
2650 4125 2809 4195 quasi
2846 4140 2948 4181 nec
2993 4141 3211 4183 sacrum
3254 4129 3436 4185 missae
3474 4134 3647 4187 sacri-

2060 4219 2267 4285 ﬁcium,
2309 4232 2409 4273 nec
2464 4218 2712 4288 reliquus
2764 4218 3106 4275 orthodoxus
3158 4221 3343 4278 cultus
3390 4239 3458 4278 eo
3508 4232 3647 4279 tem-
3690 4280 3695 4285 ,

2058 4324 2192 4380 pore
2244 4308 2632 4366 exstitissent:
2670 4325 2906 4380 quorum
2962 4310 3052 4366 ille
3108 4327 3218 4366 non
3263 4320 3373 4367 tam
3418 4315 3647 4369 mentio-

2060 4416 2183 4469 nem
2238 4399 2399 4468 lacit,
2451 4417 2614 4472 quam
2668 4401 2924 4457 hortatur
2975 4409 3035 4457 ut
3090 4402 3144 4457 in
3202 4403 3645 4474 expeditionibus

368 4510 505 4556 tem.
539 4499 648 4555 Sed
696 4510 895 4572 praeter
949 4503 1244 4562 Orationes
1298 4506 1352 4561 in
1405 4520 1773 4565 sacrosanctae
1827 4510 1951 4567 Dei-
1984 4519 2028 4575 D
2061 4493 2331 4550 rationem
2363 4494 2711 4565 Ροίίεείῐηυιη
2744 4494 3001 4550 habeam-

362 4605 517 4662 paraa
580 4590 796 4646 laudem
858 4593 1503 4665 commendationemque
1560 4597 1948 4663 elucubratas,

363 4678 527 4748 plura
553 4677 718 4733 etiam
747 4677 855 4734 alia
886 4680 1330 4751 praestantissimi
1360 4681 1564 4753 ingenii
1594 4692 1950 4739 monumenta

362 4785 496 4826 cum
529 4769 703 4840 gloria
735 4771 1048 4827 transmisit
1091 4772 1160 4827 ad
1214 4779 1467 4842 posteros
1509 4775 1952 4845 sapientissimus

364 4864 691 4934 imperator.
731 4861 967 4920 Exstant
1004 4865 1151 4920 enim
1193 4865 1300 4921 sub
1345 4865 1466 4935 ejus
1511 4867 1736 4922 nomine
1786 4867 1840 4923 in
1873 4869 1954 4924 bi-

362 4955 658 5011 bliothecae
698 4953 975 5012 Vaticana:
1028 4955 1319 5012 codicibus
1370 4955 1557 5012 Griece
1598 4973 1730 5013 mss.
1766 4969 1826 5014 ut
1867 4976 1954 5015 re~

363 5047 469 5102 lert
500 5047 791 5114 Baronins,
826 5057 973 5105 tomo
999 5048 1046 5103 Χ
1079 5049 1146 5105 ad
1182 5064 1388 5105 annum
1419 5050 1625 5108 Christi
1658 5050 1807 5117 9ll_:

432 5138 671 5194 Centum
701 5148 757 5195 et
782 5140 1044 5195 tredecim
1074 5141 1314 5197 Novella:
1340 5142 1758 5199 Constitutianes
1783 5145 1953 5200 diver-

358 5247 547 5285 sorum
601 5242 1062 5302 argumentorum.
1096 5263 1165 5275 --
1222 5233 1501 5304 Praecepta
1558 5236 1810 5298 moralia,
1844 5254 1952 5291 una

361 5341 485 5378 cum
550 5324 1010 5389 interpretatione.
1075 5354 1146 5364 —
1208 5324 1288 5380 De
1351 5327 1679 5381 instruendis
1740 5328 1951 5383 aciebus

361 5418 817 5474 Commentarius.
863 5446 933 5461 -—
970 5417 1310 5490 Enigmata.
1353 5449 1423 5460 —
1462 5417 1532 5473 In
1578 5419 1952 5474 admirabilem

357 5518 405 5560 et
439 5506 738 5577 gloriosam
778 5507 1154 5564 Ascensionem
1208 5510 1426 5564 Domini
1479 5511 1659 5565 oratio
1715 5526 1843 5565 una.
1884 5542 1954 5552 —-—

363 5595 430 5649 In
483 5594 746 5665 Spiritum
797 5608 1084 5664 sanctum,
1148 5601 1289 5670 quod
1350 5602 1569 5670 propria
1634 5602 1953 5657 auctoritate

359 5688 703 5757 adoptionem
760 5690 999 5757 ﬁliorum
1052 5691 1149 5746 Dei
1203 5692 1503 5746 hominibus
1559 5693 1784 5762 largitus
1838 5704 1949 5759 est,

358 5782 543 5837 oratio
557 5779 832 5837 una.-—-ln
852 5800 1032 5839 omnes
1047 5794 1259 5840 sanctos
1280 5786 1607 5842 oratiouna.
1631 5816 1697 5825 —-
1726 5784 1787 5839 In
1807 5803 1953 5857 mag.

2128 4586 2306 4659 Hujus
2338 4587 2501 4642 etiam
2533 4603 2598 4641 ex
2636 4586 2994 4642 meditatione
3022 4588 3250 4644 extremi
3277 4588 3468 4659 judicii
3495 4588 3639 4644 Can-

2057 4674 2218 4727 ticum
2252 4674 2693 4743 compunctionis,
2729 4676 2875 4744 quod
2907 4690 2973 4730 ex
3015 4675 3346 4733 bibliotheca
3379 4678 3638 4733 Bavarica

2056 4763 2254 4821 Latine
2297 4781 2327 4821 e
2358 4764 2549 4820 Graeco
2589 4765 2826 4822 reddidit
2873 4764 3116 4823 Iacobus
3168 4768 3471 4839 Pontanus,
3508 4786 3639 4841 pro-

2055 4857 2157 4913 diit
2206 4857 2527 4930 Ingolstadii
2583 4857 2727 4929 apud
2791 4856 3060 4914 Adamum
3123 4859 3431 4915 Sartorium
3493 4878 3643 4916 anno

2056 4949 2215 5005 1605.
2252 4950 2307 5004 In
2344 4949 2673 5006 Bibliotheca
2698 4960 2877 5008 autem
2913 4960 3142 5007 veterum
3186 4950 3328 5021 PP.,
3358 4964 3506 5010 torno
3545 4955 3660 5020 Ill,

2055 5048 2234 5097 exstat
2273 5042 2516 5112 Epistola
2568 5043 2635 5097 ad
2687 5057 2868 5114 regem
2919 5041 3319 5099 Saracenorum
3372 5047 3440 5101 de
3476 5046 3639 5103 Chri-

2056 5132 2249 5186 stianat
2299 5130 2419 5185 ﬁdei
2473 5132 2703 5186 veritate
2750 5139 2803 5185 et
2851 5128 3256 5186 Saracenorum
3317 5132 3641 5202 impietate,

2057 5225 2161 5280 hac
2208 5224 2565 5295 inscriptione
2598 5241 2612 5277 :
2646 5221 2838 5277 Leonis
2863 5264 2875 5286 ,
2932 5232 3275 5292 Cognomento
3313 5223 3640 5291 philosophi,

2056 5315 2391 5385 imperatoris
2436 5312 3040 5382 Constantinopolitani,
3060 5312 3129 5364 ad
3173 5310 3431 5366 Omarum
3467 5311 3638 5366 Sara-

2056 5425 2305 5465 cenorum
2341 5422 2533 5479 regem.
2567 5408 2631 5460 de
2652 5406 2776 5476 ﬁdei
2803 5404 3126 5459 Christiaan
3157 5405 3376 5459 veritate
3410 5421 3472 5458 ac
3522 5423 3638 5476 my—

2055 5503 2251 5568 steriis,
2279 5510 2327 5556 et
2359 5500 2423 5555 de
2452 5500 2615 5554 variis
2644 5500 3038 5554 Saracenorum
3081 5496 3366 5552 hccresibus
3400 5507 3451 5551 et
3494 5498 3638 5553 blas-

2056 5597 2308 5667 phemiis,
2356 5593 2748 5664 Symphoriano
2820 5591 3100 5661 Camperio
3156 5590 3519 5661 Lugdunensi,
3573 5607 3639 5645 ex

2057 5688 2350 5744 Chaldaica
2380 5688 2435 5740 in
2477 5686 2714 5755 linguam
2771 5684 3017 5737 Latinam
3052 5686 3348 5753 interprete.
3387 5684 3491 5739 Sed
3528 5700 3637 5738 non

2058 5783 2273 5848 dubito,
2304 5782 2436 5852 quin
2476 5780 2577 5835 alia
2612 5781 2765 5850 plura
2800 5779 2852 5834 in
2898 5780 3021 5837 aliis
3056 5780 3402 5837 bibliothecis
3429 5778 3635 5833 lateant
