4104 6434
467 353 555 393 nx
1785 328 2371 393 PROLEGOMENA.
3604 350 3611 359 ‘
3662 349 3734 392 xx

466 450 859 524 sapientissimi
897 448 1245 521 imperatoris
1288 447 1618 518 scriptorum
1666 453 2039 509 monumenta,
2072 453 2117 509 Α
2146 442 2594 510 memoravimus,
2627 459 2755 501 eum
2801 445 2962 501 laude
3003 446 3328 512 meminere,
3366 448 3736 508 Bellarminus

464 560 589 614 quae
639 542 936 613 aliquando
977 543 1085 596 Deo
1116 542 1333 597 volente
1362 539 1715 611 proferentur
1750 537 1807 591 in
1840 536 2042 591 lucem.

534 637 670 692 Cum
697 648 877 692 autem
910 635 1262 691 doctissimus
1295 633 1383 687 hic
1415 633 1831 701 imperatorum,
1859 629 2051 684 morbo

464 737 753 799 correptus
797 729 1104 798 perieulum
1154 727 1465 791 minitante,
1504 722 1895 779 administrato
1933 723 2049 794 jam

466 838 565 892 per
608 822 799 893 viginti
851 837 946 878 sex
983 835 1159 876 annos
1200 819 1569 874 Romanorum
1613 816 1867 887 imperio,
1901 831 2049 871 mor-

465 920 573 967 tem
608 913 894 967 imminere
928 910 1033 968 sibi
1070 917 1319 964 cerneret
1361 926 1373 961 :
1414 907 1679 963 advocato
1720 915 1938 969 senatu,
1970 907 2051 962 sic

465 1006 585 1060 inlit
612 1023 624 1058 :
651 1003 792 1059 Caro
844 1002 998 1075 mea,|
1032 1003 1213 1066 amici,
1246 1003 1429 1057 morbo
1466 1008 1777 1069 consumpta
1801 999 2049 1071 diﬂluxit,

462 1098 698 1167 viresque
728 1097 1052 1166 defecerunt,
1090 1112 1152 1149 ac
1188 1096 1441 1165 fortassis
1497 1094 1765 1149 vobiscum
1819 1094 2050 1162 amplius

462 1206 566 1244 non
606 1190 795 1253 vivam,
829 1205 989 1260 neque
1022 1190 1092 1243 ad
1127 1189 1322 1258 festum
1371 1186 1795 1242 Resurrectionis
1849 1184 2052 1241 Christi

460 1281 600 1335 diem
633 1283 775 1351 (erat
824 1290 957 1336 tunc
994 1279 1193 1350 jejunii
1225 1278 1671 1349 Quadragesimae
1703 1278 1939 1346 tempus)
1976 1276 2051 1331 vi-

464 1381 571 1426 tam
605 1372 912 1440 perducam.
946 1372 1096 1425 lianc
1130 1371 1308 1438 itaque
1350 1386 1535 1434 unam,
1566 1378 1615 1422 et
1650 1378 1976 1435 postremam
2018 1381 2053 1419 a

462 1468 606 1523 vobis
630 1467 861 1537 gratiam
890 1466 1103 1536 postulo
1134 1464 1261 1517 mihi
1290 1462 1433 1517 dari.
1466 1460 1861 1523 Recordamini,
1890 1475 2047 1527 quam

461 1577 543 1615 me
578 1559 721 1614 vobis
753 1558 1033 1630 benignum
1062 1558 1378 1626 prazbuerim
1411 1570 1428 1609 :
1459 1564 1617 1624 alque
1663 1554 1780 1607 ideo
1828 1568 2049 1607 uxorem

462 1651 736 1719 ﬁliumque
795 1650 939 1705 vobis
999 1647 1425 1703 commendatum
1488 1645 1748 1699 habetote.
1812 1642 2049 1699 Senatus

460 1760 585 1797 cum
627 1742 754 1799 lletu
798 1750 962 1813 atque
992 1742 1199 1811 ejulatu
1235 1738 1501 1801 ostendit,
1533 1752 1592 1792 se
1618 1737 1834 1807 jactura
1879 1736 2045 1806 hujus

2156 537 2212 589 in
2245 536 2339 591 lib.
2377 534 2451 591 De
2500 536 2685 605 script.
2719 538 2906 593 eccles.
2953 538 3155 594 saculo
3190 554 3280 605 lx;
3333 538 3527 597 Petrus
3570 543 3739 597 Cani-

2155 631 2297 692 sius,
2339 628 2435 683 lib.
2469 644 2501 677 ν
2535 628 2615 683 De
2649 628 2903 698 Deipara,
2949 645 3073 700 cap.
3110 645 3183 695 νς
3232 628 3473 686 Joannes
3510 630 3738 685 Bonifa-

2153 721 2298 785 cius,
2335 723 2388 776 in
2419 722 2667 776 Historia
2710 722 2983 793 virginali,
3018 723 3115 779 lib.
3150 739 3212 789 ll,
3248 739 3370 795 cap.
3411 723 3512 790 12;
3554 723 3741 780 Ferdi-

2152 815 2369 869 nandus
2404 815 2667 880 Quirinus
2715 815 2785 871 de
2838 816 3082 883 Salazar,
3138 816 3196 871 in
3249 816 3433 871 Tract.
3478 817 3544 871 de
3598 818 3740 873 Con-

2152 907 2412 975 ceptione,
2456 922 2581 978 cap.
2630 907 2722 970 42,
2770 909 2975 963 saeculo
3027 924 3097 975 x;
3153 907 3466 964 Ludovicus
3505 908 3676 965 Jacob
3710 926 3739 963 a

2157 997 2614 1065 Sancto-Carolo,
2647 1001 2701 1055 in
2731 1000 3056 1055 Bibliotheca
3082 1000 3359 1070 pontiﬁcio
3380 1002 3474 1056 lib.
3499 1018 3562 1067 ll,
3594 1010 3649 1057 et
3684 1003 3738 1057 in

2154 1090 2498 1146 Bibliotheca
2519 1090 2971 1162 Caesareo-Regia
2998 1091 3242 1146 nondum
3273 1091 3455 1155 edita;
3486 1091 3547 1146 L.
3580 1092 3742 1146 Clau-

2153 1183 2278 1241 dius
2313 1185 2589 1251 Clemens,
2628 1185 2683 1239 in
2736 1181 3101 1240 Instructione
3147 1183 3342 1238 Masuri
3392 1185 3485 1239 lib.
3532 1200 3571 1248 ι,
3613 1198 3737 1254 cap.

2153 1276 2256 1343 25;
2294 1275 2537 1333 Joannes
2598 1279 2872 1335 Serranus
2927 1279 3222 1349 episcopus
3271 1278 3623 1342 Acernensis,
3668 1278 3741 1333 De

2153 1367 2509 1439 Conceptione
2532 1370 2702 1425 beatte
2734 1371 2989 1441 Virginis,
3014 1371 3113 1425 lib.
3140 1386 3203 1434 ιι,
3228 1384 3353 1440 cap.
3379 1370 3471 1432 23,
3494 1386 3645 1425 num.
3671 1371 3738 1435 9;

2152 1460 2452 1531 Gregorius
2485 1462 2785 1533 Gyraldns,
2823 1463 2899 1517 De
2929 1465 3094 1532 pactis
3122 1464 3413 1525 historicis,
3447 1462 3647 1533 dialog.
3674 1478 3738 1526 v;

2151 1550 2485 1609 Laurentius
2528 1553 2876 1625 Beyerlingh,
2917 1554 2974 1609 in
3027 1554 3259 1610 Tlteatro
3308 1555 3428 1609 vita;
3470 1554 3738 1617 humanm,

2154 1646 2323 1700 variis
2373 1647 2426 1699 in
2481 1647 2639 1710 locis,
2679 1648 2883 1717 aliique
2932 1649 3210 1719 permulti.
3253 1647 3513 1702 Nonnulli
3557 1656 3739 1702 tamen

2153 1754 2278 1793 cum
2308 1738 2488 1795 Leone
2512 1741 2605 1795 illo
2633 1741 2914 1811 Byzantio,
2937 1744 3111 1812 stirpe
3134 1740 3739 1797 Morocharzaniorum.

460 1836 670 1890 domini
727 1843 892 1904 atque
945 1831 1292 1902 imperatoris
1344 1828 1724 1883 incredibilem
1766 1827 2047 1897 percipere
2078 1817 2119 1872 Β
2149 1840 2518 1901 cognomento
2556 1834 2757 1903 pariter
2773 1832 3133 1903 PhilosOpho,
3158 1831 3524 1896 confundunt,
3550 1830 3745 1901 qui,ut

460 1927 740 1991 dolorem;
787 1927 1048 1995 Augustae
1099 1931 1282 1977 autem
1340 1930 1394 1976 et
1446 1920 1556 1976 lilio
1607 1919 1922 1988 imperatori
1972 1919 2048 1974 ita

460 2032 519 2072 se
560 2015 744 2071 ﬁdeles
775 2014 913 2080 fore,
940 2022 1000 2068 ut
1030 2013 1112 2069 vel
1146 2012 1346 2068 millies
1386 2026 1483 2081 pro
1518 2026 1586 2066 eo
1620 2011 1753 2075 sint,
1782 2009 1854 2063 ita
1885 2009 2049 2067 rebus

462 2107 839 2177 poscentibus,
882 2115 1113 2160 mortem
1166 2103 1486 2175 appetituri.
1525 2102 1897 2158 Alexatulrum
1942 2101 2052 2156 fra-

460 2209 623 2267 trem,
652 2207 706 2254 et
736 2199 1161 2255 Constantinum
1206 2200 1378 2253 lilium
1424 2199 1789 2267 imperatores
1818 2198 2051 2263 ereavit,

459 2293 566 2348 hoc
593 2292 714 2347 solo
744 2291 798 2347 in
830 2291 1098 2346 extremis
1139 2290 1603 2357 respirationibus
1645 2289 2003 2358 pronuntiato
2033 2306 2047 2344 :

460 2383 829 2441 Alexandrum
885 2384 1047 2437 etiam
1106 2382 1283 2451 (proh
1352 2398 1574 2450 parcum
1662 2382 2053 2452 malignumque

464 2485 662 2541 tempus
689 2475 733 2544 Ι)
762 2482 878 2542 post
914 2473 1160 2528 tredecim
1193 2490 1394 2528 menses
1426 2472 1596 2530 video.
1647 2473 1877 2530 Volebat
1904 2474 2050 2528 enim

462 2562 777 2633 signiﬁcare
831 2578 1058 2633 regnum
1105 2561 1397 2618 Alexandri
1448 2563 1728 2618 tantillum
1778 2564 2041 2632 temporis

462 2654 829 2719 duraturum;
880 2670 1002 2722 quae
1052 2669 1185 2709 sane
1235 2652 1438 2709 Leonis
1479 2668 1583 2708 vox
1647 2652 1874 2709 minime
1913 2669 2050 2708 vana

463 2745 601 2809 fuit;
644 2760 769 2798 nam
810 2745 1119 2801 Alexander
1158 2745 1531 2815 voluptatibus
1588 2753 1641 2799 ct
1682 2746 2051 2816 compotatio‘

464 2836 625 2897 nibus
657 2837 966 2909 indulgens,
1005 2853 1104 2892 nec
1147 2838 1257 2892 ulla
1301 2853 1359 2892 re
1407 2845 1563 2892 tanto
1597 2838 1833 2907 imperio
1862 2838 2050 2908 digna,

461 2931 549 2985 vel
591 2947 776 3002 opere,
810 2933 896 2986 vel
932 2931 1113 2987 verbis
1150 2930 1414 3001 perlecta,
1456 2931 1540 2985 vel
1581 2931 1766 2985 animo
1814 2929 2053 3001 denique

462 3032 762 3092 concepta,
823 3032 921 3078 ceu
982 3023 1083 3079 llos
1136 3022 1273 3078 solis
1324 3022 1645 3077 elﬁcaeitate
1679 3035 2051 3089 marcescens,

462 3115 773 3170 exstinctus
819 3123 926 3179 est,
959 3124 1014 3169 et
1059 3129 1089 3168 a
1144 3114 1353 3169 morbis
1398 3113 1653 3169 celeriter
1702 3113 2051 3183 absumptus.

460 3207 651 3279 Itaque
679 3208 832 3262 solus
864 3208 1154 3277 imperium
1184 3206 1585 3263 Constantinus
1625 3204 1882 3271 obtinuit,
1920 3216 2052 3263 mta-

465 3301 535 3357 tis
564 3301 740 3357 adhuc
772 3308 974 3356 tenerae
1013 3315 1171 3370 puer.

532 3388 720 3447 Rebus
744 3390 987 3447 excessit
1013 3390 1273 3445 humanis
1297 3404 1447 3447 anno
1479 3390 1781 3447 salutifera:
1815 3391 2055 3446 Redem-

463 3484 667 3552 ptionis
696 3482 823 3547 9H,
861 3482 1077 3551 imperii
1104 3481 1198 3546 26,
1244 3481 1354 3539 diei
1400 3483 1459 3538 ll
1503 3481 1677 3544 Junii,
1748 3500 1845 3540 seu
1875 3494 1933 3539 ut
1957 3485 2054 3539 alii

460 3576 646 3629 volunt
719 3574 872 3640 Maii,
926 3590 957 3628 a
1007 3574 1375 3630 Constantino
1432 3576 1545 3630 lilio
1602 3576 1931 3645 imperatore
1998 3577 2053 3631 in

463 3664 705 3721 llistoria
738 3664 808 3719 de
845 3664 955 3719 vita
982 3674 1038 3719 et
1072 3665 1237 3720 rebus
1271 3665 1444 3736 gestis
1479 3667 1566 3720 avi
1598 3667 1685 3720 sui
1722 3666 1909 3722 Basilii
1943 3668 2056 3722 Ma.

465 3757 693 3812 cedonis
748 3772 844 3826 per
894 3755 1133 3812 Leonem
1179 3757 1443 3813 Allatium
1486 3757 1787 3813 Latinitate
1827 3759 2053 3825 donata,

464 3854 647 3907 dictus
703 3851 816 3907 Leo
851 3851 1180 3908 mitissimus
1222 3858 1277 3906 et
1328 3852 1812 3920 sapientissimus;
1850 3870 1877 3906 a
1910 3853 2059 3909 Con-

465 3945 711 3998 stantino
753 3940 1009 3996 Manasse
1048 3942 1104 3994 in
1155 3941 1454 3995 Annalibus
1506 3941 1812 4012 appellatus
1863 3960 2055 3999 revera

466 4035 735 4090 doctrinae
765 4035 1251 4101 studiosissimus,
1310 4035 1461 4089 omni
1532 4037 1764 4092 scientia
1830 4037 2057 4107 cepiose

469 4128 802 4190 instructus,
827 4134 882 4180 et
905 4125 1164 4180 omnibus
1188 4125 1498 4195 disciplinis
1518 4140 1548 4178 a
1573 4142 1746 4196 puero
1768 4127 2054 4194 excultus;

468 4227 637 4288 atque
666 4233 698 4272 a
728 4216 942 4273 Joanne
975 4217 1189 4273 Zonara
1230 4225 1377 4271 toruo
1418 4217 1483 4271 lll
1523 4219 1814 4273 Annalium
1864 4220 2060 4289 ιπειεάἰ-

469 4320 629 4365 catus
692 4310 1068 4365 doctrinarum
1125 4310 1309 4365 ouinis
1355 4312 1577 4380 generis
1622 4320 1857 4377 amator,
1894 4321 1947 4368 et
2002 4314 2057 4367 in

471 4404 723 4458 doctrina
770 4402 838 4457 de
878 4402 1118 4456 motibus
1190 4402 1436 4458 siderum
1476 4417 1784 4474 eorumque
1844 4404 2053 4460 ell'ecti-

2150 1924 2399 1980 referunt
2425 1925 2708 1983 Cedrenus
2734 1936 2790 1982 et
2824 1927 3045 1999 Glycas,
3097 1929 3203 1985 sub
3236 1926 3543 1999 Theophilo
3567 1927 3745 1997 impe-

2151 2023 2338 2071 ratore
2370 2016 2579 2081 ﬂoruit,
2616 2028 2672 2073 ct
2708 2019 3066 2085 rhetoricam,
3103 2019 3532 2091 philosOpbiam,
3569 2017 3748 2073 arith-

2154 2108 2447 2172 meticam,
2505 2110 2859 2181 reliquasque
2907 2110 3175 2167 scientias
3224 2111 3278 2165 in
3335 2110 3512 2165 Antro
3563 2108 3746 2165 insula

2153 2199 2369 2268 didicit,
2396 2200 2471 2256 ibi
2502 2210 2759 2257 versatus
2789 2218 2914 2257 cum
2945 2202 3208 2259 Michaele
3237 2202 3418 2258 Pselle
3447 2206 3749 2272 praestante

2156 2293 2277 2348 viro
2310 2312 2323 2359 ;
2358 2294 2428 2348 ab
2459 2310 2635 2364 eoque
2684 2296 2977 2366 principiis
3022 2304 3240 2351 tantum
3264 2336 3279 2362 ,
3329 2305 3382 2351 et
3417 2296 3746 2366 quibusdam

2154 2389 2451 2457 praeceptis
2484 2389 2703 2444 dicendi
2733 2391 3037 2446 instructus
3071 2408 3084 2446 :
3120 2405 3297 2459 neque
3329 2382 3538 2443 tantum
3572 2405 3751 2461 quan-

2155 2486 2269 2532 tum
2316 2480 2665 2535 desiderabat
2717 2483 2973 2552 adeptus,
3025 2482 3487 2537 monasteriorum
3532 2498 3635 2553 per
3666 2492 3751 2536 to-

2154 2577 2266 2626 tam
2303 2572 2416 2627 lere
2449 2572 2714 2628 Graeciam
2749 2574 3115 2629 bibliothecas
3156 2583 3503 2645 pervagatus,
3544 2573 3753 2630 libros-

2155 2678 2262 2732 que
2313 2664 2364 2717 in
2418 2664 2499 2719 eis
2548 2668 2818 2735 repositos
2856 2666 3203 2735 perquirens,
3246 2671 3412 2734 atque
3463 2673 3748 2730 scrutans,

2154 2756 2511 2822 studioseque
2560 2757 2851 2823 meditans,
2911 2757 2978 2812 ad
3031 2771 3306 2813 summum
3350 2756 3619 2812 doetrinze
3668 2764 3753 2809 at-

2154 2863 2261 2917 que
2319 2849 2654 2905 eruditionis
2715 2850 2993 2921 fastigium
3059 2850 3348 2921 pervenit,
3407 2865 3532 2905 cum
3595 2855 3755 2905 certo

2154 2940 2361 2996 certius
2413 2942 2503 3006 sit,
2542 2939 2781 2997 Leonem
2831 2944 2984 2997 illum
3033 2958 3431 3014 usquequaque
3478 2959 3507 2997 a
3550 2952 3754 2999 nostro

2154 3046 2279 3086 esse
2316 3032 2616 3088 diversum.
2663 3032 2799 3087 Nam
2832 3043 2892 3088 ut
2936 3035 3044 3089 alia
3098 3035 3244 3089 inter
3274 3050 3369 3090 eos
3401 3035 3754 3103 discrimina,

2156 3133 2476 3179 enumerata
2517 3140 2548 3179 a
2581 3123 2765 3180 Leone
2809 3125 3011 3180 Allatio
3057 3125 3111 3180 in
3150 3141 3248 3181 sua
3288 3127 3356 3182 de
3397 3126 3597 3183 Psellis
3657 3142 3756 3181 eo-

2157 3232 2393 3287 rumque
2452 3219 2677 3288 scriptis
2722 3217 2998 3283 Diatriba,
3053 3220 3274 3275 silentio
3328 3233 3600 3289 premam,
3662 3217 3759 3273 ille

2156 3309 2286 3365 licet
2327 3325 2357 3363 ι
2407 3310 2687 3366 tradenda)
2735 3310 3098 3381 philosOphiae
3146 3326 3400 3376 munere,
3442 3310 3562 3368 sive
3618 3324 3761 3382 prte-

2157 3402 2384 3467 stantia,
2420 3417 2528 3473 qua
2558 3403 2677 3471 ipse
2714 3404 2772 3457 in
2814 3402 3215 3473 philosOphicls
3254 3404 3392 3460 alios
3427 3403 3761 3475 superabat,

2157 3501 2523 3564 cognomento
2589 3494 2984 3564 philosophus,
3048 3509 3330 3565 nunquam
3394 3501 3588 3551 tamen
3658 3491 3768 3548 fuit

2160 3586 2464 3655 imperator
2506 3585 3176 3657 Constantinopolitanus,
3221 3586 3317 3642 sed
3372 3584 3765 3657 archiepisco-

2158 3693 2263 3747 pus
2292 3676 2809 3733 Thessalonicensls
2845 3696 2857 3731 :
2901 3677 3156 3747 quamvis
3191 3685 3400 3748 postea,
3428 3673 3766 3731 Simulacri-

2161 3770 2458 3840 perdorum
2515 3770 2709 3825 haeresi
2754 3768 3063 3841 proﬂigata,
3104 3777 3159 3823 et
3208 3768 3328 3837 ejus
3380 3768 3764 3823 sectatoribus

2160 3860 2414 3928 deiectis,
2459 3859 2529 3913 ah
2567 3860 2889 3930 episcopatu
2945 3858 3110 3913 fuerit
3157 3858 3510 3913 deturbatus.
3558 3856 3767 3910 Noster

2158 3967 2292 4007 vero
2330 3951 2462 4017 Leo,
2499 3967 2815 4023 quanquam
2852 3952 2924 4006 ob
2956 3950 3138 4006 omnis
3178 3950 3545 4006 scientiarum
3587 3960 3763 4019 gone-

2160 4045 2241 4100 ris
2294 4044 2758 4114 perfectissimam
2812 4044 3206 4114 cognitionem,
3262 4053 3316 4097 et
3369 4043 3439 4098 ob
3496 4043 3761 4114 plurima,

2160 4152 2284 4207 qua:
2313 4138 2480 4192 etiam
2519 4144 2740 4193 exstant
2776 4138 2831 4191 in
2866 4137 3177 4207 disciplinis
3211 4136 3472 4192 omnibus
3505 4131 3768 4190 laudabi-

2162 4230 2286 4285 liter
2344 4230 2705 4299 conscripta,
2762 4230 2958 4285 eodem
3004 4227 3323 4298 Philosophi
3381 4228 3769 4299 cognomento

2161 4321 2481 4389 decoratus,
2513 4335 2795 4391 nunquam
2834 4320 2935 4375 fuit
2976 4318 3430 4390 archiepiscopus
3456 4312 3770 4372 Thessalo-

2162 4412 2441 4479 nicensis,
2499 4412 2595 4470 sed
2653 4413 2832 4470 solum
2886 4420 3185 4483 Imperator
3238 4401 3771 4475 Constantinopoli-

472 4495 579 4555 bus
604 4502 879 4551 versatus.
915 4494 989 4551 De
1017 4511 1125 4566 quo
1166 4502 1363 4567 praeter
1405 4503 1686 4564 auctores,
1718 4511 1857 4568 quos
1890 4512 2057 4570 supra
2088 4516 2140 4579 ι)
2165 4511 2350 4561 tanus.
