4104 6442
383 387 497 431 ιιι

418 519 804 537 -οδο

1160 370 1443 434 BASILII
1482 373 1638 433 IMP.
1676 371 2127 433 ΡΑΒᾹΞΝΕΞΙΞ
2155 372 2255 431 ΑΙ)
2289 370 2599 432 LEONEM
2637 371 2935 433 FILIUM-

3581 386 3695 429 XXII

2172 497 3682 534 “WWW

1325 880 1914 977 ΒΑΣΙΛΕΙΟΥ
1987 886 2216 974 ΤΟΥ
2285 882 2786 978 ΡΩΜΑΙΩΝ

1770 1050 2303 1144 ΒΑΣΙΛΕΩΣ

932 1213 1281 1271 ΚΕΦΑΛΔΙΑ
1313 1215 1941 1289 ΠΑΡΑΙΝΙΞΤΙΚΑῙΞζῖ¹
1966 1222 2145 1276 ΠΡΟΣ
2172 1221 2308 1275 TON
2352 1221 2629 1276 ΕΑΥΤΟΥ
2669 1220 2833 1275 ΥΙΟΝ
2868 1220 3169 1287 ΛΕΟΝΤΔ,

1741 1356 1932 1430 ἔχοντα
1983 1358 2333 1431 ἅκροστιχίδα
2352 1375 2367 1390 ·

647 1486 970 1555 Βασίλειος
1005 1487 1077 1543 ἐν
1112 1488 1344 1558 Χριστῷ
1364 1489 1675 1558 ,βασιλεὺς
1708 1488 2029 1561 Ῥωμαίων,
2049 1492 2261 1548 Λέοντι
2292 1490 2374 1558 τῷ
2402 1491 2799 1562 πεποθημένῳ
2840 1494 2948 1561 υἱῷ
2971 1494 3068 1550 καὶ
3119 1488 3506 1564 συμϐασιλεῒ.

1368 1818 1815 1913 BASILII
1928 1820 2757 1918 IMPERATORIS

1677 2012 2451 2109 ROMANORUM

784 2212 1456 2280 EXHORTATIONUM
1516 2215 1789 2280 CAPITA
1822 2214 2257 2277 SEXAGINTA
2305 2214 2451 2277 SEX
2514 2216 2614 2281 AD
2665 2215 2973 2277 LEONEM
3008 2217 3336 2280 FILIUM;

1513 2346 1758 2415 Quorum
1785 2348 2110 2405 acrosticliis
2151 2347 2233 2405 sic
2269 2363 2330 2404 se
2360 2346 2526 2403 habet
2570 2366 2584 2404 :

508 2484 786 2553 Basilius
842 2495 912 2556 in
959 2492 1209 2558 Christo
1271 2495 1697 2556 Romanorum
1782 2488 2127 2567 imperator
2200 2486 2389 2549 Leoni
2449 2485 2637 2547 chara
2694 2483 2849 2563 ﬁlio,
2917 2492 2975 2545 et
3036 2485 3286 2564 imperii
3348 2482 3611 2561 οοίὶεθαι.

1354 2617 1707 2689 (Βλαουιιιυε,
1745 2613 1885 2683 Imp.
1925 2612 2135 2668 Orient.
2184 2619 2318 2667 tom.
2349 2609 2390 2678 I,
2423 2624 2549 2681 pag.
2578 2606 2725 2677 ΠΙ.)
2756 2584 2759 2587 δ

938 2918 1077 2985 Περὶ
1117 2918 1503 2983 παιδεύσεως.

497 3029 773 3103 Βιωφελές
803 3049 856 3084 τι
900 3032 1091 3101 χρῆμα
1138 3031 1233 3085 καὶ
1283 3031 1725 3093 σπουδαιότατον,
1757 3030 1817 3084 οὐ
1850 3030 2012 3101 μόνον

428 3123 760 3194 βασιλεῦσιν,
791 3122 931 3176 ἀλλὰ
956 3122 1049 3175 καὶ
1082 3121 1341 3189 ἰδιώταις,
1363 3123 1398 3192 ἡ
1432 3122 1732 3186 παίδευσις.
1766 3124 1874 3176 Καὶ
1904 3124 2013 3193 γὰρ

424 3218 540 3281 τοῖς
573 3215 935 3287 κεκτημένοις
981 3214 1150 3287 αὐτὴν
1208 3215 1474 3268 καὶκατὰ
1523 3215 1702 3285 σῶμα,
1735 3215 1827 3269 καὶ
1873 3217 2012 3268 κατὰ

424 3309 607 3378 ψυχὴν
640 3308 709 3362 τὰ
733 3307 966 3379 μέγιστα
989 3307 1216 3377 ὠφελεῖ·
1266 3307 1366 3379 τὴν
1400 3307 1499 3377 μὲν
1530 3307 1618 3360 διὰ
1649 3307 1749 3377 τῆς
1781 3307 2012 3377 μελέτης

424 3400 536 3457 τῶν
569 3400 730 3455 θείων
758 3400 933 3468 λόγων
958 3417 970 3430 ·
1010 3400 1070 3457 τὸ
1122 3399 1178 3453 δὲ
1208 3398 1295 3453 διὰ
1323 3398 1423 3464 τῆς
1453 3398 1759 3469 γυμνασίας
1788 3398 1893 3453 τῶν
1922 3416 2012 3451 κο-

427 3492 603 3563 σμίων
634 3492 832 3562 ἔργων.
860 3490 1079 3561 Ταύτην
1113 3485 1206 3545 οὖν
1241 3508 1322 3557 σε,
1358 3491 1552 3545 τέκνον
1581 3490 1959 3561 ἠγαπημένον,
1985 3491 2013 3546 ὁ

426 3582 612 3653 πατὴρ
646 3581 758 3649 ἐγὼ
793 3582 887 3636 καὶ
912 3581 1300 3652 συμϐασιλεὺς,
1325 3581 1764 3653 ἡγεμονεύουσαν
1796 3599 1889 3635 σου
1915 3583 2013 3654 τὴν

426 3672 708 3742 βασιλείαν
754 3671 900 3743 ἔχειν
951 3671 1211 3727 νουθετῶ.
1243 3670 1392 3742 Αὕτη
1428 3670 1536 3743 γὰρ
1588 3672 1683 3726 καὶ
1737 3672 2013 3743 βασιλείαν

420 3764 643 3832 κοσμεῖ,
668 3764 764 3817 καὶ
793 3764 920 3825 τοὺς
946 3762 1329 3832 βασιλεύοντας
1350 3763 1712 3833 ἀειμνήστους
1735 3764 2009 3821 ἀποτελεῖ.

425 3852 644 3925 Ὠσπερ
665 3854 775 3925 γὰρ
810 3854 962 3924 ἡλίου
997 3854 1088 3908 ἐπὶ
1112 3854 1217 3925 γῆς
1248 3854 1323 3925 μὴ
1357 3854 1646 3925 παρόντος,
1676 3856 1925 3909 σκοτεινὰ
1947 3856 2014 3912 τὰ

423 3945 607 4000 πάντα
636 3948 732 4000 καὶ
767 3948 1081 4018 ἀδιάκριτα,
1112 3947 1255 4001 οὕτω
1287 3949 1380 4000 καὶ⁵
1413 3946 1745 4009 παιδεύσεως
1776 3950 1835 4001 ἐν
1864 3948 2011 4019 ψυχῇ

426 4037 505 4109 μὴ
533 4038 818 4110 παρούσης
844 4079 859 4104 ,
894 4040 1221 4111 πεφυρμένα
1253 4039 1320 4091 τὰ
1357 4038 1534 4092 πάντα
1565 4042 1659 4092 καὶ
1685 4038 2010 4109 ἀδιόρθωτα.

420 4128 629 4195 Δράξαι
659 4125 753 4183 οὗν
786 4130 1057 4192 παιδείας,
1090 4130 1189 4199 τῆς
1216 4129 1472 4197 ἐναρέτου
1497 4145 1510 4159 ·
1544 4129 1681 4199 μόνη
1705 4128 1813 4199 γὰρ
1844 4130 2013 4201 ἁρετὴ

427 4216 539 4269 τῶν
574 4219 870 4289 κτημάτων
904 4220 1160 4275 ἁπάντων
1194 4218 1483 4280 ἀθάνατος.

2034 2917 2089 2977 Α

2749 2913 2826 2970 De
2860 2916 3069 2970 litteris.

2185 3028 2334 3083 Bona
2380 3044 2505 3083 cum
2552 3027 2748 3098 primis
2779 3036 2944 3099 atque
2982 3029 3051 3083 ad
3107 3029 3275 3084 vitam
3341 3038 3490 3085 recte
3538 3030 3698 3086 insti-

2116 3120 2377 3177 tuendam
2449 3122 2707 3192 perutilis
2779 3135 2870 3176 res
2902 3128 2990 3177 est
3052 3122 3364 3176 litterarum
3422 3122 3693 3192 cognitio,

2114 3231 2225 3269 non
2250 3216 2427 3271 solum
2455 3215 2700 3285 regibus,
2735 3213 2829 3270 sed
2850 3214 3015 3270 etiam
3055 3213 3295 3284 privatis
3332 3214 3651 3271 hominibus
3679 3256 3692 3270 .

2114 3310 2226 3364 illis
2247 3308 2418 3371 enim,
2451 3308 2547 3378 qui
2575 3308 2682 3363 sibi
2727 3322 2825 3362 eas
2873 3305 3311 3376 acquisirerunt,
3350 3323 3581 3377 magnas
3615 3309 3695 3361 af-

2114 3397 2217 3457 fert
2239 3400 2663 3457 commoditates
2703 3406 2759 3455 et
2803 3400 2869 3455 ad
2894 3415 3098 3470 corpus
3128 3407 3184 3456 et
3214 3400 3281 3454 ad
3316 3401 3562 3456 animum
3594 3417 3695 3456 ex-

2114 3493 2404 3549 colendum
2445 3510 2460 3547 :
2496 3493 2645 3547 hunc
2677 3492 2897 3563 quidem
2922 3492 3110 3548 studio
3140 3507 3424 3547 sacrarum
3458 3492 3695 3548 Littera-

2115 3599 2261 3653 rum,
2319 3584 2455 3640 illud
2512 3600 2644 3640 vero
2695 3585 3089 3640 exercitatione
3118 3584 3391 3639 bonorum
3441 3600 3693 3655 operum.

2115 3673 2486 3745 Quapropter,
2548 3689 2582 3729 ο
2625 3674 2757 3728 mihi
2816 3672 3021 3729 dilecte
3073 3670 3185 3730 Leo
3250 3672 3346 3738 tili,
3379 3689 3479 3743 ego
3518 3676 3696 3746 quiet

2114 3770 2270 3835 pater
2298 3771 2350 3818 et
2377 3762 2532 3833 regni
2561 3779 2682 3818 sum
2739 3762 2949 3829 socius,
2993 3762 3286 3829 admoneo,
3329 3773 3391 3819 ut
3418 3780 3539 3820 cam
3597 3765 3696 3820 tibi

2114 3853 2332 3924 imperii
2377 3853 2574 3909 ducem
2607 3855 2912 3921 adsciscas,
2942 3869 3066 3923 qum
3096 3862 3151 3908 et
3189 3856 3375 3925 regnis
3398 3870 3697 3910 ornamen-

2110 3954 2169 4007 ,ιο
2199 3954 2304 4009 est,
2336 3950 2392 3999 et
2424 3960 2580 4015 reges
2636 3946 3051 4000 immortalitate
3089 3945 3281 4001 donat.
3321 3946 3696 4012 Quemadmo-

2113 4032 2242 4087 dum
2290 4033 2438 4088 enim
2491 4048 2614 4087 cum
2644 4035 2725 4088 sol
2762 4034 2944 4101 abest,
2969 4035 3209 4090 obscura
3232 4044 3362 4091 sunt
3390 4038 3578 4091 omnia
3608 4045 3695 4091 at-

2114 4138 2220 4194 que
2248 4124 2571 4191 indiscreta,
2604 4126 2679 4179 ita
2718 4126 2773 4179 in
2808 4127 2993 4181 animo
3022 4127 3170 4181 nulla
3197 4128 3529 4194 eruditione,
3570 4131 3696 4185 nul-

2116 4217 2299 4289 lisque
2355 4217 2555 4273 litteris
2608 4216 2826 4272 imbuto
2884 4217 3121 4275 confusa
3178 4226 3343 4289 atque
3386 4218 3697 4274 inordinata

423 4308 613 4377 iacent
664 4310 943 4366 universa.
998 4308 1128 4363 Eam
1163 4310 1332 4379 igitur
1389 4322 1620 4378 capesse
1655 4307 2007 4380 disciplinam
2049 4323 2173 4378 qua:
2205 4309 2278 4367 sit
2303 4324 2429 4367 cum
2475 4309 2678 4365 virtute
2709 4309 3046 4379 conjuncta:
3082 4310 3261 4367 virtus
3346 4310 3494 4368 enim
3576 4314 3699 4368 sola

418 4416 491 4457 ex
552 4401 619 4461 iis
673 4416 798 4468 qua:
856 4401 1129 4473 possideri
1173 4408 1407 4472 queunt,
1456 4400 1713 4472 deperire
1761 4416 1869 4455 non
1908 4406 2113 4471 potest.

982 4519 1125 4589 Περὶ
1163 4520 1444 4585 πίστεως.

490 4632 692 4706 Ἀρχὴν
717 4633 815 4687 τοῦ
838 4632 953 4704 βίον
982 4632 1184 4697 παντὸς
1220 4634 1319 4687 καὶ
1356 4632 1607 4704 θεμέλιον
1645 4633 1841 4704 ὀχυρὸν
1870 4633 2006 4702 κτῆ-

420 4743 517 4781 σαι
547 4726 650 4796 τὴν
668 4727 748 4789 εἰς
778 4724 1014 4797 Χριστὸν
1048 4726 1231 4779 πίστιν
1260 4724 1547 4796 εἰλικρινῆ.
1572 4723 1874 4794 Προσκύνει
1900 4726 2008 4777 Πα-

416 4818 555 4888 τέρα
590 4817 684 4870 καὶ
711 4815 842 4869 Υίδν
867 4816 963 4870 καὶ
992 4815 1149 4884 ἅγιον
1183 4814 1427 4885 Πνεῦμα,
1462 4815 1667 4885 Τριάδα
1697 4814 2003 4882 ὁμοούσιον,

415 4909 726 4979 ἀδιαίρετον
773 4908 869 4962 καὶ
912 4908 1240 4979 ἀσύγχυτον,
1276 4907 1369 4961 τὸν
1400 4906 1497 4961 ἕνα
1527 4908 1621 4959 καὶ
1655 4906 1816 4976 μόνον
1839 4907 2002 4960 Θεόψ

415 5004 515 5056 καὶ
541 5001 645 5072 τὴν
668 5000 933 5071 ἐνσαρκον
954 5000 1267 5071 οἰκονομίαν
1287 5001 1381 5053 τοῦ
1404 4999 1540 5053 Θεοῦ
1563 5000 1737 5068 Λόγου
1759 5000 2003 5061 πίστευε,

412 5094 488 5150 δι’
510 5089 580 5165 ἦς
606 5094 636 5146 ὁ
665 5094 869 5163 κόσμος
909 5093 975 5147 ὲκ
1002 5095 1103 5164 τῆς
1129 5092 1375 5157 δουλείας
1403 5092 1503 5163 τῆς
1530 5092 1736 5161 φθορᾶς
1781 5090 2004 5162 ἠλευθὲ-

418 5202 612 5257 ρωται,
642 5181 825 5248 καθὼς
852 5183 885 5237 ὁ
912 5187 1013 5255 τῆς
1044 5183 1254 5255 μητρός
1283 5199 1377 5237 σου
1403 5184 1502 5254 τῆς
1526 5182 1854 5253 Ἑκκλησίας
1882 5183 2004 5254 ὄρος

413 5275 788 5329 ἀναδιδάσκει.
814 5274 963 5346 Δῠτη
1010 5276 1123 5329 τῶν
1166 5275 1383 5346 ἀρετῶν
1423 5274 1615 5328 πασῶν
1644 5276 1677 5346 ἡ
1704 5273 2001 5336 τελείωσις.

414 5359 569 5431 Δῦτη
602 5364 636 5431 ἡ
683 5361 870 5427 πίστις
914 5363 1136 5417 πάντων
1182 5364 1293 5418 τῶν
1323 5363 1546 5432 ἀγαθῶν
1587 5362 1650 5417 τὸ
1688 5364 2001 5434 κεφάλαιον.

414 5453 637 5523 Ταύτην
664 5450 759 5507 οὖν
787 5454 879 5525 ἔχε
906 5457 1383 5528 παρακαταθήκην
1411 5455 1628 5523 ἄσυλον,
1646 5457 1681 5528 ἦ
1708 5472 1789 5510 σοι
1810 5458 2002 5527 γέγονε

415 5546 620 5617 τροφὸς
665 5546 775 5600 ἀπὸ
803 5548 1138 5619 σπαργάνων
1168 5549 1371 5606 αὐτῶν.
1389 5549 1532 5619 Ἑγὼ
1567 5565 1649 5602 σοι
1677 5549 1879 5621 ταύτης
1908 5551 2002 5603 ὑπο

413 5638 562 5709 ἦρξα
588 5637 931 5705 διδάσκαλος,
966 5641 1045 5711 μή
1074 5656 1142 5711 με
1175 5641 1542 5715 καταισχύνῃς
1585 5640 1800 5711 πατέρα
1850 5639 2002 5710 φιλό-

416 5745 681 5801 στοργον*
714 5732 993 5802 ὀφείλουσι
1025 5733 1136 5803 γὰρ
1160 5733 1210 5786 οι
1240 5734 1338 5803 μὲν
1368 5734 1652 5804 ζωγράφοι
1681 5733 1807 5797 τοὺς
1831 5749 2003 5803 χαρα·

413 5822 628 5896 κτῆρας
654 5825 1018 5897 ἀναστηλοῦν,
1045 5828 1092 5882 οἱ
1119 5826 1174 5881 δὲ
1216 5826 1324 5881 τῶν
1369 5825 1635 5895 βασιλέων
1669 5826 1877 5893 παῖδες,
1911 5825 2003 5896 ἔμ-

2786 4520 2865 4575 De
2890 4520 3015 4588 fide.

2181 4632 2527 4703 Amplectere
2581 4637 2855 4692 sinceram
2890 4637 2942 4691 in
2998 4637 3279 4694 Christum
3329 4640 3515 4705 (idem,
3570 4656 3703 4709 quae

2111 4725 2233 4780 vita:
2271 4726 2443 4782 totius
2501 4726 2718 4782 initium
2763 4738 2816 4783 et
2850 4729 3264 4785 fundamentum
3299 4732 3701 4788 inconcussum

2107 4824 2212 4873 est.
2263 4817 2443 4872 Adora
2499 4818 2714 4874 Patrem
2768 4827 2823 4876 et
2880 4819 3103 4885 Filium.
3166 4831 3219 4877 et
3261 4820 3531 4893 Spiritum
3566 4839 3695 4879 sam

2107 4916 2254 4962 ctum
2327 4924 2342 4965 :
2424 4908 2752 4965 Trinitatem
2849 4912 3410 4979 consubstantialem,
3491 4912 3695 4968 indivi-

2108 5011 2247 5065 sam,
2285 5010 2450 5071 atque
2485 5001 2856 5068 inconfusam,
2898 5018 3067 5059 unum
3099 5003 3362 5059 videlicet
3390 5019 3455 5059 ac
3505 5006 3693 5061 solum

2108 5087 2328 5145 Deum:
2370 5107 2436 5148 ac
2489 5090 2651 5148 Verbi
2684 5094 2776 5150 Dei
2819 5095 3061 5149 ltumaua
3115 5096 3171 5151 iu
3240 5111 3410 5152 carne
3455 5110 3689 5151 oecono-

2105 5182 2297 5247 miam,
2352 5182 2407 5238 id
2453 5192 2559 5249 est,
2612 5185 3055 5241 incarnationem
3103 5185 3320 5251 credas,
3370 5202 3467 5255 per
3517 5202 3681 5256 quam

2106 5270 2357 5328 homines
2395 5288 2425 5327 a
2451 5275 2655 5343 peccati
2678 5276 2942 5331 servitute
2981 5276 3245 5331 vindicati
3299 5284 3456 5339 sunt,
3489 5293 3683 5347 quent-

2106 5363 2399 5418 admodum
2456 5362 2716 5420 Ecclesiae
2770 5366 2960 5421 matris
3018 5367 3178 5421 docet
3210 5369 3511 5423 institutio.
3564 5368 3688 5425 llzec

2110 5463 2195 5512 est
2228 5455 2362 5511 [ldos
2395 5455 2664 5512 bonorum
2696 5459 2937 5513 omnium
2988 5473 3224 5526 summa,
3257 5459 3372 5514 haec
3425 5461 3694 5517 virtutum

2110 5549 2355 5603 omnium
2393 5549 2679 5619 perfectio.
2710 5551 2858 5607 lianc
2892 5567 3059 5622 penes
3122 5560 3175 5608 te
3227 5560 3490 5626 tanquam
3521 5556 3690 5627 (ἱερου

2111 5641 2275 5696 situm
2313 5641 2625 5699 inviolabile
2651 5645 2915 5709 retineas,
2953 5661 3060 5716 qua
3091 5657 3144 5702 et
3175 5648 3245 5702 ab
3288 5646 3423 5718 ipsis
3457 5649 3689 5704 incuria-

2104 5730 2248 5785 bulis
2302 5730 2567 5789 educatus
2620 5750 2702 5798 cs,
2757 5736 2917 5806 cujus
2965 5753 3068 5808 ego
3107 5738 3225 5807 ipse
3273 5738 3368 5794 tibi
3418 5741 3680 5811 magister

2104 5823 2286 5880 exstiti
2324 5842 2336 5876 :
2378 5840 2443 5881 ne
2478 5842 2583 5893 mc,
2620 5845 2830 5899 quaeso,
2877 5832 3316 5887 amantissimum
3350 5831 3425 5885 tui
3477 5841 3684 5902 patrem
