4104 6436
401 357 530 401 XXIII

1723 355 2012 418 PROLEG
2023 360 2229 425 OMEN
2240 365 2300 422 Α.

3530 395 3660 434 ΧΧΝ

397 460 668 516 dedecore
708 456 913 513 aﬁicias
967 473 979 510 :
1020 459 1184 515 sicuti
1229 463 1374 517 enim
1417 463 1654 534 pictores
1673 483 1968 536 corporum

2093 491 2225 527 τνοοι
2259 477 2464 543 είκόνες
2490 480 2585 550 τῆς
2619 482 2726 535 τῶν
2755 484 3008 556 πατέρων
3066 487 3483 546 ἀναδείκνυσοαι
3531 497 3665 566 ἀρε-

403 552 764 616 lineamenta,
806 549 878 603 ita
934 564 1120 621 regum
1165 551 1256 606 ﬁlii
1308 555 1466 623 quasi
1529 556 1662 611 vivae
1711 558 1977 630 imagines

401 656 615 717 patrum
651 645 880 699 virtutes
907 644 1112 700 referre
1143 646 1364 701 debent.

699 736 776 792 De
804 740 1005 791 honore
1031 738 1394 793 sacerdotibus
1425 740 1692 796 habendo.

474 829 672 885 Sanam
720 831 858 885 habe
881 840 1117 887 mentem
1161 832 1216 886 in
1262 833 1352 900 iis,
1388 850 1510 906 quae
1544 838 1612 892 ad
1663 849 1823 896 recta:
1854 841 1977 899 ﬁdei

403 919 719 975 doctrinam
759 921 1056 990 pertinent,
1091 931 1143 978 et
1179 939 1398 981 summo
1439 927 1648 984 honore
1683 946 1980 1002 proseque-

405 1028 465 1069 re
517 1021 749 1067 matrem
812 1021 962 1068 tuam
1011 1014 1340 1082 Eeclcsiam,
1395 1035 1516 1090 quae
1557 1029 1610 1076 te
1668 1022 1723 1076 in
1773 1023 1979 1094 Spiritu

403 1118 594 1164 saneto
620 1107 865 1173 lactavil,
897 1115 952 1163 et
981 1118 1073 1165 tuo
1128 1112 1292 1181 capiti
1339 1112 1407 1167 ad
1442 1113 1537 1171 Dei
1571 1131 1666 1186 per
1693 1115 1975 1175 Christum

399 1197 614 1252 laudem
665 1197 878 1269 imperii
908 1215 1168 1256 coronam
1194 1219 1406 1259 nzecum
1441 1207 1724 1276 imposuit.
1759 1209 1814 1264 Si
1833 1212 1977 1265 enim

400 1299 541 1352 quos
585 1295 780 1342 natura
816 1290 911 1344 tibi
971 1291 1122 1345 dedit
1182 1302 1436 1362 parentes
1481 1296 1652 1354 debes
1712 1301 1975 1366 revereri,

400 1376 576 1431 multo
605 1380 779 1448 magis
807 1395 902 1436 eos
966 1382 1059 1451 qui
1093 1389 1147 1437 te
1177 1385 1231 1437 in
1289 1385 1482 1455 spiritu
1531 1386 1620 1442 Dei
1647 1403 1977 1460 genuerunt,

401 1468 551 1522 omni
575 1471 802 1539 pietatis
835 1471 1010 1528 ollicio
1037 1475 1218 1531 colere
1247 1477 1416 1534 debes
1449 1497 1463 1532 :
1509 1480 1585 1536 illi
1635 1481 1780 1536 enim
1813 1481 1978 1538 dura-

401 1563 584 1613 turam
621 1561 690 1615 ad
747 1572 968 1634 tempus
990 1566 1157 1620 vitam
1219 1567 1404 1626 liberis
1441 1586 1537 1641 per
1564 1575 1977 1643 generationem

401 1647 832 1721 impertiuntur;
869 1656 958 1712 isti
1009 1674 1140 1714 vero
1178 1673 1437 1715 aeternam
1481 1678 1578 1732 per
1603 1667 1980 1734 regeneratio~

401 1754 526 1795 nem
561 1741 887 1815 largiuntur.
929 1747 1149 1806 Honora
1184 1767 1315 1822 ergo
1349 1751 1673 1821 Ecelcsiam,
1708 1764 1768 1812 ut
1799 1767 1853 1812 tu
1895 1758 1977 1813 vi-

2084 569 2200 636 τῆς.

2569 751 2708 820 Περὶ
2752 752 2926 822 τιμῆς
2964 755 3185 824 ἱερέων.

2157 834 2301 888 Σῶον
2331 835 2420 907 ἔχε
2451 838 2511 892 τὸ
2547 840 2801 912 φρόνημα
2833 843 2969 912 πρὸς
3004 845 3070 899 τά
3097 846 3354 916 ὀρθόδοξα
3397 849 3664 920 δόγματα,

2083 927 2179 980 καὶ
2209 927 2345 997 τίμα
2374 931 2650 999 περισσῶς
2679 932 2776 1004 τὴν
2818 935 3031 1005 μητέρα
3058 952 3152 989 σου
3183 937 3280 1008 τὴν
3316 939 3664 1008 Ἐκκλησίαν,

2083 1019 2208 1088 ἥτις
2239 1021 2296 1073 ἐν
2331 1021 2471 1092 ἁγίῳ
2503 1022 2782 1093 Πνεύματί
2813 1042 2871 1078 σε
2897 1026 3276 1097 ἐτιθηνήσατο,
3300 1031 3395 1085 καὶ
3427 1034 3522 1086 σὺν
3543 1035 3668 1104 ἐμοὶ

2080 1110 2170 1164 διὰ
2205 1112 2444 1182 Χριστοῦ
2477 1116 2536 1167 ὲν
2571 1113 2691 1185 Θεῷ
2735 1119 2802 1186 τῇ
2851 1117 3058 1188 κεφαλῇ
3097 1137 3192 1174 σου
3239 1123 3302 1176 τὸ
3345 1126 3539 1192 στέφος
3567 1127 3666 1180 ἐπ-

2083 1201 2301 1271 έθηκεν.
2333 1203 2394 1255 Εί
2439 1203 2547 1275 γάρ
2592 1206 2721 1269 τοὺς
2773 1209 3069 1277 σαρκικοὺς
3099 1213 3278 1277 γονεῖς
3319 1212 3552 1281 ὀφείλεις
3582 1215 3668 1267 αί-

2080 1291 2287 1346 δεῖσθαι
2339 1295 2430 1347 καὶ
2473 1298 2661 1366 τιμᾷν,
2691 1297 2873 1368 πολλῷ
2920 1299 3082 1353 πλέον
3120 1301 3246 1365 τοὺς
3292 1305 3349 1356 ὲν
3397 1305 3671 1374 πνεύματι

2080 1383 2216 1436 Θεοῦ
2267 1401 2327 1438 σε
2373 1389 2774 1458 γεγεννηκότας
2819 1390 3150 1463 ὑπερτιμᾷν.
3171 1394 3399 1450 Ἐκεῖνοι
3431 1394 3530 1464 μὲν
3562 1397 3672 1464 γάρ

2083 1475 2420 1545 πρόσκαιρον
2455 1476 2552 1548 τὴν
2578 1479 2725 1550 ζωὴν
2761 1483 2876 1544 τοῖς
2905 1481 3115 1545 τέκνοις
3146 1483 3494 1554 χαρίζονται·
3523 1479 3670 1541 οὗτοι

2079 1564 2137 1618 δὲ
2166 1566 2266 1636 τὴν
2295 1567 2513 1621 αἰώνιον
2565 1568 2710 1641 ζωὴν
2734 1569 2825 1624 διά
2869 1571 2966 1642 τῆς
3010 1573 3424 1643 ἀναγεννήσεως
3471 1575 3670 1645 προξε-

2081 1657 2251 1712 νοῦσι.
2272 1659 2514 1730 Τίμησον
2537 1656 2629 1714 οὖν
2657 1662 2758 1731 τὴν
2773 1663 3122 1735 Ἐκκλησίαν,
3149 1664 3236 1718 ἵνα
3258 1667 3496 1736 τιμηθῇς
3519 1667 3675 1738 παρά

2081 1750 2174 1803 τοῦ
2204 1751 2361 1815 Θεοῦ,
2395 1753 2490 1806 καὶ
2518 1754 2644 1816 τοὺς
2675 1755 2841 1825 ἱερεῖς
2883 1756 3034 1810 αἰδοῦ
3061 1797 3075 1821 ,
3113 1755 3200 1811 οἷα
3233 1759 3474 1829 πατέρας
3505 1775 3674 1811 πνευ-

408 1833 600 1891 cissim
659 1853 691 1892 a
727 1838 836 1895 Deo
883 1841 936 1897 in
991 1843 1198 1898 honore
1230 1845 1503 1910 habeare;
1543 1853 1597 1900 et
1657 1849 1978 1904 sacerdotes

2093 1843 2353 1912 ματικοὺς
2374 1881 2389 1907 ,
2417 1845 2510 1896 καὶ
2544 1844 2772 1914 μεσίτας
2802 1848 2959 1917 ἡμῶν
2993 1847 3131 1920 πρὸς
3171 1850 3262 1903 τὸν
3295 1825 3448 1902 Θεόν.
3467 1848 3531 1901 Ἦ
3561 1848 3674 1918 γὰρ

399 1928 522 1998 ejus
550 1945 800 1989 reverere
823 1943 1079 2006 tanquam
1109 1937 1426 2006 Spirituales
1460 1949 1665 2009 patres,
1695 1949 1750 1996 et
1776 1940 1974 2012 depre-

399 2027 619 2076 catores
675 2039 775 2093 pro
834 2025 998 2082 nobis
1051 2028 1196 2096 apud
1253 2024 1444 2081 Deum.
1497 2029 1682 2083 llonor
1712 2033 1857 2084 enim
1882 2030 1976 2099 qui

399 2112 782 2172 sacerdotibus
819 2118 1054 2173 habetur
1103 2119 1171 2173 ad
1217 2118 1386 2176 Deum
1449 2120 1731 2176 refertur:
1763 2128 1818 2177 et
1859 2121 1973 2177 sic-

2083 1934 2192 1987 τῶν
2221 1935 2412 2006 ἱερέων
2436 1935 2571 2008 τιμὴ
2599 1938 2678 2000 είς
2701 1937 2832 1991 Θεὸν
2861 1939 3442 2011 ἀναφέρεται.⁹Ὠσπερ
3460 1940 3567 2010 γὰρ
3587 1940 3678 1994 διὰ

2083 2022 2141 2076 σὲ
2161 2024 2286 2084 τοὺς
2308 2025 2435 2088 σοὺς
2466 2025 2746 2096 ὑπηρέτας
2760 2027 3021 2097 τιμᾶσθαι
3053 2029 3280 2092 δίκαιον,
3306 2029 3447 2082 οὕτω
3467 2028 3561 2082 καὶ
3586 2027 3677 2082 διὰ

2078 2115 2211 2169 Θεὸν
2239 2116 2365 2182 τοὺς
2398 2115 2564 2170 αὑτοῦ
2604 2118 2772 2187 ίερεῖς
2801 2121 2987 2189 τιμᾷν,
3022 2119 3171 2174 ὅσιόν
3195 2122 3246 2172 τί
3281 2123 3418 2174 ἐστι.
3442 2122 3548 2174 Καὶ
3574 2119 3678 2172 ὥσ-

399 2213 458 2255 ιιι
506 2214 831 2276 prnpterte
885 2209 1170 2266 ministres
1222 2219 1348 2267 tuos
1398 2211 1452 2266 in
1507 2211 1721 2268 honore
1771 2213 1976 2269 habere

2093 2211 2230 2280 τερή
2253 2210 2331 2275 είς
2348 2210 2543 2274 αὐτοὺς
2556 2210 2690 2282 τιμὴ
2705 2212 2798 2264 ἐπὶ
2830 2211 2922 2264 τὸν
2950 2211 3082 2265 Θεὸν
3098 2210 3396 2277 ἀναϐαίνει,
3417 2210 3560 2263 οὕτω
3582 2221 3677 2273 καὶ

394 2297 606 2367 justum
663 2307 771 2368 est,
822 2300 894 2354 ita
943 2308 996 2355 et
1029 2309 1249 2370 propter
1296 2300 1466 2356 Deum
1510 2303 1823 2359 sacerdotes
1849 2303 1971 2373 ejus

2093 2305 2106 2372 ι
2137 2303 2216 2365 είς
2239 2301 2437 2365 αὐτοὺς
2469 2302 2662 2372 ἀτιμία
2678 2302 2857 2371 πολλῷ
2877 2303 3039 2356 πλέον
3063 2303 3154 2357 τὸν
3179 2303 3311 2362 Θεὸν
3329 2300 3676 2372 παροργίζει.

399 2389 580 2445 colere
609 2397 777 2460 atque
835 2392 1130 2448 observare
1184 2393 1277 2463 jus
1341 2391 1534 2464 fasque
1578 2400 1682 2450 est.
1741 2392 2218 2459 Quemadmodum
2280 2403 2464 2448 autem
2533 2395 2714 2448 honor
2779 2396 2872 2464 qui
2929 2395 3012 2449 eis
3061 2395 3301 2448 habetur
3354 2394 3423 2448 ad
3484 2395 3658 2448 Deum

397 2481 654 2552 pertinet,
717 2483 791 2537 ita
844 2499 1031 2539 eorum
1099 2486 1432 2541 contumelia
1497 2493 1552 2540 et
1612 2496 1960 2554 contemptus
2012 2488 2173 2559 longe
2225 2489 2390 2542 etiam
2451 2487 2672 2558 gravius
2713 2487 2834 2558 ejus
2864 2488 2998 2542 iram
3036 2496 3318 2557 provocat.

661 2575 739 2631 De
769 2593 1017 2644 supremo
1041 2578 1253 2648 judicio
1292 2589 1341 2633 et
1375 2580 1739 2636 retributione.

472 2666 802 2722 Persuasum
880 2668 1020 2724 habe
1081 2669 1426 2740 corruptioni
1487 2669 1786 2725 obnoxium
1847 2687 1976 2728 esse

401 2759 688 2824 mundum,
725 2760 929 2830 quippe
965 2759 1057 2830 qui
1085 2768 1269 2815 ortqu
1311 2758 1542 2823 habuit;
1570 2760 1664 2815 sed
1700 2770 1823 2831 post
1854 2777 1978 2816 eor-

401 2853 712 2920 ruptionem
768 2867 969 2908 rursus
1032 2852 1101 2906 ad
1172 2852 1553 2921 incorruptam
1603 2852 1974 2924 integritatem

400 2957 522 2997 esse
551 2956 939 3008 reversurum;
994 2943 1133 2998 nihil
1204 2947 1350 2999 enim
1419 2960 1610 3000 eorum
1641 2961 1762 3015 quae
1803 2960 1833 2999 a
1865 2944 1977 3002 Deo

398 3043 582 3088 creata
633 3045 760 3090 sunt
806 3035 862 3088 in
914 3035 1146 3091 nihilum
1199 3051 1440 3106 unquam
1515 3038 1707 3104 abibit,
1765 3037 1984 3092 etiamsi

404 3127 614 3195 peccati
647 3129 834 3198 lapsus
857 3135 912 3183 et
942 3144 1042 3183 nos
1072 3136 1126 3184 et
1148 3145 1362 3184 omnem
1404 3129 1568 3185 simul
1596 3138 1838 3186 creatam
1871 3147 1971 3187 na-

404 3226 585 3272 turam
629 3217 851 3272 mortali
889 3218 1244 3274 dissolutioni
1299 3219 1657 3288 adjudicavit.
1690 3219 1765 3273 Ea
1799 3227 1983 3276 autem

2322 2581 2463 2650 Περί
2503 2584 2756 2650 κρίσεως
2795 2582 2893 2637 καὶ
2932 2581 3418 2648 ἁνταποδόσεως.

2155 2669 2293 2724 Ἴσθι
2323 2670 2602 2724 πιστεύειν
2635 2672 2726 2726 τὸν
2754 2673 2958 2740 κόσμον
3003 2666 3142 2724 εἶναι
3187 2670 3447 2742 φθαρτὸν,
3479 2669 3678 2739 ἐπειδὴ

2081 2765 2177 2819 καὶ
2207 2765 2397 2832 γέγονε
2419 2781 2432 2795 ·
2475 2764 2614 2834 μετὰ
2642 2765 2700 2818 δὲ
2724 2765 2822 2834 τὴν
2853 2763 3083 2834 φθορὰν,
3114 2766 3194 2827 εἰς
3224 2765 3538 2834 ἀφθαρσίαν
3572 2763 3681 2818 πά·

2081 2857 2164 2910 λιν
2195 2858 2681 2927 μεταποιούμενον.
2716 2856 2882 2910 Οὐδὲν
2910 2856 3019 2927 γὰρ
3066 2855 3175 2909 τῶν
3225 2855 3377 2927 παρά
3405 2854 3544 2908 Θεοῦ
3576 2872 3680 2924 γε·

2090 2950 2329 3018 γονότων
2361 2952 2442 3013 είς
2474 2950 2536 3002 τὸ
2571 2948 2645 3020 μὴ
2675 2949 2736 3001 ὃν
2766 2948 3027 3019 χωρήσει,
3059 2948 3163 3001 κᾶν
3189 2949 3249 3000 τὸ
3279 2949 3379 3018 τῆς
3402 2948 3685 3018 ἁμαρτίας

2092 3047 2446 3116 παράπτωμα
2499 3044 2616 3115 ἅμα
2645 3046 2776 3115 ἡμῖν
2807 3044 2902 3097 καὶ
2933 3044 3114 3097 πᾶσαν
3142 3041 3241 3114 τὴν
3267 3042 3445 3094 κτίσιν
3475 3043 3540 3112 τῇ
3569 3040 3688 3095 δια·-

2091 3137 2242 3191 λύσει
2276 3133 3084 3205 συγκατεδίκασεν.Ἀφθαρτον
3116 3134 3172 3188 δὲ
3204 3133 3305 3204 τὴν
3349 3131 3531 3186 κτίσιν
3579 3131 3691 3185 πά·

2092 3227 2195 3293 λιν,
2229 3227 2396 3298 ἤγουν
2447 3226 2538 3279 τὸν
2590 3225 2814 3295 κόσμον,
2845 3223 3302 3294 ἀπεκδεχόμενος,
3330 3221 3424 3275 καὶ
3470 3221 3690 3289 νεκρῶν

404 3309 619 3365 ratione
677 3311 1154 3381 incorruptibilem
1200 3326 1325 3367 esse
1379 3313 1642 3368 mundum
1690 3313 1986 3369 admittens

2093 3320 2390 3375 ἀνάστασιν
2418 3317 2692 3387 ὁμολόγει,
2720 3316 2814 3369 καὶ
2856 3314 3038 3386 κρίσιν
3084 3313 3300 3368 δικαίαν
3327 3312 3436 3366 τῶν
3464 3313 3692 3382 ἑκάστῳ

404 3402 669 3458 conﬁtere
691 3403 858 3458 etiam
889 3412 1140 3458 mortuos
1165 3403 1235 3458 ab
1260 3402 1454 3459 inieris
1483 3404 1810 3461 excitandos
1837 3420 1985 3470 esse,

403 3504 459 3549 et
489 3495 692 3566 justam
721 3495 1393 3566 exspectajudicationem
1429 3497 1672 3552 omnium
1691 3513 1814 3567 quae
1839 3497 1988 3567 quis-

407 3603 513 3657 que
575 3591 628 3642 in
680 3589 793 3642 vita
833 3603 935 3643 sua
986 3588 1219 3658 gesserit
1253 3605 1267 3642 :
1298 3589 1434 3642 nihil
1471 3589 1615 3644 enim
1644 3590 1769 3651 mali
1809 3589 1988 3659 impu-

408 3679 587 3733 nitum
623 3677 869 3733 divinam
911 3679 1184 3748 justitiam
1229 3679 1476 3750 eﬂ'ugiet,
1512 3680 1652 3734 nihil
1701 3680 1832 3735 boni
1879 3696 1988 3736 non

409 3785 514 3827 suo
540 3769 766 3839 praemio
796 3779 1123 3825 coronatum
1175 3770 1384 3824 latebit.
1422 3770 1515 3825 Sic
1565 3770 1714 3825 enim
1749 3779 1992 3826 statuere

410 3860 552 3932 apud
581 3870 635 3915 te
662 3861 852 3925 debes,
875 3877 1052 3931 neque
1075 3861 1365 3916 interitura
1395 3877 1520 3917 esse
1545 3877 1787 3932 unquam
1816 3862 1993 3918 bono-

411 3969 531 4006 rum
565 3952 781 4018 merita,
809 3968 986 4022 neque
1005 3953 1274 4008 malorum
1329 3953 1594 4023 supplicia
1638 3954 1798 4018 ﬁnem
1833 3952 1993 4008 habi~

413 4054 558 4107 tura,
584 4043 842 4114 quoniam
885 4051 1120 4113 utraque
1140 4050 1405 4114 perpetuo
1451 4044 1717 4098 duratura
1747 4051 1899 4113 sunt,
1939 4051 1994 4099 et

412 4137 664 4193 neutrius
701 4136 827 4191 ﬁnis
856 4137 1004 4190 ullus
1039 4135 1260 4190 futurus
1283 4145 1388 4189 est.

972 4227 1047 4282 De
1067 4227 1420 4298 eleemosyna.

485 4320 740 4376 Limitem
787 4319 950 4374 etiam
994 4319 1187 4373 mortis
1213 4333 1358 4388 saepe
1395 4326 1577 4374 movet
1618 4318 1993 4390 eleemosyna,

417 4413 580 4470 sicuti
601 4413 762 4483 vulgo
789 4413 1000 4476 fertur;
1042 4411 1153 4465 vita
1186 4411 1331 4465 enim
1366 4418 1548 4480 potest
1589 4411 1696 4466 emi
1736 4411 1994 4481 pecunia,

416 4522 542 4562 cum
597 4513 820 4577 pr0pter
858 4505 1025 4558 vitam
1071 4503 1416 4573 salutemque
1470 4513 1715 4559 nostram
1765 4504 1908 4559 Deus
1939 4519 1998 4560 se

418 4597 744 4653 muneribus
779 4597 920 4652 llccti
952 4596 1212 4667 patiatur.
1243 4595 1471 4651 Divitias
1501 4612 1630 4667 ergo
1664 4597 1900 4652 caducas
1941 4597 1994 4650 in

419 4700 565 4745 terra
627 4688 988 4760 profundens,
1045 4689 1384 4745 immortales
1441 4690 1538 4744 tibi
1597 4705 1891 4746 coacervas
1941 4690 1997 4743 in

419 4782 564 4836 coelo
589 4821 604 4845 ,
647 4789 704 4834 ut
742 4779 906 4835 etiam
965 4795 1087 4851 quae
1127 4779 1290 4835 isthic
1321 4788 1454 4836 sunt
1485 4780 1629 4836 bona
1657 4780 1996 4850 assequaris.

423 4871 718 4928 Enimvero
785 4887 978 4942 reapse
1056 4873 1421 4928 inexhaustus
1481 4884 1566 4930 cst
1624 4874 2001 4931 beneﬁcentia:

421 4965 752 5029 thesaurus;
779 4963 908 5018 dum
934 4962 1081 5018 enim
1103 4964 1440 5036 dispergitur
1465 4966 1763 5038 colligitur,
1794 4967 1999 5022 etdum

421 5057 659 5111 donatur
689 5056 954 5125 recipitur
982 5072 999 5112 :
1031 5071 1210 5125 neque
1240 5058 1416 5111 solum
1441 5073 1534 5113 cos
1569 5058 1663 5128 qui
1696 5059 1848 5113 illum
1875 5073 2002 5128 pos-

423 5149 603 5206 sident
624 5147 823 5202 divites
855 5148 942 5202 hic
973 5147 1160 5214 ellieit,
1197 5149 1291 5204 sed
1322 5148 1433 5204 illic
1454 5151 1618 5206 etiam
1660 5150 1870 5207 beatos.

820 5326 894 5382 De
923 5326 1202 5396 diligentia
1231 5336 1279 5382 et
1315 5328 1611 5398 vigilantia.

499 5421 555 5474 In
583 5428 762 5474 mente
788 5433 1004 5488 semper
1025 5419 1220 5473 habeto
1244 5429 1531 5490 parentum
1555 5431 1771 5475 tuorum
1801 5435 2001 5486 mores,

431 5521 485 5569 et
518 5511 588 5568 ad
637 5525 825 5564 eorum
853 5511 1162 5580 exemplum
1200 5513 1366 5566 vitam
1400 5519 1546 5566 tuam
1582 5513 1826 5568 studiose
1855 5528 2006 5567 com-

437 5605 663 5678 ponito;
691 5617 867 5670 neque
900 5599 1045 5654 enim
1075 5603 1374 5658 oscitanter
1403 5621 1502 5659 nos
1532 5615 1625 5658 aut
1664 5605 1929 5675 ignaviter
1951 5604 2003 5658 in

434 5695 602 5752 rebus
641 5689 895 5764 gerendis
935 5707 1254 5760 versamur;
1304 5695 1397 5750 sed
1431 5708 1490 5749 ut
1521 5698 1624 5749 vita
1651 5705 1837 5750 nostra
1862 5697 2009 5749 velut

433 5788 653 5846 virtutis
677 5787 854 5856 imago
879 5783 977 5840 tibi
1011 5797 1348 5858 proponatur
1373 5791 1564 5846 scdulo
1591 5791 1823 5862 agimus,
1873 5791 2010 5846 incr-

2093 3409 2443 3481 βεϐιωμένων
2472 3407 2732 3479 ἀνάμενε.
2763 3406 2930 3460 Οὐδὲν
2975 3406 3084 3476 γὰρ
3135 3403 3306 3458 κακὸν
3333 3402 3691 3474 ἀτιμώρητον

2090 3504 2189 3575 τὴν
2220 3502 2369 3557 θείαν
2402 3501 2754 3571 διαφεύξεται
2783 3500 2941 3570 δίκην
2962 3540 2976 3564 ,
3002 3499 3122 3552 οὐδέ
3154 3515 3218 3567 γε
3251 3497 3412 3551 καλὸν
3442 3497 3692 3567 ἀστεφά-

2091 3612 2260 3650 νωτον
2288 3594 2538 3666 διαλάθῃ.
2589 3594 2747 3663 Μήτε
2777 3593 2884 3663 γάρ
2916 3592 2983 3645 τά
3015 3591 3124 3644 τῶν
3165 3589 3387 3660 ἀγαθῶν
3419 3589 3565 3659 γέρα
3598 3589 3694 3642 λο-

2091 3686 2244 3756 γίζου
2293 3685 2482 3756 θνητὰ,
2522 3686 2660 3756 μήτε
2708 3684 2815 3755 μὴν
2865 3681 2965 3744 τάς
3013 3682 3120 3735 τῶν
3169 3680 3387 3751 φαύλων
3431 3678 3694 3746 κολάσεις

2092 3779 2244 3842 τέλος
2293 3776 2538 3842 δέξεσθαί
2586 3793 2738 3828 ποτε.
2786 3773 3096 3844 ’Λμφότερα
3146 3772 3252 3842 γὰρ
3297 3770 3522 3825 αἰωνίαν
3577 3771 3696 3840 ἔχει

2093 3872 2192 3942 τὴν
2227 3868 2509 3942 διαμονὴν,
2539 3868 2635 3922 καὶ
2674 3869 2731 3922 ἐν
2767 3865 3097 3937 ἀμφοτέροις
3123 3863 3276 3919 ἔσται
3306 3864 3365 3918 τὸ
3386 3863 3695 3936 ἀτελεύτη-

2095 3979 2209 4016 τον.

2579 4226 2719 4293 Περὶ
2757 4225 3196 4294 ἐλεημοσύνης.

2169 4320 2299 4374 Λύει
2341 4319 2434 4374 καὶ
2481 4318 2607 4389 ὅρον
2657 4317 2888 4372 θανάτου
2936 4319 2969 4386 ἡ
3020 4313 3356 4384 ἐλεημοσύνη
3405 4312 3701 4382 πολλάκις,

2101 4414 2241 4466 κατὰ
2270 4412 2329 4465 τὸ
2359 4412 2567 4480 φάσκον
2612 4412 2796 4482 ῥητόν.
2848 4409 2957 4463 Καὶ
2987 4407 3282 4478 χρημάτων
3311 4405 3441 4475 γὰρ,
3472 4405 3554 4470 ὡς
3585 4409 3701 4462 ἔοι-

2102 4523 2219 4571 κεν,
2255 4504 2403 4558 ἐστὶν
2427 4503 2612 4574 ὠνητὴ
2641 4504 2673 4574 ή
2705 4500 2838 4571 ζωὴ,
2871 4499 3072 4554 ὁπόταν
3099 4501 3126 4552 ὁ
3149 4497 3281 4560 Θεὸς
3311 4495 3399 4550 διὰ
3426 4494 3527 4564 τὴν
3556 4497 3704 4567 ἠμε-

2102 4597 2265 4668 τέραν
2315 4595 2459 4665 ζωὴν
2493 4592 2902 4665 καὶ-σωτηρίαν
2946 4590 3299 4663 δωρολήπτης
3449 4587 3705 4645 Πλοῦτον

2104 4690 2200 4744 οὖν
2251 4687 2561 4758 σκορπίζων
2610 4687 2804 4757 θνητὸν
2852 4685 2946 4738 ἐπὶ
2997 4685 3121 4754 γῆς,
3154 4681 3383 4736 πλοῦτον
3435 4681 3704 4748 συνάγεις

2107 4781 2371 4838 ἀθάνατον
2413 4781 2469 4832 ὲν
2503 4777 2737 4850 οὐρανῷ,
2767 4777 2864 4831 καὶ
2891 4772 3316 4846 προσπορίζεταί
3366 4787 3447 4823 σοι
3481 4772 3584 4824 καὶ
3631 4773 3705 4826 τὰ

2107 4871 2340 4927 ἐνταῦθα
2368 4870 2568 4939 ἀγαθά.
2603 4870 2715 4924 Καὶ
2763 4869 2872 4939 γάρ
2918 4866 3133 4938 ἀληθῶς
3177 4862 3523 4933 ἀδαπάνητός
3576 4867 3702 4919 ἐστι

2106 4966 2202 5034 τῆς
2229 4963 2475 5027 εὐποιίας
2505 4964 2534 5015 ὁ
2565 4961 2827 5024 πλοῦτος·
2869 4957 3296 5029 σκορπιζόμενος
3317 4955 3426 5025 γάρ
3457 4956 3706 5024 συνάγε-

2109 5075 2219 5122 ται,
2250 5058 2343 5111 καὶ
2375 5055 2650 5126 διδόμενος
2678 5053 2841 5107 πάλιν
2869 5051 3208 5122 λαμϐάνεται
3229 5066 3242 5079 °
3284 5049 3377 5103 καὶ
3421 5049 3482 5102 οὐ
3534 5049 3707 5120 μόνον

2109 5148 2356 5202 ἐντεῦθεν
2406 5148 2532 5210 τοὺς
2576 5144 2945 5216 κεκτημένους
2987 5142 3148 5197 αὐτὸν
3193 5141 3481 5205 πλουσίους
3527 5145 3704 5210 ποιεῖ,

2109 5239 2244 5293 ἀλλά
2274 5239 2527 5292 κάκεῖθεν
2556 5236 2932 5307 μακαριστοὺς
2960 5234 3331 5288 ἀποδείκνυσι.

2340 5331 2480 5399 Περί
2519 5330 2864 5398 ἐπιμελείας
2899 5329 2998 5382 καί
3035 5328 3463 5398 ἐγρηγόρσεως.

2187 5422 2316 5491 Ἔχε
2347 5419 2488 5472 κατά
2517 5421 2641 5472 νοῦν
2680 5419 2806 5480 τοὺς
2837 5417 3088 5485 γονικούς
3119 5434 3212 5469 σου
3248 5417 3483 5487 τρόπους
3509 5414 3706 5486 διηνε-

2114 5513 2246 5576 κῶς,
2275 5512 2367 5565 καὶ
2397 5509 2611 5574 τούτοις
2641 5511 2733 5563 τὸν
2783 5509 2873 5562 σὸν
2905 5510 3020 5579 βίον
3066 5508 3342 5577 ἐπιμελῶς
3372 5504 3708 5573 κατάρτιξε.

2115 5605 2250 5659 Οὐδὲ
2293 5603 2402 5675 γὰρ
2435 5603 2714 5672 ὀλιγώρως
2744 5604 2935 5673 ἡμεῖς,
2968 5603 3086 5656 οὐδὲ
3119 5599 3377 5673 ῥᾳθύμως
3408 5597 3540 5667 περὶ
3576 5601 3715 5664 τοὺς

2118 5696 2332 5764 ἀγῶνας
2384 5695 2759 5764 διατελοῦμεν,
2787 5694 2920 5750 ἀλλὰ
2961 5695 3062 5759 τῆς
3115 5691 3316 5764 ἀρετῆς
3359 5689 3572 5752 εἰκόνες
3623 5708 3715 5746 σοι

2123 5787 2441 5861 προκεῖσθαι
2492 5785 2931 5860 φιλο-λεικοῦμεν·
2962 5784 3220 5855 ἐπίψογον
3267 5782 3366 5852 μὲν
3407 5781 3499 5835 τὸν
3547 5779 3718 5836 ὄκνον
