4104 6428
424 327 520 368 κεν

1127 307 1413 371 BASILII
1446 310 1602 371 IMP.
1636 311 2075 375 PARrENES‘lS
2112 315 2208 373 AD
2238 314 2547 376 LEONENI
2596 317 2890 378 FILIUM.

3546 330 3670 374 XXVI

424 418 722 498 ἡγούμενοι,
756 426 817 481 ἒν
848 426 1056 496 ἐπαίνῳ
1095 426 1154 479 δὲ
1185 427 1276 480 τὸν
1321 427 1480 480 πόνον
1509 428 1664 480 ποιοῦ
1675 444 1844 496 μενοι.
1874 428 1986 495 Μη-

2102 429 2230 482 tiam
2276 432 2330 484 in
2370 431 2505 485 vitio
2537 440 2825 500 ponentes,
2864 439 2919 485 et
2985 429 3223 487 laborem
3276 429 3329 483 in
3385 429 3544 485 laude
3570 434 3673 486 du-

421 520 471 572 δὲ
503 519 647 588 παρά
688 519 883 587 καιρὸν
914 519 1032 589 χρῶ
1066 519 1176 581 τοῖς
1210 517 1528 587 πράγμασιν
1547 558 1562 582 ,
1589 517 1726 572 ἀλλὰ
1750 515 1993 587 γύμναζε

423 611 628 671 σαυτὸν,
659 610 960 664 ἀπολαύειν
996 611 1093 680 μὲν
1130 609 1239 662 τῶν
1271 609 1573 662 δοκούντων
1616 611 1674 664 ὲν
1723 609 1821 679 βίῳ
1860 611 1995 676 ἁγα-

423 705 540 770 θῶν,
567 706 641 769 ὼς
681 705 897 775 θνητὸς,
933 696 1314 775 ἐπιμελεῖσθαι
1341 703 1398 756 δὲ
1427 704 1613 773 τυχεῖν
1639 703 1744 756 τῶν
1778 702 1996 773 μελλόν-

421 814 541 859 των,
572 796 648 859 ὡς
675 796 972 859 ἀθάνατος.
1664 840 1667 843 ,

526 878 669 955 Περὶ
708 885 1224 955 συναναστροφῆς
1265 885 1578 955 χρησίμων
1615 882 1869 952 ἀνδρῶν.

484 978 711 1049 ’ἰατροῖς
732 977 923 1048 ψυχῶν
951 978 1128 1048 ὁμίλει
1164 977 1404 1048 συνεχῶς
1426 1017 1441 1041 ,
1474 976 1561 1031 ἵνα
1587 976 1830 1030 εὐεκτεῖν
1863 975 1993 1046 ἔχῃς

419 1074 553 1126 κατὰ
595 1072 795 1142 ψυχήν.
830 1071 1043 1134 mem;
1074 1070 1181 1141 γὰρ
1212 1070 1280 1124 ἂν
1314 1070 1444 1141 παρ’
1471 1069 1672 1133 αὐτῶν,
1701 1067 1862 1122 τίνων
1887 1067 1992 1139 χρὴ

420 1162 751 1231 πραγμάτων
779 1160 1070 1231 ὀρέγεσθαι
1101 1160 1195 1214 καὶ
1229 1160 1389 1214 τίνων
1423 1160 1745 1230 ἀπέχεσθαι,
1769 1158 1863 1212 καὶ⁸
1882 1159 1993 1210 τίσι

420 1251 519 1305 τῶν
551 1248 854 1321 ἀνθρώπων
886 1249 1446 1320 συναναστρέφεσθαι,
1468 1251 1620 1314 τίνας
1640 1249 1695 1303 δὲ
1721 1247 1993 1318 ἀποστρέ-

419 1342 631 1411 φεσθαι,
661 1342 757 1396 καὶ
809 1341 929 1405 πῶς
976 1342 1065 1395 τὸν
1097 1342 1187 1395 σὺν
1223 1342 1337 1412 βίον
1369 1343 1769 1414 οἰκονομήσεις,
1799 1341 1883 1394 ἵνα
1917 1339 1993 1410 μὴ

420 1432 629 1500 συχνοῖς
677 1431 790 1495 τοῖς
838 1432 1110 1501 νοσήμασι
1163 1432 1487 1502 περιπέσῃς.
1521 1431 1583 1483 Εἰ
1630 1430 1738 1500 γὰρ
1786 1428 1992 1498 ταύτην

417 1522 622 1591 τρίψεις
650 1523 753 1592 τὴν
782 1522 923 1587 ὁδὸν,
955 1520 1049 1575 τοῦ
1071 1522 1167 1593 τῆς
1192 1523 1395 1593 ἀρετῆς
1421 1520 1684 1592 ἁκριῦοῢς
1709 1520 1835 1590 ὅρου
1856 1536 1990 1589 γνη-

420 1612 544 1677 σίως
576 1613 862 1683 ἐφικέσθαι
892 1612 1187 1685 δυνηθήσῃ.

995 1705 1132 1774 Περὶ
1172 1704 1413 1776 ἀρετῆς.

2097 529 2307 575 centes.
2339 520 2417 576 Ne
2441 522 2610 589 igitur
2637 521 3016 592 intempestive
3039 521 3204 575 rebus
3234 521 3428 587 utaris,
3462 523 3555 576 sed
3598 523 3671 575 ita

2098 623 2150 667 te
2177 629 2455 685 compara,
2480 624 2539 669 ut
2567 624 2619 671 et
2640 617 2707 671 iis
2733 631 2855 686 quze
2883 616 2985 671 hac
3010 617 3064 670 in
3095 615 3203 668 vita
3232 630 3357 671 esse
3394 615 3669 681 videntur,

2095 707 2401 762 commodis
2429 705 2630 772 fruare,
2669 707 2995 762 utmorlalis
3020 745 3035 771 ,
3073 716 3125 762 et
3150 707 3336 761 futura
3366 707 3509 761 bona
3539 721 3671 760 cou-

2094 811 2349 866 sequare,
2386 805 2446 851 ut
2479 798 2828 853 immortalis.

2408 889 2486 944 De
2509 889 2884 944 consuetudine
2905 889 3119 943 utilium
3151 890 3403 944 virorum.

2165 979 2301 1035 Cum
2331 979 2555 1035 medicis
2587 979 2894 1034 animorum
2935 978 3161 1035 assidue
3214 993 3435 1034 versare
3465 986 3524 1031 ut
3558 977 3674 1046 ipse

2097 1073 2281 1126 animo
2342 1072 2525 1127 valeas
2573 1086 2588 1125 :
2650 1071 2718 1125 ab
2749 1072 2817 1128 iis
2861 1071 3006 1127 enim
3038 1072 3255 1127 discere
3287 1071 3496 1141 poteris
3530 1085 3668 1138 quas

2097 1180 2184 1220 res
2214 1172 2491 1234 appetere.
2522 1174 2575 1219 et
2606 1179 2633 1217 a
2658 1165 2861 1234 quibus
2892 1164 3173 1220 abstinere
3196 1163 3399 1219 debeas
3425 1180 3440 1229 ;
3469 1162 3672 1233 quibus

2096 1270 2222 1310 eum
2251 1256 2563 1311 hominibus
2594 1270 2981 1333 consuescere,
3010 1263 3065 1310 et
3095 1271 3124 1309 a
3169 1270 3407 1326 quorum
3440 1270 3674 1311 consue-

2098 1346 2285 1402 tudine
2315 1346 2640 1411 abhorrere,
2691 1354 2746 1402 et
2802 1347 3080 1416 quomodo
3114 1348 3281 1401 vitam
3309 1361 3525 1401 omnem
3558 1362 3673 1399 mo-

2095 1436 2272 1492 derari
2307 1444 2580 1506 oporteat,
2610 1446 2671 1491 ut
2696 1452 2764 1492 ne
2814 1438 2867 1492 in
2900 1436 3223 1507 frequentes
3281 1436 3505 1491 morbos
3537 1435 3674 1489 inci-

2095 1527 2217 1583 das.
2255 1529 2312 1583 Si
2354 1529 2495 1582 hanc
2553 1529 2700 1583 enim
2734 1528 3005 1585 institeris
3063 1529 3233 1592 viam,
3268 1527 3335 1582 ad
3369 1542 3513 1583 vera:
3543 1525 3677 1581 soli-

2095 1617 2285 1684 daeque
2311 1619 2534 1674 virtutis
2564 1618 2766 1674 limites
2802 1634 2988 1674 revera
3012 1618 3300 1689 pervenire
3319 1616 3549 1688 poteris.

2723 1706 2799 1760 De
2829 1708 3054 1760 virtute.

481 1796 595 1866 Οὐχ
624 1796 768 1850 οὕτω
790 1796 861 1851 τὰ
888 1796 982 1850 τοῦ
1017 1759 1224 1867 κόσμου
1251 1759 1427 1852 πάντά
1456 1794 1663 1866 τερπνὰ
1685 1834 1702 1862 ,
1728 1793 1803 1857 ὡς
1834 1794 1862 1847 ό
1890 1792 1986 1861 τῆς

2165 1794 2322 1851 Haud
2369 1805 2580 1852 tantum
2614 1800 2739 1853 vita!
2765 1797 3026 1867 jucunda:
3067 1812 3181 1861 res,
3222 1804 3489 1865 quantum
3544 1796 3674 1848 sola:

414 1885 613 1954 ἀρετῆς
662 1886 892 1949 πλοῦτος
945 1886 1037 1939 τὸν
1088 1886 1310 1957 βασιλέα
1361 1888 1577 1957 κοσμεῖ.
1609 1885 1683 1937 Τὸ
1734 1883 1834 1955 μὲν
1879 1882 1987 1953 γὰρ

414 1976 606 2040 κάλλος
632 1977 726 2038 καὶ
749 1980 781 2046 ἡ
813 1978 1117 2049 εὐπρέπεια
1141 1978 1172 2048 ἢ
1199 1978 1339 2047 νόσῳ
1365 1976 1397 2045 ἦ
1427 1976 1606 2047 χρόνῳ
1629 1974 1950 2046 μαραίνεται
1970 1990 1984 2006 ⁰

414 2067 641 2131 πλοῦτος
684 2068 741 2121 δὲ
794 2068 1071 2139 ῥᾳθυμίας
1108 2068 1201 2121 καὶ
1246 2066 1454 2139 ⁴ἡδονῶν
1502 2067 1736 2137 ὑπάρχει
1780 2066 1985 2134 πατήρ.

423 2159 608 2231 Ῥώμη
644 2162 744 2231 μὲν
771 2161 882 2230 γὰρ
914 2162 982 2214 τὰ
1018 2160 1117 2231 μὲν
1149 2159 1377 2231 σώματα
1406 2161 1525 2222 ταῖς
1567 2158 1745 2222 νίκαις
1774 2159 1986 2227 κοσμεῖ,

410 2253 526 2314 ταῖς
556 2251 614 2304 δὲ
644 2250 745 2322 τῆς
769 2251 950 2321 ψυχῆς
982 2250 1323 2322 ἐπιμελείαις
1350 2251 1648 2304 ἐπισκοτεῖ.
1667 2250 1733 2305 Ἥ
1767 2251 1825 2304 δὲ
1857 2252 1990 2321 κτῆ-

412 2359 491 2405 σις
530 2342 636 2412 τῆς
681 2344 905 2413 ἀρετῆς,
935 2336 1018 2405 οἷς
1072 2343 1138 2397 ἂν
1186 2341 1577 2413 προσγένηται,
1614 2341 1709 2395 καὶ
1758 2340 1987 2394 πλούτου

410 2435 501 2488 καὶ
536 2435 821 2503 εὐγενείας
852 2435 1246 2506 χρησιμωτέρα
1283 2434 1399 2489 ὲστί
1419 2450 1433 2465 ·
1482 2434 1577 2488 καὶ
1620 2432 1764 2504 ἅπερ
1809 2432 1990 2496 ἄλλοις

407 2526 646 2580 ἀδύνατα
693 2527 859 2592 δοκεῖ,
885 2525 1026 2597 αὕτη
1070 2525 1243 2581 ταῦτα
1294 2526 1391 2581 σὺν
1439 2524 1560 2597 Θεῷ
1604 2524 1804 2579 δυνατὰ
1848 2541 1990 2596 παρ-

412 2620 552 2689 ιστᾷ.

937 2711 1077 2779 Περὶ
1116 2710 1456 2781 ἐπιθυμίας.

470 2804 736 2875 mpm;
765 2804 1028 2874 ἐπιθυμία
1062 2802 1340 2875 εὐμόρφου
1388 2806 1464 2875 μή
1503 2817 1601 2865 σου
1635 2819 1805 2859 κατα)
1856 2803 1986 2872 απε-

408 2912 506 2962 σει,
533 2897 618 2949 ὅτι
646 2894 899 2967 χώματος
929 2895 1111 2964 ὀλίγου
1137 2895 1286 2960 ἄξιον
1313 2895 1375 2950 τὸ
1392 2893 1657 2951 τοιοῦτον.
1685 2895 1852 2965 Σῶμα
1873 2916 1901 2963 κ,
1920 2890 1991 2965 ἀρ

405 2990 523 3058 μετ’
551 2989 736 3058 ὀλίγον
779 2988 941 3059 χῶμα
983 2987 1146 3042 πάλιν
1172 2989 1374 3057 ὀλίγον.
1411 2988 1566 3061 Mirr:
1597 2982 1690 3043 οὗν
1715 2986 1804 3043 ιπ*
1832 2988 1989 3055 εὐγε-

2096 1883 2312 1938 virtutis
2358 1898 2493 1954 opes
2550 1884 2771 1955 regibus
2828 1882 3062 1939 afferunt
3113 1882 3446 1938 ornamenti.
3472 1881 3671 1935 Forma

2093 1977 2239 2029 enim
2277 1989 2341 2031 ac
2379 1975 2548 2032 decor
2578 1984 2673 2029 aut
2721 1976 2913 2031 morbo
2960 1985 3054 2031 aut
3086 1984 3247 2031 aetate
3297 1982 3667 2030 marcescunt.

2094 2066 2306 2122 Divitiae
2356 2068 2694 2138 voluptatum
2740 2074 2900 2138 atque
2935 2068 3165 2139 ignaviae
3191 2068 3514 2136 plerumque
3543 2071 3671 2119 sunt

2092 2157 2314 2214 fomites
2364 2178 2376 2212 :
2418 2166 2473 2213 at
2523 2173 2653 2213 vero
2709 2161 2880 2213 robur
2932 2174 3133 2229 corpus
3168 2158 3389 2228 quidem
3420 2153 3671 2210 victoriis

2094 2248 2371 2315 honestat,
2403 2249 2498 2305 sed
2528 2250 2693 2304 animi
2727 2249 3030 2304 luminibus
3069 2248 3257 2303 officit.
3301 2245 3541 2301 Virtutis
3571 2260 3670 2297 au-

2091 2347 2200 2396 tem
2257 2342 2536 2411 possessio
2564 2341 2765 2412 quibus
2796 2342 3120 2412 contigerit,
3157 2348 3211 2396 et
3244 2338 3451 2394 divitiis
3481 2342 3536 2391 et
3570 2350 3670 2390 no-

2091 2431 2306 2487 bilitate
2330 2431 2684 2502 praestantior
2713 2440 2797 2487 est
2822 2450 2836 2499 ;
2867 2440 2922 2487 et
2945 2447 3068 2502 quae
3092 2432 3217 2485 aliis
3243 2428 3358 2485 fieri
3382 2441 3489 2481 non
3510 2436 3672 2495 posse

2094 2523 2368 2587 videntur,
2396 2523 2511 2580 haec
2540 2523 2630 2579 illa
2652 2522 2769 2591 Deo.
2796 2524 3017 2579 favente
3048 2522 3115 2578 ad
3148 2520 3462 2579 faciendum
3488 2514 3669 2572 reddit

2087 2617 2361 2687 expedita.

2658 2710 2734 2766 De
2757 2711 3070 2781 cupiditate.

2160 2803 2449 2873 lmpotenti
2502 2802 2728 2857 formosi
2787 2801 3039 2872 corporis
3093 2801 3398 2870 cupiditate
3441 2800 3563 2854 vide
3602 2815 3671 2854 ne

2091 2911 2334 2965 unquam
2363 2894 2603 2964 capiaris
2632 2910 2646 2947 :
2681 2908 2807 2947 nam
2831 2892 2967 2947 illud
3000 2892 3185 2963 exigui
3220 2892 3462 2963 pulveris
3494 2894 3670 2962 pretio

2090 2987 2252 3042 debet
2278 2986 2580 3053 aestimari;
2616 2999 2819 3056 corpus
2850 2984 2998 3039 enim
3045 2998 3174 3039 mox
3223 2983 3507 3051 paululum
3564 2985 3669 3035 erit

400 3082 516 3152 εείᾳ
543 3082 797 3151 σώματος
829 3079 1096 3151 ἱπαρθῇς,
1131 3082 1268 3151 μήτε
1299 3081 1404 3151 μὴν
1433 3078 1749 3147 δυσγένειαν
1771 3077 1984 3146 ἐξουθε-

2092 3078 2358 3150 pulveris.
2393 3077 2536 3146 Ergo
2569 3092 2746 3148 neque
2800 3076 3090 3132 nobilitate
3127 3074 3382 3144 corporis
3412 3071 3669 3128 efl‘eraris

400 3173 600 3245 νὼσῃς,
621 3172 761 3243 μήτε
788 3170 977 3228 κάλλει
1003 3171 1297 3242 ἀγρευθῇς,
1333 3174 1468 3241 μήτε
1492 3170 1829 3244 δυσμορφίαν
1851 3171 1986 3222 ἀπο-

401 3264 674 3333 στραφῇς,
706 3259 824 3315 ἀλλ’
851 3260 953 3332 ὅρα
983 3260 1043 3312 τὸ
1072 3260 1267 3324 κάλλος
1301 3260 1364 3314 τὸ
1388 3260 1489 3331 τῆς
1515 3259 1694 3330 ψυχῆς
1713 3302 1728 3325 ,
1763 3261 1858 3314 καὶ
1888 3259 1988 3332 ἐρα

396 3352 470 3423 τῷ
517 3353 797 3423 πνεύματι
834 3351 933 3421 τὴν
972 3354 1171 3424 ψυχήν.
1196 3354 1376 3422 Ἔρως
1420 3352 1529 3423 γὰρ
1577 3353 1783 3414 ἐκεῖνος
1829 3350 1988 3421 μόνος

396 3445 604 3516 ἀληθὴς
653 3444 749 3499 καὶ
800 3443 1092 3509 ἀθάνατος,
1125 3445 1224 3514 οὐχ
1250 3444 1307 3507 ὃς
1353 3444 1471 3513 ἅμα
1498 3443 1577 3513 τῷ
1603 3444 1785 3513 τυχεῖν
1827 3442 1987 3506 εὐθὺς

396 3535 733 3604 ἀπογίνεται,
760 3532 877 3588 ἀλλ’
904 3534 963 3598 ὃς
1009 3535 1147 3604 μετὰ
1189 3534 1250 3588 τὸ
1288 3535 1470 3604 τυχεῖν
1511 3533 1707 3605 μᾶλλον
1750 3532 1988 3601 ὲπιγίνε·

395 3642 502 3680 ται.

691 3714 830 3784 Περὶ
869 3712 978 3782 τῆς
1017 3714 1134 3769 τῶν
1169 3716 1406 3783 τρόπων
1441 3714 1680 3785 ἀρετῆς.

464 3803 705 3868 Ἐλασες
738 3807 803 3858 ὲκ
829 3805 964 3858 Θεοῦ
996 3805 1292 3876 βασιλείαν,
1327 3806 1562 3876 φύλαξον
1584 3806 1755 3877 αὐτὴν
1782 3805 1858 3871 ὠς
1883 3823 1986 3860 πα-

394 3896 793 3966 ρακαταθήκην
825 3895 1017 3949 ἄσυλον
1038 3915 1050 3929 ·
1082 3898 1157 3969 μὴ
1206 3896 1408 3967 φαῦλος
1438 3897 1610 3969 ὀφθῇς
1648 3896 1740 3950 τοῦ
1772 3896 1990 3967 δεδομέ-

390 4005 482 4040 νου
516 4005 603 4041 σοι
635 3988 842 4057 φύλαξ·
894 3987 1029 4060 μηδὲ
1087 3988 1314 4057 ἀγενὲς,
1372 3987 1508 4059 μηδὲ
1551 3986 1769 4053 ἀνάξιον
1816 3986 1985 4055 αὐτῆς

389 4078 690 4150 διαπράξῃ.
722 4078 862 4131 Ἀλλ’
892 4078 1081 4149 ῶσπερ
1127 4078 1435 4158 βασιλεύειν
1481 4077 1591 4131 τῶν
1634 4076 1837 4131 λοιπῶν
1890 4077 1984 4130 ἀν-

392 4166 637 4239 θρώπων
681 4168 1016 4238 προεκρίθης
1064 4169 1207 4222 κατὰ
1252 4167 1351 4239 τὴν
1400 4167 1744 4233 ἁξίαν,οὖτω
1796 4184 1984 4239 προτε-

392 4259 575 4329 ρεύειν
602 4259 712 4311 τῶν
750 4259 855 4312 ὑπὸ
904 4261 1060 4330 χεῖρα
1086 4261 1305 4315 πάντων
1343 4259 1541 4314 σπεῦδε
1576 4260 1671 4313 καὶ
1702 4260 1823 4313 κατ’
1853 4261 1983 4330 ἁρε-

387 4352 599 4422 τήν.Ἦ
634 4351 743 4421 γὰρ
774 4351 943 4422 ἀρετὴ
983 4352 1246 4420 κρείττων
1274 4354 1393 4406 ἐστὶ
1422 4353 1623 4415 παντὸς
1649 4351 1979 4421 ἀξιώματος.

2093 3184 2270 3239 neque
2292 3167 2691 3239 ignobilitatem
2714 3166 3009 3237 despicias,
3044 3181 3223 3237 neque
3270 3164 3443 3220 forma
3475 3172 3670 3233 captus

2092 3261 2359 3325 tenearis,
2420 3275 2598 3340 neque
2630 3256 3036 3315 deformitatem
3072 3258 3345 3325 averseris
3378 3274 3391 3310 :
3430 3255 3524 3310 sed
3550 3253 3672 3308 ani-

2093 3354 2166 3410 mi
2200 3353 2664 3424 pulchritudinem
2695 3353 2932 3414 intuere.
2962 3361 3014 3407 et
3033 3361 3214 3406 mente
3235 3350 3477 3404 animum
3510 3362 3668 3412 ama;

2089 3445 2180 3500 ille
2217 3444 2437 3500 demum
2482 3459 2647 3499 verus
2689 3453 2774 3500 est
2803 3457 2958 3497 amor
2993 3449 3159 3512 atque
3184 3439 3533 3501 immortalis,
3574 3436 3669 3506 qui

2089 3550 2199 3590 non
2223 3537 2385 3591 simul
2419 3545 2583 3605 atque
2625 3535 2834 3608 potitus
2867 3534 3040 3590 fueris
3072 3534 3376 3598 evanescit,
3427 3530 3521 3586 sed
3563 3543 3672 3599 quo

2088 3628 2211 3699 plus
2247 3628 2475 3701 potiaris
2508 3644 2570 3683 eo
2604 3628 2870 3685 adolescit
2900 3628 3096 3697 magis.

2606 3720 2679 3775 De
2719 3722 2913 3775 virtute
2937 3737 3165 3775 morum.

2164 3807 2415 3866 Numinis
2442 3808 2709 3866 beneficio
2741 3826 2971 3881 regnum
3024 3810 3329 3880 accepisti;
3384 3808 3671 3865 custodias

2089 3900 2223 3956 illud
2281 3910 2545 3971 tanquam
2606 3901 2921 3972 depositum
2972 3903 3119 3972 quod
3157 3903 3433 3957 incolume
3458 3900 3669 3954 servari

2087 3992 2249 4048 debet
2280 4008 2293 4044 :
2329 4006 2460 4052 cave
2491 4001 2671 4047 autem
2703 4007 2773 4047 ne
2810 3992 2986 4047 malus
3010 3993 3158 4048 illius
3193 4000 3381 4047 custos
3405 3991 3667 4055 videaris,

2086 4101 2192 4140 neu
2223 4084 2512 4155 degeneris
2561 4083 2769 4153 aliquid
2812 4094 2907 4139 aut
2950 4084 3162 4157 indigni
3189 4086 3503 4140 committas
3529 4101 3544 4151 ;
3574 4083 3668 4138 sed

2086 4177 2251 4233 sicuti
2289 4176 2508 4231 caeteris
2541 4177 2799 4246 praelatus
2832 4192 2914 4244 es,
2950 4185 3011 4232 ut
3054 4177 3378 4248 imperares,
3412 4178 3486 4230 ita
3537 4190 3669 4230 con-

2084 4268 2248 4324 tende
2281 4276 2339 4322 ut
2367 4267 2569 4323 virtute
2599 4283 2820 4338 quoque
2878 4268 3093 4323 caeteris
3121 4267 3452 4332 antecellas;
3489 4266 3670 4318 virtus

2086 4360 2233 4414 enim
2282 4358 2432 4413 omni
2461 4356 2731 4428 dignitate
2785 4360 3138 4429 praestantior
3168 4367 3272 4413 est.
3328 4355 3385 4410 Si
3418 4370 3551 4423 ergo
3583 4354 3669 4409 di-

389 4439 452 4494 Εί
473 4440 570 4494 οὖν
602 4442 745 4494 κατὰ
768 4441 867 4512 μὲν
895 4441 957 4494 τὸ
984 4442 1206 4513 ἀξίωμα
1233 4443 1509 4515 κυριεύεις
1531 4444 1808 4509 ἁπάντων,
1830 4443 1974 4498 κατὰ

2090 4452 2288 4519 guitate
2315 4449 2537 4520 quidem
2581 4450 2810 4520 reliquis
2863 4458 3099 4520 prmstas
3151 4448 3433 4513 omnibus,
3469 4448 3670 4500 virtute

388 4538 444 4591 δὲ
478 4538 580 4609 τὴν
612 4538 813 4609 ἀρετὴν
842 4538 947 4591 ὑπό
983 4555 1141 4592 τινων
1165 4539 1418 4610 κυριεύῃ,
1454 4539 1595 4593 κατὰ
1621 4540 1719 4611 μὲν
1742 4540 1802 4593 τὸ
1828 4539 1981 4592 ἔλατ-

387 4644 478 4681 τον
512 4625 565 4681 εί
602 4628 876 4698 βασιλεὺς,
907 4630 1049 4683 κατὰ
1087 4630 1143 4683 δὲ
1186 4631 1248 4682 τὸ
1280 4632 1524 4700 κρεῖττον
1551 4629 1767 4702 ἀληθῶς
1805 4630 1904 4683 οὐκ
1933 4624 1982 4682 εἶ

389 4719 669 4788 βασιλεὺς,
719 4720 833 4773 ἀλλ’
883 4718 973 4788 ὑφ’
1004 4719 1210 4789 ἑτέρων
1257 4719 1694 4790 βασιλευόμενος.
1744 4720 1836 4790 Μὴ
1887 4714 1980 4774 οὗν

388 4808 543 4871 νόθος
577 4807 731 4876 γίνου
760 4808 1027 4881 δεσπότης
1067 4811 1126 4863 ἐν
1155 4809 1234 4879 τῷ
1281 4810 1369 4878 ὑφ’
1397 4810 1599 4881 ἑτέρων
1636 4810 1978 4882 κρατεῖσθαι,

385 4899 525 4951 ἀλλὰ
548 4899 808 4970 βασίλευε
834 4900 1050 4971 ἀληθῶς
1081 4904 1139 4955 ὲν
1172 4901 1252 4973 τῷ
1272 4903 1489 4959 πάντων
1514 4906 1736 4974 κρατεῖν
1757 4903 1896 4957 κατά
1919 4903 1981 4956 τὸ

388 4990 558 5062 μέρος
580 4989 681 5060 τῆς
707 4991 928 5061 ἀρετῆς.

887 5175 1026 5239 Περὶ
1061 5178 1487 5245 σωφροσύνης.

458 5263 642 5324 Νίκας
689 5281 771 5318 σοι
807 5267 899 5321 καὶ
928 5267 1167 5336 τρόπαια
1210 5268 1335 5323 κατ’
1360 5270 1572 5341 ἐχθρῶν
1603 5272 1725 5325 τότε
1756 5272 1981 5342 παρέξει

387 5352 546 5416 Θεὸς,
574 5355 782 5410 ὁπόταν
814 5357 976 5421 αὐτὸς
1007 5358 1246 5428 τρόπαια
1273 5360 1369 5414 καὶ
1395 5361 1553 5425 νίκας
1586 5363 1806 5434 στήσεις
1841 5364 1981 5417 κατὰ

386 5446 498 5497 τῶν
530 5448 743 5504 παθῶν.
766 5450 1005 5505 Νικῶντι
1029 5453 1138 5523 γάρ
1166 5470 1247 5507 σοι
1276 5454 1403 5519 τοὺς
1432 5456 1697 5527 ἀοράτους
1728 5457 1977 5528 ἐχθροὺς,

389 5538 704 5607 ἐπάναγκές
751 5543 867 5595 ἐστι
915 5544 1072 5614 νικᾷν
1101 5547 1197 5598 καὶ
1228 5546 1355 5610 τοὺς
1382 5548 1631 5618 ὁρατούς.
1645 5550 1742 5604 Ὃν
1768 5548 1878 5619 γὰρ
1905 5548 1980 5612 ὡς

389 5628 727 5700 ἀνδράποδον
761 5636 815 5687 αἱ
855 5635 1039 5705 ἡδοναὶ
1065 5638 1221 5709 νικᾷν
1255 5638 1351 5691 καὶ
1383 5641 1728 5712 παρασύρειν
1759 5641 1977 5711 ἰσχύου-

390 5734 499 5776 σιν.
534 5721 635 5776 οὐκ
664 5724 1109 5793 εὐδοκήσειθεδς
1140 5728 1453 5801 ἐλευθερίας
1481 5732 1637 5803 νίκης
1682 5737 1977 5808 τιμηθῆναί

2090 4552 2271 4597 autem
2307 4544 2374 4597 ab
2406 4543 2514 4597 alio
2545 4542 2847 4610 superaris,
2880 4543 3180 4611 imperator
3211 4557 3267 4596 es
3296 4541 3349 4594 in
3385 4556 3471 4606 eo,
3521 4538 3667 4610 quod

2089 4631 2321 4687 minoris
2360 4633 2698 4689 excellentiae
2725 4643 2812 4687 cst
2845 4651 2857 4687 :
2894 4632 2948 4686 in
2975 4648 3040 4687 eo
3090 4646 3219 4685 vero
3242 4630 3390 4701 quod
3438 4631 3668 4701 pnecla-

2087 4725 2205 4780 rius
2229 4732 2333 4791 est,
2382 4725 2682 4795 imperator
2743 4742 2852 4779 non
2883 4740 2964 4789 es,
2998 4726 3109 4779 imo
3161 4724 3391 4777 alterius
3438 4723 3666 4791 imperio

2088 4818 2274 4874 subes.
2324 4816 2402 4873 Ne
2442 4818 2518 4873 sis
2539 4833 2668 4888 ergo
2699 4817 2865 4872 veluti
2907 4817 3293 4888 supposititius
3323 4824 3489 4885 atque
3510 4816 3669 4870 adul-

2088 4908 2302 4963 terinus
2348 4908 2641 4973 dominus,
2688 4924 2809 4963 cum
2854 4908 2996 4965 alius
3048 4918 3099 4963 te
3126 4908 3475 4978 praestantior
3512 4922 3665 4975 repe-

2087 5002 2302 5065 riatur;
2337 5000 2433 5055 sed
2466 5016 2630 5056 verus
2662 5001 2985 5071 imperator,
3011 5014 3137 5054 cum
3168 5000 3384 5056 caeteris
3410 5014 3515 5055 ουν
3546 5000 3665 5053 ibus

2085 5095 2287 5150 virtute
2312 5094 2611 5164 praecellas.

2640 5187 2715 5241 De
2738 5191 3108 5257 temperantia.

2153 5278 2430 5334 Concedet
2464 5280 2563 5333 tibi
2615 5279 2759 5335 Deus
2803 5281 3063 5337 victorias
3099 5295 3162 5336 ac
3224 5280 3533 5351 triumphos
3568 5279 3663 5334 ad-

2084 5387 2281 5427 versus
2305 5372 2520 5437 hostes,
2548 5386 2670 5425 cum
2707 5372 2775 5427 de
2802 5371 3028 5429 domitis
3062 5372 3232 5427 animi
3267 5372 3664 5442 cupiditatibus

2084 5462 2349 5517 victorias
2385 5476 2449 5515 ac
2490 5463 2733 5532 trnpltzea
2761 5463 3017 5519 retuleris
3050 5480 3064 5516 :
3104 5464 3150 5519 si
3179 5463 3325 5518 enim
3358 5464 3664 5520 invisibiles

2084 5552 2275 5608 hostes
2301 5553 2593 5620 deviceris,
2647 5554 2892 5610 visibiles
2930 5556 3095 5611 etiam
3144 5557 3460 5613 necessario
3497 5570 3663 5627 supe-

2083 5644 2250 5697 ruhis.
2287 5643 2392 5699 Sed
2468 5661 2631 5716 quem
2688 5647 2996 5719 voluptates
3040 5657 3101 5704 ut
3160 5650 3264 5706 vile
3318 5651 3654 5718 mancipium

2083 5738 2442 5805 pessundare
2503 5753 2566 5793 ac
2619 5749 2996 5799 transversum
3058 5757 3220 5815 agere
3265 5742 3485 5812 valent,
3518 5757 3657 5815 nun-
