4104 6440
1410 266 1487 279 .;ν”

408 318 557 360 XXVII

1732 308 2315 371 PROLEGOMENA.

3528 321 3674 365 ,ινιιι

412 434 580 492 quam
615 417 723 473 Deo
748 416 955 472 lubebit
984 432 1108 471 eum
1156 416 1401 473 victoria:
1466 418 1681 473 honore
1722 420 1995 474 condeco-

2100 435 2232 472 ποτε
2254 436 2266 449 ·
2317 420 2374 483 ὃς
2424 420 2481 473 δὲ
2521 420 2620 490 τὴν
2667 419 2805 472 κατά
2838 418 2947 472 τῶν
2973 420 3162 473 παθῶν
3190 420 3345 490 νίκην
3378 425 3490 485 τοῖς
3524 424 3676 477 ἑκου-

413 528 570 565 rure:
610 512 702 582 qui
745 525 875 565 vero
909 510 1077 564 animi
1102 517 1285 566 motus
1331 510 1642 564 voluntario
1666 510 1849 565 labore
1882 512 1987 565 fre-

411 602 649 664 naverit,
700 601 747 655 is
778 601 833 655 in
865 609 1074 655 certum
1110 609 1494 670 argumentum
1541 599 1741 654 futura:
1799 610 1988 671 postea

411 693 797 747 retributionis
844 703 1176 746 aeternorum
1227 692 1521 755 bonorum,
1573 693 1733 747 etiam
1778 693 1830 746 in
1886 693 1988 748 hac

411 786 522 838 vita
550 784 615 838 de
651 784 887 837 inimicis
925 797 1247 837 concessam
1273 782 1378 838 sibi
1410 797 1440 836 a
1476 781 1585 839 Deo
1621 783 1781 853 quasi
1830 783 1986 840 debi-

413 884 531 932 tore
565 877 851 931 victoriam
882 874 1205 944 reportabit.

900 968 974 1022 De
1007 967 1254 1037 ﬁdelibus
1283 967 1497 1021 amicis.

483 1060 672 1130 Majori
722 1071 774 1117 te
824 1061 1025 1132 gaudio
1065 1060 1344 1115 sincerum
1395 1060 1701 1115 amicorum
1741 1060 1985 1115 studium

412 1149 629 1213 alliciat,
657 1166 822 1220 quam
855 1154 1286 1220 preplnquorum
1318 1165 1332 1202 :
1373 1164 1498 1204 nam
1539 1151 1986 1219 consanguineo-

412 1258 534 1297 rum
561 1243 801 1298 amicitia
836 1258 942 1299 non
969 1257 997 1296 a
1027 1243 1257 1306 virtute,
1289 1241 1383 1297 sed
1401 1256 1428 1295 a
1461 1250 1655 1297 natura
1682 1242 1987 1312 proficisci-

413 1341 524 1397 tur,
552 1335 752 1404 quippe
784 1350 905 1403 qua:
936 1348 1002 1389 ne
1030 1334 1343 1387 voluntaria
1368 1334 1589 1403 quidem
1628 1334 1821 1388 merito
1853 1348 1985 1387 cen-

414 1423 522 1478 seri
581 1424 784 1492 possit.
828 1424 923 1480 sed
968 1424 1270 1478 amicorum
1333 1424 1387 1477 in
1431 1432 1483 1478 te
1526 1424 1898 1479 benevolentia
1954 1438 1985 1479 a

412 1510 617 1566 virtute
653 1521 710 1568 et
739 1511 912 1568 libero
947 1513 1190 1567 arbitrio
1233 1513 1515 1577 nascitur;
1538 1522 1593 1568 et
1624 1514 1717 1568 illa
1766 1513 1983 1583 quidem

415 1613 690 1667 naturam,
725 1602 839 1658 iure
858 1615 1037 1657 autem
1063 1602 1230 1658 Deum
1259 1603 1419 1657 habet
1449 1610 1751 1658 auctorem.
1784 1603 1984 1659 Verum

417 1695 508 1749 ubi
534 1695 666 1764 quid
693 1710 834 1765 opus
862 1705 968 1760 εει,
1004 1696 1161 1765 longe
1185 1695 1361 1764 major
1400 1694 1651 1749 habenda
1684 1696 1823 1751 ratio
1868 1710 1981 1749 mo.

416 1798 537 1837 rum
569 1792 675 1847 est,
704 1798 868 1855 quam
894 1785 1201 1856 sanguinis,
1235 1793 1290 1840 et
1330 1786 1628 1840 voluntatis
1683 1800 1847 1856 quam
1882 1800 1978 1840 ne-

414 1874 693 1929 cessitatis
733 1892 747 1930 :
784 1890 909 1929 nam
941 1877 1237 1946 propinqui
1270 1890 1648 1947 smpenumero
1675 1877 1839 1931 etiam
1875 1880 1993 1932 exi-

416 1978 535 2032 guae
564 1966 809 2034 pecunia:
832 1981 1000 2022 causa
1029 1967 1351 2037 parentibus
1381 1968 1613 2024 insidias
1657 1970 1988 2034 moliuntur;

415 2055 531 2108 veri
565 2064 745 2111 autem
777 2059 939 2112 amici
972 2059 1144 2115 totius
1192 2058 1382 2113 mundi
1404 2059 1630 2115 divitias
1698 2059 1853 2114 nihili
1911 2058 1992 2113 l'a-

416 2147 829 2211 eientes,et|am
860 2150 1023 2205 vitam
1048 2149 1223 2221 ipsam
1246 2164 1361 2221 pra:
1390 2151 1694 2206 amicorum
1725 2150 1994 2208 charitate

416 2241 579 2298 vilem
616 2243 838 2299 habent.

775 2334 853 2389 De
884 2335 1198 2404 fortitudine
1228 2345 1278 2391 et
1314 2337 1625 2406 prudentia.

490 2421 683 2478 Robur
732 2427 983 2495 corporis
1028 2431 1209 2496 magni
1269 2426 1457 2490 facito,
1493 2436 1657 2497 atque
1708 2428 1763 2482 in
1815 2428 1994 2498 pretio

418 2513 622 2569 habeto
674 2516 720 2571 si
775 2530 903 2571 cum
931 2518 1222 2587 prudentia
1259 2518 1617 2587 eonjunctum
1645 2526 1730 2573 est
1766 2535 1781 2572 :
1817 2534 1992 2589 quan-

418 2613 536 2658 tum
561 2607 705 2661 enim
748 2608 1009 2678 prodesse
1039 2623 1164 2662 cum
1202 2608 1510 2678 prudentia,
1546 2618 1759 2664 tantum
1797 2625 1995 2667 nocere

423 2697 633 2766 absque
659 2713 721 2752 ea
757 2699 896 2753 solet
924 2699 1013 2765 iis,
1042 2699 1135 2769 qui
1169 2708 1298 2753 sunt
1321 2699 1414 2753 illo
1446 2700 1677 2769 praediti.
1716 2700 1816 2756 Vis
1845 2703 1993 2757 enim

420 2786 657 2840 consilio
728 2797 1029 2858 temperata
1110 2789 1388 2843 hominem
1459 2789 1695 2859 figurat;
1752 2791 1798 2846 si
1864 2807 1995 2847 vero

424 2880 679 2933 amentiae
702 2893 890 2936 comes
917 2889 1023 2946 est,
1058 2882 1291 2938 bestiam
1342 2881 1558 2938 ratione
1588 2893 1868 2939 carentem
1902 2884 1997 2941 de-

420 2967 594 3039 pingit
653 2985 716 3026 ae
758 2971 978 3026 format.
1013 2972 1187 3028 Proba
1234 2974 1400 3044 igitur
1446 2988 1543 3030 eos
1601 2974 1693 3043 qui
1731 2975 1990 3045 prudenti

2094 508 2227 571 σίοις
2255 508 2577 578 ἀναδέξηται
2624 510 2827 573 ⁵ιιιόνοις,
2865 511 2946 573 είς
2978 511 3176 580 δεῖγμα
3226 512 3397 581 σαφὲς
3427 511 3528 581 τῆς
3567 514 3677 566 τῶν

2093 601 2394 670 μελλόντων
2421 601 2644 668 ἀγαθῶν
2671 602 2991 663 ἀντιδόσεως
3015 640 3032 666 ,
3062 603 3156 655 καὶ
3188 603 3287 674 τὴν
3317 604 3437 656 κατ’
3464 603 3677 673 ἐχθρῶν

2099 693 2257 761 νίκην
2316 693 2663 763 χρεωστικῶς
2720 692 2868 764 αύτῷ
2926 694 3337 766 χορηγουμένην
3407 698 3672 767 κομιεῖται

2092 784 2243 854 παρὰ
2270 783 2429 837 Θεοῦ.

2549 966 2690 1033 Περὶ
2730 964 2924 1035 φίλων
2961 966 3215 1022 πιστῶν.

2160 1060 2332 1127 Χαῖρε
2370 1060 2479 1121 τοῖς
2514 1057 2879 1129 σπουδάζουσι
2910 1057 3039 1128 περὶ
3070 1058 3131 1111 σὲ
3161 1059 3270 1112 τῶν
3305 1060 3474 1129 φίλων
3494 1103 3506 1123 ,
3542 1063 3681 1131 pa).-

2090 1150 2179 1203 λον
2204 1191 2219 1213 ,
2251 1151 2326 1213 ὡς
2359 1149 2638 1218 ἀληθέσιν,
2674 1148 2707 1219 ἢ
2739 1150 2852 1210 τοῖς
2884 1147 3031 1216 γένει
3064 1151 3454 1220 προσήκουσιν.
3475 1152 3541 1205 Ἦ
3578 1154 3678 1223 μὲν

2088 1243 2199 1313 γὰρ
2228 1242 2319 1295 τοῦ
2350 1242 2539 1309 γένους
2575 1241 2744 1309 φιλία,
2766 1241 2866 1292 οὐκ
2894 1239 2952 1304 ἐξ
2979 1242 3199 1311 ἀρετῆς,
3228 1242 3342 1296 ἀλλ’
3368 1244 3433 1296 ὲκ
3460 1244 3679 1311 φύσεως

2088 1332 2461 1403 περιγέγονεν,
2493 1332 2615 1401 ἥτις
2640 1331 2760 1383 οὐδὲ
2790 1332 3037 1394 ἑκούσιος
3068 1332 3166 1384 σὺν
3194 1332 3319 1403 δίκῃ
3352 1333 3676 1405 κριθείη.Ἦ

2085 1423 2142 1477 δὲ
2169 1424 2356 1494 ἀγάπη
2382 1423 2492 1475 τῶν
2523 1422 2693 1492 φίλων
2740 1424 2798 1487 ἑξ
2828 1423 3032 1493 ἀρετῆς
3055 1424 3149 1477 καὶ
3173 1424 3399 1494 γνώμης
3429 1426 3679 1479 ἑκουσίου

2086 1514 2447 1583 κατώρθωται
2494 1514 2620 1583 περὶ
2670 1513 2751 1566 σέ.
2780 1514 3021 1583 Κάκείνη
3075 1513 3171 1583 μὲν
3215 1513 3313 1584 τὴν
3362 1513 3524 1583 φύσιν
3558 1514 3675 1585 ἔχει

2087 1606 2274 1676 νόμον,
2304 1606 2443 1675 αὕτη
2490 1606 2548 1658 δὲ
2596 1605 2687 1658 τὸν
2722 1605 2874 1659 Θεὸν.
2915 1604 3104 1675 Πολλῷ
3151 1605 3261 1676 γὰρ
3307 1607 3573 1676 κρείττων
3620 1609 3680 1659 ὲν

2090 1702 2250 1771 χρείᾳ
2283 1701 2376 1753 καὶ
2404 1701 2432 1752 ὁ
2460 1697 2659 1769 τρόπος
2688 1697 2783 1751 τοῦ
2806 1698 3021 1764 γένους,
3050 1698 3146 1750 καὶ
3174 1699 3210 1769 η
3236 1697 3557 1768 προαίρεσις
3579 1697 3679 1767 της

2095 1792 2359 1861 ἀνάγκης.
2392 1792 2681 1860 Συγγενεϊς
2710 1791 2810 1861 μὶν
2836 1791 2943 1860 γὰρ
2972 1790 3261 1858 συγγενέσι
3296 1789 3559 1851 πολλάκις
3591 1806 3680 1858 μι-

2095 1886 2244 1955 κρῶν
2274 1884 2437 1938 ἓνεκα
2469 1883 2768 1955 χρημάτων
2794 1881 3193 1936 ἐπεϐούλευσαν
3216 1899 3231 1914 ο
3260 1880 3404 1949 φίλοι
3444 1880 3499 1933 δὲ
3538 1879 3675 1946 ἀλη-

2095 1977 2207 2041 θεῖς
2240 1976 2331 2029 τὸν
2376 1976 2580 2045 κόσμον
2624 1976 2840 2030 ἅπαντα
2890 1973 3228 2044 παριδόντες,
3257 1972 3377 2027 οὐδὲ
3402 1971 3499 2044 τὴν
3532 1969 3681 2043 ζωὴν

2094 2066 2264 2139 αὐτὴν
2290 2068 2387 2139 τῆς
2416 2068 2525 2121 τῶν
2560 2066 2727 2137 φίλων
2750 2065 2972 2137 ἀγάπης
3002 2063 3357 2137 προέκριναν.

2397 2342 2535 2411 Περὶ
2568 2342 2847 2411 ἀνδρείας
2882 2340 2978 2393 καὶ
3003 2339 3374 2407 φρονήσεως.

2181 2432 2401 2504 Ῥώμην
2421 2432 2672 2501 σώματος
2701 2433 2794 2485 καὶ
2817 2430 2952 2499 τίμα
2986 2430 3081 2483 καὶ
3114 2430 3403 2500 ἀποδέχου,
3451 2429 3545 2483 ὲάν
3581 2433 3681 2484 καὶ

2098 2528 2357 2597 φρονήσει
2379 2528 2686 2592 κοσμεῖται.
2714 2523 2878 2577 Ὅσον
2902 2523 3007 2594 γὰρ
3033 2520 3171 2591 μετά
3194 2521 3508 2592 φρονήσεως
3533 2521 3685 2590 ὠφε-

2097 2619 2208 2672 λεῖν
2265 2617 2510 2679 δύναται,
2560 2613 2817 2667 τοσοῦτον
2872 2614 2999 2667 ἄνευ
3046 2613 3361 2682 φρονήσεως
3416 2611 3684 2681 βλάπτειν

2098 2710 2223 2771 τοὺς
2250 2708 2469 2776 ἔχοντας
2498 2704 2707 2758 εἴωθεν.
2755 2703 2930 2772 ’ἰσχὺς
2958 2702 3064 2773 γὰρ
3113 2701 3340 2772 ἔμφρων
3395 2702 3685 2773 ἄνθρωπον

2095 2798 2528 2871 χαρακτηρίζει’
2583 2798 2632 2849 εί
2677 2796 2733 2849 δὲ
2785 2795 3062 2865 ἀφροσύνη
3111 2793 3288 2867 ταύτῃ
3348 2795 3685 2862 παρέπεται,
3763 2820 3769 2827 -

2099 2891 2286 2961 θηρίον
2310 2891 2503 2957 ἄλογον
2534 2887 2870 2954 ἐξεικονίζει.
2919 2885 3209 2955 ’Δποδέχου
3237 2886 3417 2938 τοίνυν
3450 2885 3524 2955 μὴ
3556 2886 3687 2948 τοὺς

2098 2982 2295 3053 ἄφρονι
2353 2980 2535 3053 ῥώμῃ,
2570 2979 2706 3035 ἀλλά
2759 2980 2889 3042 τοὺς
2950 2978 3185 3049 ἔμφρονι
3232 2977 3578 3048 χρωμένους.
3617 2979 3688 3032 'll

425 3060 642 3126 robore,
676 3075 785 3115 non
843 3062 936 3131 qui
1003 3063 1201 3117 stolido
1243 3072 1520 3118 utuntur:
1580 3065 1856 3135 siquidem
1911 3067 1992 3121 vis

2102 3074 2200 3145 μὲν
2226 3074 2334 3144 γὰρ
2380 3074 2517 3143 μετὰ
2562 3072 2875 3145 ἀφροσύνης
2908 3070 3066 3142 ῥώμη
3107 3068 3305 3140 θράσος
3362 3068 3622 3139 λέγεται⁸
3653 3074 3688 3140 ἡ

424 3164 552 3203 cum
589 3152 893 3207 stoliditate
924 3154 1216 3223 conjuncta
1246 3155 1549 3222 temeritas,
1581 3170 1708 3210 cum
1754 3156 1995 3226 pruden-

426 3240 500 3294 tia
539 3254 667 3296 vero
700 3241 961 3297 fortitudo
984 3244 1315 3314 appellatur.

1017 3334 1092 3389 De
1122 3336 1399 3393 modestia.

492 3422 553 3478 in
581 3432 632 3478 te
662 3425 959 3495 prepitium
1007 3428 1051 3482 si
1099 3427 1267 3482 Deum
1307 3429 1509 3485 habere
1550 3432 1655 3495 vis,
1704 3430 1821 3501 ipse
1871 3433 2001 3488 sub-

420 3515 586 3585 jcctis
616 3518 729 3571 tuis
762 3526 881 3571 esto
931 3519 1232 3589 propitius;
1287 3535 1411 3573 nam
1470 3522 1574 3577 etsi
1623 3523 1857 3577 aliorum
1901 3524 2000 3578 do-

427 3608 609 3663 minus
639 3624 699 3663 cs
724 3612 1083 3677 constitutus,
1120 3613 1238 3682 ipse
1269 3620 1453 3668 tamen
1484 3615 1649 3668 etiam
1682 3630 1877 3671 servus
1903 3631 1997 3681 es;

425 3716 595 3754 unum
647 3702 794 3757 enim
875 3718 942 3757 ac
1008 3706 1188 3759 solum
1267 3704 1647 3761 universorum
1707 3705 1998 3761 Dominum

425 3804 620 3846 omnes
673 3791 961 3860 habemus,
1014 3809 1079 3848 ac
1138 3794 1306 3850 limus
1359 3803 1521 3851 terra:
1572 3798 1789 3866 generis
1827 3798 2001 3852 nostri

427 3891 623 3937 auctor
646 3883 786 3938 idem
822 3899 885 3938 ac
915 3892 1247 3956 propagator
1276 3894 1398 3953 est;
1451 3888 1557 3943 etsi
1585 3888 1680 3942 alii
1734 3888 2001 3944 adversus

427 3976 587 4039 alios,
627 3976 720 4045 qui
764 3977 900 4031 nihil
944 3978 1050 4033 nisi
1097 3978 1275 4047 pulvis
1337 3994 1531 4034 sumus
1563 3980 2000 4035 intumescimus.

426 4064 509 4120 'l‘u
552 4067 718 4137 igitur
748 4069 839 4137 qui
867 4084 1012 4124 nunc
1048 4069 1281 4124 sublime
1338 4072 1515 4125 elatus
1550 4070 1729 4140 pulvis
1763 4083 1843 4133 es,
1882 4086 2002 4125 me-

427 4166 613 4211 mento
661 4169 1161 4230 quantumcunque
1205 4161 1369 4214 modo
1428 4163 1695 4228 eutineas,
1755 4161 1999 4215 futurum

426 4248 725 4316 aliquando
747 4257 808 4302 ut
841 4249 906 4303 ad
937 4258 1139 4304 terram
1194 4250 1524 4320 deprimaris
1552 4268 1565 4303 :
1618 4252 1690 4306 ita
1725 4268 2000 4323 nunquam

404 4338 696 4393 adversus
752 4339 1097 4394 humiliorem
1166 4342 1445 4411 pulverem
1491 4342 1675 4397 animo
1730 4343 1999 4399 cil‘ereris.

2098 3163 2155 3217 δὲ
2196 3163 2332 3233 μετὰ
2366 3162 2706 3233 φρονήσεως,
2733 3160 2976 3231 ἀνδρεία.

2513 3336 2651 3403 Περὶ
2685 3336 3269 3404 ταπεινοφροσύνης.

2172 3433 2358 3485 Ἷλεων
2393 3432 2535 3500 ἔχειν
2562 3428 2738 3499 βούλει
2769 3428 2893 3499 περὶ
2922 3428 2983 3480 σὲ
3017 3426 3110 3479 τὸν
3137 3426 3307 3485 Θεόν;
3338 3424 3497 3487 ἵλεως
3524 3427 3696 3493 γενοῦ

2101 3524 2231 3595 περὶ
2267 3525 2393 3587 τοὺς
2428 3522 2703 3590 ὑπηκόους
2726 3521 2822 3573 καὶ
2854 3519 3039 3583 αὑτός.
3086 3518 3203 3572 Κᾶν
3255 3517 3366 3589 γάρ
3412 3518 3697 3590 δεσπότης

2103 3616 2366 3687 ὲκρίθης,
2402 3613 2536 3667 ἀλλὰ
2580 3613 2675 3666 καὶ
2724 3611 3010 3673 σύνδουλος
3062 3609 3352 3679 ὑπάρχεις.
3385 3609 3527 3662 Ἕνα
3580 3611 3698 3683 γὰρ

2103 3706 2384 3775 Δεσπότην
2413 3703 2525 3756 τῶν
2560 3702 2696 3755 ὅλων
2751 3701 2846 3755 καὶ
2906 3700 3065 3764 μόνον
3117 3698 3437 3769 κεκτήμεθα
3474 3700 3691 3765 πάντες

2104 3795 2410 3866 ἀνθρωποιο
2436 3793 2531 3847 καὶ
2567 3792 2735 3862 πηλὸς
2766 3792 2922 3861 ἡμῶν
2948 3790 3041 3843 τοῦ
3078 3789 3269 3857 γένους
3320 3783 3401 3851 εἷς
3445 3789 3703 3862 ὑπάρχει

2103 3885 2427 3955 προπάτωρ,
2480 3884 2585 3937 κᾶν
2644 3883 2769 3937 κατ’
2798 3880 3050 3951 ἀλλήλων
3089 3881 3138 3933 οί
3193 3881 3318 3949 χόες
3357 3880 3699 3951 φυσώμεθα.

2103 3979 2369 4049 Μέμνησο
2394 3976 2575 4030 τοίνυν
2600 3977 2627 4028 ό
2654 3973 2855 4045 ὑψηλὸς
2908 3972 3038 4043 χοῦς
3070 3970 3324 4035 σεαυτοῦ,
3356 3973 3450 4024 καὶ
3485 3972 3554 4028 εὖ
3589 3976 3704 4030 ἴσθι

2102 4071 2177 4134 ὡς
2210 4073 2343 4125 ὅπου
2373 4071 2418 4124 δ’
2462 4070 2529 4123 ἂν
2561 4069 2782 4140 eodem
2807 4068 2914 4122 ἀπὸ
2963 4069 3086 4138 γῆς,
3115 4066 3332 4129 πάντως
3360 4065 3526 4119 πάλιν
3562 4086 3706 4123 κατ-

2105 4166 2369 4237 ενεχθήσῃ
2404 4165 2539 4235 πρὸς
2565 4163 2698 4233 γῆν·
2740 4163 2830 4217 καὶ
2858 4162 3112 4215 οὐδέποτε
3156 4160 3297 4214 κατά
3341 4159 3465 4231 χοὸς
3517 4165 3705 4235 ἐπαρ-

2104 4257 2245 4331 θήσῃ
2287 4255 2568 4310 ταπεινοῦ.
2599 4255 2863 4323 Μέμνησο
2892 4254 3002 4306 τῶν
3061 4251 3287 4305 σεαυτοῦ
3350 4252 3705 4320 σφαλμάτων

2108 4344 2244 4419 πρῖις
2265 4348 2419 4413 Θεὸν,
2461 4348 2557 4400 καὶ
2581 4346 2814 4417 ιπιλησῃ
2832 4345 2940 4397 τῶν
2964 4343 3058 4397 τοῦ
3084 4343 3314 4413 πλησίον
3341 4342 3477 4411 seu)
3486 4346 3691 4415 μάτων

429 4432 740 4488 Recordare
765 4444 1109 4504 peccatorum
1136 4449 1257 4503 quae
1285 4434 1338 4487 in
1358 4432 1523 4487 Deum
1549 4434 1903 4488 commisisti:
1927 4436 1999 4488 iza
2034 4446 2076 4502 ο
2106 4440 2243 4512 πρὸς
2274 4440 2353 4493 σέ.

432 4524 525 4576 ﬁet
552 4530 609 4576 ut
652 4524 698 4579 si
724 4524 856 4594 quid
890 4524 1123 4592 proximi
1156 4526 1211 4579 in
1259 4530 1313 4578 te
1337 4524 1643 4590 peccarint,
1708 4524 2005 4579 oblivisca-

429 4614 525 4669 ris.

1024 4705 1099 4762 De
1121 4707 1424 4777 prudentia.

498 4798 731 4869 Reputa,
759 4814 965 4871 qtmso,
1002 4811 1210 4870 quanto
1232 4800 1305 4855 sit
1340 4799 1481 4869 apud
1513 4816 1705 4856 omnes
1727 4801 1779 4856 in
1801 4800 2007 4855 honore

430 4892 751 4964 prudentia,
778 4902 835 4947 et
864 4907 1028 4963 quam
1064 4894 1414 4948 vehementer
1449 4892 1517 4948 ab
1548 4892 1807 4948 omnibus
1836 4908 2004 4963 expe-

428 4994 609 5051 tatur;
670 4998 864 5038 omnes
917 4985 1062 5039 enim
1117 5000 1238 5038 eam
1292 4985 1518 5039 laudant
1581 4992 1639 5038 ut
1664 4983 2006 5048 bonam,sed

430 5093 540 5133 non
582 5093 773 5132 omnes
830 5077 1081 5131 laborant
1113 5087 1170 5131 ut
1212 5090 1331 5131 eam
1366 5077 1741 5145 adipiscantur
1773 5091 1922 5145 :quo
1952 5076 2007 5131 iit

430 5179 490 5225 ut
521 5186 647 5224 raro
681 5169 775 5240 qui
802 5184 865 5223 ea
896 5168 1157 5238 praeditus
1173 5168 1245 5222 sit
1269 5168 1511 5238 reperire
1546 5168 1743 5236 possis.
1772 5165 1850 5221 Tu
1877 5182 2006 5223 vero

432 5262 499 5314 da
533 5276 758 5331 operam
792 5276 901 5315 noa
935 5260 1114 5314 solum
1148 5266 1206 5313 ut
1255 5273 1375 5314 eam
1423 5258 1874 5314 contubernalem
1911 5260 2007 5313 ba-

432 5352 591 5413 beas,
653 5352 747 5405 sed
806 5352 971 5406 etiam
1029 5352 1073 5405 si
1130 5352 1256 5420 quis
1290 5350 1495 5419 estqui
1532 5350 1677 5404 illam
1715 5357 1918 5413 teneat,
1950 5360 2009 5405 ut

433 5458 561 5495 eum
585 5443 866 5506 observes,
904 5451 1068 5512 atque
1116 5446 1170 5499 iu
1200 5442 1377 5511 pretio
1398 5441 1625 5502 habeas.
1655 5452 1709 5496 et
1756 5457 1881 5496 cum
1917 5442 2008 5496 illo

429 5536 688 5604 frequens
710 5546 872 5591 nocte
898 5534 1092 5606 dieque
1124 5536 1392 5591 verseris:
1427 5535 1516 5588 ilic
1534 5534 1679 5590 enim
1706 5535 1859 5591 solus
1892 5536 2008 5589 ani-

435 5643 584 5683 mum
620 5640 771 5682 tuum
814 5628 1010 5698 iuvare
1052 5629 1353 5699 plurimum
1382 5628 1606 5699 poterit,
1637 5638 1691 5683 et
1739 5642 1861 5698 quze
1907 5625 2004 5679 tibi

432 5722 759 5794 plerumque
812 5722 866 5775 in
902 5721 1155 5791 angustis
1195 5721 1357 5775 rebus
1408 5719 1813 5791 inexplicabilia
1857 5717 2007 5770 vidc-

2616 4706 2758 4775 Περὶ
2798 4704 3169 4775 φρονήσεως.

2179 4797 2378 4851 Σκόπει
2412 4796 2553 4851 κατά
2587 4797 2839 4860 σεαυτὸν,
2866 4796 2949 4849 ὅτι
2975 4796 3136 4847 πᾶσιν
3160 4794 3469 4865 ἀνθρώποις
3499 4795 3536 4865 ἡ
3558 4798 3703 4866 φρῖ..

2108 4908 2261 4960 νησις
2288 4889 2589 4960 τιμιωτάτη
2648 4888 3011 4956 καθέστηκεν,
3063 4886 3196 4939 πᾶσι
3232 4886 3276 4938 δ’
3316 4884 3559 4953 ὑπάρχει
3608 4888 3704 4941 δτά

2112 4980 2369 5049 σπουδῆς.
2405 4979 2611 5041 Πάντες
2649 4979 2745 5048 μὲν
2785 4977 2893 5045 γὰρ
2923 4975 3093 5044 αὐτὴν
3126 4975 3203 5034 ὡς
3257 4972 3471 5043 ἀγαθὴν
3524 4975 3701 5032 ὲπαι-

2108 5074 2311 5135 νοῦσιν,
2340 5073 2399 5126 ού
2434 5072 2632 5135 πάντες
2648 5070 2701 5123 δὲ
2725 5069 3029 5139 κτήσασθαι
3055 5067 3298 5118 πονοῦσι.
3328 5064 3418 5117 Διὸ
3439 5064 3537 5119 καὶ
3563 5085 3709 5123 σπα.

2109 5168 2369 5222 νιώτατον
2390 5162 2571 5233 εὕροις
2594 5163 2661 5216 ἂν
2697 5161 2787 5213 τὸν
2816 5158 3020 5229 ταύτην
3060 5157 3427 5228 κτησάμενον.
3458 5158 3555 5227 Μὴ
3599 5162 3710 5229 μό..

2108 5280 2198 5315 νον
2218 5260 2309 5314 οὖν
2335 5259 2495 5322 αὐτὸς
2513 5256 2823 5324 σπουδάσης
2844 5252 2943 5323 τὴν
2961 5252 3222 5323 φρόνησιν
3251 5249 3499 5304 σύνοικον
3522 5251 3704 5320 ἔχειν,

2107 5354 2247 5409 ἀλλά
2280 5353 2374 5405 καὶ
2426 5351 2521 5404 τὸν
2547 5349 2749 5418 ταύτην
2801 5344 3140 5415 κεκτημένον
3193 5342 3365 5402 αἰδοῦ,
3399 5342 3493 5393 καὶ
3526 5343 3703 5410 τίμα,

2111 5441 2552 5509 συναναστρέφου
2584 5438 2754 5510 αὐτῷ,
2812 5436 2906 5491 καὶ
2956 5438 3012 5489 ἐν
3046 5435 3232 5505 ἡμέρᾳ
3282 5434 3376 5485 καὶ
3415 5434 3472 5484 ὲν
3509 5436 3705 5489 νυκτί.

2122 5534 2358 5595 Ἐκεῖνος
2390 5532 2499 5602 γάρ
2534 5548 2594 5584 σε
2626 5530 2849 5583 δύναται
2885 5529 3045 5599 μόνος
3094 5527 3375 5594 ὠφελῆσαι
3403 5522 3473 5575 τὰ
3539 5526 3711 5591 μέγι-

2113 5643 2210 5679 στα
2242 5626 2318 5687 εἰς
2345 5624 2523 5695 ψυχήν
2543 5639 2556 5653 ·
2600 5622 2695 5677 καὶ
2725 5622 2759 5676 ἃ
2787 5621 3047 5683 πολλάκις
3076 5616 3334 5689 ἀμήχανα
3358 5631 3438 5667 σοι
3464 5612 3705 5670 δοκοῦσι

2111 5718 2415 5791 πραχθῆναι
2443 5719 2499 5770 ὲν
2522 5715 2858 5790 περιστάσει,
2891 5713 3063 5768 ταῦτα
3084 5710 3148 5763 δι’
3175 5705 3341 5762 αὐτοῦ
3374 5703 3580 5779 ῥᾳδίως
3600 5707 3705 5763 σὺν
