4104 6440
371 329 510 372 1311

1123 312 1402 371 BASILII
1448 311 1605 371 IMP.
1639 309 2082 372 PARENESIS
2123 313 2222 374 AD
2262 316 2569 377 LEONEM
2609 315 2902 377 FILIUM.

3529 328 3637 369 XX!

371 428 495 498 Θεῷ
525 422 912 495 κατορθώσεις,
953 424 1023 474 Ἢ
1052 422 1160 493 γὰρ
1204 423 1468 492 φρόνιμον
1499 420 1638 476 εἷναί
1683 439 1742 474 σε
1784 423 1887 487 δεῖ,
1927 421 1957 491 ἢ

2066 425 2294 493 buntur,
2325 442 2388 482 ea
2421 443 2519 497 per
2555 429 2730 494 illum,
2770 428 2879 484 Deo
2911 427 3162 497 iuvante,
3189 431 3440 499 expedite
3472 435 3643 500 perii.

373 517 660 588 φρονίμοις
689 513 1046 580 συνέπεσθαι,
1081 515 1138 568 ἔν
1173 507 1258 574 οἷς
1289 513 1528 585 ἀληθῶς,
1553 513 1630 577 ὡς
1661 513 1753 567 ἐπὶ
1769 513 1961 584 θρόνου

373 609 508 674 Θεὸς
539 607 905 664 ἀναπαύεται.

609 793 746 862 Περῖ
783 793 1018 861 τρόπων
1055 789 1162 844 τοῦ
1182 790 1330 854 ,ϐίου
1357 786 1458 868 καί
1495 788 1708 857 λόγου.

450 888 665 958 Τρόπος
703 885 845 938 ἔστω
891 900 973 936 σοι
1029 881 1124 935 τοῦ
1171 880 1334 948 λόγου
1384 879 1726 950 πιστότερος,
1773 878 1860 930 ἵνα
1886 876 1961 948 μὴ

377 982 540 1050 μόνον
567 979 766 1046 λέγων,
803 975 940 1029 ἀλλά
971 974 1068 1028 καὶ
1100 971 1355 1036 σιωπῶν,
1391 972 1451 1025 τὸ
1477 971 1755 1040 αἱδέσιμον
1806 970 1956 1042 ἔχῃς.

383 1072 551 1125 Ἀλλά
607 1068 741 1141 μηδὲ
772 1069 898 1132 τοὺς
943 1066 1090 1136 λόγῳ
1117 1064 1215 1136 μὲν
1245 1063 1532 1131 πιθανοὺς,
1570 1062 1718 1134 ἔργῳ
1746 1061 1804 1116 δὲ
1835 1062 1962 1125 τοὺς

369 1162 566 1231 λόγους
599 1161 675 1232 μὴ
707 1159 1057 1229 βεϐαιοῦντας
1079 1157 1364 1228 ἀποδέχου.
1410 1155 1530 1209 Elei.
1560 1155 1667 1226 γὰρ
1717 1154 1766 1208 οἳ
1819 1154 1962 1226 λόγῳ

376 1254 479 1323 μὲν
503 1254 642 1307 εἰσιν
688 1251 906 1320 ἀγαθοὶ,
933 1249 1080 1321 ἔργῳ
1111 1250 1168 1304 δὲ
1219 1251 1313 1302 καὶ
1345 1247 1466 1301 λίαν
1521 1245 1757 1317 αἰσχροί.
1808 1247 1962 1316 Μήτε

371 1341 466 1398 οὗ)
515 1343 680 1406 αὐτὸς
718 1339 858 1396 εἶναι
917 1339 1160 1403 τοιοῦτος
1211 1338 1355 1403 θέλε,
1411 1337 1551 1408 μήτε
1605 1336 1714 1407 μὴν
1741 1336 1964 1408 ἑτέρους

373 1434 600 1505 ereptae
655 1430 930 1494 τοιούτους
991 1427 1131 1486 εῖναι
1178 1427 1477 1500 καταδέχου
1499 1443 1512 1458 ·
1563 1426 1680 1481 ἀλλ’
1719 1414 1962 1491 ἐκείνους

375 1527 572 1596 στέργε
595 1523 692 1578 καὶ
729 1522 954 1586 οἱκειοῢ,
997 1519 1194 1584 οἵτινες
1243 1520 1306 1574 ού
1349 1517 1617 1588 κοσμοῦσι
1666 1517 1794 1581 τοὺς
1832 1517 1962 1587 τρό-

375 1632 514 1679 πους
563 1614 728 1684 λόγῳ,
759 1612 896 1666 ἀλλά
932 1613 1060 1674 τοὺς
1095 1611 1288 1679 λόγους
1318 1607 1528 1679 τρόπῳ.
1579 1607 1689 1661 Καὶ
1721 1605 1758 1660 ἃ.
1797 1605 1962 1660 πάλιν

372 1708 638 1777 πράττειν
689 1704 958 1778 αἰσχύνῃ,
999 1703 1174 1756 ταῦτα
1213 1700 1393 1770 λέγειν
1449 1699 1525 1772 μὴ
1583 1699 1956 1769 ἀναισχύντευ

2065 519 2180 573 cies
2211 537 2225 574 :
2258 528 2350 572 aut
2377 521 2524 575 enim
2553 529 2606 576 te
2626 521 2952 591 prudentem
2979 535 3102 576 esse
3140 529 3379 590 oportet,
3414 531 3510 576 aut
3561 526 3640 578 uti

2067 610 2302 665 consilio
2357 611 2718 680 prudentum,
2752 611 2807 666 in
2835 611 3039 682 quibus
3061 612 3220 681 quasi
3243 612 3296 666 in
3346 614 3486 668 solio
3539 628 3644 668 suo

2066 700 2210 756 Deus
2232 702 2603 772 conquiescit.

2567 792 2644 847 De
2673 793 2779 847 vita
2806 800 2855 847 et
2889 793 3156 850 oratione.

2135 884 2238 938 Tui
2269 899 2450 942 mores
2478 885 2753 956 ejusmodi
2781 887 2914 950 sint,
2975 893 3035 940 ut
3093 885 3198 940 lide
3235 885 3513 954 digniores
3543 885 3643 939 ha-

2071 977 2306 1032 beantur
2348 991 2510 1046 quam
2562 991 2871 1043 sermones,
2911 993 3021 1047 quo
3077 986 3133 1032 te
3169 991 3276 1031 non
3331 979 3510 1032 solum

2065 1074 2346 1136 quentem,
2367 1067 2464 1123 sed
2493 1073 2767 1123 tacentem
2788 1068 2950 1123 etiam
2969 1073 3329 1122 revereantu-r
3354 1066 3578 1123 homine
3595 1083 3637 1121 τι

2065 1173 2243 1228 neque
2301 1173 2396 1214 eos
2431 1159 2532 1213 tibi
2578 1157 2826 1214 adscisce
2853 1159 2945 1228 qui
2979 1160 3161 1214 verbis
3193 1159 3349 1229 probi
3383 1158 3545 1212 factis
3577 1174 3644 1214 ea

2066 1265 2176 1304 non
2197 1251 2552 1306 conlirmant.
2589 1248 2730 1306 Sunt
2755 1251 2902 1306 enim
2954 1251 3206 1305 nonnulli
3239 1250 3336 1321 qui
3374 1265 3499 1306 cum
3540 1250 3640 1302 ho-

2065 1343 2383 1400 nestissime
2399 1343 2717 1413 loquantur,
2739 1342 3064 1413 turpissime
3095 1343 3307 1398 vivunt.
3339 1341 3483 1396 Cave
3511 1353 3646 1409 ergo

2064 1450 2134 1491 ne
2167 1443 2261 1490 aut
2297 1443 2353 1489 tu
2404 1435 2606 1492 similis
2649 1448 2843 1490 eorum
2895 1435 2996 1500 sis,
3040 1443 3134 1489 aut
3169 1436 3252 1491 eis
3284 1433 3496 1489 similes
3543 1429 3646 1486 tibi

2063 1525 2362 1598 adjungas;
2395 1526 2493 1584 sed
2537 1541 2635 1582 eos
2686 1526 2850 1597 dilige
2879 1533 2933 1582 et
2979 1526 3076 1579 tibi
3103 1525 3157 1579 in
3208 1523 3642 1579 contubernium

2061 1616 2368 1686 adhibequi
2403 1631 2512 1671 non
2561 1630 2742 1672 mores
2787 1616 2996 1676 verbis.
3046 1615 3140 1670 sed
3174 1616 3342 1671 verba
3396 1613 3648 1668 moribus

2063 1710 2443 1764 cohonestant.
2469 1709 2535 1763 Et
2565 1724 2685 1779 quae
2724 1716 2778 1763 te
2818 1707 2998 1762 facere
3048 1707 3234 1778 pudet,
3271 1723 3332 1762 ea
3355 1706 3542 1761 dicere
3586 1713 3642 1758 te

377 1793 517 1863 μηδὲ
559 1793 596 1846 ἃ.
663 1792 860 1860 λέγειν.
896 1791 1132 1864 αἰσχύνῃ
1161 1831 1176 1857 ,
1228 1788 1402 1843 ταῦτα
1463 1788 1728 1860 πράττειν
1769 1786 1949 1841 διαλο-

2058 1819 2274 1872 quoque
2312 1802 2534 1872 pudeat,
2562 1811 2616 1854 et
2651 1816 2775 1870 quae
2831 1801 3016 1856 dicere
3043 1799 3222 1870 pudor
3245 1806 3414 1864 vetat,
3445 1812 3514 1853 ne
3542 1810 3641 1850 co-

370 1881 555 1952 γίζου.

659 1971 797 2042 Περὶ
819 1971 1083 2042 μελέτης
1105 1971 1223 2026 τῶν
1249 1971 1423 2028 θείων
1449 1972 1677 2041 Λόγων.

443 2064 661 2133 Ὠσπερ
711 2063 779 2117 τά
831 2062 1061 2134 νεοθαλῆ
1095 2063 1202 2116 τῶν
1251 2062 1434 2132 φυτῶν
1470 2062 1811 2134 ἀρδευόμενσ.
1848 2065 1960 2128 τοῖς

368 2153 528 2208 ὕδασι
545 2153 727 2208 θάλλει
775 2155 868 2209 καὶ
893 2157 1261 2224 καρποφορεῖ,
1280 2153 1424 2207 οὕτω
1443 2154 1540 2208 καὶ
1569 2155 1604 2225 ἡ
1630 2154 1697 2226 σὴ
1723 2154 1962 2220 διάνοια,

366 2247 561 2300 τέκνον
595 2245 748 2315 ἐμὸν,
782 2245 1122 2317 ἀρδευομένη
1156 2248 1276 2308 ταῖς
1303 2245 1414 2298 τῶν
1459 2244 1620 2298 θείων
1644 2245 1821 2315 λόγων
1865 2261 1962 2315 με·

366 2337 576 2400 λέταις,
616 2335 698 2390 ἔτι
745 2335 948 2407 μᾶλλον
994 2335 1364 2406 αὐξηθήσεται
1394 2335 1490 2388 καὶ
1540 2336 1959 2407 καρποφορήσει

367 2429 467 2488 τὰς
503 2425 724 2496 ἀρετάς.
760 2425 930 2494 Σῶμα
971 2426 1070 2496 μὲν
1113 2425 1222 2495 γὰρ
1267 2424 1325 2478 αί
1398 2423 1726 2492 κατάλληλοι
1761 2421 1961 2494 τροφαὶ

367 2517 709 2575 λἰπαῐνουπυ
744 2515 924 2590 ψυχὴν
982 2515 1039 2569 δὲ
1069 2517 1119 2570 οἱ
1169 2516 1534 2586 πνευματικοὶ
1564 2515 1714 2584 λόγοι
1743 2514 1961 2582 διατρέ-

368 2632 583 2684 φουσιν.
627 2614 768 2666 Ἀλλ’
801 2613 988 2682 ἐκείνη
1028 2608 1127 2682 μὲν
1178 2609 1285 2682 γὰρ
1336 2610 1369 2682 ὴ
1408 2609 1606 2683 τροφὴ,
1661 2609 1822 2682 μέχρι
1856 2609 1958 2679 φά-

371 2723 579 2780 ρυγγος
611 2704 786 2776 ἡδεῖα,
806 2705 900 2758 καὶ
928 2703 1134 2774 φθορὰν
1166 2701 1339 2769 αὔξει,
1368 2703 1466 2757 καὶ
1500 2702 1604 2756 ὑπὸ
1630 2699 1836 2772 φθορᾶς
1861 2700 1960 2754 αύ-

369 2797 588 2862 ξὰνεται
661 2795 756 2850 καὶ
811 2793 1245 2848 δαπανᾶται..Ἦ
1299 2791 1356 2846 δὲ
1394 2792 1494 2862 τῆς
1543 2792 1721 2862 ψυχῆς
1783 2788 1960 2860 τροφὴ

365 2890 543 2945 ἀΐδιον
572 2888 687 2960 εχει
740 2888 841 2958 τὴν
871 2885 1235 2957 εὐφροσύνην,
1280 2885 1374 2938 καὶ
1403 2883 1718 2954 ἀφθαρσίαν
1756 2883 1956 2954 προξε-

365 2984 469 3047 νεῖ,
524 2981 622 3034 καὶ
659 2980 740 3043 είς
795 2977 1109 3051 ἀφθαρσίαν
1163 2977 1496 3048 μεταχωρεῖ.
1559 2974 1808 3044 Μελέτην
1863 2971 1956 3027 οὖν

364 3074 527 3128 ποιοῦ
561 3073 669 3126 τῶν
718 3070 976 3126 τοιούτων
1015 3071 1323 3142 ὠφελίμων
1371 3069 1685 3136 λόγωνλῖνα
1714 3069 1841 3131 τοὺς
1898 3068 1958 3132 ἐξ

2062 1895 2236 1967 git-are
2260 1893 2482 1966 quidem
2512 1893 2715 1946 lubeat.

2361 1983 2438 2038 De
2472 1985 2648 2038 studio
2683 1999 2964 2036 sacrarum
3006 1981 3356 2036 Litterarum.

2133 2080 2174 2131 0
2207 2075 2302 2140 ﬁli,
2344 2076 2804 2147 quemadmodum
2837 2082 3041 2129 tenera:
3089 2075 3291 2144 plantae
3350 2074 3510 2143 aquis
3559 2075 3637 2128 ir-

2061 2174 2250 2240 rigatze
2302 2170 2586 2224 virescunt
2631 2181 2696 2223 ac
2751 2166 2965 2221 fructus
3009 2165 3216 2230 ferunt,
3265 2166 3338 2220 ita
3370 2176 3640 2221 menstua

2060 2275 2344 2318 sacrarum
2377 2259 2711 2314 Litterarum
2754 2257 2955 2313 studiis
3010 2257 3214 2329 irrigua
3250 2259 3426 2329 magis
3477 2275 3642 2330 auge-

2062 2359 2199 2418 scet,
2234 2367 2298 2406 ac
2325 2351 2592 2406 virtutum
2631 2349 2844 2405 h-ttetus
2878 2350 3222 2419 procreabit;
3260 2365 3384 2403 nam
3436 2366 3642 2420 corpus

2060 2441 2284 2512 quidem
2335 2440 2622 2511 saginatur
2674 2440 2814 2494 cibis
2845 2442 2938 2509 qui
2996 2439 3142 2494 alius
3163 2455 3329 2510 super
3357 2440 3523 2494 alium
3559 2441 3644 2494 iu-

2061 2533 2410 2600 l'arciuntur;
2446 2533 2666 2588 animus
2707 2547 2838 2588 vero
2890 2533 3103 2586 sanctis
3131 2533 3482 2588 sermonibus
3539 2532 3642 2586 ali-

2059 2635 2150 2682 tur
2175 2641 2240 2682 ac
2273 2633 2590 2695 vegetatur;
2624 2625 2718 2680 sed
2750 2625 2854 2679 hoc
2889 2625 3122 2680 interest
3151 2624 3303 2694 quod
3361 2623 3523 2680 cibus
3555 2623 3645 2678 ille

2058 2715 2308 2786 corporis
2337 2714 2405 2769 ad
2452 2713 2638 2769 fauces
2670 2729 2844 2784 usque
2901 2714 3109 2780 suavis,
3141 2721 3195 2768 et
3235 2715 3642 2784 corruptionem

2061 2813 2242 2876 auget,
2271 2813 2326 2862 et
2358 2820 2387 2858 a
2425 2805 2786 2874 corruptione
2835 2813 3088 2876 augetur,
3123 2819 3187 2859 ac
3221 2805 3440 2860 tandem
3474 2805 3644 2859 absu-

2060 2899 2268 2966 mitur;
2305 2898 2474 2952 animi
2508 2912 2640 2952 vero
2696 2897 3018 2952 alimentum
3050 2898 3440 2966 sempiternam
3474 2897 3641 2950 menti

2059 2989 2215 3044 aliert
2238 2990 2502 3056 lanitium,
2532 2999 2586 3043 et
2619 2988 3091 3058 incorruptionem
3144 2988 3309 3058 parit,
3343 2994 3397 3042 et
3427 2985 3492 3040 ad
3546 2987 3647 3040 im-

2060 3082 2453 3138 mortalitatem
2483 3083 2733 3138 deducit.
2764 3080 3032 3136 Meditare
3060 3096 3192 3149 οι·εο
3247 3080 3320 3134 ita
3345 3077 3646 3149 frugiferos

367 3168 555 3220 αὐτῶν
587 3167 834 3236 καρποὺς
858 3166 1144 3238 τρυγήσῃς
1181 3155 1280 3218 καὶ
1322 3163 1502 3227 καλῶς
1534 3163 1630 3233 τὴν
1674 3162 1952 3232 βασιλείαν

2061 3189 2366 3237 sermones.
2414 3184 2471 3229 ut
2524 3183 2580 3230 et
2649 3188 2841 3229 eorum
2882 3173 3159 3228 fructibus
3208 3171 3532 3242 perfruaris,
3592 3179 3647 3225 et

363 3260 675 3329 διοικήςῃς.

935 3349 1073 3416 Περὶ
1106 3346 1371 3414 βουλῆς.
1728 3409 1731 3413 η

438 3440 653 3510 Βουλῆς
703 3439 940 3511 ἀρίστης
978 3438 1132 3490 οὐδὲν
1185 3435 1615 3506 ἀσφαλέστερον,
1664 3435 1758 3487 καὶ
1803 3433 1945 3504 πρά-

363 3533 504 3600 ξεως
533 3530 968 3603 ἀπροϐουλεύτου
1011 3530 1161 3583 οὐδὲν
1212 3527 1649 3597 σφαλερώτερον.
1691 3526 1810 3579 ’Ὶνα
1855 3521 1950 3578 οὖν

368 3622 511 3691 μετὰ
541 3620 845 3690 ἀσφαλείας
902 3619 1149 3690 πράττῃς
1189 3616 1225 3670 ἃ.
1282 3617 1484 3686 βούλει,
1529 3615 1685 3685 αἱροῦ
1714 3615 1953 3683 προϐου-

362 3710 619 3766 λεύεσθαι
650 3710 685 3765 ἃ
711 3712 991 3782 πράττεις.
1023 3707 1178 3763 Μετὰ
1241 3707 1340 3778 μὲν
1366 3705 1475 3777 γὰρ
1516 3707 1578 3760 τὺ
1614 3705 1820 3775 πρᾶξαι
1847 3707 1948 3758 οὐκ

364 3804 448 3858 ενι
468 3799 1000 3872 προϐουλεύσασθαι,
1032 3799 1169 3870 μετὰ
1194 3799 1251 3851 δὲ
1281 3797 1344 3852 τὸ
1375 3796 1766 3869 βουλεύσασθαι
1791 3798 1952 3851 δυνα-

360 3897 459 3951 τόν
482 3913 565 3948 σοι
601 3892 1160 3966 μεταϐουλεύσασθαι.
1191 3892 1336 3962 Ὅρα
1385 3890 1478 3944 οὖν
1504 3889 1738 3944 ἑκάστου
1772 3889 1954 3962 πράγ-

366 4004 541 4059 ματος
568 3986 630 4040 τὸ
668 3986 843 4048 τέλος,
911 3985 1008 4038 καὶ
1052 3984 1196 4038 οὓτω
1239 3986 1340 4053 τῆς
1389 3983 1642 4054 πράξεως
1673 3982 1948 4052 ἀπάρχου.

363 4078 704 4150 Συμσούλοις
725 4077 781 4130 δὲ
811 4075 931 4146 χρῶ
963 4078 1076 4140 τοῖς
1095 4076 1280 4140 καλῶς
1315 4077 1441 4145 περὶ
1463 4074 1572 4129 τῶν
1595 4075 1812 4129 οἰκείων
1836 4074 1956 4146 βου-

361 4170 721 4239 λευσαμένοις
761 4168 858 4220 καὶ
879 4168 1240 4236 διοικήσασιν,
1265 4165 1402 4221 ἀλλά
1434 4164 1509 4237 μὴ
1549 4168 1660 4230 τοῖς
1687 4167 1872 4230 κακῶς
1897 4166 1955 4233 ἐξ

360 4261 622 4323 ἀϐουλίας
677 4259 747 4312 τὰ
779 4259 990 4312 ἑαυτῶν
1036 4259 1478 4328 οίκονομήσασιν.
1525 4259 1585 4310 '0
1635 4260 1745 4329 γὰρ
1767 4259 1956 4323 κακῶς

361 4353 495 4420 περὶ
516 4353 583 4404 τὰ
607 4353 784 4404 οἰκεῖα
816 4349 1106 4413 διατεθεὶς,
1135 4349 1391 4402 οὐδέποτε
1429 4347 1609 4412 καλῶς
1666 4347 1954 4419 βουλεύσε-

359 4463 454 4498 ται
491 4445 623 4515 περὶ
648 4443 759 4497 τῶν
801 4441 1124 4514 ἀλλοτρίων.
1158 4440 1323 4494 Ἀλλὰ
1380 4440 1515 4511 μηδὲ
1545 4443 1657 4502 τοῖς
1702 4440 1956 4511 ἀπείροις

361 4537 495 4606 περὶ
521 4529 596 4588 ὧν
630 4535 696 4588 ἂν
727 4533 907 4605 βούλει
937 4533 1278 4602 πραγμάτων
1296 4530 1584 4585 ἀνακοινοῦ
1613 4570 1627 4594 ,
1676 4532 1813 4601 μήτε
1845 4531 1954 4601 μὴν

359 4629 482 4688 ταῖς
513 4625 827 4687 κολακείαις
856 4623 988 4695 περὶ
1018 4625 1078 4677 σὲ
1105 4625 1435 4694 χρωμένοις.
1469 4623 1532 4675 Ui
1571 4621 1670 4690 μὲν
1702 4623 1832 4690 γὰρ,
1878 4620 1954 4686 ὡς

357 4719 580 4788 τυφλοὶ,
609 4716 1058 4785 ἀνεπιστημόνως
1088 4713 1492 4785 βουλεύσονται,
1517 4714 1567 4766 oi
1590 4712 1646 4766 δὲ
1676 4713 1820 4766 κατά
1857 4711 1956 4782 χά-

370 4825 459 4878 ριν
493 4825 578 4860 σοι
617 4804 1061 4876 προελεύσονται.
1111 4803 1249 4858 Ἀλλ’
1282 4804 1515 4867 ἐκείνοις
1548 4804 1785 4873 μάλιστα
1817 4819 1958 4872 συμ-

361 4900 626 4955 ϐουλεύου
652 4899 702 4953 οἳ
732 4900 978 4968 καὶπερὶ
1007 4898 1066 4951 τὸ
1093 4897 1420 4953 ἐπίστασθαι
1461 4898 1590 4970 περὶ
1632 4897 1741 4950 τῶν
1775 4912 1957 4969 πραγ-

369 4993 560 5064 μάτων
582 4991 760 5063 ὀρθῶς
789 4989 991 5060 ἔχουσι,
1017 4990 1114 5043 καὶ
1140 4989 1188 5042 οἳ
1223 4990 1457 5060 μάλιστα
1499 4991 1591 5043 ἐπὶ
1621 4991 1731 5052 τοῖς
1754 4989 1958 5056 ἐσφαλ-

364 5086 554 5155 μένοις
640 5099 724 5136 σοι
785 5081 1043 5146 πολλάκις
1120 5081 1417 5152 διελέγχειν
1481 5079 1740 5134 εἰώθασιο
1805 5081 1960 5151 μόνοι

357 5178 432 5245 γά
440 5195 471 5247 ρ
487 5170 637 5230 οὗτοι
649 5175 744 5228 καὶ
757 5173 925 5246 φίλων
942 5175 1036 5228 καὶ
1059 5191 1122 5227 συ
1131 5174 1376 5245 μσσύλων
1393 5171 1517 5246 [εἰς]
1535 5172 1684 5238 τάξιν
1703 5173 1950 5226 πιστεύε-

362 5272 488 5326 σθαι
517 5270 688 5336 ἄξιοι.

648 5363 790 5433 Περὶ
831 5365 1072 5434 ἁγνείας
1109 5364 1208 5419 καί
1247 5365 1670 5435 σωφροσύνης.

422 5459 618 5528 ’Δγνδν
648 5456 878 5511 σεαυτοῦ
903 5457 1063 5531 τήρει
1113 5456 1188 5528 μὴ
1219 5456 1379 5527 μόνον
1404 5456 1466 5509 τὸ
1496 5455 1676 5525 σῶμα,
1701 5454 1839 5509 ἀλλά
1863 5454 1956 5508 καὶ

356 5554 531 5622 αὐτὴν
559 5554 662 5623 τὴν
693 5550 1182 5622 διάνοιαν.”Ωσπερ
1212 5550 1323 5620 γὰρ
1349 5551 1377 5603 ὀ
1407 5548 1803 5621 διεφθαρμένος
1843 5547 1956 5618 βίος

355 5645 584 5716 χωρέζει
613 5643 772 5707 θεοῦ,
803 5642 949 5698 οὕτω
970 5645 1064 5697 καὶ
1085 5645 1117 5714 ἡ
1141 5645 1197 5697 ὲν
1225 5645 1418 5715 ἁγνείᾳ
1448 5643 1566 5712 ζωὴ
1597 5645 1788 5695 οἱκειοῖ
1818 5641 1956 5712 πρὸς

357 5737 710 5790 θεόνῙΕττνι)
759 5732 854 5790 οὖν
887 5738 948 5790 τὸ
981 5736 1096 5805 φιῖ);
1132 5753 1224 5789 σου
1268 5736 1522 5808 λαμπρὸν
1568 5735 1798 5790 ἐνώπιον
1847 5734 1955 5788 τῶν

2059 3282 2287 3338 regnum
2323 3277 2475 3321 tuum
2511 3269 2790 3337 sapienter
2815 3265 3196 3320 administres.

2660 3355 2738 3409 De
2784 3353 3032 3408 consilio.

2126 3445 2234 3501 Res
2273 3446 2418 3500 nulla
2452 3446 2704 3499 securior
2732 3452 2818 3500 est
2855 3443 3018 3511 quam
3055 3443 3280 3512 sapiens
3315 3442 3638 3504 consilium,

2055 3539 2303 3607 nihilque
2334 3536 2721 3606 periculosius,
2749 3550 2911 3604 quam
2943 3535 3258 3591 inconsulto
3313 3550 3428 3588 rem
3474 3533 3642 3588 ullam

2056 3629 2283 3702 aggredi
2316 3647 2328 3684 :
2361 3637 2422 3683 ut
2452 3643 2584 3699 ergo
2618 3635 2738 3682 tuto
2771 3626 2939 3682 facias
2993 3641 3114 3698 quae
3154 3628 3258 3692 vis,
3301 3625 3440 3680 velis
3486 3636 3646 3681 antea

2057 3722 2380 3777 consultare
2409 3736 2532 3792 quae
2589 3721 2760 3775 lacis:
2793 3729 2915 3791 post
2963 3720 3168 3774 factum
3205 3719 3350 3772 enim
3418 3721 3645 3772 consul-

2057 3814 2209 3868 tandi
2242 3814 2398 3869 locus
2424 3813 2665 3883 amplius
2724 3828 2835 3867 non
2867 3819 2972 3868 εει.
3036 3811 3142 3865 Sed
3176 3819 3300 3882 post
3328 3809 3520 3864 initam
3553 3808 3646 3862 dc-

2056 3901 2433 3957 liberationem
2496 3907 2711 3955 mutare
2759 3901 2922 3955 etiam
2957 3901 3083 3954 licet
3135 3900 3454 3954 consilium.
3508 3897 3641 3951 Per—

2056 3994 2233 4065 pende
2261 3992 2428 4062 igitur
2459 4006 2722 4062 quorsum
2776 4007 2865 4047 res
2894 4005 3127 4060 quaeque
3175 3989 3406 4044 evadere
3454 3997 3642 4058 queat.

2057 4093 2222 4155 atque
2251 4085 2324 4137 ita
2365 4083 2583 4138 demum
2616 4082 2681 4136 ad
2717 4082 2863 4136 illam
2897 4081 3205 4152 accingere.
3245 4081 3306 4136 in
3352 4081 3641 4136 consilium

2067 4183 2251 4229 autem
2288 4189 2384 4228 eos
2415 4172 2639 4235 adhibe,
2677 4173 2770 4242 qui
2808 4171 2973 4228 rebus
3022 4172 3138 4226 suis
3183 4171 3320 4228 bene
3354 4172 3644 4228 consulue-

2057 4273 2190 4319 runt
2213 4303 2228 4325 ,
2264 4272 2428 4333 atque
2458 4278 2552 4318 eas
2576 4271 2724 4318 recte
2750 4261 3231 4328 administrarunt,
3273 4277 3379 4316 non
3425 4277 3520 4317 eos
3549 4263 3641 4331 qui

2059 4373 2157 4426 per
2216 4356 2452 4424 inopiam
2522 4351 2740 4408 consilii
2826 4367 2915 4407 res
2975 4365 3108 4408 suas
3172 4353 3312 4407 male
3371 4352 3644 4421 guberna-

2060 4457 2221 4514 runt;
2288 4447 2381 4518 qui
2445 4446 2591 4500 enim
2661 4444 2826 4499 rebus
2881 4443 2997 4498 suis
3053 4443 3194 4498 male
3262 4443 3640 4513 prospexerit,

2059 4554 2339 4608 nunquam
2371 4539 2511 4594 bene
2537 4536 2850 4608 providebit
2895 4537 3109 4591 alienis.
3139 4535 3328 4605 Neque
3353 4549 3482 4590 vero
3498 4550 3644 4590 corn-

2061 4632 2285 4684 munica
2338 4645 2461 4684 cum
2510 4626 2786 4698 imperitis
2840 4640 3034 4680 earum
3086 4641 3296 4690 rerum,
3343 4626 3409 4680 de
3441 4625 3644 4694 quibus

2057 4723 2351 4777 consilium
2385 4721 2560 4790 capis,
2619 4735 2796 4790 neque
2841 4733 2965 4772 cum
3004 4718 3072 4773 iis
3100 4733 3242 4787 quos
3289 4718 3503 4771 adulari
3543 4717 3641 4773 tibi

2058 4814 2266 4870 senties
2303 4831 2316 4867 :
2351 4812 2430 4866 illi
2458 4813 2604 4866 enim
2628 4819 2689 4865 ut
2720 4810 2850 4865 caeci
2876 4816 3194 4880 ignoranter
3221 4809 3314 4862 tibi
3349 4809 3640 4863 consilium

2059 4907 2302 4970 dabunt;
2337 4905 2388 4959 hi
2415 4915 2594 4959 aulem
2618 4904 2781 4959 etiam
2812 4911 2993 4958 errata
3032 4911 3123 4955 tua
3154 4901 3456 4955 laudabunt
3487 4917 3501 4954 :
3545 4901 3639 4956 sed

2059 5013 2152 5054 eos
2171 4997 2516 5068 potissimum
2539 4997 2593 5050 in
2614 4995 2908 5050 consilium
2935 5009 3179 5060 assume,
3213 4995 3304 5065 qui
3330 5003 3382 5050 et
3404 4997 3644 5052 scienter

2063 5092 2132 5146 de
2169 5091 2236 5146 iis
2261 5090 2426 5145 rebus
2469 5088 2619 5159 loqui
2655 5088 2894 5160 possint,
2920 5097 2972 5142 et
3026 5085 3096 5142 de
3125 5087 3236 5144 tuis
3277 5089 3476 5142 erratis
3505 5104 3643 5142 cono

2063 5183 2296 5238 ﬁdenter
2331 5189 2383 5236 te
2407 5180 2816 5251 reprehendere
2840 5179 3084 5246 soleant;
3119 5180 3197 5234 illi
3221 5181 3367 5234 enim
3424 5180 3528 5233 soli
3557 5179 3641 5233 di-

1955 5329 1958 5332 .
2055 5277 2147 5349 gni
2176 5283 2325 5344 sunt,
2356 5274 2450 5346 qui
2479 5275 2532 5328 in
2552 5273 2747 5328 amicis
2781 5281 2834 5327 et
2865 5272 3198 5327 consiliariis
3233 5273 3563 5326 habeantur.

2413 5362 2489 5418 De
2522 5366 2770 5420 castitate
2812 5372 2861 5417 et
2912 5365 3280 5432 temperantia.

2128 5455 2290 5513 Omni
2325 5456 2446 5510 labe
2476 5455 2835 5526 impudicitia:
2875 5469 3068 5523 purum
3113 5469 3376 5507 conserva
3405 5469 3513 5508 non
3548 5469 3639 5508 so.

2058 5551 2170 5606 lum
2207 5565 2429 5619 corpus,
2489 5548 2586 5605 sed
2625 5549 2791 5603 etiam
2833 5549 3076 5601 animum
3141 5556 3319 5601 tuum.
3355 5545 3636 5614 Quemad-

2059 5643 2280 5698 modum
2313 5643 2458 5698 enim
2497 5642 2774 5713 impudica
2831 5640 3002 5694 vitae
3064 5638 3172 5696 Deo
3234 5657 3332 5697 nos
3387 5651 3630 5711 separat,

2061 5737 2134 5814 ita
2183 5738 2534 5791 in'castitate
2601 5743 2880 5791 transacta
2944 5751 3043 5790 nos
3095 5734 3142 5790 ei
3207 5733 3486 5791 conciliat.
3553 5732 3634 5787 Sit
