4104 6436
438 334 568 375 XXXI

1750 318 2339 383 PROLEGOMENA.

3556 340 3710 381 ικχιι

434 452 567 509 ergo
587 437 679 491 lux
720 442 810 488 tua
841 433 1127 504 splendida
1161 443 1214 489 et
1262 434 1409 489 clara
1453 434 1506 488 in
1544 434 1719 489 oculis
1754 442 2014 498 tuorum;

2130 437 2244 489 ὺπδ’
2259 439 2436 507 χεῖρα,
2474 438 2567 491 καὶ
2598 436 2777 510 ἀγαθὴ
2809 438 2969 509 γενοῦ
3001 442 3112 507 τοῖς
3146 443 3407 515 ὑπηκόοις
3433 444 3618 501 εἰκών.
3651 448 3714 501 Et

434 541 489 587 et
515 538 634 586 esto
669 528 913 601 perfecta
947 530 1125 599 imago
1155 528 1379 583 virtutis
1411 529 1491 584 eis
1540 530 1633 599 qui
1670 527 1775 583 sub
1805 537 1899 582 tua
1927 528 2012 581 di-

435 624 583 677 tione
616 623 841 688 vivunt;
871 620 977 674 nisi
1007 620 1151 674 enim
1185 619 1507 690 pudicitiam
1532 620 1651 690 ipse
1681 620 2012 683 servaveris,

443 728 552 784 qua
589 715 769 768 fronte
795 728 914 781 eos,
939 712 1031 782 qui
1058 719 1165 765 tua:
1206 710 1571 766 dominationi
1608 709 1843 780 subjecti
1884 717 2016 765 sunt

435 806 503 860 ad
561 808 680 861 eam
720 805 1047 861 servandam
1100 803 1522 859 cohortaberis?
1564 802 1699 857 Nam
1752 818 1876 874 qua;
1932 802 2016 855 fa-

434 900 670 955 cientem
698 909 751 953 te
779 898 1041 963 videt-int,
1072 896 1137 951 ad
1164 895 1355 952 eadem
1386 910 1609 965 quoque
1644 893 1894 949 facienda
1925 894 2011 947 in-

434 993 791 1046 citabuntur:
846 993 1025 1047 solent
1081 991 1224 1045 enim
1268 988 1336 1042 ad
1372 988 1684 1057 exemplum
1739 987 2014 1059 principis

433 1084 637 1138 mutari
667 1084 925 1153 subjecti.
966 1084 1275 1153 Sicutergo
1313 1080 1419 1136 nisi
1486 1081 1542 1135 in
1581 1080 1825 1135 animum
1850 1079 2016 1135 indu-

434 1176 581 1231 xeris
606 1183 753 1231 recte
780 1176 944 1229 vitam
969 1175 1279 1239 instituere,
1299 1175 1483 1245 gravis
1510 1173 1828 1229 detrimenti
1846 1187 2015 1227 causa

433 1267 703 1337 subjectis
735 1268 848 1322 eris
877 1287 892 1323 :
934 1267 1008 1320 ita
1046 1267 1093 1322 si
1147 1266 1468 1337 pudicitiam
1504 1280 1628 1321 cum
1660 1266 1876 1321 caeteris
1899 1266 2013 1320 vir-

434 1357 647 1413 tutihus
710 1358 973 1422 colueris,
1020 1357 1216 1412 salutis
1257 1364 1456 1411 auctor
1517 1356 1777 1412 universo
1812 1356 2015 1427 populo

434 1447 567 1511 eris,
605 1455 656 1501 et
694 1447 818 1502 inde
850 1461 969 1501 eam
999 1446 1304 1503 mercedem
1347 1445 1577 1513 referes,
1611 1455 1673 1502 ut
1696 1463 1806 1503 non
1836 1448 2014 1503 solum

435 1548 487 1593 te
523 1536 634 1592 Deo
681 1538 931 1608 dignum.
994 1538 1091 1593 sed
1122 1553 1219 1594 eos
1252 1539 1419 1593 etiam
1466 1540 1556 1609 qui
1602 1539 1699 1595 tibi
1752 1539 2018 1596 obediunt

433 1631 761 1703 praestitisse
806 1631 1095 1701 jndiceris.

830 1724 906 1779 De
953 1726 1152 1794 pietate
1196 1742 1320 1795 erga
1352 1733 1619 1793 parentes.

503 1817 776 1871 Coronam
815 1831 843 1869 a
884 1816 992 1871 Deo
1012 1817 1194 1872 datam
1226 1817 1292 1871 de
1337 1832 1506 1871 manu
1549 1832 1666 1871 mea
1693 1817 2010 1888 suscepisti.

435 1909 622 1965 Redde
653 1925 785 1980 ergo
829 1910 1085 1964 donatori
1139 1924 1341 1963 munus
1391 1924 1457 1964 eo
1497 1909 1743 1980 dignum.
1791 1909 2010 1966 Honora

434 2001 605 2056 Deum
651 2002 744 2070 qui
780 2008 833 2055 te
884 2000 1171 2055 honoravit
1222 2015 1317 2066 per
1350 2000 1615 2057 honorem
1646 2016 1807 2071 quem
1867 2002 2011 2072 patri

433 2102 531 2148 tuo
558 2093 804 2149 deferes:
867 2108 955 2147 me
986 2103 1168 2148 autem
1207 2093 1506 2150 honorabis
1547 2109 1655 2149 non
1685 2095 1876 2150 eodem
1920 2112 2013 2165 pe-

434 2186 587 2241 nitus
612 2186 774 2240 modo
803 2199 914 2254 quo
964 2185 1195 2254 subjecti
1232 2184 1458 2248 faciunt,
1489 2200 1683 2257 nempe
1710 2197 1804 2242 aut
1830 2204 2010 2259 genu-

434 2275 661 2330 ﬂectens
705 2285 801 2329 aut
847 2277 989 2331 latus
1041 2291 1222 2330 meum
1261 2277 1498 2346 stipans,
1541 2285 1636 2332 aut
1685 2278 1816 2332 mihi
1873 2280 2015 2334 bene

442 2382 715 2435 precans:
755 2367 858 2422 ista
884 2367 1030 2423 enim
1083 2367 1331 2437 principe
1364 2368 1482 2422 viro
1516 2383 1622 2423 non
1686 2369 1823 2423 satis
1848 2369 2012 2439 digna

435 2464 598 2523 sunt;
644 2456 738 2511 sed
776 2455 961 2525 potius
1012 2456 1274 2511 virtutem
1323 2458 1533 2523 colens,
1589 2460 2011 2530 temperantiam

435 2562 697 2617 sequens,
735 2562 918 2603 mores
955 2556 1082 2603 tuos
1139 2563 1437 2610 exornans.
1494 2549 1804 2605 litterarum
1834 2551 2016 2606 studia

434 2654 762 2710 capessens,
795 2641 998 2710 quibus
1019 2641 1476 2711 animijuvenum
1518 2644 1695 2698 excoli
1734 2644 1934 2711 solent,
1965 2652 2021 2699 et

437 2739 499 2784 nt
532 2731 585 2784 in
620 2746 836 2785 summa
867 2731 1047 2800 dicam
1076 2733 1149 2787 ita
1192 2741 1247 2788 te
1291 2748 1645 2803 comparans,
1690 2745 1749 2791 ut
1802 2742 2021 2789 terreno

438 2824 545 2877 hoc
566 2824 794 2894 imperio
818 2824 1016 2895 dignus
1039 2825 1299 2890 habeare,
1326 2840 1389 2880 ac
1419 2827 1686 2880 cmlornm
1708 2827 1853 2898 regis
1880 2827 2015 2880 ima-

439 2916 618 2987 ginem
656 2926 1043 2987 repraesentes.
1095 2920 1147 2974 ls
1187 2921 1335 2975 enim
1378 2919 1533 2975 solus
1564 2919 1761 2974 merito
1798 2920 2019 2974 vocabi-

439 3020 532 3064 tur
562 3010 743 3081 imago
779 3009 870 3064 Dei
900 3025 928 3065 a
960 3025 1072 3081 quo
1104 3011 1159 3066 in
1201 3012 1356 3081 regni
1392 3012 1535 3066 solio
1579 3011 1887 3067 collocatus
1910 3021 2020 3076 est,

2118 528 2227 599 γὰρ
2262 530 2424 591 αὐτὸς
2448 531 2546 601 τὴν
2577 531 2801 600 ἁγνείαν
2845 533 2906 585 ού
2937 536 3225 605 τηρήσεις,
3263 538 3401 607 ποίῳ
3432 539 3713 609 προσώπῳ

2118 620 2245 680 τοὺς
2277 619 2382 672 ὑπὸ
2413 620 2472 673 σὲ
2501 622 2706 693 ταύτην
2735 622 2878 694 ἔχειν
2906 626 3289 697 νουθετήσεις;
3322 631 3388 682 Ἀ
3414 632 3523 702 γὰρ
3555 632 3622 686 ἀν
3653 649 3713 685 σε

2120 709 2430 780 πράττοντα
2458 713 2726 785 θεωρῶσι,
2749 716 2817 769 τὰ
2841 717 2981 770 αὐτὰ
3001 719 3096 772 καὶ¹
3124 720 3277 774 αὐτοὶ
3303 723 3565 793 πράττειν
3588 741 3714 777 συν-

2118 801 2400 872 ενεχθῶσι·
2427 804 2639 874 πέφυκε
2662 807 2771 877 γάρ
2804 826 2923 872 πως
2946 812 3066 874 ταῖς
3094 811 3291 882 ἀρχαῖς
3320 815 3711 885 συμμεταϐάλ-

2118 893 2308 949 λεσθαι
2351 897 2412 949 τὸ
2460 896 2946 971 ὑπήκοον.Ὦσπερ
2994 896 3087 956 οὖν
3110 941 3125 967 ,
3154 906 3202 957 εί
3236 905 3310 975 μὴ
3347 906 3526 970 καλῶς
3561 906 3713 977 βιοῦν

2123 992 2384 1061 προαιρῇ,
2415 992 2515 1061 τῆς
2545 992 2651 1045 τῶν
2680 993 2935 1065 ὑπηκόων
2965 995 3169 1067 βλάϐης
3195 999 3369 1062 αἴτιος
3425 999 3709 1070 ὑπάρξεις,

2120 1082 2264 1137 οὕτω
2287 1084 2386 1154 τὴν
2415 1084 2638 1154 ἁγνείαν
2664 1087 2801 1156 μετά
2826 1088 2935 1141 τῶν
2957 1088 3162 1143 λοιπῶν
3194 1090 3408 1161 ἀρετῶν
3435 1091 3708 1158 ἐξασκῶν,

2122 1174 2380 1242 πρόξενος
2404 1175 2497 1230 τοῦ
2527 1176 2658 1230 λαοῦ
2690 1194 2783 1231 σου
2813 1180 3012 1243 παντὸς
3046 1180 3146 1250 τῆς
3177 1182 3452 1253 σωτηρίας
3479 1184 3708 1256 γενήσῃ,

2121 1269 2216 1321 κα)¹
2248 1268 2421 1337 μέγαν
2456 1270 2669 1340 σεαυτῷ
2710 1272 2802 1324 τὸν
2847 1273 3035 1340 μισθὸν
3071 1273 3320 1328 ἐντεῦθεν
3349 1277 3707 1348 περιποιήσῃ,

2119 1358 2198 1429 τῷ
2231 1359 2305 1431 μὴ
2344 1361 2503 1430 μόνον
2537 1362 2761 1415 σεαυτὸν
2790 1362 2940 1431 ἀξιον
2972 1364 3130 1432 Θεοῦ,
3166 1366 3303 1421 ἀλλά
3329 1366 3424 1422 καὶ
3452 1368 3577 1433 τοὺς
3604 1367 3711 1422 ὑπὸ

2122 1454 2279 1519 χεῖρα
2307 1449 2560 1519 γενέσθαι
2590 1453 3057 1524 παρασκευάζειν.

2602 1721 2744 1789 Περὶ
2783 1724 2959 1793 τιμῆς
2997 1727 3247 1795 γονέων.

2193 1806 2467 1877 Στέφανον
2513 1809 2579 1862 ὲκ
2635 1811 2773 1865 Θεοῦ
2819 1813 2908 1866 διὰ
2952 1816 3051 1885 τῆς
3096 1817 3237 1888 ἐμῆς
3285 1816 3450 1883 ἐδέξω
3506 1821 3708 1891 χειρός.

2127 1899 2394 1969 Ἀμειψαι
2443 1900 2521 1972 τῷ
2563 1902 2818 1958 δεδωκότι
2851 1905 2913 1958 τὸ
2945 1906 3197 1975 ἀντάξιον
3242 1909 3435 1981 δῶρον.
3465 1911 3712 1983 Τίμησον

2123 1989 2256 2042 Θεὸν
2280 1991 2369 2044 τόν
2396 2008 2455 2043 σε
2482 1993 2790 2064 τιμήσαντα
2834 1996 2921 2050 διά
2950 1997 3048 2068 τῆς
3095 2001 3177 2063 εἰς
3210 1998 3301 2053 τὸν
3344 2003 3714 2074 γεγεννηκότα

2123 2081 2306 2151 τιμῆς.
2327 2082 2458 2153 Ἐμὲ
2488 2083 2543 2136 δὲ
2570 2085 2841 2157 τιμήσεις,
2874 2089 2935 2141 ού
2984 2090 3236 2162 καθάπερ
3282 2093 3427 2156 τινὲς
3461 2094 3569 2148 τῶν
3599 2095 3716 2149 ὕπ-

2123 2175 2305 2242 ηκόων
2325 2215 2338 2239 ,
2367 2173 2399 2245 ἢ
2436 2176 2751 2242 γονυπετῶν
2777 2218 2790 2242 ,
2821 2178 2854 2249 ἢ
2889 2178 3238 2250 δωροφορῶν,
3268 2182 3300 2254 ἢ
3335 2184 3673 2255 ἐπευφημῶν
3694 2201 3711 2215 ο

2126 2265 2320 2330 ἀνάξια
2348 2266 2456 2336 γὰρ
2484 2266 2656 2320 ταῦτα
2687 2269 2952 2339 βασιλέως
2989 2274 3213 2343 ἀνδρός·
3246 2274 3379 2327 ἀλλά
3415 2275 3590 2346 τιμῶν
3615 2276 3717 2346 μὲν
3770 2298 3775 2303 ι

2125 2357 2226 2427 τὴν
2273 2358 2495 2431 ἀρετὴν,
2533 2360 2718 2414 ἀσκῶν
2763 2362 2819 2415 δὲ
2851 2362 2950 2429 τὴν
2997 2365 3374 2436 σωφροσύνην,
3404 2369 3626 2438 κοσμῶν
3658 2369 3716 2422 δέ

2131 2466 2225 2502 σου
2254 2448 2315 2502 τὸ
2342 2445 2495 2521 ἦθος,
2529 2452 2848 2515 σπουδάζων
2894 2453 2951 2505 δὲ
3001 2455 3128 2525 περὶ
3158 2456 3286 2519 τοὺς
3318 2456 3531 2525 λόγους,
3570 2454 3651 2521 οἷς
3679 2463 3713 2529 ή

2125 2542 2236 2597 τῶν
2276 2543 2413 2597 νέων
2462 2544 2864 2610 καλλωπίζεται
2916 2547 3109 2621 γνώμη
3136 2566 3150 2581 ⁸
3196 2552 3291 2605 καὶ
3340 2550 3527 2615 ἀπλῶς
3573 2551 3718 2606 οῦτω

2130 2633 2355 2686 σεαυτὸν
2379 2636 2813 2706 παρασκευάζων
2838 2636 2987 2702 ἀξιον
3018 2638 3323 2709 βασιλεύειν
3342 2639 3451 2694 τῶν
3474 2641 3567 2695 ἐπὶ
3590 2641 3714 2711 γῆς,

2131 2726 2226 2777 καὶ
2256 2726 2441 2779 εἰκόνα
2466 2727 2559 2780 τοῦ
2592 2728 2857 2797 βασιλέως
2897 2730 3006 2784 τῶν
3036 2732 3306 2802 οὐρανῶν.
3342 2734 3519 2798 Μόνος
3550 2736 3659 2807 γὰρ
3687 2736 3716 2786 ὁ

2126 2817 2226 2886 τῆς
2258 2817 2458 2887 ἀρετῆς
2489 2818 2772 2889 ἐφικέσθαι
2800 2820 3094 2891 δυνάμενος
3128 2823 3293 2877 εἰκὼν
3317 2824 3409 2877 τοῦ
3442 2826 3719 2897 καταστή-

2131 2923 2323 2970 σαντος
2365 2908 2529 2961 αὑτὸν
2577 2908 2711 2963 Θεοῦ
2751 2911 2976 2975 δικαίως
3031 2913 3386 2985 κληθήσεται,
3418 2917 3515 2969 καὶ
3574 2917 3720 2983 μετὰ

2130 2998 2262 3053 Θεὸν
2294 3001 2444 3071 παρὰ
2473 3001 2582 3058 τῶν
2615 3003 2871 3075 ὑπηκόων
2896 3007 3120 3071 είκότως
3149 3008 3591 3080 ἀγαπηθήσεται,
3621 3009 3717 3063 καὶ

444 3101 538 3171 qui
565 3098 939 3158 omnimodam
977 3104 1237 3158 virtutem
1278 3101 1660 3171 amplexatur:
1688 3102 1845 3171 isque
1879 3101 2022 3171 Opti-

2130 3091 2205 3155 ὠς
2253 3093 2552 3165 εὐεργέτης
2602 3096 2777 3162 κοινὸς
2828 3098 3025 3153 ἑαυτοῦ
3052 3117 3108 3154 τε
3140 3100 3366 3158 καὶτῶν
3407 3100 3499 3156 ὑπ’
3529 3102 3714 3171 αὐτὸν,

441 3196 672 3265 mojnre
695 3197 939 3252 secundo
971 3197 1093 3251 loco
1130 3204 1255 3267 post
1299 3194 1466 3249 Deum
1505 3209 1534 3248 a
1560 3193 1827 3264 subjectis
1869 3210 2025 3251 ama-

439 3287 608 3351 bitur,
635 3296 687 3343 et
711 3297 971 3359 tanquam
1022 3288 1089 3342 de
1137 3303 1197 3342 se
1246 3286 1475 3357 suisque
1519 3285 1725 3355 Optime
1793 3287 2025 3343 meritus

441 3380 588 3436 omni
626 3381 837 3435 honore
862 3381 1063 3451 dignus
1089 3380 1403 3435 habebitur.

1041 3471 1119 3525 De
1175 3471 1411 3541 justitia.

515 3564 1070 3621 Administrationem
1106 3562 1261 3634 regni
1294 3571 1353 3617 ut
1405 3566 1557 3619 omni
1601 3566 2029 3635 reprehensione

442 3672 672 3711 vacuam
744 3665 997 3727 praestes,
1044 3671 1165 3726 quae
1219 3656 1275 3711 in
1311 3656 1436 3713 aliis
1495 3659 1858 3726 reprehendis
1914 3659 2029 3713 haec

444 3751 566 3821 ipse
597 3749 784 3805 facere
815 3764 883 3805 ne
913 3749 1158 3805 audeas:
1202 3757 1332 3804 sunt
1367 3750 1513 3804 enim
1548 3750 1878 3822 plerumque
1899 3751 2031 3805 sub-

443 3840 544 3894 diti
577 3842 643 3894 atl
671 3840 989 3911 principum
1028 3842 1277 3896 actiones
1316 3841 1712 3898 examinandas
1754 3844 2029 3899 acerrimi.

446 3935 505 3989 Si
538 3935 761 3991 enimid
783 3936 1076 4003 diligenter
1113 3935 1518 4001 observaveris,
1551 3936 1663 3990 duo
1699 3937 1891 3992 isthmc
1928 3953 2033 3991 ma-

444 4029 870 4101 ximi‘momenti
897 4027 1186 4084 commoda
1232 4030 1633 4099 consequeris:
1682 4038 1736 4085 te
1771 4031 1919 4085 enim
1954 4032 2030 4085 ir-

446 4122 848 4191 rcpreltensutn
876 4121 1144 4177 adversus
1174 4137 1366 4176 omnes
1380 4122 1684 4177 calumnias
1719 4124 2030 4193 przestabis.

444 4220 499 4266 et
536 4210 818 4277 subjectos
848 4219 977 4266 tuos
1011 4226 1122 4265 non
1149 4209 1385 4264 dicendo
1409 4211 1609 4275 solum,
1630 4212 1725 4266 sed
1747 4212 1910 4265 etiam
1948 4223 2031 4266 ta—

445 4303 620 4358 cendo
651 4303 910 4357 virtutem
948 4317 1169 4357 omnem
1207 4316 1467 4356 exercere
1514 4302 1760 4358 docebis.
1792 4302 1848 4357 Si
1900 4319 2032 4359 vero

2127 3184 2293 3251 ἀξίως
2319 3186 2704 3264 τιμηθήσεται.

2628 3479 2766 3545 Περὶ
2806 3479 3218 3547 δικαιοσύνης.

2206 3570 2322 3623 ’Ὶνα
2372 3586 2464 3625 σου
2512 3569 2612 3640 τὴν
2661 3569 2943 3638 βασιλείαν
2998 3569 3287 3641 ἄμεμπτον
3339 3572 3721 3648 διαφυλάξῃς,

2132 3664 2275 3734 ἅπερ
2300 3663 2365 3717 ἀν
2393 3664 2599 3735 ἑτέροις
2622 3664 2953 3732 πράττουσιν
2979 3665 3538 3734 ὲπιτιμήσεις,ταῦτα
3558 3666 3725 3737 πράτ-

2128 3772 2243 3808 τειν
2273 3756 2437 3819 αὐτὸς
2468 3755 2544 3826 μὴ
2573 3755 2930 3826 ἐπιχειρήσῃς
2952 3771 2965 3785 ο
2999 3755 3172 3808 δεινὸν
3214 3754 3324 3824 γάρ
3368 3773 3487 3819 πως
3530 3757 3589 3809 τὸ
3622 3758 3725 3810 ὑπ-

2132 3848 2296 3917 ήκοον
2326 3846 2425 3909 τὰς
2458 3846 2567 3899 τῶν
2600 3847 2881 3915 ἀρχόντων
2911 3846 3137 3916 πράξεις
3165 3847 3488 3914 λογοθετεῖν.
3520 3849 3584 3901 Εἰ
3613 3850 3722 3919 γὰρ

2129 3939 2288 3993 τοῦτο
2320 3939 2586 4010 φυλάξῃς,
2612 3939 2705 3992 δύο
2728 3940 2902 3993 ταῦτα
2946 3939 3179 4008 μέγιστα
3206 3942 3595 4011 κατορθώσεις,
3628 3941 3723 3994 aut

2133 4032 2358 4085 σεαυτὸν
2400 4029 2733 4101 ἀνέγκλητον
2767 4030 2969 4093 παντὸς
3006 4030 3199 4101 μώμου
3230 4030 3597 4103 διατηρήσεις,
3628 4032 3724 4085 καὶ

2132 4123 2256 4185 τοὺς
2283 4122 2386 4174 ὑπὸ
2417 4123 2573 4191 χεῖρα
2598 4120 2853 4186 διδάξεις,
2882 4122 2977 4175 καὶ
3013 4122 3235 4175 σιωπῶν
3260 4124 3355 4175 καὶ
3384 4123 3578 4192 λέγων,
3613 4126 3721 4178 πᾶ-

2132 4229 2232 4264 σαν
2267 4212 2453 4264 ἀσκεῖν
2483 4212 2706 4281 ἀρετήν.
2738 4210 2799 4264 Εἰ
2844 4212 2899 4263 δὲ
2927 4212 3167 4276 ἐναντία,
3201 4208 3276 4264 ὢν
3309 4213 3508 4279 λέγεις,
3542 4213 3722 4283 πράτ-

2129 4322 2263 4368 τεις,
2286 4303 2427 4368 ἕξεις
2453 4320 2546 4356 σου
2572 4304 2876 4374 κατήγορον
2904 4302 3002 4374 τὴν
3031 4304 3365 4374 συνείδησινο
3394 4304 3519 4356 εἰδὲ
3546 4304 3721 4371 λέγων

446 4395 611 4451 dictis
645 4396 753 4449 tuis
789 4394 934 4449 facta
964 4394 1192 4447 minime
1220 4393 1581 4463 respondent,
1630 4394 2023 4449 accustttricem

2137 4396 2338 4464 ἀγαθὰ,
2360 4396 2430 4451 τὰ
2460 4397 2622 4465 ὃμοια
2652 4397 2913 4464 πράττεις
2932 4435 2946 4459 ,
2983 4395 3125 4462 ἕξεις
3150 4396 3276 4457 τοὺς
3305 4394 3724 4464 λογοθετοῦντάς

448 4490 527 4542 ιιιί
561 4488 964 4544 conscientiam
998 4487 1264 4543 habebis:
1318 4501 1369 4543 at
1393 4490 1438 4543 si
1495 4489 1699 4559 probos
1749 4504 2030 4547 sermones

449 4579 659 4634 similes
687 4579 933 4633 actiones
988 4588 1425 4649 consequantur,
1478 4595 1573 4633 eos
1604 4581 1696 4649 qui
1735 4588 1787 4635 te
1840 4584 2036 4636 oltscr-

447 4681 599 4735 vant,
631 4680 737 4726 tua:
774 4672 1062 4741 probitatis
1093 4682 1147 4726 et
1198 4682 1369 4727 testes
1410 4672 1577 4727 simul
1608 4683 1661 4728 et
1728 4674 2034 4730 imitatores

452 4764 676 4819 habebis
718 4765 867 4819 omni
896 4763 1226 4834 exceptione
1253 4765 1517 4833 majores.

1007 4856 1082 4910 De
1119 4857 1483 4927 beneﬁcentia.

525 4947 747 5003 Nullius
778 4950 970 5004 eorum
1002 4952 1096 5020 qui
1124 4962 1214 5005 aut
1275 4966 1305 5005 a
1344 4962 1395 5006 te
1445 4968 1676 5007 munera
1733 4953 2037 5022 postulant,

452 5051 546 5094 aut
571 5041 867 5111 dignitates
901 5041 1185 5106 ambiunt,
1214 5057 1397 5097 mores
1449 5042 1546 5097 tibi
1589 5044 1844 5099 lateant:
1885 5060 2038 5099 cum-

453 5150 561 5204 que
608 5134 744 5190 satis
774 5149 870 5189 eos
898 5136 1266 5205 perspexeris,
1286 5135 1516 5191 benefac
1544 5136 1811 5191 duntaxat
1836 5136 1998 5193 bonis
2026 5156 2037 5190 :

453 5227 523 5278 ab
576 5226 659 5281 eis
723 5225 871 5280 enim
922 5235 1240 5295 perpetuam
1294 5228 1530 5297 recipies
1574 5228 2037 5292 benevolentiam,

453 5330 577 5385 quae
606 5317 760 5370 nullo
787 5330 1034 5387 unquam
1063 5326 1313 5386 tempore
1356 5318 1683 5372 vacillatura
1733 5321 1824 5374 sit.
1869 5320 2040 5374 Bene.

457 5408 640 5462 licium
666 5409 810 5463 enim
875 5408 1020 5479 apud
1076 5410 1253 5463 virum
1296 5410 1501 5465 bonum
1548 5411 1879 5466 collocatum
1922 5413 2041 5467 the-

457 5515 657 5555 saurus
680 5508 761 5555 est
802 5503 967 5557 nullis
1006 5502 1326 5572 raptoribus
1383 5502 1681 5570 obnoxius,
1718 5505 1813 5575 qui
1845 5506 2033 5560 multi-

458 5589 657 5660 plicem
695 5590 949 5645 collatori
1009 5592 1181 5649 refert
1242 5593 1509 5663 gratiam:
1562 5597 1657 5664 qui
1707 5606 1891 5648 autem
1937 5596 2041 5649 im—

460 5679 633 5748 probo
684 5680 821 5736 bene
871 5680 1005 5736 facit
1060 5692 1374 5754 serpentem
1430 5684 1484 5737 in
1544 5683 1669 5739 sinu
1716 5685 1837 5747 alit,
1884 5684 2043 5755 isque

464 5773 864 5845 aliquantisper
890 5774 1063 5859 ipsius
1092 5777 1293 5833 calore.
1324 5776 1561 5847 fovetur,
1592 5777 1689 5835 sed
1731 5777 1912 5834 oblata
1952 5792 2043 5833 oc-

2137 4506 2228 4541 σου
2274 4488 2365 4542 τὸν
2413 4487 2525 4558 βίον
2564 4486 2698 4556 ὁμοῦ
2756 4488 2849 4540 καὶ
2883 4488 3196 4558 μάρτυρας,
3231 4488 3325 4540 καὶ
3356 4491 3601 4559 μιμητάς
3630 4505 3724 4541 σου

2132 4579 2232 4649 τῆς
2262 4578 2670 4647 καλοκαγαθίας
2697 4578 3173 4650 ἀπαραγράπτους
3200 4576 3366 4644 ἕξεις.

2660 4848 2795 4915 Περὶ
2830 4847 3201 4917 εὐεργεσίας.

2208 4941 2533 4996 Λανϐανέτω
2558 4957 2616 4992 σε
2644 4941 2830 5010 μηδεὶς
2848 4939 2954 4993 τῶν
2986 4941 3136 5011 παρά
3158 4938 3251 4993 σοῦ
3279 4939 3485 5011 δωρεὰς
3516 4940 3727 4995 αἰτούν-

2140 5052 2265 5097 των,
2297 5032 2329 5104 ἢ
2358 5032 2645 5101 ἀξιώματα
2683 5029 3107 5100 ἐπιζητούντων,
3170 5030 3265 5083 καὶ
3315 5032 3539 5096 τούτους
3592 5035 3727 5086 ἀνα-

2141 5124 2457 5195 λαμϐάνων,
2477 5125 2605 5186 τοὺς
2629 5122 2871 5191 ἀγαθοὺς
2901 5118 2959 5175 εὖ
2993 5121 3351 5190 ποίει.Ἔξεις
3377 5124 3486 5196 γὰρ
3515 5126 3600 5178 ἀεὶ
3630 5126 3730 5195 τὴν

2141 5215 2355 5268 εὔνοιαν
2400 5213 2713 5274 διαπαντὸς,
2765 5211 2797 5282 ἢ
2859 5210 3060 5280 μᾶλλον
3110 5212 3305 5277 εἰπεῖν,
3368 5212 3727 5265 ἀδιάπτωτον.

2148 5307 2381 5368 ’Λσυλος
2405 5306 2514 5375 γὰρ
2540 5304 2814 5375 θησαυρὸς
2846 5303 2974 5375 παρ’
3008 5302 3165 5374 ἀνδρὶ
3192 5304 3489 5375 σπουδαίῳ,
3513 5304 3607 5357 καὶ
3636 5319 3733 5355 πο-

2146 5398 2523 5467 λυπλασίωνή
2567 5396 2727 5467 χάρις
2758 5396 2888 5467 παρ’
2940 5396 3125 5460 αὐτοῖς
3169 5396 3536 5466 ἐποφείλεται.
3578 5395 3635 5447 '0
3676 5394 3734 5448 δὲ

2147 5493 2273 5553 τοὺς
2304 5490 2505 5550 κακοὺς
2540 5487 2866 5555 εὐεργετῶν,
2914 5488 3203 5555 ὲγκόλπιον
3227 5486 3342 5556 ἔχει
3379 5488 3468 5541 τὸν
3496 5487 3640 5557 ὅφιν,
3675 5489 3734 5540 ἐν

2150 5582 2329 5652 καιρῷ
2358 5581 2458 5650 μὲν
2490 5580 2849 5648 θαλπόμενον,
2890 5581 2945 5632 ὲν
2995 5579 3173 5650 καιρῷ
3218 5578 3274 5631 δὲ
3309 5577 3399 5631 τὸν
3436 5579 3735 5650 εὐεργέτην

2152 5676 2344 5744 ἰοϐόλῳ
2364 5675 2600 5745 δήγματι
2622 5672 2987 5744 ἀμυνόμενον.
3015 5673 3226 5744 Ὥσπερ
3247 5672 3357 5741 γάρ
3386 5672 3435 5725 οἱ
3466 5671 3735 5742 ἀλλότριοι

2154 5769 2313 5832 κύνες
2345 5768 2451 5821 τῶν
2512 5766 2824 5832 σιτιζόντιυν
2855 5766 3018 5831 ξένων
3059 5763 3515 5831 καθυλακτοῦσιν,
3566 5764 3735 5827 οὕτως
