  <div class='ocr_page' id='page_1' title='image "/cluster/home/n/w/nwhite01/storage/ocr_20150623/107/coo.31924054870112/030.png"; bbox 0 0 4104 6434; ppageno 0'>
   <div class='ocr_carea' id='block_1_1' title="bbox 1076 389 2834 456">
    <p class='ocr_par' dir='ltr' id='par_1_1' title="bbox 1076 389 2834 456">
     <span class='ocr_line' id='line_1_1' title="bbox 1076 389 2834 456; baseline 0.002 -4"><span class='ocrx_word' id='word_1_1' title='bbox 1076 391 1360 454; x_wconf 84' lang='lat' dir='ltr'><strong>BASILII</strong></span> <span class='ocrx_word' id='word_1_2' title='bbox 1386 391 1544 455; x_wconf 83' lang='lat' dir='ltr'><strong>IMP.</strong></span> <span class='ocrx_word' id='word_1_3' title='bbox 1586 389 2031 453; x_wconf 69' lang='lat' dir='ltr'><strong>PARIENESIS</strong></span> <span class='ocrx_word' id='word_1_4' title='bbox 2058 392 2159 453; x_wconf 87' lang='lat' dir='ltr'><strong>AD</strong></span> <span class='ocrx_word' id='word_1_5' title='bbox 2193 390 2503 455; x_wconf 89' lang='lat' dir='ltr'><strong>LEONEM</strong></span> <span class='ocrx_word' id='word_1_6' title='bbox 2541 393 2834 456; x_wconf 83' lang='lat' dir='ltr'><strong>FILIUM.</strong></span> 
     </span>
    </p>
   </div>
   <div class='ocr_carea' id='block_1_2' title="bbox 295 502 1889 577">
    <p class='ocr_par' dir='ltr' id='par_1_2' title="bbox 295 502 1885 577">
     <span class='ocr_line' id='line_1_2' title="bbox 295 502 1885 577; baseline -0.003 -13"><span class='ocrx_word' id='word_1_7' title='bbox 295 510 341 564; x_wconf 81' lang='grc' dir='ltr'>οἱ</span> <span class='ocrx_word' id='word_1_8' title='bbox 368 508 526 567; x_wconf 70' lang='grc' dir='ltr'>κακοὶ</span> <span class='ocrx_word' id='word_1_9' title='bbox 550 503 680 570; x_wconf 74' lang='grc' dir='ltr'>τοὺς</span> <span class='ocrx_word' id='word_1_10' title='bbox 704 502 1081 574; x_wconf 82' lang='grc' dir='ltr'>ὠφελοῦντας.</span> <span class='ocrx_word' id='word_1_11' title='bbox 1133 506 1323 577; x_wconf 83' lang='grc' dir='ltr'>ὥσπερ</span> <span class='ocrx_word' id='word_1_12' title='bbox 1361 507 1489 569; x_wconf 83' lang='grc' dir='ltr'>τοὺς</span> <span class='ocrx_word' id='word_1_13' title='bbox 1524 504 1885 576; x_wconf 86' lang='grc' dir='ltr'>βλάπτοντας,</span> 
     </span>
    </p>
   </div>
   <div class='ocr_carea' id='block_1_3' title="bbox 1991 502 3572 577">
    <p class='ocr_par' dir='ltr' id='par_1_3' title="bbox 1993 504 3572 568">
     <span class='ocr_line' id='line_1_3' title="bbox 1993 504 3572 568; baseline 0.004 -7"><span class='ocrx_word' id='word_1_14' title='bbox 1993 506 2219 562; x_wconf 89' lang='lat' dir='ltr'><strong>casione</strong></span> <span class='ocrx_word' id='word_1_15' title='bbox 2246 515 2516 563; x_wconf 86' lang='lat' dir='ltr'><strong>venenato</strong></span> <span class='ocrx_word' id='word_1_16' title='bbox 2563 522 2754 562; x_wconf 89' lang='lat' dir='ltr'><strong>morsu</strong></span> <span class='ocrx_word' id='word_1_17' title='bbox 2806 504 3213 564; x_wconf 78' lang='lat' dir='ltr'><strong>benefactorem</strong></span> <span class='ocrx_word' id='word_1_18' title='bbox 3270 523 3432 565; x_wconf 84' lang='lat' dir='ltr'><strong>suum</strong></span> <span class='ocrx_word' id='word_1_19' title='bbox 3483 526 3572 568; x_wconf 84' lang='lat' dir='ltr'><strong>re-</strong></span> 
     </span>
    </p>
   </div>
   <div class='ocr_carea' id='block_1_4' title="bbox 294 593 1889 668">
    <p class='ocr_par' dir='ltr' id='par_1_4' title="bbox 294 595 1889 668">
     <span class='ocr_line' id='line_1_4' title="bbox 294 595 1889 668; baseline -0.005 -12"><span class='ocrx_word' id='word_1_20' title='bbox 294 600 579 657; x_wconf 75' lang='grc' dir='ltr'>ἀδικοῦσιν.</span> <span class='ocrx_word' id='word_1_21' title='bbox 614 597 890 666; x_wconf 72' lang='grc' dir='ltr'>Ἀγαθοὺς</span> <span class='ocrx_word' id='word_1_22' title='bbox 942 597 1055 668; x_wconf 99' lang='lat'><strong>7&amp;9</strong></span> <span class='ocrx_word' id='word_1_23' title='bbox 1083 597 1414 668; x_wconf 77' lang='grc' dir='ltr'><strong>εὐεργετῶν,</strong></span> <span class='ocrx_word' id='word_1_24' title='bbox 1456 598 1600 662; x_wconf 75' lang='grc' dir='ltr'>ἔξεις</span> <span class='ocrx_word' id='word_1_25' title='bbox 1660 595 1889 650; x_wconf 85' lang='grc' dir='ltr'>σεαυτὸν</span> 
     </span>
    </p>
   </div>
   <div class='ocr_carea' id='block_1_5' title="bbox 1991 593 3578 668">
    <p class='ocr_par' dir='ltr' id='par_1_5' title="bbox 1998 593 3578 656">
     <span class='ocr_line' id='line_1_5' title="bbox 1998 593 3578 656; baseline 0.006 -10"><span class='ocrx_word' id='word_1_26' title='bbox 1998 603 2279 648; x_wconf 89' lang='lat' dir='ltr'><strong>munerat.</strong></span> <span class='ocrx_word' id='word_1_27' title='bbox 2305 593 2462 650; x_wconf 87' lang='lat' dir='ltr'><strong>Sicut</strong></span> <span class='ocrx_word' id='word_1_28' title='bbox 2483 595 2629 650; x_wconf 90' lang='lat' dir='ltr'><strong>enim</strong></span> <span class='ocrx_word' id='word_1_29' title='bbox 2658 609 2826 652; x_wconf 89' lang='lat' dir='ltr'><strong>canes</strong></span> <span class='ocrx_word' id='word_1_30' title='bbox 2845 595 3041 653; x_wconf 91' lang='lat' dir='ltr'><strong>alienis</strong></span> <span class='ocrx_word' id='word_1_31' title='bbox 3081 597 3249 654; x_wconf 90' lang='lat' dir='ltr'><strong>etiam</strong></span> <span class='ocrx_word' id='word_1_32' title='bbox 3276 599 3465 656; x_wconf 80' lang='lat' dir='ltr'><strong>cibum</strong></span> <span class='ocrx_word' id='word_1_33' title='bbox 3486 599 3578 656; x_wconf 87' lang='lat' dir='ltr'><strong>ol-</strong></span> 
     </span>
    </p>
   </div>
   <div class='ocr_carea' id='block_1_6' title="bbox 294 683 1889 772">
    <p class='ocr_par' dir='ltr' id='par_1_6' title="bbox 294 688 1889 764">
     <span class='ocr_line' id='line_1_6' title="bbox 294 688 1889 764; baseline -0.004 -16"><span class='ocrx_word' id='word_1_34' title='bbox 294 691 649 754; x_wconf 80' lang='grc' dir='ltr'>πολλαπλοῦν,</span> <span class='ocrx_word' id='word_1_35' title='bbox 670 692 770 745; x_wconf 74' lang='grc' dir='ltr'>καὶ</span> <span class='ocrx_word' id='word_1_36' title='bbox 790 690 973 764; x_wconf 82' lang='grc' dir='ltr'>κτήσῃ</span> <span class='ocrx_word' id='word_1_37' title='bbox 998 690 1130 760; x_wconf 88' lang='grc' dir='ltr'>μίαν</span> <span class='ocrx_word' id='word_1_38' title='bbox 1157 688 1335 761; x_wconf 75' lang='grc' dir='ltr'>ψυχὴν</span> <span class='ocrx_word' id='word_1_39' title='bbox 1365 689 1577 743; x_wconf 79' lang='grc' dir='ltr'><strong>πολλῶν</strong></span> <span class='ocrx_word' id='word_1_40' title='bbox 1605 689 1773 758; x_wconf 79' lang='grc' dir='ltr'>φίλων</span> <span class='ocrx_word' id='word_1_41' title='bbox 1796 688 1889 743; x_wconf 81' lang='grc' dir='ltr'>καὶ</span> 
     </span>
    </p>
   </div>
   <div class='ocr_carea' id='block_1_7' title="bbox 1991 683 3625 772">
    <p class='ocr_par' dir='ltr' id='par_1_7' title="bbox 1995 683 3625 772">
     <span class='ocr_line' id='line_1_7' title="bbox 1995 683 3625 772; baseline 0.008 -36"><span class='ocrx_word' id='word_1_42' title='bbox 1995 683 2304 741; x_wconf 78' lang='lat' dir='ltr'><strong>ferentibus</strong></span> <span class='ocrx_word' id='word_1_43' title='bbox 2335 687 2638 752; x_wconf 87' lang='lat' dir='ltr'><strong>oblatrant,</strong></span> <span class='ocrx_word' id='word_1_44' title='bbox 2668 688 2742 741; x_wconf 89' lang='lat' dir='ltr'><strong>ita</strong></span> <span class='ocrx_word' id='word_1_45' title='bbox 2776 688 3032 745; x_wconf 83' lang='lat' dir='ltr'><strong>homines</strong></span> <span class='ocrx_word' id='word_1_46' title='bbox 3066 691 3314 760; x_wconf 81' lang='lat' dir='ltr'><strong>perversi</strong></span> <span class='ocrx_word' id='word_1_47' title='bbox 3342 691 3578 762; x_wconf 84' lang='lat' dir='ltr'><strong>perinde</strong></span> <span class='ocrx_word' id='word_1_48' title='bbox 3617 763 3625 772; x_wconf 89' lang='lat'>_</span> 
     </span>
    </p>
   </div>
   <div class='ocr_carea' id='block_1_8' title="bbox 308 405 3571 451">
    <p class='ocr_par' dir='ltr' id='par_1_8' title="bbox 308 405 3571 451">
     <span class='ocr_line' id='line_1_8' title="bbox 308 405 3571 451; baseline -0 -3"><span class='ocrx_word' id='word_1_49' title='bbox 308 405 464 449; x_wconf 72' lang='grc' dir='ltr'>ιιιιιι</span> <span class='ocrx_word' id='word_1_50' title='bbox 1079 405 1360 451; x_wconf 73' lang='grc' dir='ltr'>ΒΑδιωι</span> <span class='ocrx_word' id='word_1_51' title='bbox 1388 405 1544 451; x_wconf 69' lang='grc' dir='ltr'>ιΜΡ.</span> <span class='ocrx_word' id='word_1_52' title='bbox 1586 405 2031 451; x_wconf 67' lang='lat' dir='ltr'><strong>I’AIUISNESIS</strong></span> <span class='ocrx_word' id='word_1_53' title='bbox 2058 405 2159 451; x_wconf 80' lang='lat' dir='ltr'><strong>Al)</strong></span> <span class='ocrx_word' id='word_1_54' title='bbox 2193 405 2503 451; x_wconf 71' lang='lat' dir='ltr'><strong>LEUNEM</strong></span> <span class='ocrx_word' id='word_1_55' title='bbox 2543 405 2834 451; x_wconf 77' lang='lat' dir='ltr'><strong>FlLlUM.</strong></span> <span class='ocrx_word' id='word_1_56' title='bbox 3406 405 3571 451; x_wconf 71' lang='lat' dir='ltr'><strong>XXXIV</strong></span> 
     </span>
    </p>
   </div>
   <div class='ocr_carea' id='block_1_9' title="bbox 292 781 1366 855">
    <p class='ocr_par' dir='ltr' id='par_1_9' title="bbox 292 781 1366 855">
     <span class='ocr_line' id='line_1_9' title="bbox 292 781 1366 855; baseline -0.003 -17"><span class='ocrx_word' id='word_1_57' title='bbox 292 785 579 855; x_wconf 74' lang='grc' dir='ltr'><strong>ὀφθαλμῶν</strong></span> <span class='ocrx_word' id='word_1_58' title='bbox 609 782 800 852; x_wconf 86' lang='grc' dir='ltr'>κύκλῳ</span> <span class='ocrx_word' id='word_1_59' title='bbox 830 781 1366 852; x_wconf 79' lang='grc' dir='ltr'>διαφυλαττομένην.</span> 
     </span>
    </p>
   </div>
   <div class='ocr_carea' id='block_1_10' title="bbox 1994 777 3578 854">
    <p class='ocr_par' dir='ltr' id='par_1_10' title="bbox 1994 777 3578 854">
     <span class='ocr_line' id='line_1_10' title="bbox 1994 777 3578 854; baseline 0.005 -21"><span class='ocrx_word' id='word_1_60' title='bbox 1994 792 2094 833; x_wconf 87' lang='lat' dir='ltr'><strong>eos</strong></span> <span class='ocrx_word' id='word_1_61' title='bbox 2110 777 2202 847; x_wconf 89' lang='lat' dir='ltr'><strong>qui</strong></span> <span class='ocrx_word' id='word_1_62' title='bbox 2236 779 2376 833; x_wconf 85' lang='lat' dir='ltr'><strong>bene</strong></span> <span class='ocrx_word' id='word_1_63' title='bbox 2397 777 2463 833; x_wconf 91' lang='lat' dir='ltr'><strong>de</strong></span> <span class='ocrx_word' id='word_1_64' title='bbox 2488 779 2626 849; x_wconf 86' lang='lat' dir='ltr'><strong>ipsis</strong></span> <span class='ocrx_word' id='word_1_65' title='bbox 2649 788 2935 836; x_wconf 73' lang='lat' dir='ltr'><strong>merentur</strong></span> <span class='ocrx_word' id='word_1_66' title='bbox 2966 781 3270 850; x_wconf 75' lang='lat' dir='ltr'><strong>offendunt,</strong></span> <span class='ocrx_word' id='word_1_67' title='bbox 3294 791 3459 854; x_wconf 88' lang='lat' dir='ltr'><strong>atque</strong></span> <span class='ocrx_word' id='word_1_68' title='bbox 3477 798 3578 841; x_wconf 85' lang='lat' dir='ltr'><strong>eos</strong></span> 
     </span>
    </p>
   </div>
   <div class='ocr_carea' id='block_1_11' title="bbox 292 868 3578 947">
    <p class='ocr_par' dir='ltr' id='par_1_11' title="bbox 292 868 3578 947">
     <span class='ocr_line' id='line_1_11' title="bbox 292 868 3578 947; baseline -0.001 -18"><span class='ocrx_word' id='word_1_69' title='bbox 292 876 382 946; x_wconf 85' lang='lat' dir='ltr'><strong>qui</strong></span> <span class='ocrx_word' id='word_1_70' title='bbox 414 876 576 930; x_wconf 87' lang='lat' dir='ltr'><strong>male.</strong></span> <span class='ocrx_word' id='word_1_71' title='bbox 603 872 790 928; x_wconf 88' lang='lat' dir='ltr'><strong>Bonos</strong></span> <span class='ocrx_word' id='word_1_72' title='bbox 821 886 955 941; x_wconf 86' lang='lat' dir='ltr'><strong>ergo</strong></span> <span class='ocrx_word' id='word_1_73' title='bbox 983 871 1265 927; x_wconf 81' lang='lat' dir='ltr'><strong>beneﬁciis</strong></span> <span class='ocrx_word' id='word_1_74' title='bbox 1303 873 1403 927; x_wconf 93' lang='lat' dir='ltr'><strong>tibi</strong></span> <span class='ocrx_word' id='word_1_75' title='bbox 1464 871 1791 927; x_wconf 85' lang='lat' dir='ltr'><strong>devinciens</strong></span> <span class='ocrx_word' id='word_1_76' title='bbox 1823 881 1877 925; x_wconf 87' lang='lat' dir='ltr'><strong>te</strong></span> <span class='ocrx_word' id='word_1_77' title='bbox 1918 868 2099 939; x_wconf 87' lang='lat' dir='ltr'><strong>ipsum</strong></span> <span class='ocrx_word' id='word_1_78' title='bbox 2129 868 2543 937; x_wconf 88' lang='lat' dir='ltr'><strong>quodammodo</strong></span> <span class='ocrx_word' id='word_1_79' title='bbox 2629 871 2996 942; x_wconf 82' lang='lat' dir='ltr'><strong>multiplicem</strong></span> <span class='ocrx_word' id='word_1_80' title='bbox 3082 872 3333 941; x_wconf 85' lang='lat' dir='ltr'><strong>habebis,</strong></span> <span class='ocrx_word' id='word_1_81' title='bbox 3379 889 3578 947; x_wconf 79' lang='lat' dir='ltr'><strong>nempe</strong></span> 
     </span>
    </p>
   </div>
   <div class='ocr_carea' id='block_1_12' title="bbox 292 961 2707 1036">
    <p class='ocr_par' dir='ltr' id='par_1_12' title="bbox 292 961 2707 1036">
     <span class='ocr_line' id='line_1_12' title="bbox 292 961 2707 1036; baseline -0.001 -16"><span class='ocrx_word' id='word_1_82' title='bbox 292 969 458 1022; x_wconf 87' lang='lat' dir='ltr'><strong>vitam</strong></span> <span class='ocrx_word' id='word_1_83' title='bbox 489 982 656 1022; x_wconf 84' lang='lat' dir='ltr'><strong>unam</strong></span> <span class='ocrx_word' id='word_1_84' title='bbox 695 964 889 1020; x_wconf 87' lang='lat' dir='ltr'><strong>multis</strong></span> <span class='ocrx_word' id='word_1_85' title='bbox 918 965 1131 1020; x_wconf 86' lang='lat' dir='ltr'><strong>circum</strong></span> <span class='ocrx_word' id='word_1_86' title='bbox 1177 964 1354 1020; x_wconf 91' lang='lat' dir='ltr'><strong>oculis</strong></span> <span class='ocrx_word' id='word_1_87' title='bbox 1383 965 1684 1036; x_wconf 83' lang='lat' dir='ltr'><strong>multisque</strong></span> <span class='ocrx_word' id='word_1_88' title='bbox 1735 961 2096 1035; x_wconf 78' lang='lat' dir='ltr'><strong>vigilantibus</strong></span> <span class='ocrx_word' id='word_1_89' title='bbox 2116 961 2314 1017; x_wconf 90' lang='lat' dir='ltr'><strong>amicis</strong></span> <span class='ocrx_word' id='word_1_90' title='bbox 2347 962 2707 1018; x_wconf 87' lang='lat' dir='ltr'><strong>custoditam.</strong></span> 
     </span>
    </p>
   </div>
   <div class='ocr_carea' id='block_1_13' title="bbox 894 1058 1279 1128">
    <p class='ocr_par' dir='ltr' id='par_1_13' title="bbox 894 1058 1279 1128">
     <span class='ocr_line' id='line_1_13' title="bbox 894 1058 1279 1128; baseline -0.003 -14"><span class='ocrx_word' id='word_1_91' title='bbox 894 1058 1035 1127; x_wconf 77' lang='grc' dir='ltr'>Περὶ</span> <span class='ocrx_word' id='word_1_92' title='bbox 1058 1059 1279 1128; x_wconf 72' lang='grc' dir='ltr'>φίλων.</span> 
     </span>
    </p>
   </div>
   <div class='ocr_carea' id='block_1_14' title="bbox 370 1148 1934 1221">
    <p class='ocr_par' dir='ltr' id='par_1_14' title="bbox 370 1148 1934 1221">
     <span class='ocr_line' id='line_1_14' title="bbox 370 1148 1934 1221; baseline -0.001 -17"><span class='ocrx_word' id='word_1_93' title='bbox 370 1150 647 1215; x_wconf 79' lang='grc' dir='ltr'>Ἐκείνους</span> <span class='ocrx_word' id='word_1_94' title='bbox 677 1150 879 1220; x_wconf 84' lang='grc' dir='ltr'>κτῆσαι</span> <span class='ocrx_word' id='word_1_95' title='bbox 910 1148 1100 1219; x_wconf 86' lang='grc' dir='ltr'>φίλους</span> <span class='ocrx_word' id='word_1_96' title='bbox 1125 1149 1222 1203; x_wconf 74' lang='grc' dir='ltr'>καὶ</span> <span class='ocrx_word' id='word_1_97' title='bbox 1251 1148 1593 1221; x_wconf 89' lang='grc' dir='ltr'>θεράποντας</span> <span class='ocrx_word' id='word_1_98' title='bbox 1616 1148 1886 1202; x_wconf 85' lang='grc' dir='ltr'>οίκειοτά-</span> <span class='ocrx_word' id='word_1_99' title='bbox 1922 1199 1934 1211; x_wconf 89' lang='grc'><strong>,</strong></span> 
     </span>
    </p>
   </div>
   <div class='ocr_carea' id='block_1_15' title="bbox 288 1239 1888 1312">
    <p class='ocr_par' dir='ltr' id='par_1_15' title="bbox 288 1239 1888 1312">
     <span class='ocr_line' id='line_1_15' title="bbox 288 1239 1888 1312; baseline -0.003 -15"><span class='ocrx_word' id='word_1_100' title='bbox 288 1260 436 1305; x_wconf 86' lang='grc' dir='ltr'>τους.</span> <span class='ocrx_word' id='word_1_101' title='bbox 468 1243 668 1304; x_wconf 78' lang='grc' dir='ltr'>οἵτινες</span> <span class='ocrx_word' id='word_1_102' title='bbox 693 1240 895 1310; x_wconf 84' lang='grc' dir='ltr'>ἀγαθοὶ</span> <span class='ocrx_word' id='word_1_103' title='bbox 952 1240 1048 1294; x_wconf 73' lang='grc' dir='ltr'>καὶ</span> <span class='ocrx_word' id='word_1_104' title='bbox 1094 1240 1230 1311; x_wconf 79' lang='grc' dir='ltr'>πρὸς</span> <span class='ocrx_word' id='word_1_105' title='bbox 1264 1241 1486 1312; x_wconf 77' lang='grc' dir='ltr'>ἐτέρους</span> <span class='ocrx_word' id='word_1_106' title='bbox 1522 1239 1770 1310; x_wconf 87' lang='grc' dir='ltr'>φίλουςῆ</span> <span class='ocrx_word' id='word_1_107' title='bbox 1802 1239 1888 1292; x_wconf 87' lang='grc' dir='ltr'>δε-</span> 
     </span>
    </p>
   </div>
   <div class='ocr_carea' id='block_1_16' title="bbox 290 1331 1887 1403">
    <p class='ocr_par' dir='ltr' id='par_1_16' title="bbox 290 1331 1887 1403">
     <span class='ocr_line' id='line_1_16' title="bbox 290 1331 1887 1403; baseline -0.002 -16"><span class='ocrx_word' id='word_1_108' title='bbox 290 1334 493 1396; x_wconf 80' lang='grc' dir='ltr'>σπότας</span> <span class='ocrx_word' id='word_1_109' title='bbox 525 1333 919 1402; x_wconf 72' lang='grc' dir='ltr'><strong>προγεγονότες</strong></span> <span class='ocrx_word' id='word_1_110' title='bbox 954 1332 1315 1402; x_wconf 72' lang='grc' dir='ltr'><strong>τυγχάνουσιν</strong></span> <span class='ocrx_word' id='word_1_111' title='bbox 1333 1349 1347 1362; x_wconf 80' lang='grc'><strong>’</strong></span> <span class='ocrx_word' id='word_1_112' title='bbox 1371 1332 1407 1386; x_wconf 78' lang='grc' dir='ltr'>ἃ</span> <span class='ocrx_word' id='word_1_113' title='bbox 1434 1333 1544 1403; x_wconf 82' lang='grc' dir='ltr'><strong>γὰρ</strong></span> <span class='ocrx_word' id='word_1_114' title='bbox 1566 1334 1623 1385; x_wconf 81' lang='grc' dir='ltr'>ὲν</span> <span class='ocrx_word' id='word_1_115' title='bbox 1654 1331 1887 1394; x_wconf 80' lang='grc' dir='ltr'>ἐκείνοις</span> 
     </span>
    </p>
   </div>
   <div class='ocr_carea' id='block_1_17' title="bbox 289 1422 1886 1497">
    <p class='ocr_par' dir='ltr' id='par_1_17' title="bbox 289 1422 1886 1497">
     <span class='ocr_line' id='line_1_17' title="bbox 289 1422 1886 1497; baseline -0.003 -18"><span class='ocrx_word' id='word_1_116' title='bbox 289 1427 640 1497; x_wconf 80' lang='grc' dir='ltr'>είργάσαντυ,</span> <span class='ocrx_word' id='word_1_117' title='bbox 665 1424 841 1479; x_wconf 87' lang='grc' dir='ltr'>ταῦτα</span> <span class='ocrx_word' id='word_1_118' title='bbox 889 1426 985 1478; x_wconf 72' lang='grc' dir='ltr'><strong>καὶ</strong></span> <span class='ocrx_word' id='word_1_119' title='bbox 1015 1426 1096 1487; x_wconf 90' lang='grc' dir='ltr'><strong>είς</strong></span> <span class='ocrx_word' id='word_1_120' title='bbox 1120 1424 1181 1476; x_wconf 89' lang='grc' dir='ltr'>σὲ</span> <span class='ocrx_word' id='word_1_121' title='bbox 1242 1423 1471 1491; x_wconf 79' lang='grc' dir='ltr'>ποιῆσαι</span> <span class='ocrx_word' id='word_1_122' title='bbox 1504 1424 1605 1476; x_wconf 79' lang='grc' dir='ltr'><strong>οὐκ</strong></span> <span class='ocrx_word' id='word_1_123' title='bbox 1632 1422 1886 1493; x_wconf 62' lang='grc' dir='ltr'><strong>⁸ἀποκνή-</strong></span> 
     </span>
    </p>
   </div>
   <div class='ocr_carea' id='block_1_18' title="bbox 293 1516 1887 1590">
    <p class='ocr_par' dir='ltr' id='par_1_18' title="bbox 293 1516 1887 1590">
     <span class='ocr_line' id='line_1_18' title="bbox 293 1516 1887 1590; baseline -0.004 -15"><span class='ocrx_word' id='word_1_124' title='bbox 293 1538 465 1575; x_wconf 84' lang='grc' dir='ltr'>σουσι.</span> <span class='ocrx_word' id='word_1_125' title='bbox 483 1520 544 1573; x_wconf 91' lang='lat'><strong>&#39;0</strong></span> <span class='ocrx_word' id='word_1_126' title='bbox 580 1519 681 1590; x_wconf 76' lang='grc' dir='ltr'>μὲν</span> <span class='ocrx_word' id='word_1_127' title='bbox 702 1518 829 1590; x_wconf 75' lang='grc' dir='ltr'>ξγάρ</span> <span class='ocrx_word' id='word_1_128' title='bbox 862 1518 1153 1583; x_wconf 81' lang='grc' dir='ltr'>σπουδαῖος</span> <span class='ocrx_word' id='word_1_129' title='bbox 1180 1519 1310 1590; x_wconf 74' lang='grc' dir='ltr'>περὶ</span> <span class='ocrx_word' id='word_1_130' title='bbox 1340 1519 1466 1582; x_wconf 84' lang='grc' dir='ltr'>τοὺς</span> <span class='ocrx_word' id='word_1_131' title='bbox 1493 1518 1665 1572; x_wconf 87' lang='grc' dir='ltr'>πάλαι</span> <span class='ocrx_word' id='word_1_132' title='bbox 1699 1516 1887 1586; x_wconf 88' lang='grc' dir='ltr'>φίλους</span> 
     </span>
    </p>
   </div>
   <div class='ocr_carea' id='block_1_19' title="bbox 290 1608 1890 1681">
    <p class='ocr_par' dir='ltr' id='par_1_19' title="bbox 290 1608 1890 1681">
     <span class='ocr_line' id='line_1_19' title="bbox 290 1608 1890 1681; baseline -0.002 -17"><span class='ocrx_word' id='word_1_133' title='bbox 290 1610 552 1681; x_wconf 80' lang='grc' dir='ltr'>γεγονὼς,</span> <span class='ocrx_word' id='word_1_134' title='bbox 576 1609 869 1673; x_wconf 84' lang='grc' dir='ltr'>σπουδαῖος</span> <span class='ocrx_word' id='word_1_135' title='bbox 907 1609 975 1664; x_wconf 77' lang='grc' dir='ltr'>ἂν</span> <span class='ocrx_word' id='word_1_136' title='bbox 1023 1610 1120 1664; x_wconf 76' lang='grc' dir='ltr'><strong>καὶ</strong></span> <span class='ocrx_word' id='word_1_137' title='bbox 1152 1610 1282 1681; x_wconf 74' lang='grc' dir='ltr'>περὶ</span> <span class='ocrx_word' id='word_1_138' title='bbox 1308 1609 1368 1662; x_wconf 84' lang='grc' dir='ltr'>σὲ</span> <span class='ocrx_word' id='word_1_139' title='bbox 1390 1608 1644 1678; x_wconf 80' lang='grc' dir='ltr'>γενέσθαι</span> <span class='ocrx_word' id='word_1_140' title='bbox 1668 1624 1890 1661; x_wconf 82' lang='grc' dir='ltr'>πιστευ-</span> 
     </span>
    </p>
   </div>
   <div class='ocr_carea' id='block_1_20' title="bbox 290 1698 1889 1773">
    <p class='ocr_par' dir='ltr' id='par_1_20' title="bbox 290 1698 1889 1773">
     <span class='ocr_line' id='line_1_20' title="bbox 290 1698 1889 1773; baseline -0.003 -17"><span class='ocrx_word' id='word_1_141' title='bbox 290 1703 554 1773; x_wconf 80' lang='grc' dir='ltr'>θήσεται·</span> <span class='ocrx_word' id='word_1_142' title='bbox 589 1703 620 1755; x_wconf 83' lang='grc' dir='ltr'><strong>ό</strong></span> <span class='ocrx_word' id='word_1_143' title='bbox 658 1701 715 1754; x_wconf 75' lang='grc' dir='ltr'>δὲ</span> <span class='ocrx_word' id='word_1_144' title='bbox 772 1703 889 1764; x_wconf 83' lang='grc' dir='ltr'>τοῖς</span> <span class='ocrx_word' id='word_1_145' title='bbox 930 1699 1222 1771; x_wconf 84' lang='grc' dir='ltr'><strong>προτέροις</strong></span> <span class='ocrx_word' id='word_1_146' title='bbox 1276 1698 1464 1769; x_wconf 81' lang='grc' dir='ltr'>φίλοις</span> <span class='ocrx_word' id='word_1_147' title='bbox 1512 1699 1545 1769; x_wconf 86' lang='grc' dir='ltr'>ἢ</span> <span class='ocrx_word' id='word_1_148' title='bbox 1601 1698 1889 1761; x_wconf 84' lang='grc' dir='ltr'><strong>δεσπόταις</strong></span> 
     </span>
    </p>
   </div>
   <div class='ocr_carea' id='block_1_21' title="bbox 289 1789 1888 1866">
    <p class='ocr_par' dir='ltr' id='par_1_21' title="bbox 289 1789 1888 1866">
     <span class='ocr_line' id='line_1_21' title="bbox 289 1789 1888 1866; baseline -0.004 -17"><span class='ocrx_word' id='word_1_149' title='bbox 289 1794 565 1866; x_wconf 77' lang='grc' dir='ltr'>ἄχρηστός</span> <span class='ocrx_word' id='word_1_150' title='bbox 591 1810 653 1847; x_wconf 91' lang='grc' dir='ltr'><strong>τε</strong></span> <span class='ocrx_word' id='word_1_151' title='bbox 673 1793 770 1846; x_wconf 75' lang='grc' dir='ltr'><strong>καὶ</strong></span> <span class='ocrx_word' id='word_1_152' title='bbox 796 1791 1045 1865; x_wconf 76' lang='grc' dir='ltr'>ῥᾴθυμος</span> <span class='ocrx_word' id='word_1_153' title='bbox 1074 1789 1343 1861; x_wconf 86' lang='grc' dir='ltr'>γεγονὼς,</span> <span class='ocrx_word' id='word_1_154' title='bbox 1380 1791 1544 1863; x_wconf 88' lang='grc' dir='ltr'>σχολῇ</span> <span class='ocrx_word' id='word_1_155' title='bbox 1574 1807 1636 1859; x_wconf 90' lang='grc' dir='ltr'><strong>γε</strong></span> <span class='ocrx_word' id='word_1_156' title='bbox 1662 1790 1792 1860; x_wconf 83' lang='grc' dir='ltr'><strong>περὶ</strong></span> <span class='ocrx_word' id='word_1_157' title='bbox 1829 1789 1888 1842; x_wconf 86' lang='grc' dir='ltr'>σὲ</span> 
     </span>
    </p>
   </div>
   <div class='ocr_carea' id='block_1_22' title="bbox 291 1883 1512 1956">
    <p class='ocr_par' dir='ltr' id='par_1_22' title="bbox 291 1883 1512 1956">
     <span class='ocr_line' id='line_1_22' title="bbox 291 1883 1512 1956; baseline -0.006 -15"><span class='ocrx_word' id='word_1_158' title='bbox 291 1887 582 1950; x_wconf 75' lang='grc' dir='ltr'>σπουδαῖος</span> <span class='ocrx_word' id='word_1_159' title='bbox 603 1886 700 1939; x_wconf 73' lang='grc' dir='ltr'>καὶ</span> <span class='ocrx_word' id='word_1_160' title='bbox 734 1884 1007 1956; x_wconf 80' lang='grc' dir='ltr'>χρήσιμός</span> <span class='ocrx_word' id='word_1_161' title='bbox 1030 1899 1161 1936; x_wconf 89' lang='grc' dir='ltr'>ποτε</span> <span class='ocrx_word' id='word_1_162' title='bbox 1192 1883 1512 1953; x_wconf 79' lang='grc' dir='ltr'>ὀφθήσεται.</span> 
     </span>
    </p>
   </div>
   <div class='ocr_carea' id='block_1_23' title="bbox 647 1972 1526 2042">
    <p class='ocr_par' dir='ltr' id='par_1_23' title="bbox 647 1972 1526 2042">
     <span class='ocr_line' id='line_1_23' title="bbox 647 1972 1526 2042; baseline -0.002 -16"><span class='ocrx_word' id='word_1_163' title='bbox 647 1973 786 2042; x_wconf 73' lang='grc' dir='ltr'>Περὶ</span> <span class='ocrx_word' id='word_1_164' title='bbox 817 1972 1154 2041; x_wconf 73' lang='grc' dir='ltr'><strong>ὑπεροψίας</strong></span> <span class='ocrx_word' id='word_1_165' title='bbox 1184 1972 1526 2042; x_wconf 78' lang='grc' dir='ltr'>χρημάτων,</span> 
     </span>
    </p>
   </div>
   <div class='ocr_carea' id='block_1_24' title="bbox 371 2059 1887 2135">
    <p class='ocr_par' dir='ltr' id='par_1_24' title="bbox 371 2059 1887 2135">
     <span class='ocr_line' id='line_1_24' title="bbox 371 2059 1887 2135; baseline -0.003 -18"><span class='ocrx_word' id='word_1_166' title='bbox 371 2063 617 2135; x_wconf 73' lang='grc' dir='ltr'>’Υψηλδν</span> <span class='ocrx_word' id='word_1_167' title='bbox 645 2064 745 2133; x_wconf 82' lang='grc' dir='ltr'>μὲν</span> <span class='ocrx_word' id='word_1_168' title='bbox 767 2063 864 2115; x_wconf 67' lang='grc' dir='ltr'><strong>καὶ</strong></span> <span class='ocrx_word' id='word_1_169' title='bbox 892 2061 1200 2116; x_wconf 77' lang='grc' dir='ltr'><strong>ἀδούλωτον</strong></span> <span class='ocrx_word' id='word_1_170' title='bbox 1248 2062 1312 2115; x_wconf 78' lang='grc' dir='ltr'><strong>τὸ</strong></span> <span class='ocrx_word' id='word_1_171' title='bbox 1339 2061 1435 2115; x_wconf 88' lang='grc' dir='ltr'><strong>τοῦ</strong></span> <span class='ocrx_word' id='word_1_172' title='bbox 1478 2059 1744 2132; x_wconf 77' lang='grc' dir='ltr'>βασιλέως</span> <span class='ocrx_word' id='word_1_173' title='bbox 1774 2059 1887 2113; x_wconf 86' lang='grc' dir='ltr'>δει-</span> 
     </span>
    </p>
   </div>
   <div class='ocr_carea' id='block_1_25' title="bbox 290 2152 1885 2230">
    <p class='ocr_par' dir='ltr' id='par_1_25' title="bbox 290 2152 1885 2230">
     <span class='ocr_line' id='line_1_25' title="bbox 290 2152 1885 2230; baseline -0.006 -15"><span class='ocrx_word' id='word_1_174' title='bbox 290 2160 442 2215; x_wconf 80' lang='grc' dir='ltr'>κνύει</span> <span class='ocrx_word' id='word_1_175' title='bbox 470 2157 753 2230; x_wconf 82' lang='grc' dir='ltr'>φρόνημα,</span> <span class='ocrx_word' id='word_1_176' title='bbox 802 2156 865 2210; x_wconf 84' lang='grc' dir='ltr'>οὐ</span> <span class='ocrx_word' id='word_1_177' title='bbox 892 2154 1147 2210; x_wconf 89' lang='grc' dir='ltr'>τοσοῦτον</span> <span class='ocrx_word' id='word_1_178' title='bbox 1195 2154 1359 2223; x_wconf 83' lang='grc' dir='ltr'>δγκος</span> <span class='ocrx_word' id='word_1_179' title='bbox 1406 2153 1501 2207; x_wconf 89' lang='grc' dir='ltr'><strong>τοῦ</strong></span> <span class='ocrx_word' id='word_1_180' title='bbox 1552 2152 1885 2223; x_wconf 82' lang='grc' dir='ltr'>ἀξιώματος,</span> 
     </span>
    </p>
   </div>
   <div class='ocr_carea' id='block_1_26' title="bbox 295 2243 1888 2318">
    <p class='ocr_par' dir='ltr' id='par_1_26' title="bbox 295 2243 1888 2318">
     <span class='ocr_line' id='line_1_26' title="bbox 295 2243 1888 2318; baseline -0.003 -16"><span class='ocrx_word' id='word_1_181' title='bbox 295 2249 419 2302; x_wconf 76' lang='grc' dir='ltr'>ὅσον</span> <span class='ocrx_word' id='word_1_182' title='bbox 472 2248 507 2318; x_wconf 79' lang='grc' dir='ltr'>ὴ</span> <span class='ocrx_word' id='word_1_183' title='bbox 546 2245 657 2299; x_wconf 81' lang='grc' dir='ltr'>τῶν</span> <span class='ocrx_word' id='word_1_184' title='bbox 711 2244 1013 2316; x_wconf 86' lang='grc' dir='ltr'>χρημάτων</span> <span class='ocrx_word' id='word_1_185' title='bbox 1067 2243 1355 2315; x_wconf 71' lang='grc' dir='ltr'>ὑπεροψία.</span> <span class='ocrx_word' id='word_1_186' title='bbox 1423 2244 1497 2296; x_wconf 88' lang='grc' dir='ltr'>Εν</span> <span class='ocrx_word' id='word_1_187' title='bbox 1550 2244 1727 2313; x_wconf 86' lang='grc' dir='ltr'>τούτῳ</span> <span class='ocrx_word' id='word_1_188' title='bbox 1779 2243 1888 2314; x_wconf 88' lang='grc' dir='ltr'><strong>γάρ</strong></span> 
     </span>
    </p>
   </div>
   <div class='ocr_carea' id='block_1_27' title="bbox 294 2337 1884 2410">
    <p class='ocr_par' dir='ltr' id='par_1_27' title="bbox 294 2337 1884 2410">
     <span class='ocr_line' id='line_1_27' title="bbox 294 2337 1884 2410; baseline -0.003 -16"><span class='ocrx_word' id='word_1_189' title='bbox 294 2341 497 2410; x_wconf 76' lang='grc' dir='ltr'>μᾶλλον</span> <span class='ocrx_word' id='word_1_190' title='bbox 540 2338 602 2392; x_wconf 79' lang='grc' dir='ltr'>τὸ</span> <span class='ocrx_word' id='word_1_191' title='bbox 665 2338 889 2407; x_wconf 84' lang='grc' dir='ltr'>εὐγενὲς</span> <span class='ocrx_word' id='word_1_192' title='bbox 914 2337 1084 2391; x_wconf 80' lang='grc' dir='ltr'>αὐτοῦ</span> <span class='ocrx_word' id='word_1_193' title='bbox 1134 2338 1234 2407; x_wconf 78' lang='grc' dir='ltr'>τῆς</span> <span class='ocrx_word' id='word_1_194' title='bbox 1259 2337 1447 2408; x_wconf 78' lang='grc' dir='ltr'>ψυχῆς</span> <span class='ocrx_word' id='word_1_195' title='bbox 1471 2337 1884 2407; x_wconf 76' lang='grc' dir='ltr'><strong>καταφαίνεται.</strong></span> 
     </span>
    </p>
   </div>
   <div class='ocr_carea' id='block_1_28' title="bbox 301 2429 1888 2504">
    <p class='ocr_par' dir='ltr' id='par_1_28' title="bbox 301 2429 1888 2504">
     <span class='ocr_line' id='line_1_28' title="bbox 301 2429 1888 2504; baseline -0.004 -17"><span class='ocrx_word' id='word_1_196' title='bbox 301 2430 610 2504; x_wconf 76' lang='grc' dir='ltr'>Ὑπεροψία</span> <span class='ocrx_word' id='word_1_197' title='bbox 664 2431 722 2486; x_wconf 79' lang='grc' dir='ltr'>δὲ</span> <span class='ocrx_word' id='word_1_198' title='bbox 750 2430 1051 2502; x_wconf 86' lang='grc' dir='ltr'>χρημάτων</span> <span class='ocrx_word' id='word_1_199' title='bbox 1108 2431 1170 2484; x_wconf 82' lang='grc' dir='ltr'><strong>ού</strong></span> <span class='ocrx_word' id='word_1_200' title='bbox 1222 2430 1283 2483; x_wconf 81' lang='grc' dir='ltr'><strong>τὸ</strong></span> <span class='ocrx_word' id='word_1_201' title='bbox 1326 2432 1504 2501; x_wconf 85' lang='grc' dir='ltr'><strong>μάτην</strong></span> <span class='ocrx_word' id='word_1_202' title='bbox 1537 2433 1651 2494; x_wconf 86' lang='grc' dir='ltr'>τοῖς</span> <span class='ocrx_word' id='word_1_203' title='bbox 1696 2429 1888 2504; x_wconf 65' lang='grc' dir='ltr'>βαλαν-</span> 
     </span>
    </p>
   </div>
   <div class='ocr_carea' id='block_1_29' title="bbox 292 2497 1884 2589">
    <p class='ocr_par' dir='ltr' id='par_1_29' title="bbox 292 2497 1884 2589">
     <span class='ocr_line' id='line_1_29' title="bbox 292 2497 1884 2589; baseline -0.004 -12"><span class='ocrx_word' id='word_1_204' title='bbox 292 2525 429 2587; x_wconf 84' lang='grc' dir='ltr'>τίοις</span> <span class='ocrx_word' id='word_1_205' title='bbox 447 2497 900 2587; x_wconf 47' lang='grc' dir='ltr'>-ὲναποτίθεσθαί,</span> <span class='ocrx_word' id='word_1_206' title='bbox 929 2519 1067 2574; x_wconf 85' lang='grc' dir='ltr'><strong>ἀλλά</strong></span> <span class='ocrx_word' id='word_1_207' title='bbox 1099 2521 1166 2573; x_wconf 83' lang='grc' dir='ltr'><strong>τὸ</strong></span> <span class='ocrx_word' id='word_1_208' title='bbox 1190 2497 1430 2589; x_wconf 73' lang='grc' dir='ltr'>δαψιλῶς</span> <span class='ocrx_word' id='word_1_209' title='bbox 1461 2497 1528 2572; x_wconf 17' lang='grc' dir='ltr'><strong>Ϋὲν</strong></span> <span class='ocrx_word' id='word_1_210' title='bbox 1555 2522 1678 2583; x_wconf 87' lang='grc' dir='ltr'>ταῖς</span> <span class='ocrx_word' id='word_1_211' title='bbox 1699 2497 1884 2587; x_wconf 58' lang='grc' dir='ltr'>ἀναγῖ-</span> 
     </span>
    </p>
   </div>
   <div class='ocr_carea' id='block_1_30' title="bbox 311 2608 1886 2682">
    <p class='ocr_par' dir='ltr' id='par_1_30' title="bbox 311 2608 1886 2682">
     <span class='ocr_line' id='line_1_30' title="bbox 311 2608 1886 2682; baseline -0.004 -15"><span class='ocrx_word' id='word_1_212' title='bbox 311 2614 499 2676; x_wconf 83' lang='grc' dir='ltr'>καίαις</span> <span class='ocrx_word' id='word_1_213' title='bbox 538 2610 755 2682; x_wconf 75' lang='grc' dir='ltr'>χρείαις</span> <span class='ocrx_word' id='word_1_214' title='bbox 783 2609 926 2663; x_wconf 81' lang='grc' dir='ltr'>αὐτὰ</span> <span class='ocrx_word' id='word_1_215' title='bbox 955 2610 1233 2678; x_wconf 86' lang='grc' dir='ltr'>χορηγεῖν.</span> <span class='ocrx_word' id='word_1_216' title='bbox 1251 2609 1551 2675; x_wconf 86' lang='grc' dir='ltr'>’Δναγκαῖα</span> <span class='ocrx_word' id='word_1_217' title='bbox 1577 2608 1636 2662; x_wconf 83' lang='grc' dir='ltr'>δὲ</span> <span class='ocrx_word' id='word_1_218' title='bbox 1678 2608 1886 2677; x_wconf 88' lang='grc' dir='ltr'>βασιλεί</span> 
     </span>
    </p>
   </div>
   <div class='ocr_carea' id='block_1_31' title="bbox 304 2692 1885 2772">
    <p class='ocr_par' dir='ltr' id='par_1_31' title="bbox 304 2692 1885 2772">
     <span class='ocr_line' id='line_1_31' title="bbox 304 2692 1885 2772; baseline -0.004 -16"><span class='ocrx_word' id='word_1_219' title='bbox 304 2702 403 2756; x_wconf 77' lang='grc' dir='ltr'><strong>καὶ</strong></span> <span class='ocrx_word' id='word_1_220' title='bbox 436 2700 643 2772; x_wconf 82' lang='grc' dir='ltr'>μᾶλλον</span> <span class='ocrx_word' id='word_1_221' title='bbox 667 2698 775 2752; x_wconf 84' lang='grc' dir='ltr'><strong>τῶν</strong></span> <span class='ocrx_word' id='word_1_222' title='bbox 802 2696 978 2751; x_wconf 68' lang='grc' dir='ltr'>ἄλλων</span> <span class='ocrx_word' id='word_1_223' title='bbox 1003 2695 1189 2765; x_wconf 86' lang='grc' dir='ltr'>φίλους</span> <span class='ocrx_word' id='word_1_224' title='bbox 1218 2692 1277 2751; x_wconf 85' lang='grc' dir='ltr'>εὖ</span> <span class='ocrx_word' id='word_1_225' title='bbox 1314 2698 1511 2763; x_wconf 85' lang='grc' dir='ltr'>ποιεῖν,</span> <span class='ocrx_word' id='word_1_226' title='bbox 1532 2698 1623 2750; x_wconf 79' lang='grc' dir='ltr'><strong>καὶ</strong></span> <span class='ocrx_word' id='word_1_227' title='bbox 1656 2696 1885 2767; x_wconf 75' lang='grc' dir='ltr'>ἐχθροὺς</span> 
     </span>
    </p>
   </div>
   <div class='ocr_carea' id='block_1_32' title="bbox 289 2780 1883 2861">
    <p class='ocr_par' dir='ltr' id='par_1_32' title="bbox 289 2780 1883 2861">
     <span class='ocr_line' id='line_1_32' title="bbox 289 2780 1883 2861; baseline -0.003 -18"><span class='ocrx_word' id='word_1_228' title='bbox 289 2789 620 2861; x_wconf 82' lang='grc' dir='ltr'>ἀμύνεσθαι,</span> <span class='ocrx_word' id='word_1_229' title='bbox 653 2780 730 2841; x_wconf 84' lang='grc' dir='ltr'>ὧν</span> <span class='ocrx_word' id='word_1_230' title='bbox 770 2786 1097 2858; x_wconf 79' lang='grc' dir='ltr'><strong>ἀμφοτέρων</strong></span> <span class='ocrx_word' id='word_1_231' title='bbox 1119 2786 1182 2839; x_wconf 80' lang='grc' dir='ltr'><strong>τὸ</strong></span> <span class='ocrx_word' id='word_1_232' title='bbox 1215 2787 1513 2857; x_wconf 81' lang='grc' dir='ltr'>κατορθοῦν</span> <span class='ocrx_word' id='word_1_233' title='bbox 1542 2789 1576 2858; x_wconf 78' lang='grc' dir='ltr'>ἠ</span> <span class='ocrx_word' id='word_1_234' title='bbox 1608 2787 1718 2840; x_wconf 85' lang='grc' dir='ltr'>τῶν</span> <span class='ocrx_word' id='word_1_235' title='bbox 1744 2805 1883 2857; x_wconf 86' lang='grc' dir='ltr'>χρη-</span> 
     </span>
    </p>
   </div>
   <div class='ocr_carea' id='block_1_33' title="bbox 293 2870 1884 2948">
    <p class='ocr_par' dir='ltr' id='par_1_33' title="bbox 293 2870 1884 2948">
     <span class='ocr_line' id='line_1_33' title="bbox 293 2870 1884 2948; baseline -0.002 -17"><span class='ocrx_word' id='word_1_236' title='bbox 293 2880 484 2948; x_wconf 80' lang='grc' dir='ltr'><strong>μάτων</strong></span> <span class='ocrx_word' id='word_1_237' title='bbox 518 2876 757 2946; x_wconf 80' lang='grc' dir='ltr'><strong>δαπάνη.</strong></span> <span class='ocrx_word' id='word_1_238' title='bbox 788 2876 851 2928; x_wconf 85' lang='grc' dir='ltr'>Εί</span> <span class='ocrx_word' id='word_1_239' title='bbox 900 2870 994 2928; x_wconf 76' lang='grc' dir='ltr'><strong>οὖν</strong></span> <span class='ocrx_word' id='word_1_240' title='bbox 1046 2876 1141 2929; x_wconf 77' lang='grc' dir='ltr'>καὶ</span> <span class='ocrx_word' id='word_1_241' title='bbox 1174 2875 1335 2939; x_wconf 78' lang='grc' dir='ltr'>αὐτὸς</span> <span class='ocrx_word' id='word_1_242' title='bbox 1368 2875 1572 2946; x_wconf 78' lang='grc' dir='ltr'>ὑψηλὸς</span> <span class='ocrx_word' id='word_1_243' title='bbox 1621 2878 1679 2929; x_wconf 80' lang='grc' dir='ltr'>ὲν</span> <span class='ocrx_word' id='word_1_244' title='bbox 1718 2877 1884 2930; x_wconf 81' lang='grc' dir='ltr'>πᾶσιν</span> 
     </span>
    </p>
   </div>
   <div class='ocr_carea' id='block_1_34' title="bbox 292 2964 1882 3037">
    <p class='ocr_par' dir='ltr' id='par_1_34' title="bbox 292 2964 1882 3037">
     <span class='ocr_line' id='line_1_34' title="bbox 292 2964 1882 3037; baseline -0.001 -16"><span class='ocrx_word' id='word_1_245' title='bbox 292 2965 441 3023; x_wconf 80' lang='grc' dir='ltr'>εἶναι</span> <span class='ocrx_word' id='word_1_246' title='bbox 482 2967 688 3037; x_wconf 81' lang='grc' dir='ltr'>βούλει,</span> <span class='ocrx_word' id='word_1_247' title='bbox 724 2964 820 3020; x_wconf 73' lang='grc' dir='ltr'><strong>καὶ</strong></span> <span class='ocrx_word' id='word_1_248' title='bbox 864 2964 1099 3035; x_wconf 85' lang='grc' dir='ltr'>μάλιστα</span> <span class='ocrx_word' id='word_1_249' title='bbox 1155 2967 1213 3019; x_wconf 75' lang='grc' dir='ltr'>ἐν</span> <span class='ocrx_word' id='word_1_250' title='bbox 1275 2966 1512 3031; x_wconf 76' lang='grc' dir='ltr'><strong>συνέσει,</strong></span> <span class='ocrx_word' id='word_1_251' title='bbox 1565 2965 1882 3036; x_wconf 81' lang='grc' dir='ltr'><strong>ὑπερόπτης</strong></span> 
     </span>
    </p>
   </div>
   <div class='ocr_carea' id='block_1_35' title="bbox 289 3056 1881 3131">
    <p class='ocr_par' dir='ltr' id='par_1_35' title="bbox 289 3056 1881 3131">
     <span class='ocr_line' id='line_1_35' title="bbox 289 3056 1881 3131; baseline -0.001 -18"><span class='ocrx_word' id='word_1_252' title='bbox 289 3062 442 3129; x_wconf 87' lang='grc' dir='ltr'>γίνου</span> <span class='ocrx_word' id='word_1_253' title='bbox 466 3059 803 3131; x_wconf 82' lang='grc' dir='ltr'>χρημάτων·</span> <span class='ocrx_word' id='word_1_254' title='bbox 837 3059 959 3111; x_wconf 67' lang='grc' dir='ltr'>ἐπεὶ</span> <span class='ocrx_word' id='word_1_255' title='bbox 981 3058 1103 3111; x_wconf 88' lang='grc' dir='ltr'>οὐδέ</span> <span class='ocrx_word' id='word_1_256' title='bbox 1147 3058 1265 3111; x_wconf 84' lang='grc' dir='ltr'>ἐστι</span> <span class='ocrx_word' id='word_1_257' title='bbox 1293 3058 1364 3111; x_wconf 80' lang='grc' dir='ltr'><strong>τά</strong></span> <span class='ocrx_word' id='word_1_258' title='bbox 1411 3056 1608 3111; x_wconf 84' lang='grc' dir='ltr'>σαυτοῦ</span> <span class='ocrx_word' id='word_1_259' title='bbox 1645 3058 1751 3110; x_wconf 80' lang='grc' dir='ltr'>ἴδια</span> <span class='ocrx_word' id='word_1_260' title='bbox 1791 3058 1881 3125; x_wconf 91' lang='grc' dir='ltr'><strong>σά,</strong></span> 
     </span>
    </p>
   </div>
   <div class='ocr_carea' id='block_1_36' title="bbox 288 3149 1952 3244">
    <p class='ocr_par' dir='ltr' id='par_1_36' title="bbox 288 3149 1952 3244">
     <span class='ocr_line' id='line_1_36' title="bbox 288 3149 1952 3244; baseline -0.004 -35"><span class='ocrx_word' id='word_1_261' title='bbox 288 3153 429 3209; x_wconf 80' lang='grc' dir='ltr'><strong>ἀλλά</strong></span> <span class='ocrx_word' id='word_1_262' title='bbox 450 3150 562 3204; x_wconf 84' lang='grc' dir='ltr'><strong>τῶν</strong></span> <span class='ocrx_word' id='word_1_263' title='bbox 592 3150 896 3204; x_wconf 81' lang='grc' dir='ltr'>συνδούλων</span> <span class='ocrx_word' id='word_1_264' title='bbox 923 3150 1031 3204; x_wconf 81' lang='grc' dir='ltr'><strong>τῶν</strong></span> <span class='ocrx_word' id='word_1_265' title='bbox 1073 3150 1204 3215; x_wconf 83' lang='grc' dir='ltr'>σῶν,</span> <span class='ocrx_word' id='word_1_266' title='bbox 1230 3152 1326 3203; x_wconf 76' lang='grc' dir='ltr'><strong>καὶ</strong></span> <span class='ocrx_word' id='word_1_267' title='bbox 1356 3149 1592 3219; x_wconf 82' lang='grc' dir='ltr'>μάλιστα</span> <span class='ocrx_word' id='word_1_268' title='bbox 1617 3150 1727 3203; x_wconf 83' lang='grc' dir='ltr'><strong>τῶν</strong></span> <span class='ocrx_word' id='word_1_269' title='bbox 1781 3167 1881 3202; x_wconf 82' lang='grc' dir='ltr'>πε-</span> <span class='ocrx_word' id='word_1_270' title='bbox 1909 3186 1952 3244; x_wconf 76' lang='lat' dir='ltr'><strong><em>C</em></strong></span> 
     </span>
    </p>
   </div>
   <div class='ocr_carea' id='block_1_37' title="bbox 290 3239 1881 3312">
    <p class='ocr_par' dir='ltr' id='par_1_37' title="bbox 290 3239 1881 3312">
     <span class='ocr_line' id='line_1_37' title="bbox 290 3239 1881 3312; baseline -0.004 -16"><span class='ocrx_word' id='word_1_271' title='bbox 290 3245 471 3312; x_wconf 85' lang='grc' dir='ltr'>νήτων</span> <span class='ocrx_word' id='word_1_272' title='bbox 497 3243 593 3296; x_wconf 75' lang='grc' dir='ltr'><strong>καὶ</strong></span> <span class='ocrx_word' id='word_1_273' title='bbox 627 3241 816 3309; x_wconf 76' lang='grc' dir='ltr'>ξένων.</span> <span class='ocrx_word' id='word_1_274' title='bbox 876 3240 1078 3311; x_wconf 80' lang='grc' dir='ltr'>Φάνηθι</span> <span class='ocrx_word' id='word_1_275' title='bbox 1118 3240 1297 3294; x_wconf 79' lang='grc' dir='ltr'>τοίνυν</span> <span class='ocrx_word' id='word_1_276' title='bbox 1328 3241 1455 3303; x_wconf 77' lang='grc' dir='ltr'>ἴδιος</span> <span class='ocrx_word' id='word_1_277' title='bbox 1499 3239 1793 3311; x_wconf 81' lang='grc' dir='ltr'>εὐεργέτης</span> <span class='ocrx_word' id='word_1_278' title='bbox 1822 3240 1881 3291; x_wconf 84' lang='grc' dir='ltr'>ὲν</span> 
     </span>
    </p>
   </div>
   <div class='ocr_carea' id='block_1_38' title="bbox 288 3331 1880 3405">
    <p class='ocr_par' dir='ltr' id='par_1_38' title="bbox 288 3331 1880 3405">
     <span class='ocr_line' id='line_1_38' title="bbox 288 3331 1880 3405; baseline -0.003 -18"><span class='ocrx_word' id='word_1_279' title='bbox 288 3336 404 3397; x_wconf 76' lang='grc' dir='ltr'>τοῖς</span> <span class='ocrx_word' id='word_1_280' title='bbox 437 3335 661 3400; x_wconf 82' lang='grc' dir='ltr'>κοινοῖς,</span> <span class='ocrx_word' id='word_1_281' title='bbox 688 3334 789 3387; x_wconf 70' lang='grc' dir='ltr'><strong>καὶ</strong></span> <span class='ocrx_word' id='word_1_282' title='bbox 816 3332 989 3396; x_wconf 82' lang='grc' dir='ltr'>οῦτως</span> <span class='ocrx_word' id='word_1_283' title='bbox 1020 3332 1222 3402; x_wconf 64' lang='grc' dir='ltr'>ὑψηλὸς</span> <span class='ocrx_word' id='word_1_284' title='bbox 1255 3332 1353 3405; x_wconf 80' lang='grc' dir='ltr'><strong>ἔσῃ</strong></span> <span class='ocrx_word' id='word_1_285' title='bbox 1402 3332 1496 3386; x_wconf 82' lang='grc' dir='ltr'><strong>καὶ</strong></span> <span class='ocrx_word' id='word_1_286' title='bbox 1518 3331 1880 3402; x_wconf 81' lang='grc' dir='ltr'>περίϐλεπτος</span> 
     </span>
    </p>
   </div>
   <div class='ocr_carea' id='block_1_39' title="bbox 289 3425 664 3495">
    <p class='ocr_par' dir='ltr' id='par_1_39' title="bbox 289 3425 664 3495">
     <span class='ocr_line' id='line_1_39' title="bbox 289 3425 664 3495; baseline 0.003 -16"><span class='ocrx_word' id='word_1_287' title='bbox 289 3427 351 3479; x_wconf 70' lang='grc' dir='ltr'><strong>ὲν</strong></span> <span class='ocrx_word' id='word_1_288' title='bbox 379 3425 664 3495; x_wconf 76' lang='grc' dir='ltr'>φρονήσει.</span> 
     </span>
    </p>
   </div>
   <div class='ocr_carea' id='block_1_40' title="bbox 897 3687 1275 3758">
    <p class='ocr_par' dir='ltr' id='par_1_40' title="bbox 897 3687 1275 3758">
     <span class='ocr_line' id='line_1_40' title="bbox 897 3687 1275 3758; baseline -0.003 -16"><span class='ocrx_word' id='word_1_289' title='bbox 897 3688 1036 3755; x_wconf 79' lang='grc' dir='ltr'>Περὶ</span> <span class='ocrx_word' id='word_1_290' title='bbox 1068 3687 1275 3758; x_wconf 79' lang='grc' dir='ltr'>μέθης.</span> 
     </span>
    </p>
   </div>
   <div class='ocr_carea' id='block_1_41' title="bbox 362 3776 1881 3848">
    <p class='ocr_par' dir='ltr' id='par_1_41' title="bbox 362 3776 1881 3848">
     <span class='ocr_line' id='line_1_41' title="bbox 362 3776 1881 3848; baseline -0.003 -13"><span class='ocrx_word' id='word_1_291' title='bbox 362 3780 664 3844; x_wconf 80' lang='grc' dir='ltr'>Συνουσίας</span> <span class='ocrx_word' id='word_1_292' title='bbox 712 3778 811 3843; x_wconf 75' lang='grc' dir='ltr'><strong>τὰς</strong></span> <span class='ocrx_word' id='word_1_293' title='bbox 860 3780 920 3832; x_wconf 85' lang='grc' dir='ltr'>ὲν</span> <span class='ocrx_word' id='word_1_294' title='bbox 974 3782 1158 3843; x_wconf 86' lang='grc' dir='ltr'>πότοις</span> <span class='ocrx_word' id='word_1_295' title='bbox 1206 3779 1474 3832; x_wconf 79' lang='grc' dir='ltr'>εὐλαὸοῦ’</span> <span class='ocrx_word' id='word_1_296' title='bbox 1511 3776 1648 3848; x_wconf 80' lang='grc' dir='ltr'>μέθη</span> <span class='ocrx_word' id='word_1_297' title='bbox 1677 3777 1786 3848; x_wconf 78' lang='grc' dir='ltr'><strong>γὰρ</strong></span> <span class='ocrx_word' id='word_1_298' title='bbox 1814 3780 1881 3848; x_wconf 77' lang='grc' dir='ltr'>τῇ</span> 
     </span>
    </p>
   </div>
   <div class='ocr_carea' id='block_1_42' title="bbox 294 3870 1883 3945">
    <p class='ocr_par' dir='ltr' id='par_1_42' title="bbox 294 3870 1883 3945">
     <span class='ocr_line' id='line_1_42' title="bbox 294 3870 1883 3945; baseline -0.003 -19"><span class='ocrx_word' id='word_1_299' title='bbox 294 3875 561 3945; x_wconf 76' lang='grc' dir='ltr'>φρονήσει</span> <span class='ocrx_word' id='word_1_300' title='bbox 587 3871 833 3925; x_wconf 76' lang='grc' dir='ltr'>ἐναντίον</span> <span class='ocrx_word' id='word_1_301' title='bbox 865 3889 918 3925; x_wconf 83' lang='grc' dir='ltr'><strong>τι</strong></span> <span class='ocrx_word' id='word_1_302' title='bbox 948 3874 1135 3943; x_wconf 85' lang='grc' dir='ltr'>χρῆμα</span> <span class='ocrx_word' id='word_1_303' title='bbox 1167 3875 1262 3925; x_wconf 77' lang='grc' dir='ltr'><strong>καὶ</strong></span> <span class='ocrx_word' id='word_1_304' title='bbox 1292 3871 1746 3941; x_wconf 78' lang='grc' dir='ltr'>πολέμιον.”υταν</span> <span class='ocrx_word' id='word_1_305' title='bbox 1774 3870 1883 3941; x_wconf 91' lang='lat'><strong>7&amp;9</strong></span> 
     </span>
    </p>
   </div>
   <div class='ocr_carea' id='block_1_43' title="bbox 290 3962 1883 4034">
    <p class='ocr_par' dir='ltr' id='par_1_43' title="bbox 290 3962 1883 4034">
     <span class='ocr_line' id='line_1_43' title="bbox 290 3962 1883 4034; baseline -0.004 -15"><span class='ocrx_word' id='word_1_306' title='bbox 290 3968 321 4019; x_wconf 79' lang='grc' dir='ltr'><strong>ὁ</strong></span> <span class='ocrx_word' id='word_1_307' title='bbox 342 3966 470 4029; x_wconf 88' lang='grc' dir='ltr'>νοῦς</span> <span class='ocrx_word' id='word_1_308' title='bbox 492 3965 600 4018; x_wconf 76' lang='grc' dir='ltr'><strong>ὑπὸ</strong></span> <span class='ocrx_word' id='word_1_309' title='bbox 626 3963 719 4018; x_wconf 90' lang='grc' dir='ltr'><strong>τοῦ</strong></span> <span class='ocrx_word' id='word_1_310' title='bbox 744 3964 889 4017; x_wconf 80' lang='grc' dir='ltr'>οίνου</span> <span class='ocrx_word' id='word_1_311' title='bbox 911 3964 1243 4034; x_wconf 79' lang='grc' dir='ltr'>τυραννηθῇ,</span> <span class='ocrx_word' id='word_1_312' title='bbox 1267 3962 1461 4015; x_wconf 83' lang='grc' dir='ltr'>ταυτόν</span> <span class='ocrx_word' id='word_1_313' title='bbox 1479 3980 1530 4014; x_wconf 92' lang='grc' dir='ltr'><strong>τι</strong></span> <span class='ocrx_word' id='word_1_314' title='bbox 1552 3962 1748 4031; x_wconf 83' lang='grc' dir='ltr'>πάσχει</span> <span class='ocrx_word' id='word_1_315' title='bbox 1771 3963 1883 4023; x_wconf 83' lang='grc' dir='ltr'>τοῖς</span> 
     </span>
    </p>
   </div>
   <div class='ocr_carea' id='block_1_44' title="bbox 292 4051 1879 4129">
    <p class='ocr_par' dir='ltr' id='par_1_44' title="bbox 292 4051 1879 4129">
     <span class='ocr_line' id='line_1_44' title="bbox 292 4051 1879 4129; baseline -0.004 -18"><span class='ocrx_word' id='word_1_316' title='bbox 292 4058 523 4129; x_wconf 75' lang='grc' dir='ltr'>φαύλοις</span> <span class='ocrx_word' id='word_1_317' title='bbox 552 4056 809 4126; x_wconf 80' lang='grc' dir='ltr'>ἡνιόχοις,</span> <span class='ocrx_word' id='word_1_318' title='bbox 833 4054 883 4107; x_wconf 84' lang='grc' dir='ltr'>οἳ</span> <span class='ocrx_word' id='word_1_319' title='bbox 915 4054 975 4107; x_wconf 83' lang='grc' dir='ltr'><strong>τὸ</strong></span> <span class='ocrx_word' id='word_1_320' title='bbox 999 4054 1151 4126; x_wconf 74' lang='grc' dir='ltr'>ἅρμα</span> <span class='ocrx_word' id='word_1_321' title='bbox 1172 4054 1442 4125; x_wconf 77' lang='grc' dir='ltr'>κυδερνᾷν</span> <span class='ocrx_word' id='word_1_322' title='bbox 1469 4051 1879 4117; x_wconf 78' lang='grc' dir='ltr'>ἀδυνατοῦντες,</span> 
     </span>
    </p>
   </div>
   <div class='ocr_carea' id='block_1_45' title="bbox 294 4138 1883 4214">
    <p class='ocr_par' dir='ltr' id='par_1_45' title="bbox 294 4138 1883 4214">
     <span class='ocr_line' id='line_1_45' title="bbox 294 4138 1883 4214; baseline -0.005 -11"><span class='ocrx_word' id='word_1_323' title='bbox 294 4152 390 4203; x_wconf 78' lang='grc' dir='ltr'><strong>καὶ</strong></span> <span class='ocrx_word' id='word_1_324' title='bbox 426 4149 657 4209; x_wconf 70' lang='grc' dir='ltr'>ἑαυτοὺς</span> <span class='ocrx_word' id='word_1_325' title='bbox 681 4147 775 4200; x_wconf 76' lang='grc' dir='ltr'><strong>καὶ</strong></span> <span class='ocrx_word' id='word_1_326' title='bbox 801 4148 929 4209; x_wconf 76' lang='grc' dir='ltr'>τοὺς</span> <span class='ocrx_word' id='word_1_327' title='bbox 958 4145 1158 4208; x_wconf 77' lang='grc' dir='ltr'>ἵππους</span> <span class='ocrx_word' id='word_1_328' title='bbox 1186 4138 1289 4198; x_wconf 82' lang='grc' dir='ltr'>ὧδε</span> <span class='ocrx_word' id='word_1_329' title='bbox 1308 4146 1532 4198; x_wconf 74' lang='grc' dir='ltr'>κάκεῖσε</span> <span class='ocrx_word' id='word_1_330' title='bbox 1556 4144 1883 4214; x_wconf 80' lang='grc' dir='ltr'>περιφέρου-</span> 
     </span>
    </p>
   </div>
   <div class='ocr_carea' id='block_1_46' title="bbox 294 4233 1884 4308">
    <p class='ocr_par' dir='ltr' id='par_1_46' title="bbox 294 4233 1884 4308">
     <span class='ocr_line' id='line_1_46' title="bbox 294 4233 1884 4308; baseline -0.004 -15"><span class='ocrx_word' id='word_1_331' title='bbox 294 4258 372 4304; x_wconf 83' lang='grc' dir='ltr'><strong>σι,</strong></span> <span class='ocrx_word' id='word_1_332' title='bbox 402 4240 503 4294; x_wconf 72' lang='grc' dir='ltr'>καὶ</span> <span class='ocrx_word' id='word_1_333' title='bbox 531 4238 745 4307; x_wconf 81' lang='grc' dir='ltr'>γέλωτα</span> <span class='ocrx_word' id='word_1_334' title='bbox 766 4238 879 4299; x_wconf 81' lang='grc' dir='ltr'>τοῖς</span> <span class='ocrx_word' id='word_1_335' title='bbox 902 4236 1068 4308; x_wconf 85' lang='grc' dir='ltr'>ὁρῶσι</span> <span class='ocrx_word' id='word_1_336' title='bbox 1093 4236 1350 4307; x_wconf 80' lang='grc' dir='ltr'>μέγιστον</span> <span class='ocrx_word' id='word_1_337' title='bbox 1370 4235 1711 4305; x_wconf 75' lang='grc' dir='ltr'>ἐμποιοῦσιν.</span> <span class='ocrx_word' id='word_1_338' title='bbox 1726 4233 1884 4287; x_wconf 74' lang='grc' dir='ltr'>Οὕτω</span> 
     </span>
    </p>
   </div>
   <div class='ocr_carea' id='block_1_47' title="bbox 292 4325 1884 4401">
    <p class='ocr_par' dir='ltr' id='par_1_47' title="bbox 292 4325 1884 4401">
     <span class='ocr_line' id='line_1_47' title="bbox 292 4325 1884 4401; baseline -0.006 -14"><span class='ocrx_word' id='word_1_339' title='bbox 292 4335 349 4387; x_wconf 80' lang='grc' dir='ltr'>δὲ</span> <span class='ocrx_word' id='word_1_340' title='bbox 398 4329 720 4401; x_wconf 77' lang='grc' dir='ltr'>πασχούσης</span> <span class='ocrx_word' id='word_1_341' title='bbox 770 4330 870 4400; x_wconf 83' lang='grc' dir='ltr'>τῆς</span> <span class='ocrx_word' id='word_1_342' title='bbox 909 4329 1181 4393; x_wconf 75' lang='grc' dir='ltr'>διανοίας,</span> <span class='ocrx_word' id='word_1_343' title='bbox 1206 4328 1420 4397; x_wconf 83' lang='grc' dir='ltr'>ἀνάγκη</span> <span class='ocrx_word' id='word_1_344' title='bbox 1450 4326 1543 4380; x_wconf 78' lang='grc' dir='ltr'><strong>καὶ</strong></span> <span class='ocrx_word' id='word_1_345' title='bbox 1575 4328 1674 4397; x_wconf 82' lang='grc' dir='ltr'>τὴν</span> <span class='ocrx_word' id='word_1_346' title='bbox 1705 4325 1884 4396; x_wconf 81' lang='grc' dir='ltr'>ψυχὴν</span> 
     </span>
    </p>
   </div>
   <div class='ocr_carea' id='block_1_48' title="bbox 294 4419 1191 4491">
    <p class='ocr_par' dir='ltr' id='par_1_48' title="bbox 294 4419 1191 4491">
     <span class='ocr_line' id='line_1_48' title="bbox 294 4419 1191 4491; baseline -0.009 -12"><span class='ocrx_word' id='word_1_347' title='bbox 294 4424 472 4479; x_wconf 75' lang='grc' dir='ltr'>πολλὰ</span> <span class='ocrx_word' id='word_1_348' title='bbox 502 4420 882 4491; x_wconf 71' lang='grc' dir='ltr'>σφαλλομένην</span> <span class='ocrx_word' id='word_1_349' title='bbox 907 4419 1191 4476; x_wconf 82' lang='grc' dir='ltr'>διατελεῖν.</span> 
     </span>
    </p>
   </div>
   <div class='ocr_carea' id='block_1_49' title="bbox 861 4512 1324 4582">
    <p class='ocr_par' dir='ltr' id='par_1_49' title="bbox 861 4512 1324 4582">
     <span class='ocr_line' id='line_1_49' title="bbox 861 4512 1324 4582; baseline 0.002 -16"><span class='ocrx_word' id='word_1_350' title='bbox 861 4513 1002 4582; x_wconf 73' lang='grc' dir='ltr'>Περὶ</span> <span class='ocrx_word' id='word_1_351' title='bbox 1037 4512 1324 4579; x_wconf 80' lang='grc' dir='ltr'>κτήσεως.</span> 
     </span>
    </p>
   </div>
   <div class='ocr_carea' id='block_1_50' title="bbox 360 4602 1889 4680">
    <p class='ocr_par' dir='ltr' id='par_1_50' title="bbox 360 4602 1889 4680">
     <span class='ocr_line' id='line_1_50' title="bbox 360 4602 1889 4680; baseline -0.006 -17"><span class='ocrx_word' id='word_1_352' title='bbox 360 4608 595 4680; x_wconf 60' lang='grc' dir='ltr'>Ῥᾳδίως</span> <span class='ocrx_word' id='word_1_353' title='bbox 645 4608 819 4677; x_wconf 75' lang='grc' dir='ltr'>κτήσῃ</span> <span class='ocrx_word' id='word_1_354' title='bbox 864 4605 1036 4674; x_wconf 82' lang='grc' dir='ltr'>φίλον,</span> <span class='ocrx_word' id='word_1_355' title='bbox 1065 4604 1126 4658; x_wconf 77' lang='grc' dir='ltr'>ὃν</span> <span class='ocrx_word' id='word_1_356' title='bbox 1156 4605 1222 4659; x_wconf 86' lang='grc' dir='ltr'><strong>ἂν</strong></span> <span class='ocrx_word' id='word_1_357' title='bbox 1252 4604 1520 4676; x_wconf 82' lang='grc' dir='ltr'>βουληθῇς</span> <span class='ocrx_word' id='word_1_358' title='bbox 1544 4643 1559 4667; x_wconf 88' lang='grc'><strong>,</strong></span> <span class='ocrx_word' id='word_1_359' title='bbox 1625 4605 1673 4656; x_wconf 88' lang='grc' dir='ltr'><strong>εί</strong></span> <span class='ocrx_word' id='word_1_360' title='bbox 1706 4602 1889 4670; x_wconf 82' lang='grc' dir='ltr'>ἀγαθά</span> 
     </span>
    </p>
   </div>
   <div class='ocr_carea' id='block_1_51' title="bbox 296 4692 1890 4766">
    <p class='ocr_par' dir='ltr' id='par_1_51' title="bbox 296 4692 1890 4766">
     <span class='ocr_line' id='line_1_51' title="bbox 296 4692 1890 4766; baseline -0.004 -13"><span class='ocrx_word' id='word_1_361' title='bbox 296 4717 421 4753; x_wconf 79' lang='grc' dir='ltr'>τινα</span> <span class='ocrx_word' id='word_1_362' title='bbox 447 4699 631 4765; x_wconf 80' lang='grc' dir='ltr'>λὲγεις</span> <span class='ocrx_word' id='word_1_363' title='bbox 668 4713 733 4749; x_wconf 89' lang='grc' dir='ltr'><strong>πε</strong></span> <span class='ocrx_word' id='word_1_364' title='bbox 742 4696 798 4766; x_wconf 79' lang='grc' dir='ltr'>ρὶ</span> <span class='ocrx_word' id='word_1_365' title='bbox 822 4693 990 4749; x_wconf 77' lang='grc' dir='ltr'>αὑτοῦ</span> <span class='ocrx_word' id='word_1_366' title='bbox 1017 4694 1247 4758; x_wconf 76' lang='grc' dir='ltr'>ἀπόντος</span> <span class='ocrx_word' id='word_1_367' title='bbox 1281 4693 1505 4747; x_wconf 73' lang='grc' dir='ltr'>ἐπὶτῶν</span> <span class='ocrx_word' id='word_1_368' title='bbox 1530 4692 1890 4761; x_wconf 78' lang='grc' dir='ltr'>ἐπαγγελλόν-</span> 
     </span>
    </p>
   </div>
   <div class='ocr_carea' id='block_1_52' title="bbox 298 4782 1884 4856">
    <p class='ocr_par' dir='ltr' id='par_1_52' title="bbox 298 4782 1884 4856">
     <span class='ocr_line' id='line_1_52' title="bbox 298 4782 1884 4856; baseline 0.007 -32"><span class='ocrx_word' id='word_1_369' title='bbox 298 4808 411 4843; x_wconf 69' lang='grc' dir='ltr'><strong>των</strong></span> <span class='ocrx_word' id='word_1_370' title='bbox 447 4786 600 4856; x_wconf 65' lang='grc' dir='ltr'><strong>αὐτῷ</strong></span> <span class='ocrx_word' id='word_1_371' title='bbox 622 4802 637 4817; x_wconf 82' lang='grc' dir='ltr'><strong>ο</strong></span> <span class='ocrx_word' id='word_1_372' title='bbox 668 4786 810 4856; x_wconf 74' lang='grc' dir='ltr'><strong>ἀρχὴ</strong></span> <span class='ocrx_word' id='word_1_373' title='bbox 840 4785 972 4855; x_wconf 78' lang='grc' dir='ltr'>γὰρ,</span> <span class='ocrx_word' id='word_1_374' title='bbox 1002 4784 1077 4849; x_wconf 84' lang='grc' dir='ltr'><strong>ὡς</strong></span> <span class='ocrx_word' id='word_1_375' title='bbox 1103 4785 1268 4850; x_wconf 72' lang='grc' dir='ltr'>ἔοικε,</span> <span class='ocrx_word' id='word_1_376' title='bbox 1308 4783 1490 4853; x_wconf 80' lang='grc' dir='ltr'>φιλίας</span> <span class='ocrx_word' id='word_1_377' title='bbox 1523 4783 1624 4854; x_wconf 77' lang='grc' dir='ltr'><strong>μὲν</strong></span> <span class='ocrx_word' id='word_1_378' title='bbox 1647 4782 1884 4847; x_wconf 75' lang='grc' dir='ltr'>ἔπαινος,</span> 
     </span>
    </p>
   </div>
   <div class='ocr_carea' id='block_1_53' title="bbox 299 4878 1888 4954">
    <p class='ocr_par' dir='ltr' id='par_1_53' title="bbox 299 4878 1888 4954">
     <span class='ocr_line' id='line_1_53' title="bbox 299 4878 1888 4954; baseline -0.005 -17"><span class='ocrx_word' id='word_1_379' title='bbox 299 4884 506 4954; x_wconf 72' lang='grc' dir='ltr'>ἔχθρας</span> <span class='ocrx_word' id='word_1_380' title='bbox 543 4881 602 4935; x_wconf 78' lang='grc' dir='ltr'><strong>δὲ</strong></span> <span class='ocrx_word' id='word_1_381' title='bbox 647 4880 815 4951; x_wconf 80' lang='grc' dir='ltr'>ψόγος</span> <span class='ocrx_word' id='word_1_382' title='bbox 861 4881 1027 4935; x_wconf 71' lang='grc' dir='ltr'>ἐστίν.</span> <span class='ocrx_word' id='word_1_383' title='bbox 1046 4880 1208 4935; x_wconf 83' lang='grc' dir='ltr'>Ἀλλά</span> <span class='ocrx_word' id='word_1_384' title='bbox 1240 4879 1337 4933; x_wconf 80' lang='grc' dir='ltr'><strong>καὶ</strong></span> <span class='ocrx_word' id='word_1_385' title='bbox 1372 4878 1465 4943; x_wconf 84' lang='grc' dir='ltr'><strong>οὓς</strong></span> <span class='ocrx_word' id='word_1_386' title='bbox 1496 4879 1595 4950; x_wconf 71' lang='grc' dir='ltr'>ἤδη</span> <span class='ocrx_word' id='word_1_387' title='bbox 1625 4879 1888 4949; x_wconf 77' lang='grc' dir='ltr'>κέκτησαι</span> 
     </span>
    </p>
   </div>
   <div class='ocr_carea' id='block_1_54' title="bbox 300 4968 1889 5042">
    <p class='ocr_par' dir='ltr' id='par_1_54' title="bbox 300 4968 1889 5042">
     <span class='ocr_line' id='line_1_54' title="bbox 300 4968 1889 5042; baseline -0.003 -17"><span class='ocrx_word' id='word_1_388' title='bbox 300 4974 514 5042; x_wconf 73' lang='grc' dir='ltr'>φίλους,</span> <span class='ocrx_word' id='word_1_389' title='bbox 542 4972 592 5024; x_wconf 86' lang='grc' dir='ltr'><strong>εί</strong></span> <span class='ocrx_word' id='word_1_390' title='bbox 641 4969 820 5039; x_wconf 79' lang='grc' dir='ltr'>βούλει</span> <span class='ocrx_word' id='word_1_391' title='bbox 845 4970 1008 5024; x_wconf 76' lang='grc' dir='ltr'>πλέον</span> <span class='ocrx_word' id='word_1_392' title='bbox 1036 4968 1384 5040; x_wconf 79' lang='grc' dir='ltr'>ἐφέλκεσθαι,</span> <span class='ocrx_word' id='word_1_393' title='bbox 1412 4970 1621 5023; x_wconf 70' lang='grc' dir='ltr'>ἐπαίνει</span> <span class='ocrx_word' id='word_1_394' title='bbox 1650 4968 1889 5030; x_wconf 83' lang='grc' dir='ltr'>ἀπόντας</span> 
     </span>
    </p>
   </div>
   <div class='ocr_carea' id='block_1_55' title="bbox 300 5059 1891 5133">
    <p class='ocr_par' dir='ltr' id='par_1_55' title="bbox 300 5059 1891 5133">
     <span class='ocr_line' id='line_1_55' title="bbox 300 5059 1891 5133; baseline -0.005 -15"><span class='ocrx_word' id='word_1_395' title='bbox 300 5065 396 5119; x_wconf 76' lang='grc' dir='ltr'><strong>ἐπὶ</strong></span> <span class='ocrx_word' id='word_1_396' title='bbox 438 5062 551 5115; x_wconf 81' lang='grc' dir='ltr'><strong>τῶν</strong></span> <span class='ocrx_word' id='word_1_397' title='bbox 597 5061 903 5133; x_wconf 88' lang='grc' dir='ltr'>παρόντων.</span> <span class='ocrx_word' id='word_1_398' title='bbox 931 5062 1040 5114; x_wconf 75' lang='grc' dir='ltr'><strong>Καὶ</strong></span> <span class='ocrx_word' id='word_1_399' title='bbox 1072 5062 1182 5131; x_wconf 86' lang='lat'><strong>7&amp;9</strong></span> <span class='ocrx_word' id='word_1_400' title='bbox 1221 5059 1364 5114; x_wconf 81' lang='grc' dir='ltr'>οὓτω</span> <span class='ocrx_word' id='word_1_401' title='bbox 1391 5060 1603 5125; x_wconf 79' lang='grc' dir='ltr'>δόξειας</span> <span class='ocrx_word' id='word_1_402' title='bbox 1636 5060 1702 5112; x_wconf 84' lang='grc' dir='ltr'>ἂν</span> <span class='ocrx_word' id='word_1_403' title='bbox 1732 5059 1891 5111; x_wconf 80' lang='grc' dir='ltr'>ἐπαι-</span> 
     </span>
    </p>
   </div>
   <div class='ocr_carea' id='block_1_56' title="bbox 304 5148 1891 5225">
    <p class='ocr_par' dir='ltr' id='par_1_56' title="bbox 304 5148 1891 5225">
     <span class='ocr_line' id='line_1_56' title="bbox 304 5148 1891 5225; baseline -0.003 -17"><span class='ocrx_word' id='word_1_404' title='bbox 304 5162 415 5211; x_wconf 85' lang='grc' dir='ltr'>νεῖν</span> <span class='ocrx_word' id='word_1_405' title='bbox 444 5157 543 5210; x_wconf 68' lang='grc' dir='ltr'>καὶ</span> <span class='ocrx_word' id='word_1_406' title='bbox 574 5155 702 5218; x_wconf 79' lang='grc' dir='ltr'>τοὺς</span> <span class='ocrx_word' id='word_1_407' title='bbox 729 5155 1003 5225; x_wconf 86' lang='grc' dir='ltr'>παρόντας</span> <span class='ocrx_word' id='word_1_408' title='bbox 1034 5154 1128 5209; x_wconf 75' lang='grc' dir='ltr'><strong>ἐπὶ</strong></span> <span class='ocrx_word' id='word_1_409' title='bbox 1167 5154 1276 5208; x_wconf 86' lang='grc' dir='ltr'>τῶν</span> <span class='ocrx_word' id='word_1_410' title='bbox 1317 5154 1587 5209; x_wconf 86' lang='grc' dir='ltr'>ἀπόντων.</span> <span class='ocrx_word' id='word_1_411' title='bbox 1620 5148 1891 5223; x_wconf 75' lang='grc' dir='ltr'>Δοκίμαζε</span> 
     </span>
    </p>
   </div>
   <div class='ocr_carea' id='block_1_57' title="bbox 305 5246 1894 5317">
    <p class='ocr_par' dir='ltr' id='par_1_57' title="bbox 305 5246 1894 5317">
     <span class='ocr_line' id='line_1_57' title="bbox 305 5246 1894 5317; baseline -0.004 -14"><span class='ocrx_word' id='word_1_412' title='bbox 305 5250 361 5302; x_wconf 83' lang='grc' dir='ltr'>δὲ</span> <span class='ocrx_word' id='word_1_413' title='bbox 390 5250 518 5311; x_wconf 80' lang='grc' dir='ltr'>τοὺς</span> <span class='ocrx_word' id='word_1_414' title='bbox 545 5248 759 5317; x_wconf 85' lang='grc' dir='ltr'>φίλους,</span> <span class='ocrx_word' id='word_1_415' title='bbox 788 5246 846 5300; x_wconf 73' lang='grc' dir='ltr'><strong>ἐν</strong></span> <span class='ocrx_word' id='word_1_416' title='bbox 865 5264 925 5301; x_wconf 86' lang='grc' dir='ltr'><strong>τε</strong></span> <span class='ocrx_word' id='word_1_417' title='bbox 951 5250 1068 5309; x_wconf 83' lang='grc' dir='ltr'>ταῖς</span> <span class='ocrx_word' id='word_1_418' title='bbox 1096 5248 1363 5316; x_wconf 81' lang='grc' dir='ltr'>ἀνάγκαις</span> <span class='ocrx_word' id='word_1_419' title='bbox 1391 5247 1483 5300; x_wconf 75' lang='grc' dir='ltr'>καὶ</span> <span class='ocrx_word' id='word_1_420' title='bbox 1505 5248 1624 5308; x_wconf 84' lang='grc' dir='ltr'>ταῖς</span> <span class='ocrx_word' id='word_1_421' title='bbox 1651 5247 1894 5315; x_wconf 89' lang='grc' dir='ltr'>δυσπρα-</span> 
     </span>
    </p>
   </div>
   <div class='ocr_carea' id='block_1_58' title="bbox 305 5330 1893 5410">
    <p class='ocr_par' dir='ltr' id='par_1_58' title="bbox 305 5330 1893 5410">
     <span class='ocr_line' id='line_1_58' title="bbox 305 5330 1893 5410; baseline -0.004 -17"><span class='ocrx_word' id='word_1_422' title='bbox 305 5342 453 5410; x_wconf 84' lang='grc' dir='ltr'>γίαις</span> <span class='ocrx_word' id='word_1_423' title='bbox 473 5357 487 5370; x_wconf 75' lang='grc' dir='ltr'><strong>ο</strong></span> <span class='ocrx_word' id='word_1_424' title='bbox 527 5339 641 5393; x_wconf 87' lang='grc' dir='ltr'><strong>τῶν</strong></span> <span class='ocrx_word' id='word_1_425' title='bbox 667 5339 781 5410; x_wconf 84' lang='grc' dir='ltr'><strong>γὰρ</strong></span> <span class='ocrx_word' id='word_1_426' title='bbox 805 5339 1223 5409; x_wconf 82' lang='grc' dir='ltr'>εὐημερούντων</span> <span class='ocrx_word' id='word_1_427' title='bbox 1241 5381 1257 5404; x_wconf 90' lang='grc'><strong>,</strong></span> <span class='ocrx_word' id='word_1_428' title='bbox 1287 5330 1443 5407; x_wconf 77' lang='grc' dir='ltr'>φίλοι’</span> <span class='ocrx_word' id='word_1_429' title='bbox 1458 5337 1662 5391; x_wconf 86' lang='grc' dir='ltr'>πολλοί.</span> <span class='ocrx_word' id='word_1_430' title='bbox 1690 5336 1893 5390; x_wconf 82' lang='grc' dir='ltr'>Κάκεί-</span> 
     </span>
    </p>
   </div>
   <div class='ocr_carea' id='block_1_59' title="bbox 304 5428 1897 5502">
    <p class='ocr_par' dir='ltr' id='par_1_59' title="bbox 304 5428 1897 5502">
     <span class='ocr_line' id='line_1_59' title="bbox 304 5428 1897 5502; baseline -0.004 -16"><span class='ocrx_word' id='word_1_431' title='bbox 304 5450 428 5497; x_wconf 84' lang='grc' dir='ltr'>νους</span> <span class='ocrx_word' id='word_1_432' title='bbox 460 5431 685 5502; x_wconf 81' lang='grc' dir='ltr'>ἀληθεῖς</span> <span class='ocrx_word' id='word_1_433' title='bbox 714 5430 901 5499; x_wconf 84' lang='grc' dir='ltr'>φίλους</span> <span class='ocrx_word' id='word_1_434' title='bbox 940 5430 1155 5498; x_wconf 82' lang='grc' dir='ltr'>λογίζου</span> <span class='ocrx_word' id='word_1_435' title='bbox 1178 5472 1191 5493; x_wconf 93' lang='grc'><strong>,</strong></span> <span class='ocrx_word' id='word_1_436' title='bbox 1217 5430 1331 5483; x_wconf 83' lang='grc' dir='ltr'>ὅσοι</span> <span class='ocrx_word' id='word_1_437' title='bbox 1365 5428 1439 5499; x_wconf 80' lang='grc' dir='ltr'>μὴ</span> <span class='ocrx_word' id='word_1_438' title='bbox 1477 5429 1699 5499; x_wconf 80' lang='grc' dir='ltr'>κέρδους</span> <span class='ocrx_word' id='word_1_439' title='bbox 1730 5428 1897 5480; x_wconf 68' lang='grc' dir='ltr'>ἕνεκα</span> 
     </span>
    </p>
   </div>
   <div class='ocr_carea' id='block_1_60' title="bbox 305 5518 1897 5594">
    <p class='ocr_par' dir='ltr' id='par_1_60' title="bbox 305 5518 1897 5594">
     <span class='ocr_line' id='line_1_60' title="bbox 305 5518 1897 5594; baseline -0.004 -17"><span class='ocrx_word' id='word_1_440' title='bbox 305 5522 577 5594; x_wconf 85' lang='grc' dir='ltr'>φιλοῦσιν,</span> <span class='ocrx_word' id='word_1_441' title='bbox 608 5521 752 5576; x_wconf 87' lang='grc' dir='ltr'><strong>ἀλλά</strong></span> <span class='ocrx_word' id='word_1_442' title='bbox 779 5520 845 5573; x_wconf 86' lang='grc' dir='ltr'>δι’</span> <span class='ocrx_word' id='word_1_443' title='bbox 870 5522 1042 5590; x_wconf 80' lang='grc' dir='ltr'>αὐτὴν</span> <span class='ocrx_word' id='word_1_444' title='bbox 1076 5522 1176 5591; x_wconf 81' lang='grc' dir='ltr'>τὴν</span> <span class='ocrx_word' id='word_1_445' title='bbox 1218 5519 1419 5591; x_wconf 82' lang='grc' dir='ltr'>ἀρετὴν</span> <span class='ocrx_word' id='word_1_446' title='bbox 1447 5520 1543 5590; x_wconf 83' lang='grc' dir='ltr'><strong>τῆς</strong></span> <span class='ocrx_word' id='word_1_447' title='bbox 1569 5519 1814 5586; x_wconf 85' lang='grc' dir='ltr'>ἀγάπης.</span> <span class='ocrx_word' id='word_1_448' title='bbox 1834 5518 1897 5570; x_wconf 83' lang='grc' dir='ltr'><strong>Ἦ</strong></span> 
     </span>
    </p>
   </div>
   <div class='ocr_carea' id='block_1_61' title="bbox 303 5609 1893 5687">
    <p class='ocr_par' dir='ltr' id='par_1_61' title="bbox 303 5609 1893 5687">
     <span class='ocr_line' id='line_1_61' title="bbox 303 5609 1893 5687; baseline -0.006 -17"><span class='ocrx_word' id='word_1_449' title='bbox 303 5618 412 5687; x_wconf 80' lang='lat'><strong>7&amp;9</strong></span> <span class='ocrx_word' id='word_1_450' title='bbox 437 5615 617 5679; x_wconf 72' lang='grc' dir='ltr'>ἄλλως</span> <span class='ocrx_word' id='word_1_451' title='bbox 643 5614 800 5683; x_wconf 86' lang='grc' dir='ltr'>φιλία</span> <span class='ocrx_word' id='word_1_452' title='bbox 822 5612 902 5683; x_wconf 84' lang='grc' dir='ltr'>τῷ</span> <span class='ocrx_word' id='word_1_453' title='bbox 931 5613 1110 5683; x_wconf 84' lang='grc' dir='ltr'>καιρῷ</span> <span class='ocrx_word' id='word_1_454' title='bbox 1147 5611 1495 5678; x_wconf 89' lang='grc' dir='ltr'>δουλεύουσα,</span> <span class='ocrx_word' id='word_1_455' title='bbox 1525 5609 1767 5681; x_wconf 74' lang='grc' dir='ltr'>ἐμπορία</span> <span class='ocrx_word' id='word_1_456' title='bbox 1790 5625 1893 5675; x_wconf 89' lang='grc' dir='ltr'>τις,</span> 
     </span>
    </p>
   </div>
   <div class='ocr_carea' id='block_1_62' title="bbox 301 5705 1260 5776">
    <p class='ocr_par' dir='ltr' id='par_1_62' title="bbox 301 5705 1260 5776">
     <span class='ocr_line' id='line_1_62' title="bbox 301 5705 1260 5776; baseline -0.007 -11"><span class='ocrx_word' id='word_1_457' title='bbox 301 5709 419 5765; x_wconf 78' lang='grc' dir='ltr'>ἀλλ’</span> <span class='ocrx_word' id='word_1_458' title='bbox 452 5709 513 5762; x_wconf 86' lang='grc' dir='ltr'><strong>οὐ</strong></span> <span class='ocrx_word' id='word_1_459' title='bbox 548 5705 739 5775; x_wconf 88' lang='grc' dir='ltr'>φιλία,</span> <span class='ocrx_word' id='word_1_460' title='bbox 772 5705 945 5776; x_wconf 81' lang='grc' dir='ltr'>ταύτῃ</span> <span class='ocrx_word' id='word_1_461' title='bbox 967 5705 1260 5773; x_wconf 73' lang='grc' dir='ltr'>λογίζεται.</span> 
     </span>
    </p>
   </div>
   <div class='ocr_carea' id='block_1_63' title="bbox 697 5886 1351 5950">
    <p class='ocr_par' dir='ltr' id='par_1_63' title="bbox 697 5886 1351 5950">
     <span class='ocr_line' id='line_1_63' title="bbox 697 5886 1351 5950; baseline 0.002 -1"><span class='ocrx_word' id='word_1_462' title='bbox 697 5888 974 5950; x_wconf 76' lang='grc' dir='ltr'>ΡΑτιιοῐ..</span> <span class='ocrx_word' id='word_1_463' title='bbox 1010 5887 1130 5949; x_wconf 79' lang='lat' dir='ltr'><strong>Gn.</strong></span> <span class='ocrx_word' id='word_1_464' title='bbox 1164 5886 1351 5950; x_wconf 80' lang='lat' dir='ltr'><strong>CVII.</strong></span> 
     </span>
    </p>
   </div>
   <div class='ocr_carea' id='block_1_64' title="bbox 2635 1055 2948 1111">
    <p class='ocr_par' dir='ltr' id='par_1_64' title="bbox 2635 1055 2948 1111">
     <span class='ocr_line' id='line_1_64' title="bbox 2635 1055 2948 1111; baseline 0.01 -3"><span class='ocrx_word' id='word_1_465' title='bbox 2635 1055 2709 1110; x_wconf 86' lang='lat' dir='ltr'><strong>De</strong></span> <span class='ocrx_word' id='word_1_466' title='bbox 2738 1056 2948 1111; x_wconf 82' lang='lat' dir='ltr'><strong>amicis.</strong></span> 
     </span>
    </p>
   </div>
   <div class='ocr_carea' id='block_1_65' title="bbox 2059 1145 3575 1221">
    <p class='ocr_par' dir='ltr' id='par_1_65' title="bbox 2059 1145 3575 1221">
     <span class='ocr_line' id='line_1_65' title="bbox 2059 1145 3575 1221; baseline 0.002 -19"><span class='ocrx_word' id='word_1_467' title='bbox 2059 1145 2201 1216; x_wconf 84' lang='lat' dir='ltr'><strong>Opta</strong></span> <span class='ocrx_word' id='word_1_468' title='bbox 2232 1145 2333 1201; x_wconf 89' lang='lat' dir='ltr'><strong>tibi</strong></span> <span class='ocrx_word' id='word_1_469' title='bbox 2363 1161 2459 1201; x_wconf 90' lang='lat' dir='ltr'><strong>eos</strong></span> <span class='ocrx_word' id='word_1_470' title='bbox 2487 1146 2719 1213; x_wconf 89' lang='lat' dir='ltr'><strong>amicos,</strong></span> <span class='ocrx_word' id='word_1_471' title='bbox 2763 1156 2817 1202; x_wconf 90' lang='lat' dir='ltr'><strong>et</strong></span> <span class='ocrx_word' id='word_1_472' title='bbox 2850 1148 3077 1204; x_wconf 89' lang='lat' dir='ltr'><strong>intimos</strong></span> <span class='ocrx_word' id='word_1_473' title='bbox 3109 1147 3430 1215; x_wconf 76' lang='lat' dir='ltr'><strong>fatniliares,</strong></span> <span class='ocrx_word' id='word_1_474' title='bbox 3475 1150 3575 1221; x_wconf 85' lang='lat' dir='ltr'><strong>qui</strong></span> 
     </span>
    </p>
   </div>
   <div class='ocr_carea' id='block_1_66' title="bbox 1989 1238 3574 1307">
    <p class='ocr_par' dir='ltr' id='par_1_66' title="bbox 1989 1238 3574 1307">
     <span class='ocr_line' id='line_1_66' title="bbox 1989 1238 3574 1307; baseline 0.003 -14"><span class='ocrx_word' id='word_1_475' title='bbox 1989 1248 2180 1294; x_wconf 82' lang='lat' dir='ltr'><strong>sancte</strong></span> <span class='ocrx_word' id='word_1_476' title='bbox 2208 1253 2333 1293; x_wconf 91' lang='lat' dir='ltr'><strong>cum</strong></span> <span class='ocrx_word' id='word_1_477' title='bbox 2350 1238 2477 1293; x_wconf 91' lang='lat' dir='ltr'><strong>aliis</strong></span> <span class='ocrx_word' id='word_1_478' title='bbox 2503 1238 2806 1293; x_wconf 78' lang='lat' dir='ltr'><strong>amicitiam</strong></span> <span class='ocrx_word' id='word_1_479' title='bbox 2839 1241 3135 1307; x_wconf 86' lang='lat' dir='ltr'><strong>coluerint,</strong></span> <span class='ocrx_word' id='word_1_480' title='bbox 3167 1250 3221 1297; x_wconf 91' lang='lat' dir='ltr'><strong>et</strong></span> <span class='ocrx_word' id='word_1_481' title='bbox 3243 1243 3366 1298; x_wconf 87' lang='lat' dir='ltr'><strong>aliis</strong></span> <span class='ocrx_word' id='word_1_482' title='bbox 3393 1242 3574 1299; x_wconf 86' lang='lat' dir='ltr'><strong>domi-</strong></span> 
     </span>
    </p>
   </div>
   <div class='ocr_carea' id='block_1_67' title="bbox 1990 1329 3576 1399">
    <p class='ocr_par' dir='ltr' id='par_1_67' title="bbox 1990 1329 3576 1399">
     <span class='ocr_line' id='line_1_67' title="bbox 1990 1329 3576 1399; baseline 0.003 -16"><span class='ocrx_word' id='word_1_483' title='bbox 1990 1329 2077 1385; x_wconf 92' lang='lat' dir='ltr'><strong>nis</strong></span> <span class='ocrx_word' id='word_1_484' title='bbox 2130 1329 2347 1385; x_wconf 85' lang='lat' dir='ltr'><strong>ﬁdelem</strong></span> <span class='ocrx_word' id='word_1_485' title='bbox 2380 1344 2603 1399; x_wconf 89' lang='lat' dir='ltr'><strong>operam</strong></span> <span class='ocrx_word' id='word_1_486' title='bbox 2656 1331 3002 1387; x_wconf 83' lang='lat' dir='ltr'><strong>navaverint.</strong></span> <span class='ocrx_word' id='word_1_487' title='bbox 3050 1331 3205 1398; x_wconf 87' lang='lat' dir='ltr'><strong>Quod</strong></span> <span class='ocrx_word' id='word_1_488' title='bbox 3256 1332 3402 1388; x_wconf 90' lang='lat' dir='ltr'><strong>enim</strong></span> <span class='ocrx_word' id='word_1_489' title='bbox 3448 1333 3576 1387; x_wconf 85' lang='lat' dir='ltr'><strong>aliis</strong></span> 
     </span>
    </p>
   </div>
   <div class='ocr_carea' id='block_1_68' title="bbox 1991 1418 3578 1490">
    <p class='ocr_par' dir='ltr' id='par_1_68' title="bbox 1991 1418 3578 1490">
     <span class='ocr_line' id='line_1_68' title="bbox 1991 1418 3578 1490; baseline 0.003 -19"><span class='ocrx_word' id='word_1_490' title='bbox 1991 1419 2386 1488; x_wconf 68' lang='lat' dir='ltr'><strong>prmstiterunt,</strong></span> <span class='ocrx_word' id='word_1_491' title='bbox 2417 1418 2562 1473; x_wconf 89' lang='lat' dir='ltr'><strong>idem</strong></span> <span class='ocrx_word' id='word_1_492' title='bbox 2587 1418 2756 1473; x_wconf 84' lang='lat' dir='ltr'><strong>etiam</strong></span> <span class='ocrx_word' id='word_1_493' title='bbox 2807 1429 3072 1489; x_wconf 67' lang='lat' dir='ltr'><strong>prmstare</strong></span> <span class='ocrx_word' id='word_1_494' title='bbox 3109 1421 3206 1475; x_wconf 91' lang='lat' dir='ltr'><strong>tibi</strong></span> <span class='ocrx_word' id='word_1_495' title='bbox 3235 1435 3343 1475; x_wconf 90' lang='lat' dir='ltr'><strong>non</strong></span> <span class='ocrx_word' id='word_1_496' title='bbox 3378 1436 3578 1490; x_wconf 83' lang='lat' dir='ltr'><strong>grava-</strong></span> 
     </span>
    </p>
   </div>
   <div class='ocr_carea' id='block_1_69' title="bbox 1990 1508 3575 1579">
    <p class='ocr_par' dir='ltr' id='par_1_69' title="bbox 1990 1508 3575 1579">
     <span class='ocr_line' id='line_1_69' title="bbox 1990 1508 3575 1579; baseline 0.001 -17"><span class='ocrx_word' id='word_1_497' title='bbox 1990 1508 2306 1573; x_wconf 88' lang='lat' dir='ltr'><strong>buntur;et</strong></span> <span class='ocrx_word' id='word_1_498' title='bbox 2335 1508 2431 1578; x_wconf 82' lang='lat' dir='ltr'><strong>qui</strong></span> <span class='ocrx_word' id='word_1_499' title='bbox 2488 1508 2667 1563; x_wconf 89' lang='lat' dir='ltr'><strong>bonus</strong></span> <span class='ocrx_word' id='word_1_500' title='bbox 2692 1524 2821 1579; x_wconf 83' lang='lat' dir='ltr'><strong>erga</strong></span> <span class='ocrx_word' id='word_1_501' title='bbox 2859 1517 3068 1565; x_wconf 84' lang='lat' dir='ltr'><strong>veteres</strong></span> <span class='ocrx_word' id='word_1_502' title='bbox 3109 1511 3317 1565; x_wconf 87' lang='lat' dir='ltr'><strong>amicos</strong></span> <span class='ocrx_word' id='word_1_503' title='bbox 3342 1510 3575 1564; x_wconf 55' lang='lat' dir='ltr'><strong>exstiten</strong></span> 
     </span>
    </p>
   </div>
   <div class='ocr_carea' id='block_1_70' title="bbox 1989 1600 3572 1671">
    <p class='ocr_par' dir='ltr' id='par_1_70' title="bbox 1989 1600 3572 1671">
     <span class='ocr_line' id='line_1_70' title="bbox 1989 1600 3572 1671; baseline 0.001 -16"><span class='ocrx_word' id='word_1_504' title='bbox 1989 1601 2088 1666; x_wconf 84' lang='lat' dir='ltr'><strong>rit,</strong></span> <span class='ocrx_word' id='word_1_505' title='bbox 2120 1600 2301 1656; x_wconf 90' lang='lat' dir='ltr'><strong>bonus</strong></span> <span class='ocrx_word' id='word_1_506' title='bbox 2337 1616 2465 1671; x_wconf 87' lang='lat' dir='ltr'><strong>erga</strong></span> <span class='ocrx_word' id='word_1_507' title='bbox 2485 1608 2538 1656; x_wconf 88' lang='lat' dir='ltr'><strong>te</strong></span> <span class='ocrx_word' id='word_1_508' title='bbox 2565 1600 2734 1655; x_wconf 87' lang='lat' dir='ltr'><strong>etiam</strong></span> <span class='ocrx_word' id='word_1_509' title='bbox 2780 1600 3005 1658; x_wconf 80' lang='lat' dir='ltr'><strong>futurus</strong></span> <span class='ocrx_word' id='word_1_510' title='bbox 3061 1602 3263 1657; x_wconf 85' lang='lat' dir='ltr'><strong>merito</strong></span> <span class='ocrx_word' id='word_1_511' title='bbox 3292 1602 3572 1657; x_wconf 81' lang='lat' dir='ltr'><strong>credetur.</strong></span> 
     </span>
    </p>
   </div>
   <div class='ocr_carea' id='block_1_71' title="bbox 1992 1691 3576 1765">
    <p class='ocr_par' dir='ltr' id='par_1_71' title="bbox 1992 1691 3576 1765">
     <span class='ocr_line' id='line_1_71' title="bbox 1992 1691 3576 1765; baseline 0.001 -19"><span class='ocrx_word' id='word_1_512' title='bbox 1992 1691 2096 1759; x_wconf 87' lang='lat' dir='ltr'><strong>Qui</strong></span> <span class='ocrx_word' id='word_1_513' title='bbox 2130 1701 2310 1747; x_wconf 91' lang='lat' dir='ltr'><strong>autem</strong></span> <span class='ocrx_word' id='word_1_514' title='bbox 2344 1691 2625 1761; x_wconf 90' lang='lat' dir='ltr'><strong>prioribus</strong></span> <span class='ocrx_word' id='word_1_515' title='bbox 2693 1692 2889 1750; x_wconf 88' lang='lat' dir='ltr'><strong>amicis</strong></span> <span class='ocrx_word' id='word_1_516' title='bbox 2920 1701 3018 1748; x_wconf 91' lang='lat' dir='ltr'><strong>aut</strong></span> <span class='ocrx_word' id='word_1_517' title='bbox 3059 1694 3309 1763; x_wconf 86' lang='lat' dir='ltr'><strong>patronis</strong></span> <span class='ocrx_word' id='word_1_518' title='bbox 3340 1693 3576 1765; x_wconf 87' lang='lat' dir='ltr'><strong>ignavus</strong></span> 
     </span>
    </p>
   </div>
   <div class='ocr_carea' id='block_1_72' title="bbox 1994 1781 3580 1855">
    <p class='ocr_par' dir='ltr' id='par_1_72' title="bbox 1994 1781 3580 1855">
     <span class='ocr_line' id='line_1_72' title="bbox 1994 1781 3580 1855; baseline 0.001 -19"><span class='ocrx_word' id='word_1_519' title='bbox 1994 1790 2161 1853; x_wconf 89' lang='lat' dir='ltr'><strong>atque</strong></span> <span class='ocrx_word' id='word_1_520' title='bbox 2188 1782 2404 1838; x_wconf 89' lang='lat' dir='ltr'><strong>inutilis</strong></span> <span class='ocrx_word' id='word_1_521' title='bbox 2433 1791 2563 1837; x_wconf 89' lang='lat' dir='ltr'><strong>ante</strong></span> <span class='ocrx_word' id='word_1_522' title='bbox 2591 1781 2781 1848; x_wconf 77' lang='lat' dir='ltr'><strong>fuerit,</strong></span> <span class='ocrx_word' id='word_1_523' title='bbox 2813 1782 2907 1838; x_wconf 77' lang='lat' dir='ltr'><strong>vix</strong></span> <span class='ocrx_word' id='word_1_524' title='bbox 2958 1798 3205 1855; x_wconf 88' lang='lat' dir='ltr'><strong>unquam</strong></span> <span class='ocrx_word' id='word_1_525' title='bbox 3256 1795 3445 1855; x_wconf 87' lang='lat' dir='ltr'><strong>postea</strong></span> <span class='ocrx_word' id='word_1_526' title='bbox 3480 1784 3580 1839; x_wconf 89' lang='lat' dir='ltr'><strong>bo-</strong></span> 
     </span>
    </p>
   </div>
   <div class='ocr_carea' id='block_1_73' title="bbox 1994 1871 2865 1941">
    <p class='ocr_par' dir='ltr' id='par_1_73' title="bbox 1994 1871 2865 1941">
     <span class='ocr_line' id='line_1_73' title="bbox 1994 1871 2865 1941; baseline 0.002 -16"><span class='ocrx_word' id='word_1_527' title='bbox 1994 1888 2097 1926; x_wconf 89' lang='lat' dir='ltr'><strong>nus</strong></span> <span class='ocrx_word' id='word_1_528' title='bbox 2119 1886 2248 1941; x_wconf 89' lang='lat' dir='ltr'><strong>erga</strong></span> <span class='ocrx_word' id='word_1_529' title='bbox 2278 1881 2327 1926; x_wconf 92' lang='lat' dir='ltr'><strong>te</strong></span> <span class='ocrx_word' id='word_1_530' title='bbox 2351 1880 2516 1941; x_wconf 89' lang='lat' dir='ltr'><strong>atque</strong></span> <span class='ocrx_word' id='word_1_531' title='bbox 2550 1871 2703 1926; x_wconf 87' lang='lat' dir='ltr'><strong>utilis</strong></span> <span class='ocrx_word' id='word_1_532' title='bbox 2736 1872 2865 1927; x_wconf 91' lang='lat' dir='ltr'><strong>erit.</strong></span> 
     </span>
    </p>
   </div>
   <div class='ocr_carea' id='block_1_74' title="bbox 2440 1962 3136 2031">
    <p class='ocr_par' dir='ltr' id='par_1_74' title="bbox 2440 1962 3136 2031">
     <span class='ocr_line' id='line_1_74' title="bbox 2440 1962 3136 2031; baseline 0.004 -16"><span class='ocrx_word' id='word_1_533' title='bbox 2440 1962 2518 2017; x_wconf 90' lang='lat' dir='ltr'><strong>De</strong></span> <span class='ocrx_word' id='word_1_534' title='bbox 2547 1970 2848 2030; x_wconf 83' lang='lat' dir='ltr'><strong>contemptu</strong></span> <span class='ocrx_word' id='word_1_535' title='bbox 2876 1964 3136 2031; x_wconf 62' lang='lat' dir='ltr'><strong>pecunia.</strong></span> 
     </span>
    </p>
   </div>
   <div class='ocr_carea' id='block_1_75' title="bbox 2063 2052 3577 2125">
    <p class='ocr_par' dir='ltr' id='par_1_75' title="bbox 2063 2052 3577 2125">
     <span class='ocr_line' id='line_1_75' title="bbox 2063 2052 3577 2125; baseline 0.003 -19"><span class='ocrx_word' id='word_1_536' title='bbox 2063 2052 2357 2109; x_wconf 81' lang='lat' dir='ltr'><strong>Excelsum</strong></span> <span class='ocrx_word' id='word_1_537' title='bbox 2400 2062 2565 2124; x_wconf 89' lang='lat' dir='ltr'><strong>atque</strong></span> <span class='ocrx_word' id='word_1_538' title='bbox 2595 2054 2865 2107; x_wconf 90' lang='lat' dir='ltr'><strong>invictum</strong></span> <span class='ocrx_word' id='word_1_539' title='bbox 2900 2053 3170 2125; x_wconf 90' lang='lat' dir='ltr'><strong>principis</strong></span> <span class='ocrx_word' id='word_1_540' title='bbox 3196 2053 3439 2108; x_wconf 90' lang='lat' dir='ltr'><strong>animum</strong></span> <span class='ocrx_word' id='word_1_541' title='bbox 3463 2069 3577 2110; x_wconf 88' lang='lat' dir='ltr'><strong>non</strong></span> 
     </span>
    </p>
   </div>
   <div class='ocr_carea' id='block_1_76' title="bbox 1992 2144 3577 2214">
    <p class='ocr_par' dir='ltr' id='par_1_76' title="bbox 1992 2144 3577 2214">
     <span class='ocr_line' id='line_1_76' title="bbox 1992 2144 3577 2214; baseline 0.001 -16"><span class='ocrx_word' id='word_1_542' title='bbox 1992 2144 2131 2199; x_wconf 85' lang='lat' dir='ltr'><strong>adeo</strong></span> <span class='ocrx_word' id='word_1_543' title='bbox 2195 2144 2514 2214; x_wconf 75' lang='lat' dir='ltr'><strong>magnitudo</strong></span> <span class='ocrx_word' id='word_1_544' title='bbox 2569 2144 2860 2214; x_wconf 74' lang='lat' dir='ltr'><strong>dignitatis</strong></span> <span class='ocrx_word' id='word_1_545' title='bbox 2913 2144 3158 2200; x_wconf 81' lang='lat' dir='ltr'><strong>ostendit</strong></span> <span class='ocrx_word' id='word_1_546' title='bbox 3212 2158 3277 2199; x_wconf 89' lang='lat' dir='ltr'><strong>ac</strong></span> <span class='ocrx_word' id='word_1_547' title='bbox 3331 2146 3577 2214; x_wconf 79' lang='lat' dir='ltr'><strong>pecunia:</strong></span> 
     </span>
    </p>
   </div>
   <div class='ocr_carea' id='block_1_77' title="bbox 1991 2234 3576 2306">
    <p class='ocr_par' dir='ltr' id='par_1_77' title="bbox 1991 2234 3576 2306">
     <span class='ocr_line' id='line_1_77' title="bbox 1991 2234 3576 2306; baseline -0.001 -14"><span class='ocrx_word' id='word_1_548' title='bbox 1991 2242 2380 2306; x_wconf 87' lang='lat' dir='ltr'><strong>contemptus:</strong></span> <span class='ocrx_word' id='word_1_549' title='bbox 2428 2235 2482 2290; x_wconf 92' lang='lat' dir='ltr'><strong>in</strong></span> <span class='ocrx_word' id='word_1_550' title='bbox 2536 2235 2643 2290; x_wconf 88' lang='lat' dir='ltr'><strong>hoc</strong></span> <span class='ocrx_word' id='word_1_551' title='bbox 2686 2236 2833 2290; x_wconf 89' lang='lat' dir='ltr'><strong>enim</strong></span> <span class='ocrx_word' id='word_1_552' title='bbox 2882 2235 3122 2291; x_wconf 77' lang='lat' dir='ltr'><strong>maxime</strong></span> <span class='ocrx_word' id='word_1_553' title='bbox 3166 2236 3363 2290; x_wconf 62' lang='lat' dir='ltr'><strong>anima:</strong></span> <span class='ocrx_word' id='word_1_554' title='bbox 3397 2234 3576 2306; x_wconf 90' lang='lat' dir='ltr'><strong>ipsius</strong></span> 
     </span>
    </p>
   </div>
   <div class='ocr_carea' id='block_1_78' title="bbox 1991 2324 3576 2398">
    <p class='ocr_par' dir='ltr' id='par_1_78' title="bbox 1991 2324 3576 2398">
     <span class='ocr_line' id='line_1_78' title="bbox 1991 2324 3576 2398; baseline 0.001 -16"><span class='ocrx_word' id='word_1_555' title='bbox 1991 2325 2336 2396; x_wconf 81' lang='lat' dir='ltr'><strong>generositas</strong></span> <span class='ocrx_word' id='word_1_556' title='bbox 2379 2326 2668 2381; x_wconf 87' lang='lat' dir='ltr'><strong>clueescit.</strong></span> <span class='ocrx_word' id='word_1_557' title='bbox 2700 2324 2956 2382; x_wconf 73' lang='lat' dir='ltr'><strong>Pecuniae</strong></span> <span class='ocrx_word' id='word_1_558' title='bbox 2992 2333 3175 2381; x_wconf 89' lang='lat' dir='ltr'><strong>autem</strong></span> <span class='ocrx_word' id='word_1_559' title='bbox 3223 2332 3576 2398; x_wconf 87' lang='lat' dir='ltr'><strong>contemptus</strong></span> 
     </span>
    </p>
   </div>
   <div class='ocr_carea' id='block_1_79' title="bbox 1991 2418 3579 2488">
    <p class='ocr_par' dir='ltr' id='par_1_79' title="bbox 1991 2418 3579 2488">
     <span class='ocr_line' id='line_1_79' title="bbox 1991 2418 3579 2488; baseline 0.001 -15"><span class='ocrx_word' id='word_1_560' title='bbox 1991 2433 2101 2473; x_wconf 90' lang='lat' dir='ltr'><strong>non</strong></span> <span class='ocrx_word' id='word_1_561' title='bbox 2134 2418 2188 2473; x_wconf 88' lang='lat' dir='ltr'><strong>in</strong></span> <span class='ocrx_word' id='word_1_562' title='bbox 2213 2433 2279 2473; x_wconf 90' lang='lat' dir='ltr'><strong>eo</strong></span> <span class='ocrx_word' id='word_1_563' title='bbox 2302 2419 2552 2474; x_wconf 87' lang='lat' dir='ltr'><strong>cernitur</strong></span> <span class='ocrx_word' id='word_1_564' title='bbox 2581 2433 2706 2473; x_wconf 89' lang='lat' dir='ltr'><strong>cum</strong></span> <span class='ocrx_word' id='word_1_565' title='bbox 2760 2420 2815 2473; x_wconf 90' lang='lat' dir='ltr'><strong>in</strong></span> <span class='ocrx_word' id='word_1_566' title='bbox 2853 2433 3051 2475; x_wconf 88' lang='lat' dir='ltr'><strong>saccos</strong></span> <span class='ocrx_word' id='word_1_567' title='bbox 3084 2418 3355 2473; x_wconf 86' lang='lat' dir='ltr'><strong>inutiliter</strong></span> <span class='ocrx_word' id='word_1_568' title='bbox 3376 2434 3579 2488; x_wconf 83' lang='lat' dir='ltr'><strong>conge-</strong></span> 
     </span>
    </p>
   </div>
   <div class='ocr_carea' id='block_1_80' title="bbox 1992 2490 3577 2585">
    <p class='ocr_par' dir='ltr' id='par_1_80' title="bbox 1992 2490 3577 2585">
     <span class='ocr_line' id='line_1_80' title="bbox 1992 2490 3577 2585; baseline 0.003 -22"><span class='ocrx_word' id='word_1_569' title='bbox 1992 2490 2134 2565; x_wconf 56' lang='lat' dir='ltr'><strong>ritur</strong></span> <span class='ocrx_word' id='word_1_570' title='bbox 2174 2519 2230 2565; x_wconf 90' lang='lat' dir='ltr'><strong>et</strong></span> <span class='ocrx_word' id='word_1_571' title='bbox 2270 2513 2583 2580; x_wconf 89' lang='lat' dir='ltr'><strong>seponitur,</strong></span> <span class='ocrx_word' id='word_1_572' title='bbox 2621 2512 2717 2569; x_wconf 90' lang='lat' dir='ltr'><strong>sed</strong></span> <span class='ocrx_word' id='word_1_573' title='bbox 2772 2528 2898 2567; x_wconf 88' lang='lat' dir='ltr'><strong>cum</strong></span> <span class='ocrx_word' id='word_1_574' title='bbox 2940 2512 3169 2585; x_wconf 81' lang='lat' dir='ltr'><strong>largiter</strong></span> <span class='ocrx_word' id='word_1_575' title='bbox 3204 2513 3260 2567; x_wconf 91' lang='lat' dir='ltr'><strong>in</strong></span> <span class='ocrx_word' id='word_1_576' title='bbox 3302 2528 3438 2568; x_wconf 88' lang='lat' dir='ltr'><strong>usus</strong></span> <span class='ocrx_word' id='word_1_577' title='bbox 3480 2528 3577 2568; x_wconf 89' lang='lat' dir='ltr'><strong>ne-</strong></span> 
     </span>
    </p>
   </div>
   <div class='ocr_carea' id='block_1_81' title="bbox 1989 2600 3576 2673">
    <p class='ocr_par' dir='ltr' id='par_1_81' title="bbox 1989 2600 3576 2673">
     <span class='ocr_line' id='line_1_81' title="bbox 1989 2600 3576 2673; baseline -0.001 -17"><span class='ocrx_word' id='word_1_578' title='bbox 1989 2602 2268 2657; x_wconf 87' lang='lat' dir='ltr'><strong>cessarios</strong></span> <span class='ocrx_word' id='word_1_579' title='bbox 2295 2602 2651 2673; x_wconf 79' lang='lat' dir='ltr'><strong>expenditur.</strong></span> <span class='ocrx_word' id='word_1_580' title='bbox 2685 2600 3077 2657; x_wconf 85' lang='lat' dir='ltr'><strong>Necessarium</strong></span> <span class='ocrx_word' id='word_1_581' title='bbox 3116 2609 3300 2656; x_wconf 90' lang='lat' dir='ltr'><strong>autem</strong></span> <span class='ocrx_word' id='word_1_582' title='bbox 3349 2608 3457 2666; x_wconf 73' lang='grc' dir='ltr'>εει,</span> <span class='ocrx_word' id='word_1_583' title='bbox 3509 2616 3576 2655; x_wconf 91' lang='lat' dir='ltr'><strong>ac</strong></span> 
     </span>
    </p>
   </div>
   <div class='ocr_carea' id='block_1_82' title="bbox 1989 2692 3576 2765">
    <p class='ocr_par' dir='ltr' id='par_1_82' title="bbox 1989 2692 3576 2765">
     <span class='ocr_line' id='line_1_82' title="bbox 1989 2692 3576 2765; baseline -0.003 -16"><span class='ocrx_word' id='word_1_584' title='bbox 1989 2693 2105 2765; x_wconf 84' lang='lat' dir='ltr'><strong>regi</strong></span> <span class='ocrx_word' id='word_1_585' title='bbox 2138 2693 2511 2762; x_wconf 87' lang='lat' dir='ltr'><strong>potissimum,</strong></span> <span class='ocrx_word' id='word_1_586' title='bbox 2533 2694 2741 2749; x_wconf 90' lang='lat' dir='ltr'><strong>amicos</strong></span> <span class='ocrx_word' id='word_1_587' title='bbox 2771 2693 3096 2764; x_wconf 88' lang='lat' dir='ltr'><strong>promereri,</strong></span> <span class='ocrx_word' id='word_1_588' title='bbox 3126 2700 3292 2764; x_wconf 88' lang='lat' dir='ltr'><strong>atque</strong></span> <span class='ocrx_word' id='word_1_589' title='bbox 3320 2692 3576 2749; x_wconf 86' lang='lat' dir='ltr'><strong>inimicos</strong></span> 
     </span>
    </p>
   </div>
   <div class='ocr_carea' id='block_1_83' title="bbox 1989 2783 3571 2857">
    <p class='ocr_par' dir='ltr' id='par_1_83' title="bbox 1989 2783 3571 2857">
     <span class='ocr_line' id='line_1_83' title="bbox 1989 2783 3571 2857; baseline -0.002 -15"><span class='ocrx_word' id='word_1_590' title='bbox 1989 2786 2295 2852; x_wconf 87' lang='lat' dir='ltr'><strong>vindicare,</strong></span> <span class='ocrx_word' id='word_1_591' title='bbox 2325 2801 2563 2856; x_wconf 88' lang='lat' dir='ltr'><strong>quorum</strong></span> <span class='ocrx_word' id='word_1_592' title='bbox 2610 2795 2906 2857; x_wconf 91' lang='lat' dir='ltr'><strong>utrumque</strong></span> <span class='ocrx_word' id='word_1_593' title='bbox 2940 2795 3089 2841; x_wconf 91' lang='lat' dir='ltr'><strong>recte</strong></span> <span class='ocrx_word' id='word_1_594' title='bbox 3134 2784 3336 2850; x_wconf 75' lang='lat' dir='ltr'><strong>facere,</strong></span> <span class='ocrx_word' id='word_1_595' title='bbox 3374 2784 3422 2841; x_wconf 92' lang='lat' dir='ltr'><strong>is</strong></span> <span class='ocrx_word' id='word_1_596' title='bbox 3471 2783 3571 2839; x_wconf 83' lang='lat' dir='ltr'><strong>de-</strong></span> 
     </span>
    </p>
   </div>
   <div class='ocr_carea' id='block_1_84' title="bbox 1988 2874 3575 2947">
    <p class='ocr_par' dir='ltr' id='par_1_84' title="bbox 1988 2874 3575 2947">
     <span class='ocr_line' id='line_1_84' title="bbox 1988 2874 3575 2947; baseline -0.003 -16"><span class='ocrx_word' id='word_1_597' title='bbox 1988 2892 2136 2931; x_wconf 92' lang='lat' dir='ltr'><strong>mum</strong></span> <span class='ocrx_word' id='word_1_598' title='bbox 2172 2891 2335 2932; x_wconf 92' lang='lat' dir='ltr'><strong>verus</strong></span> <span class='ocrx_word' id='word_1_599' title='bbox 2356 2884 2441 2932; x_wconf 90' lang='lat' dir='ltr'><strong>est</strong></span> <span class='ocrx_word' id='word_1_600' title='bbox 2467 2876 2715 2947; x_wconf 72' lang='lat' dir='ltr'><strong>pecunia:</strong></span> <span class='ocrx_word' id='word_1_601' title='bbox 2751 2884 3027 2946; x_wconf 89' lang='lat' dir='ltr'><strong>sumptus.</strong></span> <span class='ocrx_word' id='word_1_602' title='bbox 3065 2874 3125 2929; x_wconf 89' lang='lat' dir='ltr'><strong>Si</strong></span> <span class='ocrx_word' id='word_1_603' title='bbox 3189 2889 3319 2946; x_wconf 88' lang='lat' dir='ltr'><strong>ergo</strong></span> <span class='ocrx_word' id='word_1_604' title='bbox 3347 2874 3402 2928; x_wconf 93' lang='lat' dir='ltr'><strong>in</strong></span> <span class='ocrx_word' id='word_1_605' title='bbox 3454 2887 3575 2928; x_wconf 86' lang='lat' dir='ltr'><strong>om-</strong></span> 
     </span>
    </p>
   </div>
   <div class='ocr_carea' id='block_1_85' title="bbox 1987 2965 3571 3038">
    <p class='ocr_par' dir='ltr' id='par_1_85' title="bbox 1987 2965 3571 3038">
     <span class='ocr_line' id='line_1_85' title="bbox 1987 2965 3571 3038; baseline -0.003 -16"><span class='ocrx_word' id='word_1_606' title='bbox 1987 2968 2152 3024; x_wconf 87' lang='lat' dir='ltr'><strong>nibus</strong></span> <span class='ocrx_word' id='word_1_607' title='bbox 2197 2968 2470 3024; x_wconf 79' lang='lat' dir='ltr'><strong>exccllere</strong></span> <span class='ocrx_word' id='word_1_608' title='bbox 2510 2968 2615 3033; x_wconf 85' lang='lat' dir='ltr'><strong>vis,</strong></span> <span class='ocrx_word' id='word_1_609' title='bbox 2659 2982 2727 3022; x_wconf 87' lang='lat' dir='ltr'><strong>ac</strong></span> <span class='ocrx_word' id='word_1_610' title='bbox 2799 2970 2853 3021; x_wconf 90' lang='lat' dir='ltr'><strong>in</strong></span> <span class='ocrx_word' id='word_1_611' title='bbox 2909 2966 3202 3038; x_wconf 90' lang='lat' dir='ltr'><strong>prudentia</strong></span> <span class='ocrx_word' id='word_1_612' title='bbox 3260 2965 3571 3038; x_wconf 66' lang='lat' dir='ltr'><strong>praesertim</strong></span> 
     </span>
    </p>
   </div>
   <div class='ocr_carea' id='block_1_86' title="bbox 1987 3056 3574 3129">
    <p class='ocr_par' dir='ltr' id='par_1_86' title="bbox 1987 3056 3574 3129">
     <span class='ocr_line' id='line_1_86' title="bbox 1987 3056 3574 3129; baseline -0.001 -17"><span class='ocrx_word' id='word_1_613' title='bbox 1987 3068 2152 3129; x_wconf 89' lang='lat' dir='ltr'><strong>atque</strong></span> <span class='ocrx_word' id='word_1_614' title='bbox 2198 3060 2442 3125; x_wconf 80' lang='lat' dir='ltr'><strong>solertia,</strong></span> <span class='ocrx_word' id='word_1_615' title='bbox 2474 3067 2824 3129; x_wconf 86' lang='lat' dir='ltr'><strong>contemptor</strong></span> <span class='ocrx_word' id='word_1_616' title='bbox 2852 3067 2974 3114; x_wconf 89' lang='lat' dir='ltr'><strong>esto</strong></span> <span class='ocrx_word' id='word_1_617' title='bbox 3019 3058 3357 3113; x_wconf 85' lang='lat' dir='ltr'><strong>divitiarum.</strong></span> <span class='ocrx_word' id='word_1_618' title='bbox 3384 3056 3574 3127; x_wconf 87' lang='lat' dir='ltr'><strong>Neque</strong></span> 
     </span>
    </p>
   </div>
   <div class='ocr_carea' id='block_1_87' title="bbox 1987 3150 3572 3222">
    <p class='ocr_par' dir='ltr' id='par_1_87' title="bbox 1987 3150 3572 3222">
     <span class='ocr_line' id='line_1_87' title="bbox 1987 3150 3572 3222; baseline -0.001 -16"><span class='ocrx_word' id='word_1_619' title='bbox 1987 3150 2133 3206; x_wconf 90' lang='lat' dir='ltr'><strong>enim</strong></span> <span class='ocrx_word' id='word_1_620' title='bbox 2165 3151 2281 3220; x_wconf 88' lang='lat' dir='ltr'><strong>ipsa</strong></span> <span class='ocrx_word' id='word_1_621' title='bbox 2306 3162 2397 3205; x_wconf 89' lang='lat' dir='ltr'><strong>tua</strong></span> <span class='ocrx_word' id='word_1_622' title='bbox 2430 3151 2658 3221; x_wconf 87' lang='lat' dir='ltr'><strong>pecunia</strong></span> <span class='ocrx_word' id='word_1_623' title='bbox 2691 3152 2918 3222; x_wconf 91' lang='lat' dir='ltr'><strong>proprie</strong></span> <span class='ocrx_word' id='word_1_624' title='bbox 2960 3159 3053 3206; x_wconf 89' lang='lat' dir='ltr'><strong>tua</strong></span> <span class='ocrx_word' id='word_1_625' title='bbox 3103 3151 3277 3207; x_wconf 90' lang='lat' dir='ltr'><strong>solius</strong></span> <span class='ocrx_word' id='word_1_626' title='bbox 3314 3158 3420 3216; x_wconf 88' lang='lat' dir='ltr'><strong>est,</strong></span> <span class='ocrx_word' id='word_1_627' title='bbox 3473 3152 3572 3207; x_wconf 85' lang='lat' dir='ltr'><strong>sed</strong></span> 
     </span>
    </p>
   </div>
   <div class='ocr_carea' id='block_1_88' title="bbox 1986 3242 3574 3313">
    <p class='ocr_par' dir='ltr' id='par_1_88' title="bbox 1986 3242 3574 3313">
     <span class='ocr_line' id='line_1_88' title="bbox 1986 3242 3574 3313; baseline -0.001 -15"><span class='ocrx_word' id='word_1_628' title='bbox 1986 3243 2297 3299; x_wconf 89' lang='lat' dir='ltr'><strong>communis</strong></span> <span class='ocrx_word' id='word_1_629' title='bbox 2322 3258 2606 3299; x_wconf 83' lang='lat' dir='ltr'><strong>servorum</strong></span> <span class='ocrx_word' id='word_1_630' title='bbox 2631 3251 2877 3308; x_wconf 90' lang='lat' dir='ltr'><strong>tuorum,</strong></span> <span class='ocrx_word' id='word_1_631' title='bbox 2909 3249 2965 3297; x_wconf 89' lang='lat' dir='ltr'><strong>et</strong></span> <span class='ocrx_word' id='word_1_632' title='bbox 3012 3242 3239 3313; x_wconf 90' lang='lat' dir='ltr'><strong>inopum</strong></span> <span class='ocrx_word' id='word_1_633' title='bbox 3280 3251 3446 3311; x_wconf 88' lang='lat' dir='ltr'><strong>atque</strong></span> <span class='ocrx_word' id='word_1_634' title='bbox 3473 3242 3574 3297; x_wconf 79' lang='lat' dir='ltr'><strong>lto-</strong></span> 
     </span>
    </p>
   </div>
   <div class='ocr_carea' id='block_1_89' title="bbox 1986 3332 3574 3406">
    <p class='ocr_par' dir='ltr' id='par_1_89' title="bbox 1986 3332 3574 3406">
     <span class='ocr_line' id='line_1_89' title="bbox 1986 3332 3574 3406; baseline -0.001 -16"><span class='ocrx_word' id='word_1_635' title='bbox 1986 3336 2212 3406; x_wconf 92' lang='lat' dir='ltr'><strong>spitum.</strong></span> <span class='ocrx_word' id='word_1_636' title='bbox 2245 3333 2354 3390; x_wconf 85' lang='lat' dir='ltr'><strong>Fac</strong></span> <span class='ocrx_word' id='word_1_637' title='bbox 2400 3335 2568 3405; x_wconf 78' lang='lat' dir='ltr'><strong>igitur</strong></span> <span class='ocrx_word' id='word_1_638' title='bbox 2624 3345 2685 3388; x_wconf 94' lang='lat' dir='ltr'><strong>ut</strong></span> <span class='ocrx_word' id='word_1_639' title='bbox 2738 3343 2792 3389; x_wconf 92' lang='lat' dir='ltr'><strong>te</strong></span> <span class='ocrx_word' id='word_1_640' title='bbox 2843 3332 3154 3389; x_wconf 82' lang='lat' dir='ltr'><strong>beneﬁcum</strong></span> <span class='ocrx_word' id='word_1_641' title='bbox 3219 3332 3574 3403; x_wconf 90' lang='lat' dir='ltr'><strong>peculiariter</strong></span> 
     </span>
    </p>
   </div>
   <div class='ocr_carea' id='block_1_90' title="bbox 1985 3422 3573 3496">
    <p class='ocr_par' dir='ltr' id='par_1_90' title="bbox 1985 3422 3573 3496">
     <span class='ocr_line' id='line_1_90' title="bbox 1985 3422 3573 3496; baseline -0.002 -15"><span class='ocrx_word' id='word_1_642' title='bbox 1985 3426 2249 3482; x_wconf 80' lang='lat' dir='ltr'><strong>exhibeas</strong></span> <span class='ocrx_word' id='word_1_643' title='bbox 2271 3427 2326 3481; x_wconf 88' lang='lat' dir='ltr'><strong>in</strong></span> <span class='ocrx_word' id='word_1_644' title='bbox 2349 3441 2416 3482; x_wconf 90' lang='lat' dir='ltr'><strong>eo</strong></span> <span class='ocrx_word' id='word_1_645' title='bbox 2434 3425 2581 3496; x_wconf 90' lang='lat' dir='ltr'><strong>quod</strong></span> <span class='ocrx_word' id='word_1_646' title='bbox 2612 3440 2903 3480; x_wconf 92' lang='lat' dir='ltr'><strong>commune</strong></span> <span class='ocrx_word' id='word_1_647' title='bbox 2922 3430 3042 3491; x_wconf 89' lang='lat' dir='ltr'><strong>est;</strong></span> <span class='ocrx_word' id='word_1_648' title='bbox 3065 3430 3228 3494; x_wconf 88' lang='lat' dir='ltr'><strong>atque</strong></span> <span class='ocrx_word' id='word_1_649' title='bbox 3251 3423 3326 3478; x_wconf 89' lang='lat' dir='ltr'><strong>ita</strong></span> <span class='ocrx_word' id='word_1_650' title='bbox 3350 3422 3573 3478; x_wconf 90' lang='lat' dir='ltr'><strong>demum</strong></span> 
     </span>
    </p>
   </div>
   <div class='ocr_carea' id='block_1_91' title="bbox 1986 3515 3575 3590">
    <p class='ocr_par' dir='ltr' id='par_1_91' title="bbox 1986 3515 3575 3590">
     <span class='ocr_line' id='line_1_91' title="bbox 1986 3515 3575 3590; baseline -0.001 -17"><span class='ocrx_word' id='word_1_651' title='bbox 1986 3519 2095 3574; x_wconf 85' lang='lat' dir='ltr'><strong>eris</strong></span> <span class='ocrx_word' id='word_1_652' title='bbox 2120 3519 2287 3573; x_wconf 86' lang='lat' dir='ltr'><strong>animi</strong></span> <span class='ocrx_word' id='word_1_653' title='bbox 2326 3518 2707 3590; x_wconf 85' lang='lat' dir='ltr'><strong>magnitudine</strong></span> <span class='ocrx_word' id='word_1_654' title='bbox 2748 3532 2812 3572; x_wconf 90' lang='lat' dir='ltr'><strong>ac</strong></span> <span class='ocrx_word' id='word_1_655' title='bbox 2835 3516 3141 3588; x_wconf 77' lang='lat' dir='ltr'><strong>prudentia</strong></span> <span class='ocrx_word' id='word_1_656' title='bbox 3182 3515 3575 3573; x_wconf 82' lang='lat' dir='ltr'><strong>commendan-</strong></span> 
     </span>
    </p>
   </div>
   <div class='ocr_carea' id='block_1_92' title="bbox 1990 3608 3327 3662">
    <p class='ocr_par' dir='ltr' id='par_1_92' title="bbox 1990 3608 3327 3662">
     <span class='ocr_line' id='line_1_92' title="bbox 1990 3608 3327 3662; baseline 0.01 -1"><span class='ocrx_word' id='word_1_657' title='bbox 1990 3608 2114 3662; x_wconf 91' lang='lat' dir='ltr'><strong>dus.</strong></span> <span class='ocrx_word' id='word_1_658' title='bbox 3318 3614 3327 3620; x_wconf 77' lang='grc'><em>’</em></span> 
     </span>
    </p>
   </div>
   <div class='ocr_carea' id='block_1_93' title="bbox 2587 3700 2966 3755">
    <p class='ocr_par' dir='ltr' id='par_1_93' title="bbox 2587 3700 2966 3755">
     <span class='ocr_line' id='line_1_93' title="bbox 2587 3700 2966 3755; baseline 0 -2"><span class='ocrx_word' id='word_1_659' title='bbox 2587 3700 2665 3755; x_wconf 74' lang='lat' dir='ltr'><strong>De</strong></span> <span class='ocrx_word' id='word_1_660' title='bbox 2694 3700 2966 3755; x_wconf 75' lang='lat' dir='ltr'><strong>ebrietate.</strong></span> 
     </span>
    </p>
   </div>
   <div class='ocr_carea' id='block_1_94' title="bbox 2059 3790 3572 3863">
    <p class='ocr_par' dir='ltr' id='par_1_94' title="bbox 2059 3790 3572 3863">
     <span class='ocr_line' id='line_1_94' title="bbox 2059 3790 3572 3863; baseline 0 -16"><span class='ocrx_word' id='word_1_661' title='bbox 2059 3792 2270 3863; x_wconf 80' lang='lat' dir='ltr'><strong>Refuge</strong></span> <span class='ocrx_word' id='word_1_662' title='bbox 2295 3793 2730 3849; x_wconf 86' lang='lat' dir='ltr'><strong>comessationes</strong></span> <span class='ocrx_word' id='word_1_663' title='bbox 2790 3792 2846 3846; x_wconf 92' lang='lat' dir='ltr'><strong>in</strong></span> <span class='ocrx_word' id='word_1_664' title='bbox 2874 3791 3079 3862; x_wconf 79' lang='lat' dir='ltr'><strong>quibus</strong></span> <span class='ocrx_word' id='word_1_665' title='bbox 3125 3790 3444 3862; x_wconf 80' lang='lat' dir='ltr'><strong>indulgetur</strong></span> <span class='ocrx_word' id='word_1_666' title='bbox 3473 3806 3572 3861; x_wconf 84' lang='lat' dir='ltr'><strong>po-</strong></span> 
     </span>
    </p>
   </div>
   <div class='ocr_carea' id='block_1_95' title="bbox 1987 3880 3570 3949">
    <p class='ocr_par' dir='ltr' id='par_1_95' title="bbox 1987 3880 3570 3949">
     <span class='ocr_line' id='line_1_95' title="bbox 1987 3880 3570 3949; baseline 0 -13"><span class='ocrx_word' id='word_1_667' title='bbox 1987 3882 2165 3937; x_wconf 88' lang='lat' dir='ltr'><strong>culis:</strong></span> <span class='ocrx_word' id='word_1_668' title='bbox 2201 3881 2437 3936; x_wconf 88' lang='lat' dir='ltr'><strong>ebrietas</strong></span> <span class='ocrx_word' id='word_1_669' title='bbox 2497 3881 2641 3934; x_wconf 89' lang='lat' dir='ltr'><strong>enim</strong></span> <span class='ocrx_word' id='word_1_670' title='bbox 2705 3880 2927 3934; x_wconf 87' lang='lat' dir='ltr'><strong>inimica</strong></span> <span class='ocrx_word' id='word_1_671' title='bbox 2983 3886 3067 3934; x_wconf 92' lang='lat' dir='ltr'><strong>est</strong></span> <span class='ocrx_word' id='word_1_672' title='bbox 3095 3880 3403 3949; x_wconf 69' lang='lat' dir='ltr'><strong>prudentiae</strong></span> <span class='ocrx_word' id='word_1_673' title='bbox 3439 3880 3570 3936; x_wconf 88' lang='lat' dir='ltr'><strong>:ubi</strong></span> 
     </span>
    </p>
   </div>
   <div class='ocr_carea' id='block_1_96' title="bbox 1986 3971 3570 4043">
    <p class='ocr_par' dir='ltr' id='par_1_96' title="bbox 1986 3971 3570 4043">
     <span class='ocr_line' id='line_1_96' title="bbox 1986 3971 3570 4043; baseline -0.003 -13"><span class='ocrx_word' id='word_1_674' title='bbox 1986 3974 2132 4030; x_wconf 87' lang='lat' dir='ltr'><strong>enim</strong></span> <span class='ocrx_word' id='word_1_675' title='bbox 2196 3988 2349 4027; x_wconf 89' lang='lat' dir='ltr'><strong>mens</strong></span> <span class='ocrx_word' id='word_1_676' title='bbox 2377 3987 2406 4025; x_wconf 88' lang='lat' dir='ltr'><strong>a</strong></span> <span class='ocrx_word' id='word_1_677' title='bbox 2446 3972 2575 4026; x_wconf 85' lang='lat' dir='ltr'><strong>vino</strong></span> <span class='ocrx_word' id='word_1_678' title='bbox 2620 3971 2977 4042; x_wconf 88' lang='lat' dir='ltr'><strong>opprimitur,</strong></span> <span class='ocrx_word' id='word_1_679' title='bbox 3023 3971 3167 4026; x_wconf 86' lang='lat' dir='ltr'><strong>idem</strong></span> <span class='ocrx_word' id='word_1_680' title='bbox 3195 3971 3247 4026; x_wconf 90' lang='lat' dir='ltr'><strong>ei</strong></span> <span class='ocrx_word' id='word_1_681' title='bbox 3278 3971 3570 4043; x_wconf 88' lang='lat' dir='ltr'><strong>contingit,</strong></span> 
     </span>
    </p>
   </div>
   <div class='ocr_carea' id='block_1_97' title="bbox 1988 4062 3573 4136">
    <p class='ocr_par' dir='ltr' id='par_1_97' title="bbox 1988 4062 3573 4136">
     <span class='ocr_line' id='line_1_97' title="bbox 1988 4062 3573 4136; baseline 0.001 -19"><span class='ocrx_word' id='word_1_682' title='bbox 1988 4065 2132 4136; x_wconf 83' lang='lat' dir='ltr'><strong>quod</strong></span> <span class='ocrx_word' id='word_1_683' title='bbox 2163 4063 2433 4133; x_wconf 86' lang='lat' dir='ltr'><strong>imperitis</strong></span> <span class='ocrx_word' id='word_1_684' title='bbox 2465 4062 2898 4132; x_wconf 82' lang='lat' dir='ltr'><strong>anrigatoribus,</strong></span> <span class='ocrx_word' id='word_1_685' title='bbox 2928 4062 3024 4132; x_wconf 93' lang='lat' dir='ltr'><strong>qui</strong></span> <span class='ocrx_word' id='word_1_686' title='bbox 3050 4077 3177 4117; x_wconf 91' lang='lat' dir='ltr'><strong>cum</strong></span> <span class='ocrx_word' id='word_1_687' title='bbox 3222 4078 3410 4133; x_wconf 90' lang='lat' dir='ltr'><strong>regere</strong></span> <span class='ocrx_word' id='word_1_688' title='bbox 3441 4078 3573 4118; x_wconf 88' lang='lat' dir='ltr'><strong>cur-</strong></span> 
     </span>
    </p>
   </div>
   <div class='ocr_carea' id='block_1_98' title="bbox 1988 4154 3575 4223">
    <p class='ocr_par' dir='ltr' id='par_1_98' title="bbox 1988 4154 3575 4223">
     <span class='ocr_line' id='line_1_98' title="bbox 1988 4154 3575 4223; baseline -0.002 -13"><span class='ocrx_word' id='word_1_689' title='bbox 1988 4171 2107 4210; x_wconf 86' lang='lat' dir='ltr'><strong>rum</strong></span> <span class='ocrx_word' id='word_1_690' title='bbox 2161 4154 2435 4219; x_wconf 84' lang='lat' dir='ltr'><strong>nesciant,</strong></span> <span class='ocrx_word' id='word_1_691' title='bbox 2472 4163 2529 4208; x_wconf 89' lang='lat' dir='ltr'><strong>et</strong></span> <span class='ocrx_word' id='word_1_692' title='bbox 2560 4167 2618 4208; x_wconf 91' lang='lat' dir='ltr'><strong>se</strong></span> <span class='ocrx_word' id='word_1_693' title='bbox 2646 4161 2703 4208; x_wconf 91' lang='lat' dir='ltr'><strong>et</strong></span> <span class='ocrx_word' id='word_1_694' title='bbox 2761 4168 2893 4208; x_wconf 91' lang='lat' dir='ltr'><strong>suos</strong></span> <span class='ocrx_word' id='word_1_695' title='bbox 2944 4168 3117 4223; x_wconf 91' lang='lat' dir='ltr'><strong>equos</strong></span> <span class='ocrx_word' id='word_1_696' title='bbox 3173 4154 3281 4208; x_wconf 85' lang='lat' dir='ltr'><strong>huc</strong></span> <span class='ocrx_word' id='word_1_697' title='bbox 3332 4154 3575 4223; x_wconf 88' lang='lat' dir='ltr'><strong>illucque</strong></span> 
     </span>
    </p>
   </div>
   <div class='ocr_carea' id='block_1_99' title="bbox 1987 4244 3573 4317">
    <p class='ocr_par' dir='ltr' id='par_1_99' title="bbox 1987 4244 3573 4317">
     <span class='ocr_line' id='line_1_99' title="bbox 1987 4244 3573 4317; baseline -0.001 -16"><span class='ocrx_word' id='word_1_698' title='bbox 1987 4248 2389 4317; x_wconf 88' lang='lat' dir='ltr'><strong>circumagunt,</strong></span> <span class='ocrx_word' id='word_1_699' title='bbox 2419 4255 2472 4299; x_wconf 91' lang='lat' dir='ltr'><strong>et</strong></span> <span class='ocrx_word' id='word_1_700' title='bbox 2497 4244 2910 4315; x_wconf 88' lang='lat' dir='ltr'><strong>spectatoribus</strong></span> <span class='ocrx_word' id='word_1_701' title='bbox 2955 4260 3187 4316; x_wconf 84' lang='lat' dir='ltr'><strong>magnos</strong></span> <span class='ocrx_word' id='word_1_702' title='bbox 3243 4246 3390 4301; x_wconf 87' lang='lat' dir='ltr'><strong>risus</strong></span> <span class='ocrx_word' id='word_1_703' title='bbox 3419 4247 3573 4301; x_wconf 81' lang='lat' dir='ltr'><strong>exci-</strong></span> 
     </span>
    </p>
   </div>
   <div class='ocr_carea' id='block_1_100' title="bbox 1990 4336 3573 4405">
    <p class='ocr_par' dir='ltr' id='par_1_100' title="bbox 1990 4336 3573 4405">
     <span class='ocr_line' id='line_1_100' title="bbox 1990 4336 3573 4405; baseline -0.001 -12"><span class='ocrx_word' id='word_1_704' title='bbox 1990 4350 2123 4394; x_wconf 84' lang='lat' dir='ltr'><strong>tant.</strong></span> <span class='ocrx_word' id='word_1_705' title='bbox 2163 4339 2395 4405; x_wconf 85' lang='lat' dir='ltr'><strong>Quando</strong></span> <span class='ocrx_word' id='word_1_706' title='bbox 2448 4346 2631 4393; x_wconf 88' lang='lat' dir='ltr'><strong>autem</strong></span> <span class='ocrx_word' id='word_1_707' title='bbox 2685 4352 2840 4392; x_wconf 89' lang='lat' dir='ltr'><strong>mens</strong></span> <span class='ocrx_word' id='word_1_708' title='bbox 2870 4337 2943 4391; x_wconf 90' lang='lat' dir='ltr'><strong>ita</strong></span> <span class='ocrx_word' id='word_1_709' title='bbox 2966 4336 3157 4391; x_wconf 66' lang='lat' dir='ltr'><strong>affecta</strong></span> <span class='ocrx_word' id='word_1_710' title='bbox 3183 4347 3290 4403; x_wconf 91' lang='lat' dir='ltr'><strong>est,</strong></span> <span class='ocrx_word' id='word_1_711' title='bbox 3329 4337 3442 4392; x_wconf 82' lang='lat' dir='ltr'><strong>ﬂeri</strong></span> <span class='ocrx_word' id='word_1_712' title='bbox 3478 4351 3573 4392; x_wconf 84' lang='lat' dir='ltr'><strong>ne-</strong></span> 
     </span>
    </p>
   </div>
   <div class='ocr_carea' id='block_1_101' title="bbox 1989 4427 3338 4501">
    <p class='ocr_par' dir='ltr' id='par_1_101' title="bbox 1989 4427 3338 4501">
     <span class='ocr_line' id='line_1_101' title="bbox 1989 4427 3338 4501; baseline -0.001 -20"><span class='ocrx_word' id='word_1_713' title='bbox 1989 4433 2108 4501; x_wconf 86' lang='lat' dir='ltr'><strong>quit</strong></span> <span class='ocrx_word' id='word_1_714' title='bbox 2151 4432 2282 4501; x_wconf 91' lang='lat' dir='ltr'><strong>quin</strong></span> <span class='ocrx_word' id='word_1_715' title='bbox 2325 4430 2545 4484; x_wconf 86' lang='lat' dir='ltr'><strong>animus</strong></span> <span class='ocrx_word' id='word_1_716' title='bbox 2576 4429 2748 4483; x_wconf 89' lang='lat' dir='ltr'><strong>multa</strong></span> <span class='ocrx_word' id='word_1_717' title='bbox 2779 4436 3117 4499; x_wconf 68' lang='lat' dir='ltr'><strong>praepostere</strong></span> <span class='ocrx_word' id='word_1_718' title='bbox 3149 4427 3338 4482; x_wconf 79' lang='lat' dir='ltr'><strong>faciat.</strong></span> 
     </span>
    </p>
   </div>
   <div class='ocr_carea' id='block_1_102' title="bbox 2427 4517 3144 4587">
    <p class='ocr_par' dir='ltr' id='par_1_102' title="bbox 2427 4517 3144 4587">
     <span class='ocr_line' id='line_1_102' title="bbox 2427 4517 3144 4587; baseline 0.001 -17"><span class='ocrx_word' id='word_1_719' title='bbox 2427 4518 2503 4571; x_wconf 80' lang='lat' dir='ltr'><strong>De</strong></span> <span class='ocrx_word' id='word_1_720' title='bbox 2541 4518 2712 4571; x_wconf 86' lang='lat' dir='ltr'><strong>amico</strong></span> <span class='ocrx_word' id='word_1_721' title='bbox 2759 4517 3144 4587; x_wconf 86' lang='lat' dir='ltr'><strong>comparando.</strong></span> 
     </span>
    </p>
   </div>
   <div class='ocr_carea' id='block_1_103' title="bbox 2070 4605 3573 4678">
    <p class='ocr_par' dir='ltr' id='par_1_103' title="bbox 2070 4605 3573 4678">
     <span class='ocr_line' id='line_1_103' title="bbox 2070 4605 3573 4678; baseline -0.003 -14"><span class='ocrx_word' id='word_1_722' title='bbox 2070 4608 2171 4665; x_wconf 89' lang='lat' dir='ltr'><strong>Ubi</strong></span> <span class='ocrx_word' id='word_1_723' title='bbox 2203 4609 2354 4662; x_wconf 84' lang='lat' dir='ltr'><strong>voles</strong></span> <span class='ocrx_word' id='word_1_724' title='bbox 2391 4608 2551 4662; x_wconf 82' lang='lat' dir='ltr'><strong>facile</strong></span> <span class='ocrx_word' id='word_1_725' title='bbox 2613 4608 2913 4678; x_wconf 83' lang='lat' dir='ltr'><strong>quemlibet</strong></span> <span class='ocrx_word' id='word_1_726' title='bbox 2956 4605 3193 4661; x_wconf 88' lang='lat' dir='ltr'><strong>amicum</strong></span> <span class='ocrx_word' id='word_1_727' title='bbox 3218 4606 3316 4660; x_wconf 88' lang='lat' dir='ltr'><strong>tibi</strong></span> <span class='ocrx_word' id='word_1_728' title='bbox 3347 4619 3573 4675; x_wconf 90' lang='lat' dir='ltr'><strong>compa-</strong></span> 
     </span>
    </p>
   </div>
   <div class='ocr_carea' id='block_1_104' title="bbox 1998 4697 3573 4766">
    <p class='ocr_par' dir='ltr' id='par_1_104' title="bbox 1998 4697 3573 4766">
     <span class='ocr_line' id='line_1_104' title="bbox 1998 4697 3573 4766; baseline -0.001 -14"><span class='ocrx_word' id='word_1_729' title='bbox 1998 4701 2167 4764; x_wconf 87' lang='lat' dir='ltr'><strong>rabis,</strong></span> <span class='ocrx_word' id='word_1_730' title='bbox 2199 4699 2333 4754; x_wconf 92' lang='lat' dir='ltr'><strong>side</strong></span> <span class='ocrx_word' id='word_1_731' title='bbox 2360 4714 2425 4753; x_wconf 89' lang='lat' dir='ltr'><strong>eo</strong></span> <span class='ocrx_word' id='word_1_732' title='bbox 2441 4700 2669 4753; x_wconf 87' lang='lat' dir='ltr'><strong>absente</strong></span> <span class='ocrx_word' id='word_1_733' title='bbox 2700 4698 2838 4754; x_wconf 89' lang='lat' dir='ltr'><strong>bene</strong></span> <span class='ocrx_word' id='word_1_734' title='bbox 2855 4698 3063 4753; x_wconf 77' lang='lat' dir='ltr'><strong>dixeris</strong></span> <span class='ocrx_word' id='word_1_735' title='bbox 3096 4711 3281 4753; x_wconf 86' lang='lat' dir='ltr'><strong>coram</strong></span> <span class='ocrx_word' id='word_1_736' title='bbox 3306 4697 3449 4763; x_wconf 90' lang='lat' dir='ltr'><strong>aliis,</strong></span> <span class='ocrx_word' id='word_1_737' title='bbox 3479 4700 3573 4766; x_wconf 88' lang='lat' dir='ltr'><strong>qui</strong></span> 
     </span>
    </p>
   </div>
   <div class='ocr_carea' id='block_1_105' title="bbox 1995 4787 3577 4847">
    <p class='ocr_par' dir='ltr' id='par_1_105' title="bbox 1995 4787 3577 4847">
     <span class='ocr_line' id='line_1_105' title="bbox 1995 4787 3577 4847; baseline -0.001 -1"><span class='ocrx_word' id='word_1_738' title='bbox 1995 4793 2046 4846; x_wconf 88' lang='lat' dir='ltr'><strong>ei</strong></span> <span class='ocrx_word' id='word_1_739' title='bbox 2075 4791 2443 4846; x_wconf 82' lang='lat' dir='ltr'><strong>renuntiaturi</strong></span> <span class='ocrx_word' id='word_1_740' title='bbox 2492 4798 2623 4845; x_wconf 89' lang='lat' dir='ltr'><strong>sunt</strong></span> <span class='ocrx_word' id='word_1_741' title='bbox 2661 4807 2673 4841; x_wconf 90' lang='lat'>:</span> <span class='ocrx_word' id='word_1_742' title='bbox 2710 4790 2924 4844; x_wconf 90' lang='lat' dir='ltr'><strong>initium</strong></span> <span class='ocrx_word' id='word_1_743' title='bbox 2963 4790 3107 4844; x_wconf 90' lang='lat' dir='ltr'><strong>enim</strong></span> <span class='ocrx_word' id='word_1_744' title='bbox 3151 4789 3409 4847; x_wconf 67' lang='lat' dir='ltr'><strong>amicitia:</strong></span> <span class='ocrx_word' id='word_1_745' title='bbox 3461 4787 3577 4844; x_wconf 76' lang='lat' dir='ltr'><strong>fere</strong></span> 
     </span>
    </p>
   </div>
   <div class='ocr_carea' id='block_1_106' title="bbox 1997 4882 3574 4953">
    <p class='ocr_par' dir='ltr' id='par_1_106' title="bbox 1997 4882 3574 4953">
     <span class='ocr_line' id='line_1_106' title="bbox 1997 4882 3574 4953; baseline -0.001 -14"><span class='ocrx_word' id='word_1_746' title='bbox 1997 4886 2239 4940; x_wconf 90' lang='lat' dir='ltr'><strong>laudatio</strong></span> <span class='ocrx_word' id='word_1_747' title='bbox 2271 4893 2376 4951; x_wconf 89' lang='lat' dir='ltr'><strong>est,</strong></span> <span class='ocrx_word' id='word_1_748' title='bbox 2410 4884 2713 4939; x_wconf 56' lang='lat' dir='ltr'><strong>inimicitia</strong></span> <span class='ocrx_word' id='word_1_749' title='bbox 2764 4898 2918 4945; x_wconf 87' lang='lat' dir='ltr'><strong>vero,</strong></span> <span class='ocrx_word' id='word_1_750' title='bbox 2948 4882 3304 4953; x_wconf 79' lang='lat' dir='ltr'><strong>vituperatio.</strong></span> <span class='ocrx_word' id='word_1_751' title='bbox 3332 4882 3400 4937; x_wconf 82' lang='lat' dir='ltr'><strong>Et</strong></span> <span class='ocrx_word' id='word_1_752' title='bbox 3432 4897 3574 4951; x_wconf 87' lang='lat' dir='ltr'><strong>quos</strong></span> 
     </span>
    </p>
   </div>
   <div class='ocr_carea' id='block_1_107' title="bbox 1993 4975 3574 5047">
    <p class='ocr_par' dir='ltr' id='par_1_107' title="bbox 1993 4975 3574 5047">
     <span class='ocr_line' id='line_1_107' title="bbox 1993 4975 3574 5047; baseline -0.001 -16"><span class='ocrx_word' id='word_1_753' title='bbox 1993 4977 2106 5047; x_wconf 82' lang='lat' dir='ltr'><strong>jam</strong></span> <span class='ocrx_word' id='word_1_754' title='bbox 2154 4977 2328 5031; x_wconf 87' lang='lat' dir='ltr'><strong>babes</strong></span> <span class='ocrx_word' id='word_1_755' title='bbox 2356 4977 2588 5039; x_wconf 88' lang='lat' dir='ltr'><strong>amicos,</strong></span> <span class='ocrx_word' id='word_1_756' title='bbox 2612 4991 2708 5031; x_wconf 91' lang='lat' dir='ltr'><strong>eos</strong></span> <span class='ocrx_word' id='word_1_757' title='bbox 2732 4976 2779 5029; x_wconf 89' lang='lat' dir='ltr'><strong>si</strong></span> <span class='ocrx_word' id='word_1_758' title='bbox 2809 4975 2984 5045; x_wconf 82' lang='lat' dir='ltr'><strong>magis</strong></span> <span class='ocrx_word' id='word_1_759' title='bbox 3031 4975 3316 5030; x_wconf 88' lang='lat' dir='ltr'><strong>devincire</strong></span> <span class='ocrx_word' id='word_1_760' title='bbox 3344 4975 3442 5029; x_wconf 89' lang='lat' dir='ltr'><strong>tibi</strong></span> <span class='ocrx_word' id='word_1_761' title='bbox 3474 4990 3574 5029; x_wconf 80' lang='lat' dir='ltr'><strong>vo-</strong></span> 
     </span>
    </p>
   </div>
   <div class='ocr_carea' id='block_1_108' title="bbox 2001 5066 3573 5135">
    <p class='ocr_par' dir='ltr' id='par_1_108' title="bbox 2001 5066 3573 5135">
     <span class='ocr_line' id='line_1_108' title="bbox 2001 5066 3573 5135; baseline -0.003 -12"><span class='ocrx_word' id='word_1_762' title='bbox 2001 5070 2099 5135; x_wconf 85' lang='lat' dir='ltr'><strong>les,</strong></span> <span class='ocrx_word' id='word_1_763' title='bbox 2134 5068 2296 5123; x_wconf 91' lang='lat' dir='ltr'><strong>lauda</strong></span> <span class='ocrx_word' id='word_1_764' title='bbox 2326 5068 2580 5124; x_wconf 89' lang='lat' dir='ltr'><strong>absentes</strong></span> <span class='ocrx_word' id='word_1_765' title='bbox 2607 5082 2790 5122; x_wconf 86' lang='lat' dir='ltr'><strong>coram</strong></span> <span class='ocrx_word' id='word_1_766' title='bbox 2816 5067 2938 5122; x_wconf 88' lang='lat' dir='ltr'><strong>aliis</strong></span> <span class='ocrx_word' id='word_1_767' title='bbox 2963 5082 3152 5122; x_wconf 90' lang='lat' dir='ltr'><strong>eorum</strong></span> <span class='ocrx_word' id='word_1_768' title='bbox 3184 5066 3409 5132; x_wconf 88' lang='lat' dir='ltr'><strong>amicis;</strong></span> <span class='ocrx_word' id='word_1_769' title='bbox 3447 5080 3573 5119; x_wconf 90' lang='lat' dir='ltr'><strong>nam</strong></span> 
     </span>
    </p>
   </div>
   <div class='ocr_carea' id='block_1_109' title="bbox 2000 5156 3575 5229">
    <p class='ocr_par' dir='ltr' id='par_1_109' title="bbox 2000 5156 3575 5229">
     <span class='ocr_line' id='line_1_109' title="bbox 2000 5156 3575 5229; baseline -0.004 -13"><span class='ocrx_word' id='word_1_770' title='bbox 2000 5163 2075 5216; x_wconf 90' lang='lat' dir='ltr'><strong>ita</strong></span> <span class='ocrx_word' id='word_1_771' title='bbox 2115 5161 2389 5217; x_wconf 81' lang='lat' dir='ltr'><strong>videberis</strong></span> <span class='ocrx_word' id='word_1_772' title='bbox 2425 5167 2726 5229; x_wconf 65' lang='lat' dir='ltr'><strong>praesentes</strong></span> <span class='ocrx_word' id='word_1_773' title='bbox 2764 5160 2931 5215; x_wconf 82' lang='lat' dir='ltr'><strong>etiam</strong></span> <span class='ocrx_word' id='word_1_774' title='bbox 2985 5157 3217 5214; x_wconf 85' lang='lat' dir='ltr'><strong>laudare</strong></span> <span class='ocrx_word' id='word_1_775' title='bbox 3250 5156 3305 5211; x_wconf 88' lang='lat' dir='ltr'><strong>in</strong></span> <span class='ocrx_word' id='word_1_776' title='bbox 3330 5157 3575 5212; x_wconf 86' lang='lat' dir='ltr'><strong>absenti-</strong></span> 
     </span>
    </p>
   </div>
   <div class='ocr_carea' id='block_1_110' title="bbox 2001 5249 3576 5321">
    <p class='ocr_par' dir='ltr' id='par_1_110' title="bbox 2001 5249 3576 5321">
     <span class='ocr_line' id='line_1_110' title="bbox 2001 5249 3576 5321; baseline -0.003 -11"><span class='ocrx_word' id='word_1_777' title='bbox 2001 5255 2126 5310; x_wconf 88' lang='lat' dir='ltr'><strong>bus.</strong></span> <span class='ocrx_word' id='word_1_778' title='bbox 2159 5253 2379 5307; x_wconf 83' lang='lat' dir='ltr'><strong>Amicos</strong></span> <span class='ocrx_word' id='word_1_779' title='bbox 2408 5259 2589 5307; x_wconf 88' lang='lat' dir='ltr'><strong>autem</strong></span> <span class='ocrx_word' id='word_1_780' title='bbox 2622 5252 2677 5305; x_wconf 88' lang='lat' dir='ltr'><strong>in</strong></span> <span class='ocrx_word' id='word_1_781' title='bbox 2707 5251 2981 5321; x_wconf 89' lang='lat' dir='ltr'><strong>angustiis</strong></span> <span class='ocrx_word' id='word_1_782' title='bbox 3030 5258 3195 5321; x_wconf 86' lang='lat' dir='ltr'><strong>atque</strong></span> <span class='ocrx_word' id='word_1_783' title='bbox 3244 5249 3298 5304; x_wconf 89' lang='lat' dir='ltr'><strong>in</strong></span> <span class='ocrx_word' id='word_1_784' title='bbox 3326 5249 3576 5305; x_wconf 89' lang='lat' dir='ltr'><strong>adversis</strong></span> 
     </span>
    </p>
   </div>
   <div class='ocr_carea' id='block_1_111' title="bbox 2004 5342 3573 5415">
    <p class='ocr_par' dir='ltr' id='par_1_111' title="bbox 2004 5342 3573 5415">
     <span class='ocr_line' id='line_1_111' title="bbox 2004 5342 3573 5415; baseline -0.003 -14"><span class='ocrx_word' id='word_1_785' title='bbox 2004 5347 2169 5402; x_wconf 88' lang='lat' dir='ltr'><strong>rebus</strong></span> <span class='ocrx_word' id='word_1_786' title='bbox 2198 5345 2456 5415; x_wconf 77' lang='lat' dir='ltr'><strong>explora;</strong></span> <span class='ocrx_word' id='word_1_787' title='bbox 2497 5343 2738 5398; x_wconf 81' lang='lat' dir='ltr'><strong>felicium</strong></span> <span class='ocrx_word' id='word_1_788' title='bbox 2804 5343 2949 5398; x_wconf 91' lang='lat' dir='ltr'><strong>enim</strong></span> <span class='ocrx_word' id='word_1_789' title='bbox 2984 5343 3145 5397; x_wconf 88' lang='lat' dir='ltr'><strong>multi</strong></span> <span class='ocrx_word' id='word_1_790' title='bbox 3199 5349 3329 5398; x_wconf 87' lang='lat' dir='ltr'><strong>sunt</strong></span> <span class='ocrx_word' id='word_1_791' title='bbox 3360 5342 3522 5396; x_wconf 87' lang='lat' dir='ltr'><strong>amici</strong></span> <span class='ocrx_word' id='word_1_792' title='bbox 3558 5360 3573 5397; x_wconf 73' lang='grc' dir='ltr'><strong>ε</strong></span> 
     </span>
    </p>
   </div>
   <div class='ocr_carea' id='block_1_112' title="bbox 1992 5436 3578 5505">
    <p class='ocr_par' dir='ltr' id='par_1_112' title="bbox 1992 5436 3578 5505">
     <span class='ocr_line' id='line_1_112' title="bbox 1992 5436 3578 5505; baseline -0.001 -9"><span class='ocrx_word' id='word_1_793' title='bbox 1992 5439 2086 5496; x_wconf 87' lang='lat' dir='ltr'><strong>sed</strong></span> <span class='ocrx_word' id='word_1_794' title='bbox 2130 5452 2227 5494; x_wconf 84' lang='lat' dir='ltr'><strong>eos</strong></span> <span class='ocrx_word' id='word_1_795' title='bbox 2266 5437 2475 5492; x_wconf 78' lang='lat' dir='ltr'><strong>amicos</strong></span> <span class='ocrx_word' id='word_1_796' title='bbox 2508 5451 2667 5491; x_wconf 85' lang='lat' dir='ltr'><strong>veros</strong></span> <span class='ocrx_word' id='word_1_797' title='bbox 2709 5436 2996 5504; x_wconf 86' lang='lat' dir='ltr'><strong>judicato,</strong></span> <span class='ocrx_word' id='word_1_798' title='bbox 3035 5437 3128 5505; x_wconf 90' lang='lat' dir='ltr'><strong>qui</strong></span> <span class='ocrx_word' id='word_1_799' title='bbox 3190 5445 3243 5492; x_wconf 87' lang='lat' dir='ltr'><strong>te</strong></span> <span class='ocrx_word' id='word_1_800' title='bbox 3290 5453 3397 5493; x_wconf 90' lang='lat' dir='ltr'><strong>non</strong></span> <span class='ocrx_word' id='word_1_801' title='bbox 3441 5437 3578 5495; x_wconf 91' lang='lat' dir='ltr'><strong>lucri</strong></span> 
     </span>
    </p>
   </div>
   <div class='ocr_carea' id='block_1_113' title="bbox 1990 5524 3579 5595">
    <p class='ocr_par' dir='ltr' id='par_1_113' title="bbox 1990 5524 3579 5595">
     <span class='ocr_line' id='line_1_113' title="bbox 1990 5524 3579 5595; baseline 0.001 -13"><span class='ocrx_word' id='word_1_802' title='bbox 1990 5541 2158 5583; x_wconf 89' lang='lat' dir='ltr'><strong>causa</strong></span> <span class='ocrx_word' id='word_1_803' title='bbox 2196 5524 2448 5595; x_wconf 87' lang='lat' dir='ltr'><strong>diligunt,</strong></span> <span class='ocrx_word' id='word_1_804' title='bbox 2494 5525 2588 5579; x_wconf 89' lang='lat' dir='ltr'><strong>sed</strong></span> <span class='ocrx_word' id='word_1_805' title='bbox 2638 5534 2853 5593; x_wconf 89' lang='lat' dir='ltr'><strong>propter</strong></span> <span class='ocrx_word' id='word_1_806' title='bbox 2901 5525 3075 5593; x_wconf 89' lang='lat' dir='ltr'><strong>ipsam</strong></span> <span class='ocrx_word' id='word_1_807' title='bbox 3111 5526 3364 5582; x_wconf 81' lang='lat' dir='ltr'><strong>amicitiae</strong></span> <span class='ocrx_word' id='word_1_808' title='bbox 3404 5528 3579 5583; x_wconf 81' lang='lat' dir='ltr'><strong>virtu-</strong></span> 
     </span>
    </p>
   </div>
   <div class='ocr_carea' id='block_1_114' title="bbox 1993 5615 3576 5691">
    <p class='ocr_par' dir='ltr' id='par_1_114' title="bbox 1993 5615 3576 5691">
     <span class='ocr_line' id='line_1_114' title="bbox 1993 5615 3576 5691; baseline 0.001 -18"><span class='ocrx_word' id='word_1_809' title='bbox 1993 5626 2101 5673; x_wconf 89' lang='lat' dir='ltr'><strong>tem</strong></span> <span class='ocrx_word' id='word_1_810' title='bbox 2144 5633 2158 5669; x_wconf 89' lang='lat'><strong>:</strong></span> <span class='ocrx_word' id='word_1_811' title='bbox 2206 5616 2310 5670; x_wconf 89' lang='lat' dir='ltr'><strong>alia</strong></span> <span class='ocrx_word' id='word_1_812' title='bbox 2369 5615 2513 5670; x_wconf 89' lang='lat' dir='ltr'><strong>enim</strong></span> <span class='ocrx_word' id='word_1_813' title='bbox 2570 5616 2827 5671; x_wconf 75' lang='lat' dir='ltr'><strong>amicitia:</strong></span> <span class='ocrx_word' id='word_1_814' title='bbox 2871 5616 3112 5686; x_wconf 85' lang='lat' dir='ltr'><strong>species,</strong></span> <span class='ocrx_word' id='word_1_815' title='bbox 3172 5635 3295 5689; x_wconf 73' lang='lat' dir='ltr'><strong>quae</strong></span> <span class='ocrx_word' id='word_1_816' title='bbox 3344 5621 3576 5691; x_wconf 90' lang='lat' dir='ltr'><strong>tempori</strong></span> 
     </span>
    </p>
   </div>
   <div class='ocr_carea' id='block_1_115' title="bbox 1992 5708 3574 5783">
    <p class='ocr_par' dir='ltr' id='par_1_115' title="bbox 1992 5708 3574 5783">
     <span class='ocr_line' id='line_1_115' title="bbox 1992 5708 3574 5783; baseline 0.001 -18"><span class='ocrx_word' id='word_1_817' title='bbox 1992 5710 2177 5775; x_wconf 80' lang='lat' dir='ltr'><strong>servit,</strong></span> <span class='ocrx_word' id='word_1_818' title='bbox 2215 5723 2322 5763; x_wconf 92' lang='lat' dir='ltr'><strong>non</strong></span> <span class='ocrx_word' id='word_1_819' title='bbox 2355 5716 2463 5764; x_wconf 88' lang='lat' dir='ltr'><strong>tam</strong></span> <span class='ocrx_word' id='word_1_820' title='bbox 2506 5708 2766 5775; x_wconf 89' lang='lat' dir='ltr'><strong>amicitia,</strong></span> <span class='ocrx_word' id='word_1_821' title='bbox 2805 5724 2965 5779; x_wconf 88' lang='lat' dir='ltr'><strong>quam</strong></span> <span class='ocrx_word' id='word_1_822' title='bbox 2998 5711 3295 5783; x_wconf 82' lang='lat' dir='ltr'><strong>negotiatio</strong></span> <span class='ocrx_word' id='word_1_823' title='bbox 3326 5714 3574 5783; x_wconf 68' lang='lat' dir='ltr'><strong>quaedam</strong></span> 
     </span>
    </p>
   </div>
   <div class='ocr_carea' id='block_1_116' title="bbox 1995 5810 2392 5871">
    <p class='ocr_par' dir='ltr' id='par_1_116' title="bbox 1995 5810 2392 5871">
     <span class='ocr_line' id='line_1_116' title="bbox 1995 5810 2392 5871; baseline 0 -14"><span class='ocrx_word' id='word_1_824' title='bbox 1995 5816 2116 5859; x_wconf 77' lang='lat' dir='ltr'><strong>esse</strong></span> <span class='ocrx_word' id='word_1_825' title='bbox 2148 5810 2392 5871; x_wconf 86' lang='lat' dir='ltr'><strong>putatur.</strong></span> 
     </span>
    </p>
   </div>
   <div class='ocr_carea' id='block_1_117' title="bbox 3246 5893 3280 5953">
    <p class='ocr_par' dir='ltr' id='par_1_117' title="bbox 3246 5893 3280 5953">
     <span class='ocr_line' id='line_1_117' title="bbox 3246 5893 3280 5953; baseline 0 0"><span class='ocrx_word' id='word_1_826' title='bbox 3246 5893 3280 5953; x_wconf 67' lang='grc' dir='ltr'>ιι</span> 
     </span>
    </p>
   </div>
  </div>
