4104 6444
500 417 647 459 XXXV

968 508 1046 562 De
1076 506 1261 575 opibus
1284 515 1333 557 et
1368 502 1620 555 avaritia.

575 612 707 678 Qua:
726 606 792 661 ad
811 606 1113 675 augendam
1147 596 1544 668 rempublicam
1570 592 1826 646 conferre
1847 596 2080 661 possunt

501 720 565 760 ea
612 700 872 773 perlicere
923 710 993 750 ne
1034 690 1334 747 cuncteris.
1388 686 1522 742 Rem
1574 694 1753 739 autem
1806 681 2080 752 publicam

503 796 709 866 optime
766 784 1202 849 administrabis,
1225 781 1270 837 si
1299 779 1548 850 pecunia:
1606 776 1837 847 publica:
1892 787 2083 827 curam

503 863 823 953 diligentem
852 876 1105 941 habebis,
1128 872 1224 929 sed
1252 885 1374 941 qua:
1409 866 1572 938 jus‘tis
1596 866 1904 922 rationibus
1928 863 2086 919 colli-

506 977 674 1046 gitur,
690 988 800 1027 non
817 986 881 1025 ex
900 965 1257 1037 oppressione
1285 970 1381 1015 aut
1413 960 1676 1031 lacrymis
1697 958 2046 1014 subditorum
2068 974 2083 1023 ;

506 1065 737 1138 pecunia
760 1062 905 1117 enim
939 1060 986 1115 si
1011 1059 1161 1128 juste
1205 1055 1426 1125 cogitur
1459 1052 1689 1105 multmn
1741 1048 1897 1104 aifert
1930 1064 2085 1104 emo-

509 1156 761 1219 tumenti,
785 1162 839 1208 et
868 1164 1076 1206 nervos
1100 1146 1330 1218 imperio
1357 1144 1546 1208 addit;
1573 1143 1671 1198 sed
1704 1155 1825 1211 quae
1852 1154 1915 1194 ex
1954 1139 2086 1195 sub-

507 1248 747 1302 ditorum
780 1241 1042 1312 lacrymis
1094 1246 1259 1307 atque
1313 1234 1606 1304 iniquitate
1642 1245 1867 1286 corrasa
1902 1229 2088 1291 fuerit,

507 1339 676 1395 etiam
727 1337 878 1406 juste
936 1332 1231 1388 collectam
1281 1324 1578 1395 dissipabit
1611 1341 1625 1377 :
1656 1324 1893 1377 attrabet
1944 1322 2088 1376 enim

513 1432 708 1494 Deum,
735 1428 828 1497 qui
859 1425 1089 1496 justitizc
1115 1424 1263 1491 leges
1316 1418 1568 1475 condidit
1590 1416 1659 1471 ad
1702 1414 2090 1475 vindicandam

514 1521 796 1593 injuriam.
834 1518 981 1588 Ignis
1012 1529 1140 1571 vero
1166 1529 1276 1568 non
1314 1517 1386 1567 ita
1427 1511 1684 1567 celeriter
1718 1510 1925 1579 paleam
1958 1521 2094 1560 con-

512 1613 703 1676 sumit,
738 1618 798 1665 ut
828 1607 970 1664 male
990 1616 1044 1663 et
1080 1604 1285 1676 injuste
1314 1613 1587 1673 congesta:
1616 1616 1749 1671 opes
1774 1601 1938 1654 etiam
1972 1598 2094 1667 jure

513 1702 802 1774 paratasin
845 1698 1143 1771 perniciem
1169 1710 1355 1752 secum
1387 1694 1691 1763 abripiunt.

868 1789 944 1843 De
972 1787 1190 1843 leuilate
1219 1797 1267 1841 et
1307 1783 1739 1839 mansuetudine.

1806 382 2369 446 PROLEGOMENA
2383 428 2395 440 .

3613 385 3774 427 κκινι

2486 491 2623 557 Περὶ
2668 488 2937 543 πλούτου
2977 488 3071 542 καὶ
3114 487 3491 555 πλεονεξίας.

2254 580 2354 639 Ὧν
2399 585 2561 638 ἕνεκα
2608 587 2706 653 τὴν
2758 581 3038 635 πολιτείαν
3087 582 3350 652 ὑψώσεις,
3381 582 3590 634 τούτων
3617 582 3780 651 χάριν

2185 681 2358 733 ποιεῖν
2389 679 2463 749 μὴ
2490 676 3004 745 κατόκνει.“Αριστα
3024 674 3081 727 δὲ
3104 674 3165 727 τὸ
3196 674 3437 745 ὑπήκοον
3462 673 3775 737 διασώσεις,

2185 771 2234 822 εί
2265 769 2566 840 χρημάτων
2612 764 2889 836 δημοσίων
2938 765 3137 834 κτῆσιν
3182 764 3457 835 ἐπιμελῶς
3508 766 3781 831 ποιήσεις,

2185 861 2322 915 ἀλλά
2350 861 2449 929 τὴν
2480 862 2544 912 ἐκ
2564 858 2790 911 δικαίων
2813 856 3125 926 πορισμῶν,
3147 856 3268 926 οὐχὶ
3292 856 3349 909 δὲ
3376 856 3478 925 τὴν
3509 856 3566 921 ἐξ
3591 855 3780 908 ἀδίκοδ

2190 952 2551 1022 συναγωγὴν,
2601 950 2722 1004 οὐδὲ
2775 947 2875 1020 τὴν
2933 951 2997 1001 ὲκ
3045 949 3297 1019 δακρύων
3356 949 3782 1019 συλλεγομένην.

2191 1046 2466 1116 Χρήματα
2493 1044 2591 1114 μὲν
2614 1044 2744 1115 γὰρ,
2775 1043 2824 1098 εί
2872 1042 2969 1112 μὲν
3006 1042 3233 1105 δικαίως
3264 1044 3583 1110 συνάγεται,
3612 1041 3783 1095 πολλά

2191 1139 2281 1192 τὸν
2316 1137 2650 1207 κεκτημένον
2681 1138 2886 1208 ὀνήσει,
2923 1137 3018 1189 καὶ
3068 1136 3222 1205 ἰσχὺς
3255 1137 3322 1206 τῇ
3371 1135 3620 1206 βασιλείᾳ
3648 1152 3785 1205 χρη-

2196 1233 2412 1301 ματίσει
2430 1245 2443 1259 '
2476 1229 2525 1281 εἰ
2554 1228 2611 1281 δὲ
2642 1226 2702 1291 ἐξ
2720 1226 2933 1291 ἀδικίας
2959 1225 3054 1279 καὶ
3081 1224 3336 1296 δακρύων
3360 1223 3666 1295 πορίζεται,
3692 1224 3785 1277 καὶ
3880 1207 3893 1225 ⁸

2192 1322 2260 1375 τὰ
2284 1319 2505 1382 δικαίως
2550 1317 2940 1389 συνειλεγμένα
2969 1315 3303 1386 ὲξαφανίζει,
3349 1315 3445 1369 καὶ
3474 1315 3607 1368 Θεὸν
3637 1314 3787 1368 ἀντίο

2194 1407 2342 1460 δικον
2369 1407 2461 1459 τὸν
2488 1404 2585 1458 τοῦ
2612 1404 2821 1459 δικαίου
2846 1404 3144 1474 νομοθέτην
3165 1405 3487 1458 ἐπισπᾶται.
3509 1403 3620 1473 Οὐχ
3641 1402 3788 1457 οὕτω

2196 1498 2302 1569 γὰρ
2346 1498 2460 1568 πῦρ
2501 1497 2755 1566 ἀφανίζει
2797 1498 3011 1569 χόρτον,
3044 1498 3121 1560 ὡς
3170 1499 3201 1552 ό
3245 1496 3431 1560 κακῶς
3460 1496 3556 1549 καὶ
3586 1495 3787 1557 ἀδίκως

2198 1590 2539 1660 συνηγμένος
2569 1589 2821 1654 πλοῦτος,
2852 1589 2948 1643 καὶ
2972 1589 3062 1643 τὸν
3092 1588 3273 1652 καλῶς
3299 1590 3394 1642 καὶ
3419 1588 3644 1651 δικαίως
3675 1588 3786 1639 ἐπιδ

2199 1677 2543 1747 σωρευθέντα
2569 1677 2800 1731 πλοῦτον
2827 1677 3258 1748 προσαπόλλυσι.

2430 1770 2570 1839 Περὶ
2605 1768 3022 1839 μακροθυμίας
3056 1768 3155 1823 καὶ
3195 1768 3552 1836 πραότητος.

586 1881 646 1937 in
686 1878 967 1949 subjectos
1024 1887 1147 1933 tuos
1205 1889 1271 1929 ne
1322 1874 1660 1928 criminosus
1708 1870 1819 1935 sis;
1869 1868 2097 1922 molesta

2272 1861 2362 1930 Μὴ
2397 1859 2540 1934 ᾖσθα
2574 1861 2842 1929 φιλαίτιος
2890 1862 2947 1913 ὲν
2989 1863 3101 1924 τοῖς
3131 1861 3236 1913 ὑπὸ
3266 1861 3456 1929 χεῖραο
3489 1858 3627 1929 βαρὺ
3658 1862 3786 1931 γάρ·

514 1973 662 2031 enim
685 1986 773 2028 res
800 1980 886 2027 est
922 1986 937 2024 :
963 1984 1139 2039 neque
1171 1968 1228 2022 in
1259 1965 1653 2038 congressibus
1710 1972 1996 2033 promptus
2023 1960 2100 2015 sis

516 2065 587 2121 ad
616 2063 756 2118 alios
782 2062 1201 2132 objurgandos;
1232 2058 1426 2115 odiosa
1465 2057 1668 2127 quippe
1704 2070 1793 2110 res
1825 2061 1911 2109 est
1953 2070 1968 2107 :
2008 2067 2101 2106 ne-

516 2169 622 2224 que
655 2154 827 2209 risum
857 2150 1219 2206 immoderate
1241 2148 1475 2205 etfusum
1510 2162 1633 2202 ama
1664 2162 1679 2211 ;
1722 2145 1862 2199 male
1896 2144 2090 2198 morati

515 2247 758 2303 hominis
781 2253 867 2300 est
898 2261 913 2297 :
946 2242 1043 2299 sed
1073 2243 1212 2298 lenis
1249 2248 1370 2297 esto
1404 2241 1459 2294 in
1483 2253 1579 2294 eos
1611 2238 1706 2307 qui
1742 2234 2097 2301 offenderint,

516 2342 764 2395 clemens
788 2338 841 2392 in
883 2334 1348 2404 castigationibus
1377 2331 1732 2391 delictorum,
1775 2328 1960 2399 gravis
1985 2342 2102 2381 mo-

518 2431 696 2497 ribus,
728 2428 879 2483 mitis
932 2439 1211 2491 sermone,
1274 2423 1454 2477 facilis
1488 2421 1663 2483 aditu,
1699 2418 1935 2474 affabilis
1976 2433 2106 2472 con-

518 2535 761 2592 gressu:
800 2518 915 2573 haec
946 2516 1095 2571 enim
1154 2515 1339 2570 omnia
1397 2514 1724 2584 populorum
1779 2510 2107 2566 benevolen~

521 2614 653 2667 tiam
700 2609 801 2664 tibi
861 2606 1282 2669 conciliabunt,
1322 2604 1417 2674 qui
1475 2611 1761 2673 propterea
1824 2607 2032 2669 patrem
2058 2607 2110 2652 te

521 2701 706 2770 potius
730 2712 899 2769 quam
935 2699 1326 2766 imperatorem
1354 2695 1730 2764 appellabunt.

951 2786 1027 2841 De
1057 2787 1277 2839 veritate
1304 2795 1351 2838 et
1387 2784 1683 2837 mendacio.

593 2878 817 2934 Maximi
848 2876 1070 2948 pendito
1106 2884 1161 2930 et
1186 2888 1440 2929 veracem
1490 2888 1613 2929 ess:
1663 2872 1715 2925 in
1752 2886 2033 2934 sermone,
2060 2878 2113 2923 ct

526 2985 754 3028 veraces
803 2970 1054 3025 homines
1084 2967 1140 3021 in
1167 2965 1599 3019 familiaritatem
1655 2964 1951 3018 admittere
1992 2979 2005 3014 :
2040 2962 2112 3015 ita

2207 1951 2341 2021 μηδὲ
2394 1953 2625 2023 ἑτοίμως
2672 1950 2938 2021 ἐπιτιμῶν
2985 1952 3045 2004 ὲν
3077 1952 3196 2011 ταῖς
3223 1950 3592 2018 ἀναστροφαῖς
3612 1966 3625 1978 ο
3658 1967 3795 2020 φορ-

2202 2044 2354 2099 τικὸν
2383 2045 2509 2114 γάρ’
2564 2044 2700 2114 μηδὲ
2728 2045 2938 2113 γέλωτα
2960 2044 3177 2113 ἀκρατῆ
3211 2042 3407 2112 στέργει
3426 2059 3440 2074 ο
3466 2040 3795 2096 ἀπαίδευτον

2205 2138 2335 2208 γάρ’
2373 2137 2510 2193 ἀλλά
2551 2136 2644 2190 ἔσο
2690 2136 3044 2208 μακρόθυμος
3084 2136 3182 2205 μὲν
3231 2135 3322 2187 ἐπὶ
3365 2136 3479 2197 τοῖς
3514 2134 3793 2196 πταίουσι,

2207 2228 2584 2298 φιλάνθρωπος
2627 2228 2685 2282 δὲ
2714 2229 2773 2281 ὲν
2811 2230 2926 2291 τοῖς
2957 2226 3287 2295 ἐπιτιμίοις,
3321 2225 3518 2295 σεμνὸς
3548 2224 3613 2278 τὸ
3642 2219 3797 2294 ἦθος,

2211 2321 2385 2390 πρᾶος
2420 2320 2514 2373 τὸν
2550 2319 2728 2387 λόγον,
2755 2321 2964 2390 ἥμερος
2999 2319 3054 2370 δὲ
3082 2319 3177 2371 καὶ
3206 2317 3521 2387 ὁμιλητικὸς
3555 2317 3646 2370 τὸν
3674 2317 3804 2389 τρό-

2210 2428 2309 2463 πον
2328 2429 2341 2442 ο
2378 2410 2552 2463 ταῦτα
2580 2412 2688 2481 γὰρ
2716 2411 2933 2464 ἅπαντα
2961 2409 3195 2479 ποθητόν
3226 2425 3284 2460 σε
3311 2409 3529 2479 ποιήσει
3560 2409 3671 2470 τοῖς
3696 2406 3803 2460 ὑπὸ

2210 2504 2388 2573 χεῖρα,
2422 2503 2516 2555 καί⁵
2548 2502 2762 2571 πατέρα
2795 2500 2995 2570 μᾶλλον
3026 2500 3057 2569 ἢ
3092 2499 3314 2568 βασιλέα
3361 2497 3646 2552 καλεῖσθαι
3695 2516 3804 2552 πα-

2219 2593 2527 2661 ρασκευάσε
2539 2610 2577 2644 ι.

2568 2771 2704 2838 Περὶ
2729 2771 3018 2838 ἀληθείας
3032 2771 3131 2825 καὶ
3154 2769 3447 2840 ψεύδους.

2297 2866 2496 2935 Ἀληθῆ
2539 2865 2694 2934 λόγον
2727 2866 2870 2936 ἔχειν
2908 2867 3037 2937 περὶ
3064 2865 3320 2919 πλείστου
3351 2862 3530 2927 ποιοῦ,
3570 2863 3665 2916 καὶ
3709 2863 3812 2917 σύ-

2214 2958 2305 3020 τὸς
2349 2958 2514 3029 ἔχειν,
2565 2958 2658 3012 καὶ
2711 2960 2930 3028 ἑτέρους
2987 2959 3113 3022 τοὺς
3167 2957 3389 3029 ἔχοντας
3445 2954 3805 3010 οἰκειοῦσθαι.

524 3064 674 3120 enim
731 3062 921 3117 ﬁrmus
980 3069 1036 3115 et
1087 3066 1353 3115 constans
1394 3058 1448 3111 in
1481 3056 1743 3112 omnibus
1774 3065 1829 3111 et
1862 3055 2026 3109 factis
2062 3064 2108 3107 et

2217 3049 2376 3104 Οὕτω
2402 3053 2512 3121 γὰρ
2544 3050 2762 3119 βέϐαιός
2787 3067 2847 3104 τε
2878 3046 3019 3104 εἷναι
3076 3050 3250 3115 δόξεις
3280 3048 3420 3119 πρὸς
3448 3047 3666 3101 ἅπαντά
3711 3064 3811 3100 σου

525 3154 694 3211 dictis
745 3150 1176 3213 existimaberis,
1207 3158 1262 3204 et
1315 3164 1498 3204 veram
1527 3163 1591 3203 ac
1636 3164 1743 3203 non
1798 3155 2108 3217 suspectam

2218 3144 2287 3195 τὰ
2317 3143 2591 3213 λεγόμενα
2646 3145 2741 3196 καὶ
2795 3143 3167 3213 πραττόμενα,
3200 3139 3295 3195 καὶ
3352 3140 3662 3193 ἀνύποπτον
3712 3141 3813 3192 καὶ

527 3255 749 3301 tuorum
779 3244 834 3297 in
868 3250 924 3297 te
972 3240 1409 3298 benevolentiam
1477 3239 1764 3295 retinebis.
1820 3238 1876 3292 Si
1930 3247 2108 3292 autem

2220 3234 2446 3305 βεϐαίαν
2476 3235 2574 3306 τὴν
2599 3237 2678 3300 είς
2714 3236 2772 3289 σὲ
2802 3235 2988 3306 φιλίαν
3013 3235 3122 3287 τῶν
3152 3234 3411 3303 ὑπηκόων
3435 3230 3810 3302 διαφυλάξεις.

527 3337 789 3393 vanitatis
815 3345 871 3391 et
892 3334 1168 3391 mendacii
1198 3336 1253 3389 in
1292 3332 1671 3403 suspicionem
1708 3333 1951 3397 veneris,
1978 3333 2117 3385 indi-

528 3444 635 3500 gna
668 3428 852 3483 facere
883 3425 1242 3497 imperatoria
1292 3424 1581 3494 majestate
1654 3438 1760 3493 qua
1796 3431 1996 3478 auctus
2032 3438 2113 3487 es,

529 3519 901 3583 eonvineeris,
949 3518 1261 3587 eiliciesque
1288 3523 1347 3571 ut
1373 3515 1603 3585 subjecti
1642 3514 2009 3578 formidolosi,
2052 3529 2116 3570 ac

532 3623 717 3665 rerum
743 3608 991 3662 omnium
1026 3606 1223 3661 incerti
1257 3605 1406 3669 sint;
1441 3614 1706 3673 quantum
1757 3604 1902 3657 enim
1954 3616 2116 3655 verax

531 3697 710 3752 oratio
734 3695 1021 3750 amabilem
1050 3694 1327 3749 hominem
1354 3692 1557 3757 reddit,
1593 3698 1807 3744 tantum
1838 3688 2113 3743 mendacii

533 3788 897 3859 deprehensa,
947 3794 1043 3840 aut
1071 3788 1234 3840 etiam
1290 3792 1572 3853 suspecta,
1618 3783 1892 3845 odiosum,
1927 3781 2024 3849 qui
2055 3795 2117 3833 ea

541 3879 716 3934 utitur
738 3878 887 3933 facit.

1052 4049 1131 4104 De
1168 4048 1597 4119 magistratibus.

609 4141 1105 4199 Pmstantissimus
1149 4139 1489 4195 medicorum
1526 4138 1617 4193 ille
1641 4146 1748 4202 est,
1786 4138 1881 4208 qui
1913 4138 2123 4196 morbis

539 4234 819 4305 appositas
855 4233 1122 4288 adhibere
1167 4230 1319 4284 novit
1369 4227 1688 4285 curationes
1717 4237 1808 4285 :et
1837 4245 1933 4285 rex
1983 4231 2124 4301 opti—

540 4339 685 4389 mus,
716 4324 924 4395 quieos
960 4321 1206 4377 instituit
1238 4320 1597 4390 magistratus
1623 4358 1640 4384 ,
1676 4321 1828 4390 quia
1859 4321 2124 4391 subjectis

539 4429 757 4470 omnem
784 4414 1040 4485 injuriam
1061 4426 1251 4467 arcere
1285 4424 1347 4465 ac
1370 4410 1693 4481 propulsare
1712 4420 1937 4481 queant.
1970 4410 2125 4467 Sicut

2221 3331 2281 3383 Εἰ
2340 3328 2449 3399 γὰρ
2481 3328 2703 3399 ψευδέσι
2732 3327 2913 3397 λόγοις
2944 3325 3180 3398 χρῆσθαι
3233 3324 3659 3395 ὑποπτευθείης,
3705 3324 3817 3379 κᾶν

2222 3416 2524 3484 βασιλεύειν
2578 3415 2946 3487 κατηξιώθης,
3009 3415 3124 3469 ἀλλ’
3177 3416 3374 3481 ἀνάξια
3402 3417 3498 3487 τῆς
3547 3415 3817 3489 τοιαύτης

2221 3508 2377 3572 ἀξίας
2405 3508 2870 3580 διαπραττόμενος
2896 3508 3195 3578 ἐλεγχθεὶς,
3241 3510 3335 3562 καὶ
3364 3509 3637 3579 περιδεεῖς
3680 3509 3815 3572 τοὺς

2220 3601 2324 3654 ὑπὸ
2349 3602 2509 3671 χεῖρα
2556 3602 2653 3655 καὶ
2679 3601 3122 3672 τεταραγμένους
3154 3618 3237 3653 σοι
3280 3602 3491 3665 πάντας
3522 3596 3662 3654 εἶναι
3698 3617 3812 3653 πα-

2224 3693 2609 3763 ρασκευάσεις.
2641 3694 2806 3747 Ὅσον
2841 3694 2951 3764 γὰρ
3010 3694 3039 3745 ὁ
3089 3693 3188 3763 τῆς
3236 3692 3495 3762 ἀληθείας
3527 3691 3685 3760 λόγος
3717 3692 3815 3745 τὸν

2221 3786 2564 3856 κεκτημένον
2593 3786 2761 3858 ἄνδρα
2797 3785 3031 3857 ποθητὸν
3060 3784 3455 3855 ἀπεργάζεται,
3496 3783 3751 3838 τοσοῦτον
3782 3787 3816 3836 ὁ

2220 3877 2422 3948 ψευδής
2436 3895 2496 3930 τε
2526 3878 2620 3933 καὶ
2643 3877 2845 3947 ὕφαλος
2868 3878 2958 3929 τὸν
2983 3876 3375 3947 ἐπιτηδεύοντα
3396 3876 3670 3947 μισεῖσθαι
3698 3892 3811 3931 πα-

2228 3968 2529 4038 ρασκευάζε
2539 3986 2573 4021 ι.

2815 4061 2953 4130 Περὶ
2990 4061 3207 4132 ἀρχῆς.

2307 4153 2515 4225 Ἰατρὸς
2548 4153 2752 4216 ἐκεῖνός
2772 4154 2922 4205 ἐστιν
2950 4153 3179 4224 ἀληθὴς,
3208 4152 3267 4217 ὃς
3288 4152 3661 4223 καταλλήλους
3698 4154 3815 4214 τοῖς

2226 4244 2496 4314 νοσήμασι
2518 4245 2617 4307 τάς
2660 4244 2901 4313 ἰατρείας
2936 4244 3214 4315 ἐπιτίθησι
3237 4260 3251 4274 ⁸
3284 4244 3378 4298 καὶ
3398 4243 3651 4313 βασιλεὺς
3668 4244 3817 4295 έκεῖ-

2226 4334 2314 4397 νός
2340 4336 2488 4388 ἐστιν
2510 4334 2736 4403 ἀγαθὸς,
2769 4334 2828 4397 ὂς
2858 4335 3232 4405 ἀδικουμένων
3253 4335 3362 4389 τῶν
3391 4337 3650 4405 ὑπηκόων
3685 4336 3819 4397 τοὺς

2228 4425 2331 4489 τάς
2353 4426 2565 4487 ἀδικίας
2589 4424 2952 4490 ὲκδιώξαντας
2999 4426 3364 4497 προϐάλλεται
3413 4426 3819 4499 ἄρχοντας.⁹Ως

543 4505 695 4561 enim
739 4504 1030 4576 θαυῑεοηῖε
1088 4502 1266 4558 Vinus
1315 4501 1539 4572 Propria
1574 4509 1659 4558 θεῖ
1683 4503 1809 4572 equi
1859 4503 2128 4575 ουίιιείιυθ
2162 4524 2203 4581 D
2232 4517 2341 4588 γὰρ
2373 4516 2680 4587 ἱπποκόμου
2711 4516 2809 4588 μὲν
2839 4518 2990 4585 ίδιον,
3019 4518 3081 4572 τὺ
3108 4519 3215 4573 τῶν
3249 4519 3431 4574 ἵππων
3461 4520 3697 4573 ἑκάστου
3713 4520 3821 4589 τὴν

542 4612 708 4654 nosse
783 4595 1161 4667 praestantiam
1214 4612 1231 4663 ;

541 4698 809 4761 quantum
856 4689 1093 4759 quisque
1142 4702 1342 4743 cauum
1399 4701 1567 4744 cursu
1612 4689 1793 4744 valeat
1841 4690 1908 4744 ad
1944 4706 2126 4761 perse-

542 4781 791 4853 quendas
816 4780 984 4845 feras,
1021 4793 1087 4835 ac
1117 4780 1474 4851 imperatoris
1508 4780 1714 4836 milites
1762 4796 1893 4838 suos
1915 4797 2123 4853 cogno-

548 4888 733 4940 scere,
761 4881 816 4929 et
842 4888 950 4944 qua
1001 4872 1239 4943 quisque
1293 4888 1486 4929 eorum
1511 4871 1831 4930 fortitudine
1877 4875 1970 4939 sit,
2003 4891 2126 4946 per-

542 4972 788 5035 spectum
845 4964 1054 5020 habere
1090 4974 1150 5019 ut
1175 4979 1340 5035 quam
1401 4964 1611 5034 optime
1646 4965 1822 5021 aciem
1855 4966 2129 5025 instruere

542 5059 725 5113 valeat
760 5058 877 5112 :ita
938 5056 1067 5112 boni
1130 5057 1279 5126 regis
1316 5064 1403 5112 est
1437 5056 1858 5126 magistratuum
1898 5073 2126 5114 suorum

545 5163 750 5213 mores,
771 5148 1184 5212 animos,actus
1204 5154 1258 5202 et
1280 5146 1585 5201 sententias
1608 5147 1941 5215 perdiscere,
1973 5158 2030 5202 ut
2061 5148 2130 5203 dc

545 5239 776 5308 singulis
832 5238 1062 5295 edoctus
1127 5253 1577 5307 unumquemque
1608 5238 1750 5293 sciat
1806 5255 1909 5294 suo
1935 5240 2130 5297 ordine

544 5324 858 5397 disponere,
893 5342 959 5382 ac
993 5342 1192 5398 pravos
1244 5326 1465 5397 quidem
1500 5341 1563 5382 ac
1592 5329 1913 5396 pestilentes
1956 5330 2129 5386 homi-

545 5434 646 5473 nes
700 5433 730 5472 a
790 5418 1073 5488 republica
1147 5426 1399 5474 extorres
1467 5417 1701 5486 ejicere,
1764 5422 1966 5490 probos
2035 5438 2130 5477 au-

546 5517 655 5565 tem
684 5518 740 5566 et
770 5510 992 5566 virtutis
1046 5518 1294 5566 amantes
1342 5510 1581 5579 publicis
1629 5511 1935 5571 honoribus
1968 5514 2131 5570 deco-

546 5615 691 5657 rare.

1289 4602 1346 4650 et
1416 4602 1742 4650 venatorum
1820 4596 2125 4668 intelligere

900 5695 979 5750 De
1008 5697 1231 5751 consilio
1261 5706 1311 5753 et
1332 5699 1776 5755 consideratione.

616 5783 754 5842 Esse
784 5786 889 5843 sibi
937 5792 1372 5845 consentientem
1432 5791 1670 5848 hominis
1722 5801 1807 5848 est
1863 5793 2044 5862 gravis
2078 5801 2132 5849 et

2226 4607 2426 4679 ἀρετὴν
2454 4606 2857 4677 ἐπιγινώσκειν,
2897 4610 3198 4681 κυνηγέτου
3231 4611 3289 4666 δὲ
3319 4612 3381 4665 τὸ
3427 4614 3554 4677 τοὺς
3585 4612 3821 4666 διώκον-

2225 4715 2325 4761 τας
2370 4698 2480 4753 τῶν
2508 4699 2687 4753 κυνῶν
2716 4701 2897 4765 καλῶς
2930 4702 3344 4770 ὲξεπίστασθαι,
3375 4703 3471 4758 καὶ
3504 4702 3819 4775 στρατηγοῦ

2225 4790 2282 4842 δὲ
2307 4790 2369 4843 τδ
2390 4791 2517 4855 τοὺς
2557 4794 2895 4863 στρατιώτας
2921 4795 3232 4867 γνωρίζειν,
3265 4796 3445 4849 ὁποῖοι
3465 4796 3566 4859 τάς
3611 4797 3820 4866 ἀρετὰς

2228 4880 2567 4951 ὑπάρχουσιν
2593 4883 2846 4951 ἕκαστος,
2872 4886 2938 4938 ἵν’
2967 4888 3024 4939 ἐν
3055 4885 3359 4957 παρατάξει
3381 4885 3442 4938 τὸ
3472 4885 3692 4957 ἄριστον
3715 4886 3823 4955 τῆς

2228 4973 2504 5039 ὲκτάξεως
2532 4976 2666 5049 ἔχει’
2694 4977 2840 5031 οὕτω
2898 4979 2993 5031 καὶ
3045 4978 3315 5047 βασιλέως
3373 4978 3607 5047 ἀγαθοῦ,
3648 4979 3710 5032 τὸ
3746 4979 3821 5033 τὰ

2228 5068 2332 5138 ἢθη
2367 5070 2463 5122 καὶ
2508 5071 2634 5132 τοὺς
2682 5071 2919 5142 τρόπους
2946 5071 3040 5124 καὶ
3065 5072 3165 5135 τάς
3208 5071 3411 5143 ἀρετὰς
3449 5074 3544 5126 καὶ
3591 5072 3820 5143 γνώμας

2228 5157 2339 5210 τῶν
2367 5159 2458 5211 ὑπ’
2495 5160 2660 5214 αὑτὸν
2704 5161 2984 5233 ἀρχόντων
3012 5161 3439 5231 ἀναμανθάνειν,
3488 5163 3553 5216 ἵν’
3585 5166 3815 5236 ἐπιστη-

2234 5250 2408 5318 μόνως
2435 5250 2529 5321 ἔχῃ
2563 5253 2693 5321 περὶ
2744 5252 3002 5317 ἑκάστου,
3034 5254 3130 5305 καὶ
3163 5254 3516 5324 καταλλήλως
3548 5255 3639 5309 τὸν
3688 5257 3817 5309 καθ’

2229 5342 2326 5394 ἕνα
2356 5346 2423 5413 τῇ
2469 5343 2827 5415 προσηκούσῃ
2852 5344 3004 5411 τάξει
3033 5345 3368 5399 διατάττειν·
3433 5346 3528 5397 καὶ
3561 5347 3687 5410 τοὺς
3719 5349 3820 5417 μὲν

2230 5427 2451 5498 λοιμοὺς
2496 5432 2592 5497 τῆς
2622 5431 2900 5494 πολιτείας
2952 5433 3244 5503 ἐξορίζειν,
3275 5437 3402 5497 τοὺς
3457 5435 3703 5499 εὐσεϐεῖς
3760 5438 3817 5491 δὲ

2232 5522 2324 5572 καὶ
2355 5522 2643 5590 ἐναρέτους
2699 5524 2798 5586 τάς
2857 5526 3146 5589 πολιτικὰς
3174 5527 3347 5596 ἀρχὰς
3377 5526 3603 5579 διοικεῖν
3650 5544 3821 5582 κατα-

2235 5627 2533 5666 πιστεύειν.

2587 5707 2725 5775 Περὶ
2763 5709 3003 5776 βουλῆς
3043 5711 3137 5762 καί
3164 5709 3462 5777 σκέψεως.

2311 5796 2484 5849 ’Ὡσπε
2495 5815 2525 5867 ρ
2558 5799 2616 5851 τὸ
2637 5799 2818 5869 ἑαυτῷ
2845 5802 3156 5870 συμφωνεῖν
3181 5799 3426 5870 ἔμφρονα
3476 5803 3569 5855 καὶ
3604 5804 3819 5855 ἐπαινε-
