4104 6448
406 447 599 488 ιικγιι

1181 440 1465 501 BASILH
1499 442 1657 502 IMP.
1691 442 2134 506 PARJ‘ENESIS
2163 447 2261 508 AD
2302 449 2609 513 LEONEM
2651 455 2948 518 FILIUM.

3474 479 3681 526 XXXVIII

396 550 491 603 τὸν
512 549 603 605 τὸν
622 548 791 619 ἄνδρα
834 552 1252 622 χαρακτηρίζει,
1302 553 1447 608 οὑτω
1476 557 1536 609 τὸ
1592 561 1707 620 τοῖς
1766 558 1975 620 οἰκείοις

2091 563 2303 618 cordati
2336 585 2349 621 :
2387 569 2848 637 quemadmodum
2879 588 3123 642 pugnare
3146 588 3333 631 secum
3357 577 3518 635 dictis
3533 591 3587 637 et
3611 583 3681 637 fa-

396 638 758 708 διαμάχεσθαι
790 642 888 695 καὶ
904 641 1082 709 λόγοις
1106 644 1200 695 καὶ
1226 644 1517 714 πράγμασι
1541 645 1741 715 ψεκτόν
1774 664 1825 701 τι
1861 666 1991 718 χρη-

400 731 618 801 ματίζει
648 735 741 787 καὶ
776 734 996 801 άγενὲς,
1016 735 1110 789 καὶ
1132 736 1234 789 οὑκ
1261 737 1475 808 ἀγαθῆς
1500 739 1819 809 ὑπολήψεώς
1844 742 1991 793 ἐστιν

396 823 778 897 ἑγγύς.”Απερ
796 822 942 897 οὗνῆ
970 826 1151 895 λέγειν
1169 829 1203 899 ἢ
1223 830 1484 901 πράττειν
1502 830 1702 900 βούλει,
1724 833 1991 903 μηδέποτε

396 915 826 985 ἀπερισκέπτως
862 919 1134 991 προϐάλῃ,
1162 922 1259 975 καὶ
1317 922 1555 993 οὐδαμοῦ
1617 924 1829 995 σεαυτῷ
1871 926 1987 979 δια-

399 1005 716 1077 μαχόμενος
743 1008 1061 1080 φωραθείης
1096 1028 1110 1042 ·
1149 1010 1273 1082 ῥίζα
1315 1012 1415 1083 μὲν
1440 1015 1550 1085 γὰρ
1602 1014 1698 1069 τοῦ
1746 1016 1990 1070 τοιούτου

395 1095 608 1161 πάθους
647 1098 681 1167 ἠ
706 1098 935 1153 ἀϐουλία
962 1116 976 1129 ·
1004 1102 1053 1153 εί
1080 1100 1136 1155 δὲ
1165 1101 1302 1172 μετά
1333 1103 1528 1174 βουλῆς
1569 1105 1784 1160 ἅπαντα
1811 1110 1990 1178 πράτ-

392 1203 533 1253 τεις,
590 1188 691 1260 τὴν
725 1188 884 1261 ῥίζαν
936 1193 1316 1265 προεκτεμὼν,
1349 1196 1605 1250 οὐδέποτε
1642 1201 1856 1271 σεαυτῷ
1887 1219 1989 1271 μαο

394 1279 632 1349 χόμενος
661 1282 967 1355 εὑρεθείης.

954 1378 1093 1445 Περὶ
1133 1379 1439 1447 εὐνομίας.

466 1464 654 1535 Νόμον
676 1466 925 1537 ἄγραφον
953 1468 1045 1524 τὸν
1076 1471 1308 1525 σεαυτοῦ
1336 1474 1540 1544 τρόπον
1570 1478 1683 1539 τοις
1713 1477 1980 1545 ὑπηκόοις

394 1557 693 1626 παρέξεις,
721 1560 816 1611 καὶ
850 1560 951 1629 τὴν
988 1562 1212 1635 μνήμην
1249 1564 1485 1635 ἀληστον
1538 1567 1637 1637 τῆς
1688 1569 1788 1638 σῆς
1835 1568 1986 1635 βασι-

390 1646 547 1711 λείας
575 1648 931 1720 διατηρήσεις
953 1692 970 1717 ,
998 1651 1096 1705 ὲάν
1128 1656 1222 1708 καὶ
1248 1656 1411 1720 αὑτὸς
1439 1660 1552 1721 τοῖς
1587 1658 1767 1722 καλῶς
1796 1661 1984 1729 κειμέ-

390 1757 506 1804 νοις
543 1741 730 1811 νόμοις
758 1743 869 1797 τῶν
899 1744 1010 1814 πρὸ
1046 1745 1142 1799 σοῦ
1178 1746 1444 1816 βασιλέων
1478 1751 1983 1823 συνακολουθήσεις,

389 1833 488 1884 καὶ
521 1834 745 1895 τούτους
774 1836 1167 1905 ἁπαραόάτους
1197 1839 1581 1895 πολιτεύεσθαι
1610 1842 1982 1915 διατηρήσεις.

2095 658 2199 711 ctis
2223 658 2459 715 hominis
2486 669 2570 715 est
2595 662 2729 719 levis
2751 666 3011 735 omnique
3034 669 3461 733 reprehensione
3487 674 3674 745 digni;

2096 762 2160 802 ac
2185 752 2334 819 pravi
2354 752 2548 821 judicii
2575 765 2954 825 argumentum
2972 768 3077 815 est.
3096 760 3227 826 Qua:
3241 778 3373 834 ergo
3387 776 3480 821 aut
3495 767 3681 824 dicere

2094 849 2189 894 aut
2221 840 2399 897 facere
2416 845 2772 902 meditaberis
2802 862 2935 903 cave
2956 866 3024 904 ne
3056 851 3368 909 inconsulte
3398 856 3673 925 proferas,

2094 944 2162 983 ne
2217 932 2428 1001 uspiam
2478 933 2663 989 minus
2718 935 2816 990 tibi
2866 948 3124 995 constare
3174 943 3609 1011 deprehendaris
3658 967 3672 1002 :

2092 1022 2258 1091 hujus
2281 1024 2426 1079 enim
2455 1025 2586 1080 mali
2627 1029 2779 1082 radix
2815 1038 2901 1084 est
2925 1032 3233 1089 inconsulta
3258 1036 3547 1093 temeritas
3575 1056 3590 1093 :
3624 1039 3674 1094 si

2092 1119 2272 1168 autem
2302 1115 2554 1170 consulto
2578 1119 2763 1173 omnia
2790 1118 3009 1186 feceris,
3049 1124 3289 1180 radicem
3349 1127 3497 1181 illam
3545 1130 3675 1184 eum

2091 1205 2426 1273 praecideris,
2496 1224 2781 1280 nunquam
2818 1226 2848 1265 a
2878 1220 2931 1267 te
2960 1212 3232 1270 dissidere
3280 1220 3666 1288 comperioris.

2373 1384 2450 1440 De
2482 1387 2741 1442 bonarum
2778 1389 2948 1459 legum
3002 1394 3384 1449 observatione.

2161 1476 2357 1547 Legem
2394 1494 2502 1533 non
2555 1482 2818 1550 scriptam
2852 1497 3032 1538 mores
3081 1486 3161 1539 tui
3197 1488 3438 1545 subditis
3472 1505 3672 1560 reprae-

2095 1576 2347 1633 sentent;
2384 1569 2456 1621 ita
2521 1569 2884 1625 iunnortalem
2916 1575 3065 1643 regni
3120 1576 3199 1629 ttti
3231 1580 3549 1634 memoriam
3581 1597 3672 1635 re-

2089 1660 2330 1728 linques,
2354 1658 2397 1714 si
2417 1670 2469 1714 et
2489 1661 2606 1730 ipse
2627 1662 2786 1717 bonis
2805 1662 3013 1732 legibus
3029 1668 3493 1735 praedecessorum
3510 1672 3671 1734 obse-

2091 1748 2303 1818 quaris,
2335 1759 2389 1803 et
2430 1750 2482 1802 in
2524 1751 3002 1809 administratione
3043 1756 3354 1825 reipublicae
3392 1774 3486 1814 eas
3527 1777 3667 1814 nun-

2087 1854 2253 1909 quam
2287 1843 2753 1911 przetergrediaris
2787 1862 2800 1898 :
2834 1854 2890 1899 et
2930 1862 3053 1915 qua:
3087 1848 3339 1905 subditos
3368 1852 3667 1907 observare

394 1926 465 1978 Ἀ
498 1924 609 1995 γάρ
632 1926 760 1990 τοὺς
793 1928 897 1980 ὑπὸ
919 1930 1080 1998 χεῖρα
1111 1931 1400 1999 φυλάττειν
1430 1934 1785 2001 ἀναγκάσεις,
1806 1934 1975 1990 ταῦτα

2084 1944 2265 2002 coges,
2289 1932 2403 2002 ipse
2418 1934 2589 1988 multo
2609 1936 2781 2005 magis
2794 1952 2857 1990 ea
2874 1940 3129 1993 servandi
3154 1940 3251 1996 tibi
3276 1942 3662 1999 necessitatem

387 2017 574 2088 πολλῷ
610 2019 811 2088 μᾶλλον
839 2025 1029 2091 τηρεῖν
1060 2024 1271 2093 σεαυτῷ
1320 2025 1421 2096 τὴν
1472 2027 1720 2097 ἀνάγκην
1766 2028 1975 2093 ἐπίθες.

386 2109 454 2163 Et
482 2112 593 2182 γάρ
624 2112 788 2175 αὑτὸς
816 2115 926 2166 τῶν
958 2115 1065 2185 πρὸ
1096 2115 1191 2169 σοῦ
1213 2119 1324 2180 τοῖς
1352 2118 1538 2187 νόμοις
1569 2120 1631 2172 οὑ
1660 2120 1975 2193 πολιτεύσῃ,

332 2208 333 2211 “
384 2204 509 2256 οὑδὲ
558 2206 672 2268 τοῖς
720 2208 831 2269 σοῖς
866 2206 1043 2277 ἕτεροι
1078 2208 1448 2281 θεσπίσμασιν
1480 2212 1730 2282 ἕψονται·
1762 2216 1854 2269 καὶ
1886 2215 1979 2269 οὖ·

382 2312 495 2358 τως
543 2297 593 2349 οξ
643 2298 799 2366 νόμοι
841 2299 935 2351 ὑπ’
959 2300 1206 2371 ἀλλήλων
1240 2303 1701 2373 ἀνατρεπόμενοι,
1732 2308 1977 2379 ταραχῆς

383 2387 484 2439 καὶ
542 2388 860 2458 συγχύσεως
907 2392 999 2444 τὸν
1057 2392 1171 2461 βίον
1227 2394 1347 2447 ὅλον
1389 2396 1746 2466 ἐμπλήσουει,
1799 2401 1868 2453 δι’
1900 2396 1976 2455 ὧν

386 2478 652 2542 πολλάκις
680 2480 956 2552 ὁλόκληρα
986 2482 1113 2554 ἔθνη
1148 2486 1285 2557 πρὸς
1316 2491 1701 2560 καταστροφὴν
1744 2492 1976 2545 κατωλίι

385 2571 490 2641 σθη
497 2589 617 2628 σαν.

832 2668 971 2737 Περὶ
1010 2657 1241 2725 σκαιῶν·
1278 2670 1535 2738 ἀνδρῶν.

453 2760 691 2829 Λοιμοὺς
721 2759 926 2829 ἄνδρας
973 2760 1076 2831 τῆς
1104 2761 1380 2827 πολιτείας
1411 2763 1643 2834 ὲξόριζε,
1679 2767 1774 2819 καὶ
1808 2770 1973 2837 μηδέ-

380 2866 517 2903 ¹ποτε
541 2852 654 2914 τοῖς
675 2850 941 2914 τοιούτοις
966 2851 1144 2921 ἀρχὴν
1170 2852 1636 2927 καταπιστεὺσῃς,
1662 2855 1749 2909 ἵνα
1784 2857 1857 2928 μὴ
1880 2859 1973 2911 καὶ

381 2940 547 3005 αὑτὸς
594 2943 779 3013 ὅμοιος
824 2942 1057 3006 ἐκείνοις
1106 2937 1246 2997 εἶναι
1290 2944 1469 3015 δόξῃς,
1504 2946 1598 2999 καὶ
1642 2946 1848 3017 χαίρων
1880 2949 1973 3002 ἐπὶ

377 3035 503 3097 ταῖς
554 3033 783 3087 ἐκείνων
831 3033 1106 3097 ἀδικίαις·
1158 3036 1195 3088 ἀ
1228 3035 1339 3105 γὰρ
1374 3036 1441 3088 ἂν
1471 3036 1669 3089 ἐκεῖνοι
1722 3039 1972 3108 πράξωσι

378 3126 551 3191 κακά,
581 3127 666 3179 σοὶ
696 3126 902 3179 τούτων
955 3127 1054 3190 τὰς
1104 3126 1285 3190 αίτίας
1338 3126 1695 3197 ἀναθήσουσι,
1725 3130 1821 3182 καὶ
1870 3131 1972 3199 τῆς

378 3218 608 3271 ἐκείνων
649 3217 861 3289 φαύλης
903 3216 1131 3289 γνώμης
1170 3220 1425 3271 κοινωνόν
1456 3236 1516 3271 σε
1543 3220 1842 3289 νομίσουσι,
1874 3224 1971 3275 καὶ

378 3310 535 3377 λόγον
562 3310 780 3378 ὑφέξεις
809 3309 936 3379 περὶ
958 3309 1139 3363 αὑτῶν
1165 3309 1242 3380 τῷ
1272 3309 1410 3380 Θεῷ.
1458 3310 1520 3362 Ἡ
1547 3312 1654 3380 γὰρ
1685 3312 1792 3366 τῶν
1829 3313 1969 3380 φαύ-

377 3398 487 3451 λων
517 3397 824 3469 ἀνθρώπων
853 3397 1177 3469 προαγωγὴ,
1204 3397 1314 3450 τῶν
1357 3399 1784 3468 προαγαγόντων
1819 3400 1967 3453 ἐστὶν

377 3490 604 3560 ελιγχος
635 3490 870 3561 ἀκριϐὴς
895 3530 911 3555 ,
946 3491 1041 3544 καὶ
1072 3490 1141 3543 τὰ
1186 3491 1416 3552 ἐκείνοις
1459 3493 1826 3563 πεπραγμένα
1870 3511 1968 3546 πο‹-
2000 3476 2005 3481 ’

375 3582 522 3652 νηρά
547 3584 663 3645 τοῖς
696 3582 1208 3653 προχειριζομένοις
1243 3583 1440 3647 αὐτοὺς
1468 3582 1708 3649 ἅπαντες
1738 3586 1966 3657 ἐπιγρά-

377 3691 593 3744 «ponat.
628 3674 907 3739 Σπούδαζε
936 3674 1032 3729 οῦν
1071 3675 1303 3745 μάλιστα
1335 3676 1461 3738 τοὺς
1486 3676 1727 3743 ἀγαθοὺς
1767 3678 1967 3749 ἄνδρας

375 3766 785 3838 προϐάλλεσθαι
814 3767 1106 3838 ἄρχοντας,
1140 3767 1231 3820 ἴνα
1273 3769 1329 3820 αἱ
1380 3768 1544 3822 καλαὶ
1574 3768 1755 3822 αὑτῶν
1784 3773 1966 3841 φῆμαι

375 3859 471 3922 σὸς
518 3858 785 3927 γένωνται
834 3858 1062 3927 κόσμος,
1094 3860 1191 3913 καὶ
1218 3859 1365 3930 ἀπερ
1398 3860 1596 3912 ἐκεῖνοι
1633 3862 1965 3931 πράττουσιν

373 3948 579 4017 ἀγαθά,
611 3951 699 4002 σοὶ
727 3948 901 4004 ταῦτα
931 3950 995 4004 τὸ
1022 3951 1263 4021 ὑπήκοον
1294 3951 1699 4021 ὲπιγράψηταν
1752 3953 1964 4007 πολλῶν

372 4046 486 4116 γὰρ
516 4047 821 4118 χρημάτων
850 4046 1115 4118 κρείττων
1146 4047 1175 4099 ό
1200 4048 1352 4118 παρά
1385 4049 1479 4100 τοῦ
1528 4048 1766 4117 πλήθους
1802 4051 1966 4104 ἐπαι-

373 4156 487 4203 νος.

963 4235 1102 4303 Περὶ
1144 4234 1377 4302 ἐλέους.

446 4322 591 4393 Ἔρα
637 4324 960 4393 χρημάτων,
996 4324 1071 4395 μὴ
1118 4325 1279 4395 χάριν
1325 4325 1540 4396 ἡδονῆς,
1588 4328 1725 4383 ἀλλὰ
1774 4331 1964 4401 χρείας

370 4412 538 4464 ἕνεκα
564 4412 663 4482 τῆς
698 4413 1021 4480 ἀναγκαίας,
1051 4414 1083 4485 ἢ
1117 4414 1203 4467 ἵνα
1232 4417 1342 4478 τοῖς
1370 4415 1692 4487 δυστυχοῦσι
1736 4418 1959 4491 βοηθῇς,

370 4504 405 4574 ῆ
438 4505 529 4556 ἵνα
558 4505 671 4567 τοῖς
702 4505 846 4575 ὑπὲρ
903 4504 1154 4575 ἀλλήλων
1180 4505 1436 4577 θνήσκειν
1461 4509 1805 4580 αἱρουμένοις
1832 4528 1961 4583 χορ-

370 4595 620 4667 ηγῇς.Ἦ
650 4596 761 4667 γὰρ
789 4597 965 4661 ἄλλως
1006 4599 1408 4669 φιλοχρηματία
1433 4600 1493 4652 οὑ
1524 4600 1684 4670 μόνον
1699 4602 1966 4671 ὠφέλειαν
2001 4624 2048 4682 D

369 4689 433 4741 οὐ
470 4690 639 4753 ποιεί,
666 4688 803 4742 ἀλλά
853 4690 948 4742 καὶ
1006 4689 1211 4760 βλάσην
1248 4690 1450 4760 μᾶλλον
1482 4691 1759 4760 προξενεῖ.
1796 4696 1970 4750 Πλοῦ-

366 4798 462 4844 τος
500 4782 601 4850 μὲν
632 4781 742 4851 γάρ
775 4780 850 4851 μὴ
875 4781 944 4833 δι’
976 4782 1180 4852 ἀρετὴν
1215 4782 1573 4853 ἐνυπάρχων,
1604 4785 1804 4849 κακίας
1836 4788 1971 4856 μᾶλα»

368 4873 499 4939 λον,
544 4872 665 4926 ἀλλ’
694 4873 796 4925 οὑκ
848 4872 1051 4944 ἀρετῆς
1097 4873 1380 4945 ὑπηρέτης
1432 4874 1676 4929 ὲστίν.⁹0
1708 4875 1766 4928 δὲ
1811 4877 1971 4947 χάριν

368 4964 580 5036 ἀρετῆς
624 4966 848 5034 προσὼν
892 4967 1009 5027 τοῖς
1060 4965 1423 5035 κεκτημένοις
1481 4967 1693 5035 μεγάλα
1744 4968 1970 5022 δύναται

369 5056 624 5127 ὠφελεῖν,
660 5058 759 5110 καὶ
794 5058 897 5121 τάς
923 5058 1105 5129 ψυχὰς
1147 5058 1330 5111 αὑτῶν
1364 5060 1458 5111 καὶ
1504 5058 1574 5112 τά
1608 5058 1871 5128 σώματαο
1908 5060 1969 5113 τὸ

372 5150 474 5216 μὲν
506 5151 622 5212 τοῖς
658 5149 937 5219 δεομένοις
981 5148 1424 5219 δαψιλευόμενος,
1455 5148 1517 5201 τὸ
1568 5148 1627 5201 δὲ
1665 5152 1780 5213 τοῖς
1827 5151 1966 5217 ἀγα-

370 5242 485 5304 θοῖς
519 5241 633 5295 τῶν
661 5242 832 5313 φίλων
860 5240 1387 5313 ἐπιχορηγούμενος.
1424 5239 1657 5293 Εὑποιία
1702 5240 1813 5311 γὰρ
1853 5243 1965 5310 ἀμ-

369 5335 601 5405 φότερα,
631 5335 739 5389 κᾶν
762 5335 1045 5406 διαφόροις
1068 5334 1451 5405 ἐπιγράφηται
1478 5335 1591 5395 τοῖς
1618 5333 1870 5403 ὀνόμασι.

844 5514 981 5582 Περὶ
1015 5512 1251 5583 ἀγάπης
1284 5513 1499 5582 φίλων.

436 5612 611 5666 υὺδὲν
636 5611 877 5679 ἀγάπης,
909 5608 985 5671 ὡς
1015 5608 1183 5673 ἔοικε,
1217 5606 1629 5677 κραταιότερον.
1661 5604 1820 5657 ⁴ιυίλου
1854 5605 1961 5674 γὰρ

364 5703 602 5774 ἀληθοῦς
652 5703 752 5755 οὑκ
785 5700 937 5753 ἔστιν
987 5698 1345 5768 ἀντάλλαγμα
1392 5698 1503 5751 τῶν
1552 5698 1720 5751 ὄντων
1762 5697 1917 5750 οὐδέν
1943 5715 1954 5727 -

365 5797 606 5864 φύλαττε
652 5795 745 5850 οὖν
777 5794 876 5865 τὴν
905 5792 1091 5861 φιλίαν
1138 5793 1197 5843 ἐν
1241 5791 1404 5845 παντὶ
1454 5789 1631 5859 καιρῷ
1670 5789 1765 5842 καὶ
1805 5789 1957 5859 τόπῳ

366 5890 506 5953 πρὸς
538 5890 664 5952 τοὺς
688 5886 947 5958 γνησίους
975 5882 1310 5952 σου·φίλους,
1336 5882 1422 5935 ἵνα
1455 5884 1550 5936 καὶ
1596 5881 1751 5934 αὑτοὶ
1780 5879 1956 5935 ἀνύπ-

2080 2023 2352 2093 impones.
2385 2024 2440 2079 Si
2471 2026 2620 2081 enim
2650 2029 2857 2097 positas
2887 2044 2918 2083 a
2954 2030 3254 2099 majoribus
3289 2033 3436 2103 leges
3460 2034 3514 2088 in
3573 2051 3659 2091 re-

2080 2116 2296 2185 publica
2317 2118 2552 2186 gerenda
2578 2120 2978 2187 repudiaveris,
2999 2136 3100 2176 nec
3118 2126 3299 2177 caeteri
3327 2125 3522 2180 edictis
3551 2127 3662 2180 tuis

2078 2208 2535 2278 obtemperabuut
2562 2227 2575 2263 :
2600 2218 2764 2279 atque
2798 2212 2874 2265 ita
2902 2212 2992 2266 ﬁet
3022 2223 3081 2268 ut
3112 2215 3258 2285 leges
3294 2215 3415 2270 alia:
3441 2218 3511 2273 ab
3538 2218 3662 2271 aliis

2078 2301 2313 2356 invicem
2381 2301 2695 2367 subversae,
2741 2302 3072 2361 confusione
3123 2320 3188 2361 ac
3243 2309 3660 2376 perturbatione

2078 2391 2470 2461 rempublicam
2546 2400 2717 2447 totam
2781 2394 3085 2463 impleant;
3145 2412 3255 2467 qua
3312 2399 3535 2468 quidem
3596 2416 3661 2455 ex

2074 2483 2217 2550 juris
2263 2484 2546 2539 eversione
2580 2500 2953 2555 szepenumero
3017 2496 3142 2543 tota:
3176 2490 3427 2545 nationes
3455 2493 3521 2545 ad
3572 2495 3659 2547 iu-

2079 2575 2301 2628 teritum
2332 2586 2459 2629 sunt
2494 2576 2754 2631 redactae.

2527 2666 2605 2721 De
2625 2668 2851 2735 perditis
2867 2669 3193 2726 hominibus.

2150 2757 2194 2809 A
2245 2758 2561 2827 reipublicae
2589 2759 2914 2815 muneribus
2941 2761 3184 2829 perditos
3214 2763 3466 2820 homines
3508 2781 3662 2820 sum-

2076 2856 2314 2913 moveto,
2353 2864 2531 2919 neque
2596 2850 2766 2904 ullum
2794 2851 2861 2905 iis
2890 2852 3273 2920 magistratum
3321 2857 3657 2920 committas,

2077 2955 2144 2996 ne
2176 2942 2367 3011 etipse
2398 2941 2598 2997 similis
2625 2942 2707 2997 eis
2754 2958 2901 3008 esse,
2941 2956 3109 3015 atque
3144 2946 3413 3015 improbis
3462 2962 3653 3003 eorum

2075 3030 2235 3085 factis
2294 3031 2529 3101 gaudere
2588 3030 2844 3089 videaris.
2915 3031 3052 3087 Nam
3112 3049 3457 3105 quaecunque
3517 3037 3658 3092 mala

2074 3121 2152 3176 illi
2202 3123 2657 3191 perpetraverint,
2691 3136 2755 3178 ea
2787 3123 2886 3178 tibi
2950 3124 3172 3179 crimini
3205 3124 3436 3190 dabunt,
3498 3135 3660 3196 teque

2073 3227 2346 3290 perversa:
2379 3213 2679 3268 voluntatis
2700 3229 2890 3269 eorum
2925 3216 3246 3285 participem
3303 3217 3655 3286 essejudica-

2079 3304 2215 3359 bunt
2252 3322 2266 3358 :
2301 3306 2435 3377 quin
2469 3306 2636 3360 etiam
2672 3306 2741 3362 dc
2780 3307 3000 3361 illorum
3054 3308 3359 3363 sceleribus
3387 3310 3653 3365 rationem

2080 3400 2189 3455 Deo
2239 3414 2298 3455 es
2356 3399 2667 3454 redditurus
2712 3418 2724 3453 :
2765 3400 3106 3469 perditorum
3169 3401 3315 3454 enim
3370 3400 3654 3455 hominum

2078 3493 2349 3561 promotio
2382 3500 2531 3546 certa
2553 3493 2950 3547 condemnatio
2973 3502 3055 3547 est
3085 3508 3298 3556 eorum,
3355 3494 3447 3563 qui
3501 3494 3652 3563 ipsos

2076 3591 2466 3653 provexerunt,
2491 3592 2545 3638 et
2572 3585 2839 3639 scelerata
2869 3599 3059 3639 eorum
3092 3584 3338 3639 facinora
3364 3584 3473 3640 illis
3494 3588 3654 3638 attri-

2076 3676 2340 3738 buuntur,
2378 3675 2472 3744 qui
2520 3673 2743 3729 eosdem
2777 3682 3193 3744 promoverunt.
3251 3674 3388 3730 Vide
3443 3686 3654 3745 ergout

2076 3768 2249 3823 bonos
2312 3767 2460 3821 viros
2485 3767 2549 3820 ad
2579 3766 2816 3822 honores
2868 3768 3094 3830 evellas,
3122 3776 3181 3820 ut
3232 3766 3374 3821 bona
3403 3766 3471 3821 de
3497 3766 3655 3820 factis

2071 3874 2261 3914 eorum
2310 3857 2455 3911 fama
2516 3858 2745 3927 gloriam
2801 3866 2949 3911 tuam
3022 3868 3382 3925 augeat,cum
3419 3858 3653 3927 subit-di

2073 3948 2333 4019 praeclara
2393 3948 2609 4001 illorum
2644 3957 2797 4017 gesta
2858 3947 2955 4001 tibi
3020 3947 3316 4016 ascripturi
3380 3949 3656 4001 siut:est

2072 4040 2217 4094 enim
2256 4055 2286 4094 a
2316 4040 2514 4110 pepqu
2549 4038 2931 4094 consentiente
2979 4038 3223 4108 profecta
3269 4038 3389 4094 laus
3416 4040 3651 4110 'magnis

2071 4129 2267 4199 opibus
2304 4130 2458 4200 longe
2479 4129 2848 4199 praestantior.

2604 4219 2677 4273 De
2727 4220 3121 4274 misericordia.

2140 4314 2645 4377 Necessitatis,non
2666 4313 2963 4383 voluptatis
2991 4329 3160 4369 causa
3190 4313 3418 4369 divitias
3447 4320 3652 4375 amato,

2073 4417 2344 4478 nempeut
2367 4415 2462 4462 aut
2506 4407 2785 4477 egentium
2845 4406 3086 4476 inopiam
3146 4407 3424 4471 subleves,
3450 4416 3545 4460 aut
3586 4407 3653 4460 iis

2071 4502 2164 4571 qui
2196 4515 2295 4571 pro
2338 4515 2397 4555 se
2434 4500 2670 4553 invicem
2726 4498 2867 4552 mori
2913 4499 3087 4567 parati
3149 4507 3336 4561 erunt,
3398 4507 3675 4567 sumptus.

2077 4592 2424 4663 suppedites;
2470 4590 2680 4660 alioqui
2727 4590 2873 4644 enim
2932 4590 3179 4658 pecuniae
3208 4589 3487 4659 cupiditas
3542 4603 3652 4642 non

2076 4686 2253 4741 solum
2317 4683 2454 4737 nihil
2505 4682 2661 4737 affert
2720 4682 3100 4746 emolumenti,
3132 4683 3225 4737 sed
3261 4681 3650 4735 detrimentum

2074 4777 2257 4846 potius
2287 4774 2465 4830 affert.
2521 4772 2665 4843 Opes
2697 4775 3018 4842 enim,quae
3068 4773 3288 4827 virtutis
3333 4787 3468 4842 ergo
3538 4787 3648 4827 non

2070 4879 2489 4931 coacervantur,
2548 4867 2804 4920 vitiorum
2857 4866 3041 4935 potius
3067 4878 3230 4933 quam
3269 4865 3490 4921 virtutis
3521 4874 3649 4920 sunt

2075 4961 2384 5024 ministrae;
2418 4973 2540 5029 quae
2582 4966 2766 5012 autem
2797 4958 2863 5012 ad
2917 4956 3141 5011 virtutis
3199 4955 3377 5010 omcia
3427 4970 3651 5023 compa-

2074 5061 2288 5114 rantur,
2321 5062 2703 5119 possessorum
2731 5046 2932 5102 animis
2953 5056 3008 5101 et
3032 5046 3361 5116 corporibus
3386 5042 3649 5113 juvaudis

2072 5155 2299 5211 magnas
2326 5138 2564 5194 afferunt
2600 5139 2886 5201 utilitates,
2919 5152 3043 5191 cum
3079 5145 3174 5190 aut
3208 5134 3395 5205 egenis
3421 5133 3650 5203 copiose

2068 5237 2391 5302 erogantur,
2421 5239 2516 5283 aut
2552 5229 2786 5283 fortibus
2809 5236 2864 5285 et
2905 5226 3158 5281 fidelibus
3190 5224 3387 5278 amicis
3428 5223 3644 5290 impen-

2067 5324 2275 5378 duntur
2314 5339 2326 5374 :
2360 5329 2651 5387 utrumque
2680 5317 2828 5371 enim
2867 5313 3241 5370 beneficentia:
3273 5310 3511 5364 oﬂicium
3534 5319 3643 5373 est,

2067 5412 2287 5470 etiamsi
2317 5410 2426 5464 alio
2463 5420 2627 5478 atque
2655 5408 2763 5462 alio
2788 5406 3008 5460 nomine
3034 5403 3391 5457 inscribatur.

2494 5500 2570 5553 De
2591 5501 2883 5552 amicorum
2900 5495 3181 5549 cltaritale.

2138 5597 2283 5651 Nihil
2341 5594 2619 5663 potentius
2656 5589 2913 5644 amicitiae
2966 5587 3187 5640 vinculo
3223 5600 3347 5641 esse
3376 5583 3593 5638 videtur
3627 5602 3639 5637 :

2067 5690 2201 5746 nihil
2230 5688 2377 5744 enim
2405 5692 2489 5739 est
2519 5684 2573 5736 in
2609 5682 2774 5736 rebus
2836 5680 3095 5733 humanis
3131 5675 3281 5748 quod
3309 5691 3433 5737 cum
3462 5675 3643 5729 amico

2066 5785 2211 5839 ﬁdeli
2248 5781 2550 5853 permutari
2583 5780 2758 5848 possit
2794 5794 2807 5829 :
2838 5774 2988 5830 omni
3030 5773 3198 5845 igitur
3227 5779 3281 5827 et
3311 5783 3558 5840 tempore
3589 5776 3642 5819 et

2066 5879 2189 5932 loco
2224 5892 2348 5931 cum
2396 5873 2648 5943 fidelibus
2702 5869 2896 5925 amicis
2943 5864 3407 5922 necessitudinem
3461 5873 3640 5920 serva,
